  <div class='ocr_page' id='page_1' title='image "/cluster/home/n/w/nwhite01/storage/ocr_20150623/63/mdp.39015008641394/142.png"; bbox 0 0 3980 6142; ppageno 0'>
   <div class='ocr_carea' id='block_1_1' title="bbox 358 406 447 463">
    <p class='ocr_par' dir='ltr' id='par_1_1' title="bbox 358 406 447 463">
     <span class='ocr_line' id='line_1_1' title="bbox 358 406 447 463; baseline 0.045 -3"><span class='ocrx_word' id='word_1_1' title='bbox 358 406 447 463; x_wconf 73' lang='grc'><strong>157</strong></span> 
     </span>
    </p>
   </div>
   <div class='ocr_carea' id='block_1_2' title="bbox 346 525 1907 612">
    <p class='ocr_par' dir='ltr' id='par_1_2' title="bbox 346 525 1907 612">
     <span class='ocr_line' id='line_1_2' title="bbox 346 525 1907 612; baseline 0.011 -33"><span class='ocrx_word' id='word_1_2' title='bbox 346 525 451 581; x_wconf 76' lang='lat' dir='ltr'><strong>h&#39;cu</strong></span> <span class='ocrx_word' id='word_1_3' title='bbox 478 527 603 580; x_wconf 80' lang='lat' dir='ltr'><strong>licet.</strong></span> <span class='ocrx_word' id='word_1_4' title='bbox 621 527 716 581; x_wconf 81' lang='lat' dir='ltr'><strong>tibi</strong></span> <span class='ocrx_word' id='word_1_5' title='bbox 736 527 918 583; x_wconf 85' lang='lat' dir='ltr'><strong>habere</strong></span> <span class='ocrx_word' id='word_1_6' title='bbox 945 545 1149 584; x_wconf 75' lang='lat' dir='ltr'><strong>uxorem</strong></span> <span class='ocrx_word' id='word_1_7' title='bbox 1172 531 1406 606; x_wconf 75' lang='lat' dir='ltr'><strong>Philippi</strong></span> <span class='ocrx_word' id='word_1_8' title='bbox 1431 537 1602 607; x_wconf 81' lang='lat' dir='ltr'><strong>fratris</strong></span> <span class='ocrx_word' id='word_1_9' title='bbox 1627 541 1696 591; x_wconf 83' lang='lat' dir='ltr'><strong>tui</strong></span> <span class='ocrx_word' id='word_1_10' title='bbox 1718 539 1907 612; x_wconf 66' lang='grc' dir='ltr'><strong>(Μαι-ι’.</strong></span> 
     </span>
    </p>
   </div>
   <div class='ocr_carea' id='block_1_3' title="bbox 345 619 1913 688">
    <p class='ocr_par' dir='ltr' id='par_1_3' title="bbox 345 619 1913 688">
     <span class='ocr_line' id='line_1_3' title="bbox 345 619 1913 688; baseline 0.01 -15"><span class='ocrx_word' id='word_1_11' title='bbox 345 624 389 673; x_wconf 79' lang='lat'><strong>6.</strong></span> <span class='ocrx_word' id='word_1_12' title='bbox 419 619 500 687; x_wconf 77' lang='lat'><strong>18)</strong></span> <span class='ocrx_word' id='word_1_13' title='bbox 534 639 545 671; x_wconf 94' lang='lat'><strong>:</strong></span> <span class='ocrx_word' id='word_1_14' title='bbox 579 620 725 674; x_wconf 80' lang='lat' dir='ltr'><strong>Elias</strong></span> <span class='ocrx_word' id='word_1_15' title='bbox 750 628 926 674; x_wconf 75' lang='lat' dir='ltr'><strong>autern</strong></span> <span class='ocrx_word' id='word_1_16' title='bbox 959 620 1125 678; x_wconf 80' lang='lat' dir='ltr'><strong>libere</strong></span> <span class='ocrx_word' id='word_1_17' title='bbox 1151 631 1205 679; x_wconf 89' lang='lat' dir='ltr'><strong>et</strong></span> <span class='ocrx_word' id='word_1_18' title='bbox 1230 626 1558 682; x_wconf 94' lang='lat' dir='ltr'><strong>conﬁdenter</strong></span> <span class='ocrx_word' id='word_1_19' title='bbox 1581 628 1715 683; x_wconf 75' lang='lat' dir='ltr'><strong>dixit</strong></span> <span class='ocrx_word' id='word_1_20' title='bbox 1739 631 1913 688; x_wconf 84' lang='lat' dir='ltr'><strong>Acha-</strong></span> 
     </span>
    </p>
   </div>
   <div class='ocr_carea' id='block_1_4' title="bbox 345 711 1915 794">
    <p class='ocr_par' dir='ltr' id='par_1_4' title="bbox 345 711 1915 794">
     <span class='ocr_line' id='line_1_4' title="bbox 345 711 1915 794; baseline 0.01 -29"><span class='ocrx_word' id='word_1_21' title='bbox 345 712 402 765; x_wconf 77' lang='lat' dir='ltr'><strong>hu</strong></span> <span class='ocrx_word' id='word_1_22' title='bbox 420 711 582 777; x_wconf 78' lang='lat' dir='ltr'><strong>,Non</strong></span> <span class='ocrx_word' id='word_1_23' title='bbox 611 730 701 784; x_wconf 86' lang='lat' dir='ltr'><strong>ego</strong></span> <span class='ocrx_word' id='word_1_24' title='bbox 729 726 953 783; x_wconf 80' lang='lat' dir='ltr'><strong>perverto</strong></span> <span class='ocrx_word' id='word_1_25' title='bbox 980 715 1166 783; x_wconf 81' lang='lat' dir='ltr'><strong>Israel,</strong></span> <span class='ocrx_word' id='word_1_26' title='bbox 1189 719 1277 771; x_wconf 86' lang='lat' dir='ltr'><strong>sed</strong></span> <span class='ocrx_word' id='word_1_27' title='bbox 1302 731 1355 773; x_wconf 86' lang='lat' dir='ltr'><strong>tu</strong></span> <span class='ocrx_word' id='word_1_28' title='bbox 1384 729 1431 774; x_wconf 87' lang='lat' dir='ltr'><strong>et</strong></span> <span class='ocrx_word' id='word_1_29' title='bbox 1457 720 1635 776; x_wconf 85' lang='lat' dir='ltr'><strong>domus</strong></span> <span class='ocrx_word' id='word_1_30' title='bbox 1659 726 1820 794; x_wconf 90' lang='lat' dir='ltr'><strong>patris</strong></span> <span class='ocrx_word' id='word_1_31' title='bbox 1841 725 1915 780; x_wconf 89' lang='lat' dir='ltr'><strong>tui</strong></span> 
     </span>
    </p>
   </div>
   <div class='ocr_carea' id='block_1_5' title="bbox 345 801 1906 884">
    <p class='ocr_par' dir='ltr' id='par_1_5' title="bbox 345 801 1906 884">
     <span class='ocr_line' id='line_1_5' title="bbox 345 801 1906 884; baseline 0.006 -25"><span class='ocrx_word' id='word_1_32' title='bbox 345 805 410 874; x_wconf 79' lang='lat'><strong>(3.</strong></span> <span class='ocrx_word' id='word_1_33' title='bbox 436 801 561 874; x_wconf 85' lang='lat' dir='ltr'><strong>Reg.</strong></span> <span class='ocrx_word' id='word_1_34' title='bbox 590 805 679 859; x_wconf 76' lang='grc'><strong>18.</strong></span> <span class='ocrx_word' id='word_1_35' title='bbox 710 806 821 877; x_wconf 79' lang='grc'><strong>18).</strong></span> <span class='ocrx_word' id='word_1_36' title='bbox 848 806 1006 862; x_wconf 85' lang='lat' dir='ltr'><strong>Vides</strong></span> <span class='ocrx_word' id='word_1_37' title='bbox 1025 809 1168 879; x_wconf 89' lang='lat' dir='ltr'><strong>quod</strong></span> <span class='ocrx_word' id='word_1_38' title='bbox 1192 808 1293 864; x_wconf 91' lang='lat' dir='ltr'><strong>hoc</strong></span> <span class='ocrx_word' id='word_1_39' title='bbox 1314 811 1481 881; x_wconf 79' lang='lat' dir='ltr'><strong>magis</strong></span> <span class='ocrx_word' id='word_1_40' title='bbox 1505 811 1667 868; x_wconf 81' lang='lat' dir='ltr'><strong>efﬁcit</strong></span> <span class='ocrx_word' id='word_1_41' title='bbox 1695 815 1906 884; x_wconf 83' lang='lat' dir='ltr'><strong>loquen-</strong></span> 
     </span>
    </p>
   </div>
   <div class='ocr_carea' id='block_1_6' title="bbox 344 895 1913 974">
    <p class='ocr_par' dir='ltr' id='par_1_6' title="bbox 344 895 1913 974">
     <span class='ocr_line' id='line_1_6' title="bbox 344 895 1913 974; baseline 0.006 -23"><span class='ocrx_word' id='word_1_42' title='bbox 344 895 391 952; x_wconf 82' lang='lat' dir='ltr'><strong>di</strong></span> <span class='ocrx_word' id='word_1_43' title='bbox 426 896 723 951; x_wconf 90' lang='lat' dir='ltr'><strong>libertatem</strong></span> <span class='ocrx_word' id='word_1_44' title='bbox 747 939 762 964; x_wconf 93' lang='lat'><strong>,</strong></span> <span class='ocrx_word' id='word_1_45' title='bbox 794 913 987 967; x_wconf 85' lang='lat' dir='ltr'><strong>nempe</strong></span> <span class='ocrx_word' id='word_1_46' title='bbox 1013 901 1337 969; x_wconf 75' lang='lat' dir='ltr'><strong>paupertas?</strong></span> <span class='ocrx_word' id='word_1_47' title='bbox 1368 901 1499 955; x_wconf 82' lang='lat' dir='ltr'><strong>Nam</strong></span> <span class='ocrx_word' id='word_1_48' title='bbox 1525 902 1672 958; x_wconf 91' lang='lat' dir='ltr'><strong>dives</strong></span> <span class='ocrx_word' id='word_1_49' title='bbox 1698 905 1913 974; x_wconf 84' lang='lat' dir='ltr'><strong>quidem</strong></span> 
     </span>
    </p>
   </div>
   <div class='ocr_carea' id='block_1_7' title="bbox 343 990 1915 1061">
    <p class='ocr_par' dir='ltr' id='par_1_7' title="bbox 343 990 1915 1061">
     <span class='ocr_line' id='line_1_7' title="bbox 343 990 1915 1061; baseline 0.004 -16"><span class='ocrx_word' id='word_1_50' title='bbox 343 997 419 1045; x_wconf 85' lang='lat' dir='ltr'><strong>est</strong></span> <span class='ocrx_word' id='word_1_51' title='bbox 450 1003 638 1043; x_wconf 89' lang='lat' dir='ltr'><strong>servus</strong></span> <span class='ocrx_word' id='word_1_52' title='bbox 661 1029 677 1055; x_wconf 91' lang='lat'><strong>,</strong></span> <span class='ocrx_word' id='word_1_53' title='bbox 711 998 769 1043; x_wconf 93' lang='lat' dir='ltr'><strong>ut</strong></span> <span class='ocrx_word' id='word_1_54' title='bbox 810 991 899 1059; x_wconf 89' lang='lat' dir='ltr'><strong>qui</strong></span> <span class='ocrx_word' id='word_1_55' title='bbox 935 990 1130 1047; x_wconf 86' lang='lat' dir='ltr'><strong>damno</strong></span> <span class='ocrx_word' id='word_1_56' title='bbox 1169 993 1237 1047; x_wconf 89' lang='lat' dir='ltr'><strong>sit</strong></span> <span class='ocrx_word' id='word_1_57' title='bbox 1274 994 1543 1049; x_wconf 80' lang='lat' dir='ltr'><strong>obnoxius</strong></span> <span class='ocrx_word' id='word_1_58' title='bbox 1567 1034 1583 1061; x_wconf 92' lang='lat'><strong>,</strong></span> <span class='ocrx_word' id='word_1_59' title='bbox 1616 1005 1673 1051; x_wconf 90' lang='lat' dir='ltr'><strong>et</strong></span> <span class='ocrx_word' id='word_1_60' title='bbox 1698 996 1915 1051; x_wconf 88' lang='lat' dir='ltr'><strong>cuilibet</strong></span> 
     </span>
    </p>
   </div>
   <div class='ocr_carea' id='block_1_8' title="bbox 345 1082 1914 1157">
    <p class='ocr_par' dir='ltr' id='par_1_8' title="bbox 345 1082 1914 1157">
     <span class='ocr_line' id='line_1_8' title="bbox 345 1082 1914 1157; baseline 0.005 -20"><span class='ocrx_word' id='word_1_61' title='bbox 345 1082 534 1137; x_wconf 80' lang='lat' dir='ltr'><strong>rulcnti</strong></span> <span class='ocrx_word' id='word_1_62' title='bbox 575 1083 810 1151; x_wconf 67' lang='lat' dir='ltr'><strong>praabeat</strong></span> <span class='ocrx_word' id='word_1_63' title='bbox 837 1090 896 1137; x_wconf 92' lang='lat' dir='ltr'><strong>ut</strong></span> <span class='ocrx_word' id='word_1_64' title='bbox 933 1083 1033 1154; x_wconf 87' lang='lat' dir='ltr'><strong>ipsi</strong></span> <span class='ocrx_word' id='word_1_65' title='bbox 1064 1085 1201 1140; x_wconf 89' lang='lat' dir='ltr'><strong>male</strong></span> <span class='ocrx_word' id='word_1_66' title='bbox 1230 1086 1386 1141; x_wconf 88' lang='lat' dir='ltr'><strong>faciat</strong></span> <span class='ocrx_word' id='word_1_67' title='bbox 1414 1105 1428 1141; x_wconf 92' lang='lat'><strong>:</strong></span> <span class='ocrx_word' id='word_1_68' title='bbox 1455 1089 1541 1157; x_wconf 89' lang='lat' dir='ltr'><strong>qui</strong></span> <span class='ocrx_word' id='word_1_69' title='bbox 1573 1097 1749 1148; x_wconf 87' lang='lat' dir='ltr'><strong>autem</strong></span> <span class='ocrx_word' id='word_1_70' title='bbox 1782 1088 1914 1145; x_wconf 80' lang='lat' dir='ltr'><strong>nihil</strong></span> 
     </span>
    </p>
   </div>
   <div class='ocr_carea' id='block_1_9' title="bbox 343 1174 1915 1253">
    <p class='ocr_par' dir='ltr' id='par_1_9' title="bbox 343 1174 1915 1253">
     <span class='ocr_line' id='line_1_9' title="bbox 343 1174 1915 1253; baseline 0.006 -24"><span class='ocrx_word' id='word_1_71' title='bbox 343 1174 532 1239; x_wconf 78' lang='lat' dir='ltr'><strong>habet,</strong></span> <span class='ocrx_word' id='word_1_72' title='bbox 582 1190 688 1229; x_wconf 90' lang='lat' dir='ltr'><strong>non</strong></span> <span class='ocrx_word' id='word_1_73' title='bbox 739 1175 891 1230; x_wconf 87' lang='lat' dir='ltr'><strong>timet</strong></span> <span class='ocrx_word' id='word_1_74' title='bbox 934 1177 1195 1232; x_wconf 88' lang='lat' dir='ltr'><strong>bonorum</strong></span> <span class='ocrx_word' id='word_1_75' title='bbox 1240 1179 1691 1248; x_wconf 85' lang='lat' dir='ltr'><strong>publicationem,</strong></span> <span class='ocrx_word' id='word_1_76' title='bbox 1741 1197 1915 1253; x_wconf 87' lang='lat' dir='ltr'><strong>neque</strong></span> 
     </span>
    </p>
   </div>
   <div class='ocr_carea' id='block_1_10' title="bbox 342 1265 1918 1342">
    <p class='ocr_par' dir='ltr' id='par_1_10' title="bbox 342 1265 1918 1342">
     <span class='ocr_line' id='line_1_10' title="bbox 342 1265 1918 1342; baseline 0.006 -21"><span class='ocrx_word' id='word_1_77' title='bbox 342 1265 853 1322; x_wconf 88' lang='lat' dir='ltr'><strong>condemnationem.</strong></span> <span class='ocrx_word' id='word_1_78' title='bbox 885 1267 943 1324; x_wconf 92' lang='lat' dir='ltr'><strong>Si</strong></span> <span class='ocrx_word' id='word_1_79' title='bbox 972 1269 1148 1340; x_wconf 86' lang='lat' dir='ltr'><strong>itaque</strong></span> <span class='ocrx_word' id='word_1_80' title='bbox 1170 1281 1451 1342; x_wconf 82' lang='lat' dir='ltr'><strong>paupertas</strong></span> <span class='ocrx_word' id='word_1_81' title='bbox 1479 1272 1714 1331; x_wconf 87' lang='lat' dir='ltr'><strong>efﬁceret</strong></span> <span class='ocrx_word' id='word_1_82' title='bbox 1742 1275 1918 1330; x_wconf 85' lang='lat' dir='ltr'><strong>homi-</strong></span> 
     </span>
    </p>
   </div>
   <div class='ocr_carea' id='block_1_11' title="bbox 338 1362 1925 1432">
    <p class='ocr_par' dir='ltr' id='par_1_11' title="bbox 338 1362 1925 1432">
     <span class='ocr_line' id='line_1_11' title="bbox 338 1362 1925 1432; baseline 0.009 -20"><span class='ocrx_word' id='word_1_83' title='bbox 338 1371 432 1413; x_wconf 85' lang='lat' dir='ltr'><strong>nes</strong></span> <span class='ocrx_word' id='word_1_84' title='bbox 456 1368 515 1413; x_wconf 91' lang='lat' dir='ltr'><strong>ut</strong></span> <span class='ocrx_word' id='word_1_85' title='bbox 539 1368 789 1416; x_wconf 86' lang='lat' dir='ltr'><strong>carerent</strong></span> <span class='ocrx_word' id='word_1_86' title='bbox 811 1362 1062 1432; x_wconf 87' lang='lat' dir='ltr'><strong>loquendi</strong></span> <span class='ocrx_word' id='word_1_87' title='bbox 1090 1366 1354 1432; x_wconf 86' lang='lat' dir='ltr'><strong>libertate,</strong></span> <span class='ocrx_word' id='word_1_88' title='bbox 1382 1383 1489 1422; x_wconf 93' lang='lat' dir='ltr'><strong>non</strong></span> <span class='ocrx_word' id='word_1_89' title='bbox 1513 1368 1745 1425; x_wconf 85' lang='lat' dir='ltr'><strong>misisset</strong></span> <span class='ocrx_word' id='word_1_90' title='bbox 1765 1368 1925 1426; x_wconf 81' lang='lat' dir='ltr'><strong>Chri-</strong></span> 
     </span>
    </p>
   </div>
   <div class='ocr_carea' id='block_1_12' title="bbox 340 1448 1926 1532">
    <p class='ocr_par' dir='ltr' id='par_1_12' title="bbox 340 1448 1926 1532">
     <span class='ocr_line' id='line_1_12' title="bbox 340 1448 1926 1532; baseline 0.009 -30"><span class='ocrx_word' id='word_1_91' title='bbox 340 1456 447 1504; x_wconf 86' lang='lat' dir='ltr'><strong>stus</strong></span> <span class='ocrx_word' id='word_1_92' title='bbox 464 1448 757 1520; x_wconf 86' lang='lat' dir='ltr'><strong>discipulos</strong></span> <span class='ocrx_word' id='word_1_93' title='bbox 776 1466 898 1508; x_wconf 90' lang='lat' dir='ltr'><strong>cum</strong></span> <span class='ocrx_word' id='word_1_94' title='bbox 924 1465 1233 1527; x_wconf 83' lang='lat' dir='ltr'><strong>paupertate</strong></span> <span class='ocrx_word' id='word_1_95' title='bbox 1256 1457 1321 1511; x_wconf 92' lang='lat' dir='ltr'><strong>ad</strong></span> <span class='ocrx_word' id='word_1_96' title='bbox 1346 1472 1461 1514; x_wconf 89' lang='lat' dir='ltr'><strong>rem</strong></span> <span class='ocrx_word' id='word_1_97' title='bbox 1481 1474 1600 1530; x_wconf 84' lang='lat' dir='ltr'><strong>quae</strong></span> <span class='ocrx_word' id='word_1_98' title='bbox 1617 1459 1779 1515; x_wconf 85' lang='lat' dir='ltr'><strong>multa</strong></span> <span class='ocrx_word' id='word_1_99' title='bbox 1799 1476 1926 1532; x_wconf 81' lang='lat' dir='ltr'><strong>ege-</strong></span> 
     </span>
    </p>
   </div>
   <div class='ocr_carea' id='block_1_13' title="bbox 339 1538 1931 1619">
    <p class='ocr_par' dir='ltr' id='par_1_13' title="bbox 339 1538 1931 1619">
     <span class='ocr_line' id='line_1_13' title="bbox 339 1538 1931 1619; baseline 0.009 -27"><span class='ocrx_word' id='word_1_100' title='bbox 339 1545 419 1593; x_wconf 81' lang='lat' dir='ltr'><strong>ret</strong></span> <span class='ocrx_word' id='word_1_101' title='bbox 440 1538 688 1596; x_wconf 70' lang='lat' dir='ltr'><strong>libertate</strong></span> <span class='ocrx_word' id='word_1_102' title='bbox 712 1542 960 1612; x_wconf 85' lang='lat' dir='ltr'><strong>loquendi</strong></span> <span class='ocrx_word' id='word_1_103' title='bbox 983 1554 1037 1599; x_wconf 89' lang='lat' dir='ltr'><strong>et</strong></span> <span class='ocrx_word' id='word_1_104' title='bbox 1054 1542 1267 1601; x_wconf 86' lang='lat' dir='ltr'><strong>fiducia.</strong></span> <span class='ocrx_word' id='word_1_105' title='bbox 1282 1546 1492 1619; x_wconf 86' lang='lat' dir='ltr'><strong>Pauper</strong></span> <span class='ocrx_word' id='word_1_106' title='bbox 1507 1550 1649 1604; x_wconf 89' lang='lat' dir='ltr'><strong>enim</strong></span> <span class='ocrx_word' id='word_1_107' title='bbox 1670 1559 1753 1605; x_wconf 89' lang='lat' dir='ltr'><strong>est</strong></span> <span class='ocrx_word' id='word_1_108' title='bbox 1768 1551 1931 1608; x_wconf 81' lang='lat' dir='ltr'><strong>valde</strong></span> 
     </span>
    </p>
   </div>
   <div class='ocr_carea' id='block_1_14' title="bbox 339 1626 1920 1709">
    <p class='ocr_par' dir='ltr' id='par_1_14' title="bbox 339 1626 1920 1709">
     <span class='ocr_line' id='line_1_14' title="bbox 339 1626 1920 1709; baseline 0.009 -26"><span class='ocrx_word' id='word_1_109' title='bbox 339 1626 506 1692; x_wconf 86' lang='lat' dir='ltr'><strong>fortis,</strong></span> <span class='ocrx_word' id='word_1_110' title='bbox 527 1639 583 1685; x_wconf 89' lang='lat' dir='ltr'><strong>et</strong></span> <span class='ocrx_word' id='word_1_111' title='bbox 612 1645 721 1686; x_wconf 90' lang='lat' dir='ltr'><strong>non</strong></span> <span class='ocrx_word' id='word_1_112' title='bbox 765 1632 927 1689; x_wconf 82' lang='lat' dir='ltr'><strong>habet</strong></span> <span class='ocrx_word' id='word_1_113' title='bbox 955 1635 1095 1691; x_wconf 92' lang='lat' dir='ltr'><strong>unde</strong></span> <span class='ocrx_word' id='word_1_114' title='bbox 1133 1636 1392 1695; x_wconf 89' lang='lat' dir='ltr'><strong>afﬁciatur</strong></span> <span class='ocrx_word' id='word_1_115' title='bbox 1423 1638 1641 1709; x_wconf 87' lang='lat' dir='ltr'><strong>injuria,</strong></span> <span class='ocrx_word' id='word_1_116' title='bbox 1666 1649 1757 1696; x_wconf 90' lang='lat' dir='ltr'><strong>aut</strong></span> <span class='ocrx_word' id='word_1_117' title='bbox 1792 1641 1920 1697; x_wconf 87' lang='lat' dir='ltr'><strong>mali</strong></span> 
     </span>
    </p>
   </div>
   <div class='ocr_carea' id='block_1_15' title="bbox 336 1717 1920 1802">
    <p class='ocr_par' dir='ltr' id='par_1_15' title="bbox 336 1717 1920 1802">
     <span class='ocr_line' id='line_1_15' title="bbox 336 1717 1920 1802; baseline 0.011 -32"><span class='ocrx_word' id='word_1_118' title='bbox 336 1717 527 1788; x_wconf 82' lang='lat' dir='ltr'><strong>aliquid</strong></span> <span class='ocrx_word' id='word_1_119' title='bbox 559 1720 808 1789; x_wconf 87' lang='lat' dir='ltr'><strong>patiatur.</strong></span> <span class='ocrx_word' id='word_1_120' title='bbox 838 1721 997 1779; x_wconf 88' lang='lat' dir='ltr'><strong>Dives</strong></span> <span class='ocrx_word' id='word_1_121' title='bbox 1022 1735 1197 1781; x_wconf 87' lang='lat' dir='ltr'><strong>autem</strong></span> <span class='ocrx_word' id='word_1_122' title='bbox 1221 1736 1304 1782; x_wconf 93' lang='lat' dir='ltr'><strong>est</strong></span> <span class='ocrx_word' id='word_1_123' title='bbox 1326 1728 1471 1783; x_wconf 90' lang='lat' dir='ltr'><strong>omni</strong></span> <span class='ocrx_word' id='word_1_124' title='bbox 1494 1744 1556 1784; x_wconf 83' lang='lat' dir='ltr'><strong>ex</strong></span> <span class='ocrx_word' id='word_1_125' title='bbox 1584 1739 1736 1799; x_wconf 89' lang='lat' dir='ltr'><strong>parte</strong></span> <span class='ocrx_word' id='word_1_126' title='bbox 1760 1739 1920 1802; x_wconf 82' lang='lat' dir='ltr'><strong>captu</strong></span> 
     </span>
    </p>
   </div>
   <div class='ocr_carea' id='block_1_16' title="bbox 334 1808 1921 1890">
    <p class='ocr_par' dir='ltr' id='par_1_16' title="bbox 334 1808 1921 1890">
     <span class='ocr_line' id='line_1_16' title="bbox 334 1808 1921 1890; baseline 0.009 -27"><span class='ocrx_word' id='word_1_127' title='bbox 334 1808 541 1876; x_wconf 73' lang='lat' dir='ltr'><strong>hicilis;</strong></span> <span class='ocrx_word' id='word_1_128' title='bbox 571 1824 628 1867; x_wconf 89' lang='lat' dir='ltr'><strong>et</strong></span> <span class='ocrx_word' id='word_1_129' title='bbox 658 1812 883 1881; x_wconf 87' lang='lat' dir='ltr'><strong>perinde</strong></span> <span class='ocrx_word' id='word_1_130' title='bbox 910 1824 1012 1881; x_wconf 88' lang='lat' dir='ltr'><strong>est,</strong></span> <span class='ocrx_word' id='word_1_131' title='bbox 1042 1825 1103 1873; x_wconf 85' lang='lat' dir='ltr'><strong>ut</strong></span> <span class='ocrx_word' id='word_1_132' title='bbox 1128 1819 1172 1872; x_wconf 92' lang='lat' dir='ltr'><strong>si</strong></span> <span class='ocrx_word' id='word_1_133' title='bbox 1202 1818 1319 1888; x_wconf 90' lang='lat' dir='ltr'><strong>quis</strong></span> <span class='ocrx_word' id='word_1_134' title='bbox 1344 1834 1489 1886; x_wconf 87' lang='lat' dir='ltr'><strong>emn,</strong></span> <span class='ocrx_word' id='word_1_135' title='bbox 1521 1821 1611 1890; x_wconf 87' lang='lat' dir='ltr'><strong>qui</strong></span> <span class='ocrx_word' id='word_1_136' title='bbox 1642 1822 1839 1877; x_wconf 90' lang='lat' dir='ltr'><strong>multos</strong></span> <span class='ocrx_word' id='word_1_137' title='bbox 1865 1831 1921 1878; x_wconf 91' lang='lat' dir='ltr'><strong>et</strong></span> 
     </span>
    </p>
   </div>
   <div class='ocr_carea' id='block_1_17' title="bbox 334 1898 1921 1977">
    <p class='ocr_par' dir='ltr' id='par_1_17' title="bbox 334 1898 1921 1977">
     <span class='ocr_line' id='line_1_17' title="bbox 334 1898 1921 1977; baseline 0.011 -25"><span class='ocrx_word' id='word_1_138' title='bbox 334 1898 518 1971; x_wconf 82' lang='lat' dir='ltr'><strong>longos</strong></span> <span class='ocrx_word' id='word_1_139' title='bbox 538 1902 705 1956; x_wconf 82' lang='lat' dir='ltr'><strong>trahit</strong></span> <span class='ocrx_word' id='word_1_140' title='bbox 724 1902 895 1970; x_wconf 90' lang='lat' dir='ltr'><strong>funes,</strong></span> <span class='ocrx_word' id='word_1_141' title='bbox 914 1902 1069 1963; x_wconf 83' lang='lat' dir='ltr'><strong>facile</strong></span> <span class='ocrx_word' id='word_1_142' title='bbox 1096 1909 1535 1977; x_wconf 86' lang='lat' dir='ltr'><strong>ceperit,nudum</strong></span> <span class='ocrx_word' id='word_1_143' title='bbox 1563 1921 1739 1967; x_wconf 88' lang='lat' dir='ltr'><strong>autem</strong></span> <span class='ocrx_word' id='word_1_144' title='bbox 1763 1911 1921 1970; x_wconf 88' lang='lat' dir='ltr'><strong>facile</strong></span> 
     </span>
    </p>
   </div>
   <div class='ocr_carea' id='block_1_18' title="bbox 334 1993 1921 2063">
    <p class='ocr_par' dir='ltr' id='par_1_18' title="bbox 334 1993 1921 2063">
     <span class='ocr_line' id='line_1_18' title="bbox 334 1993 1921 2063; baseline 0.01 -20"><span class='ocrx_word' id='word_1_145' title='bbox 334 2005 435 2045; x_wconf 90' lang='lat' dir='ltr'><strong>non</strong></span> <span class='ocrx_word' id='word_1_146' title='bbox 456 1993 630 2062; x_wconf 86' lang='lat' dir='ltr'><strong>possit</strong></span> <span class='ocrx_word' id='word_1_147' title='bbox 652 1993 1054 2063; x_wconf 85' lang='lat' dir='ltr'><strong>apprehendere</strong></span> <span class='ocrx_word' id='word_1_148' title='bbox 1081 2012 1144 2053; x_wconf 91' lang='lat' dir='ltr'><strong>ac</strong></span> <span class='ocrx_word' id='word_1_149' title='bbox 1166 1998 1427 2055; x_wconf 88' lang='lat' dir='ltr'><strong>detinere.</strong></span> <span class='ocrx_word' id='word_1_150' title='bbox 1451 2000 1523 2055; x_wconf 86' lang='lat' dir='ltr'><strong>ita</strong></span> <span class='ocrx_word' id='word_1_151' title='bbox 1555 2002 1714 2057; x_wconf 89' lang='lat' dir='ltr'><strong>etiam</strong></span> <span class='ocrx_word' id='word_1_152' title='bbox 1743 2004 1921 2059; x_wconf 87' lang='lat' dir='ltr'><strong>evenit</strong></span> 
     </span>
    </p>
   </div>
   <div class='ocr_carea' id='block_1_19' title="bbox 331 2079 1916 2162">
    <p class='ocr_par' dir='ltr' id='par_1_19' title="bbox 331 2079 1916 2162">
     <span class='ocr_line' id='line_1_19' title="bbox 331 2079 1916 2162; baseline 0.009 -28"><span class='ocrx_word' id='word_1_153' title='bbox 331 2079 387 2133; x_wconf 88' lang='lat' dir='ltr'><strong>in</strong></span> <span class='ocrx_word' id='word_1_154' title='bbox 408 2081 574 2138; x_wconf 86' lang='lat' dir='ltr'><strong>divite</strong></span> <span class='ocrx_word' id='word_1_155' title='bbox 601 2101 616 2138; x_wconf 89' lang='lat'><strong>:</strong></span> <span class='ocrx_word' id='word_1_156' title='bbox 641 2084 927 2154; x_wconf 88' lang='lat' dir='ltr'><strong>mancipia,</strong></span> <span class='ocrx_word' id='word_1_157' title='bbox 948 2101 1156 2155; x_wconf 88' lang='lat' dir='ltr'><strong>aurum,</strong></span> <span class='ocrx_word' id='word_1_158' title='bbox 1178 2088 1395 2157; x_wconf 72' lang='lat' dir='ltr'><strong>prmdia,</strong></span> <span class='ocrx_word' id='word_1_159' title='bbox 1426 2092 1635 2162; x_wconf 88' lang='lat' dir='ltr'><strong>negotia</strong></span> <span class='ocrx_word' id='word_1_160' title='bbox 1668 2092 1916 2149; x_wconf 90' lang='lat' dir='ltr'><strong>innume-</strong></span> 
     </span>
    </p>
   </div>
   <div class='ocr_carea' id='block_1_20' title="bbox 332 2172 1918 2251">
    <p class='ocr_par' dir='ltr' id='par_1_20' title="bbox 332 2172 1918 2251">
     <span class='ocr_line' id='line_1_20' title="bbox 332 2172 1918 2251; baseline 0.009 -25"><span class='ocrx_word' id='word_1_161' title='bbox 332 2172 541 2239; x_wconf 79' lang='lat' dir='ltr'><strong>rabilia,</strong></span> <span class='ocrx_word' id='word_1_162' title='bbox 577 2174 994 2232; x_wconf 89' lang='lat' dir='ltr'><strong>innumerabiles</strong></span> <span class='ocrx_word' id='word_1_163' title='bbox 1022 2178 1431 2247; x_wconf 90' lang='lat' dir='ltr'><strong>sollicitudines,</strong></span> <span class='ocrx_word' id='word_1_164' title='bbox 1458 2198 1733 2251; x_wconf 76' lang='lat' dir='ltr'><strong>aerumnm,</strong></span> <span class='ocrx_word' id='word_1_165' title='bbox 1761 2199 1918 2242; x_wconf 88' lang='lat' dir='ltr'><strong>casus</strong></span> 
     </span>
    </p>
   </div>
   <div class='ocr_carea' id='block_1_21' title="bbox 328 2265 1918 2345">
    <p class='ocr_par' dir='ltr' id='par_1_21' title="bbox 328 2265 1918 2345">
     <span class='ocr_line' id='line_1_21' title="bbox 328 2265 1918 2345; baseline 0.009 -28"><span class='ocrx_word' id='word_1_166' title='bbox 328 2269 383 2317; x_wconf 89' lang='lat' dir='ltr'><strong>et</strong></span> <span class='ocrx_word' id='word_1_167' title='bbox 432 2265 825 2333; x_wconf 82' lang='lat' dir='ltr'><strong>necessitates,</strong></span> <span class='ocrx_word' id='word_1_168' title='bbox 874 2266 1115 2325; x_wconf 81' lang='lat' dir='ltr'><strong>efﬁciunt</strong></span> <span class='ocrx_word' id='word_1_169' title='bbox 1163 2279 1219 2326; x_wconf 93' lang='lat' dir='ltr'><strong>ut</strong></span> <span class='ocrx_word' id='word_1_170' title='bbox 1267 2270 1421 2328; x_wconf 86' lang='lat' dir='ltr'><strong>facile</strong></span> <span class='ocrx_word' id='word_1_171' title='bbox 1468 2275 1583 2345; x_wconf 81' lang='lat' dir='ltr'><strong>capi</strong></span> <span class='ocrx_word' id='word_1_172' title='bbox 1636 2277 1804 2345; x_wconf 92' lang='lat' dir='ltr'><strong>possit</strong></span> <span class='ocrx_word' id='word_1_173' title='bbox 1849 2278 1918 2332; x_wconf 91' lang='lat' dir='ltr'><strong>ab</strong></span> 
     </span>
    </p>
   </div>
   <div class='ocr_carea' id='block_1_22' title="bbox 329 2358 602 2413">
    <p class='ocr_par' dir='ltr' id='par_1_22' title="bbox 329 2358 602 2413">
     <span class='ocr_line' id='line_1_22' title="bbox 329 2358 602 2413; baseline 0.007 -2"><span class='ocrx_word' id='word_1_174' title='bbox 329 2358 602 2413; x_wconf 85' lang='lat' dir='ltr'><strong>omnibus.</strong></span> 
     </span>
    </p>
   </div>
   <div class='ocr_carea' id='block_1_23' title="bbox 310 2450 1917 2530">
    <p class='ocr_par' dir='ltr' id='par_1_23' title="bbox 310 2450 1917 2530">
     <span class='ocr_line' id='line_1_23' title="bbox 310 2450 1917 2530; baseline 0.012 -27"><span class='ocrx_word' id='word_1_175' title='bbox 310 2456 320 2497; x_wconf 58' lang='grc' dir='ltr'><strong>θ</strong></span> <span class='ocrx_word' id='word_1_176' title='bbox 394 2450 450 2514; x_wconf 79' lang='lat'><strong>3,</strong></span> <span class='ocrx_word' id='word_1_177' title='bbox 490 2450 659 2507; x_wconf 81' lang='lat' dir='ltr'><strong>Nemo</strong></span> <span class='ocrx_word' id='word_1_178' title='bbox 684 2468 812 2525; x_wconf 87' lang='lat' dir='ltr'><strong>ergo</strong></span> <span class='ocrx_word' id='word_1_179' title='bbox 834 2454 944 2524; x_wconf 85' lang='lat' dir='ltr'><strong>jam</strong></span> <span class='ocrx_word' id='word_1_180' title='bbox 967 2456 1236 2513; x_wconf 80' lang='lat' dir='ltr'><strong>existimet</strong></span> <span class='ocrx_word' id='word_1_181' title='bbox 1260 2470 1626 2530; x_wconf 85' lang='lat' dir='ltr'><strong>paupertatem</strong></span> <span class='ocrx_word' id='word_1_182' title='bbox 1648 2479 1768 2521; x_wconf 89' lang='lat' dir='ltr'><strong>esse</strong></span> <span class='ocrx_word' id='word_1_183' title='bbox 1790 2481 1917 2523; x_wconf 84' lang='lat' dir='ltr'><strong>cau-</strong></span> 
     </span>
    </p>
   </div>
   <div class='ocr_carea' id='block_1_24' title="bbox 326 2541 1916 2623">
    <p class='ocr_par' dir='ltr' id='par_1_24' title="bbox 326 2541 1916 2623">
     <span class='ocr_line' id='line_1_24' title="bbox 326 2541 1916 2623; baseline 0.013 -30"><span class='ocrx_word' id='word_1_184' title='bbox 326 2553 437 2594; x_wconf 86' lang='lat' dir='ltr'><strong>sam</strong></span> <span class='ocrx_word' id='word_1_185' title='bbox 467 2541 700 2598; x_wconf 71' lang='lat' dir='ltr'><strong>infamite</strong></span> <span class='ocrx_word' id='word_1_186' title='bbox 720 2552 776 2600; x_wconf 91' lang='lat' dir='ltr'><strong>et</strong></span> <span class='ocrx_word' id='word_1_187' title='bbox 795 2544 1094 2603; x_wconf 86' lang='lat' dir='ltr'><strong>dedecoris.</strong></span> <span class='ocrx_word' id='word_1_188' title='bbox 1116 2547 1246 2603; x_wconf 80' lang='lat' dir='ltr'><strong>Nam</strong></span> <span class='ocrx_word' id='word_1_189' title='bbox 1275 2551 1320 2604; x_wconf 90' lang='lat' dir='ltr'><strong>si</strong></span> <span class='ocrx_word' id='word_1_190' title='bbox 1349 2551 1487 2607; x_wconf 90' lang='lat' dir='ltr'><strong>adsit</strong></span> <span class='ocrx_word' id='word_1_191' title='bbox 1510 2555 1701 2623; x_wconf 91' lang='lat' dir='ltr'><strong>virtus,</strong></span> <span class='ocrx_word' id='word_1_192' title='bbox 1728 2573 1916 2614; x_wconf 85' lang='lat' dir='ltr'><strong>omnes</strong></span> 
     </span>
    </p>
   </div>
   <div class='ocr_carea' id='block_1_25' title="bbox 324 2633 1915 2716">
    <p class='ocr_par' dir='ltr' id='par_1_25' title="bbox 324 2633 1915 2716">
     <span class='ocr_line' id='line_1_25' title="bbox 324 2633 1915 2716; baseline 0.012 -29"><span class='ocrx_word' id='word_1_193' title='bbox 324 2633 472 2689; x_wconf 76' lang='lat' dir='ltr'><strong>orbis</strong></span> <span class='ocrx_word' id='word_1_194' title='bbox 498 2645 763 2692; x_wconf 90' lang='lat' dir='ltr'><strong>terrarum</strong></span> <span class='ocrx_word' id='word_1_195' title='bbox 788 2636 987 2694; x_wconf 69' lang='lat' dir='ltr'><strong>divitiae</strong></span> <span class='ocrx_word' id='word_1_196' title='bbox 1008 2656 1076 2695; x_wconf 91' lang='lat' dir='ltr'><strong>ne</strong></span> <span class='ocrx_word' id='word_1_197' title='bbox 1096 2650 1222 2695; x_wconf 91' lang='lat' dir='ltr'><strong>sunt</strong></span> <span class='ocrx_word' id='word_1_198' title='bbox 1248 2643 1460 2712; x_wconf 88' lang='lat' dir='ltr'><strong>quidem</strong></span> <span class='ocrx_word' id='word_1_199' title='bbox 1491 2645 1679 2716; x_wconf 90' lang='lat' dir='ltr'><strong>lutum,</strong></span> <span class='ocrx_word' id='word_1_200' title='bbox 1711 2664 1811 2704; x_wconf 90' lang='lat' dir='ltr'><strong>nec</strong></span> <span class='ocrx_word' id='word_1_201' title='bbox 1834 2649 1915 2706; x_wconf 79' lang='lat' dir='ltr'><strong>fe-</strong></span> 
     </span>
    </p>
   </div>
   <div class='ocr_carea' id='block_1_26' title="bbox 321 2725 1913 2808">
    <p class='ocr_par' dir='ltr' id='par_1_26' title="bbox 321 2725 1913 2808">
     <span class='ocr_line' id='line_1_26' title="bbox 321 2725 1913 2808; baseline 0.013 -31"><span class='ocrx_word' id='word_1_202' title='bbox 321 2732 494 2791; x_wconf 84' lang='lat' dir='ltr'><strong>stuca,</strong></span> <span class='ocrx_word' id='word_1_203' title='bbox 513 2725 560 2778; x_wconf 91' lang='lat' dir='ltr'><strong>si</strong></span> <span class='ocrx_word' id='word_1_204' title='bbox 583 2740 704 2780; x_wconf 94' lang='lat' dir='ltr'><strong>eum</strong></span> <span class='ocrx_word' id='word_1_205' title='bbox 731 2743 792 2781; x_wconf 84' lang='lat' dir='ltr'><strong>ea</strong></span> <span class='ocrx_word' id='word_1_206' title='bbox 821 2728 1179 2785; x_wconf 84' lang='lat' dir='ltr'><strong>conferantur.</strong></span> <span class='ocrx_word' id='word_1_207' title='bbox 1204 2731 1333 2786; x_wconf 86' lang='lat' dir='ltr'><strong>Eam</strong></span> <span class='ocrx_word' id='word_1_208' title='bbox 1364 2734 1522 2802; x_wconf 82' lang='lat' dir='ltr'><strong>igitur</strong></span> <span class='ocrx_word' id='word_1_209' title='bbox 1552 2747 1837 2808; x_wconf 87' lang='lat' dir='ltr'><strong>sectemur,</strong></span> <span class='ocrx_word' id='word_1_210' title='bbox 1866 2742 1913 2796; x_wconf 87' lang='lat' dir='ltr'><strong>si</strong></span> 
     </span>
    </p>
   </div>
   <div class='ocr_carea' id='block_1_27' title="bbox 320 2814 1909 2902">
    <p class='ocr_par' dir='ltr' id='par_1_27' title="bbox 320 2814 1909 2902">
     <span class='ocr_line' id='line_1_27' title="bbox 320 2814 1909 2902; baseline 0.009 -33"><span class='ocrx_word' id='word_1_211' title='bbox 320 2814 553 2871; x_wconf 80' lang='lat' dir='ltr'><strong>velimus</strong></span> <span class='ocrx_word' id='word_1_212' title='bbox 580 2817 784 2889; x_wconf 89' lang='lat' dir='ltr'><strong>ingredi</strong></span> <span class='ocrx_word' id='word_1_213' title='bbox 806 2834 1031 2891; x_wconf 78' lang='lat' dir='ltr'><strong>regnum</strong></span> <span class='ocrx_word' id='word_1_214' title='bbox 1058 2822 1331 2880; x_wconf 83' lang='lat' dir='ltr'><strong>caelorum.</strong></span> <span class='ocrx_word' id='word_1_215' title='bbox 1355 2824 1519 2882; x_wconf 82' lang='lat' dir='ltr'><strong>Vende</strong></span> <span class='ocrx_word' id='word_1_216' title='bbox 1542 2829 1703 2896; x_wconf 89' lang='lat' dir='ltr'><strong>enim,</strong></span> <span class='ocrx_word' id='word_1_217' title='bbox 1720 2832 1909 2902; x_wconf 86' lang='lat' dir='ltr'><strong>inquit,</strong></span> 
     </span>
    </p>
   </div>
   <div class='ocr_carea' id='block_1_28' title="bbox 320 2909 1913 2986">
    <p class='ocr_par' dir='ltr' id='par_1_28' title="bbox 320 2909 1913 2986">
     <span class='ocr_line' id='line_1_28' title="bbox 320 2909 1913 2986; baseline 0.013 -25"><span class='ocrx_word' id='word_1_218' title='bbox 320 2909 493 2963; x_wconf 82' lang='lat' dir='ltr'><strong>omnia</strong></span> <span class='ocrx_word' id='word_1_219' title='bbox 508 2925 626 2979; x_wconf 73' lang='lat' dir='ltr'><strong>qua:</strong></span> <span class='ocrx_word' id='word_1_220' title='bbox 648 2910 822 2980; x_wconf 88' lang='lat' dir='ltr'><strong>habes,</strong></span> <span class='ocrx_word' id='word_1_221' title='bbox 839 2923 888 2969; x_wconf 87' lang='lat' dir='ltr'><strong>et</strong></span> <span class='ocrx_word' id='word_1_222' title='bbox 908 2913 975 2968; x_wconf 84' lang='lat' dir='ltr'><strong>da</strong></span> <span class='ocrx_word' id='word_1_223' title='bbox 995 2914 1320 2986; x_wconf 81' lang='lat' dir='ltr'><strong>pauperibus,</strong></span> <span class='ocrx_word' id='word_1_224' title='bbox 1341 2928 1386 2971; x_wconf 89' lang='lat' dir='ltr'><strong>et</strong></span> <span class='ocrx_word' id='word_1_225' title='bbox 1402 2917 1604 2976; x_wconf 75' lang='lat' dir='ltr'><strong>habebis</strong></span> <span class='ocrx_word' id='word_1_226' title='bbox 1622 2921 1913 2982; x_wconf 75' lang='lat' dir='ltr'><strong>thesaurum</strong></span> 
     </span>
    </p>
   </div>
   <div class='ocr_carea' id='block_1_29' title="bbox 318 2997 1913 3088">
    <p class='ocr_par' dir='ltr' id='par_1_29' title="bbox 318 2997 1913 3088">
     <span class='ocr_line' id='line_1_29' title="bbox 318 2997 1913 3088; baseline 0.014 -37"><span class='ocrx_word' id='word_1_227' title='bbox 318 2997 374 3050; x_wconf 80' lang='lat' dir='ltr'><strong>in</strong></span> <span class='ocrx_word' id='word_1_228' title='bbox 399 3001 559 3067; x_wconf 67' lang='lat' dir='ltr'><strong>caelo;</strong></span> <span class='ocrx_word' id='word_1_229' title='bbox 576 3011 633 3056; x_wconf 91' lang='lat' dir='ltr'><strong>et</strong></span> <span class='ocrx_word' id='word_1_230' title='bbox 660 3018 874 3058; x_wconf 88' lang='lat' dir='ltr'><strong>rursus:</strong></span> <span class='ocrx_word' id='word_1_231' title='bbox 891 3004 1108 3075; x_wconf 75' lang='lat' dir='ltr'><strong>Diﬂicile</strong></span> <span class='ocrx_word' id='word_1_232' title='bbox 1127 3016 1199 3060; x_wconf 92' lang='lat' dir='ltr'><strong>est</strong></span> <span class='ocrx_word' id='word_1_233' title='bbox 1215 3007 1417 3073; x_wconf 62' lang='lat' dir='ltr'><strong>divitem</strong></span> <span class='ocrx_word' id='word_1_234' title='bbox 1434 3011 1621 3068; x_wconf 86' lang='lat' dir='ltr'><strong>intrare</strong></span> <span class='ocrx_word' id='word_1_235' title='bbox 1636 3015 1687 3069; x_wconf 89' lang='lat' dir='ltr'><strong>in</strong></span> <span class='ocrx_word' id='word_1_236' title='bbox 1704 3033 1913 3088; x_wconf 73' lang='lat' dir='ltr'><strong>regnum</strong></span> 
     </span>
    </p>
   </div>
   <div class='ocr_carea' id='block_1_30' title="bbox 319 3091 1911 3173">
    <p class='ocr_par' dir='ltr' id='par_1_30' title="bbox 319 3091 1911 3173">
     <span class='ocr_line' id='line_1_30' title="bbox 319 3091 1911 3173; baseline 0.015 -31"><span class='ocrx_word' id='word_1_237' title='bbox 319 3091 561 3146; x_wconf 67' lang='lat' dir='ltr'><strong>ratorum</strong></span> <span class='ocrx_word' id='word_1_238' title='bbox 588 3092 803 3163; x_wconf 74' lang='lat' dir='ltr'><strong>(Matth.</strong></span> <span class='ocrx_word' id='word_1_239' title='bbox 833 3095 918 3151; x_wconf 85' lang='lat' dir='ltr'><strong>l9.</strong></span> <span class='ocrx_word' id='word_1_240' title='bbox 946 3098 1035 3151; x_wconf 80' lang='grc'><strong>21.</strong></span> <span class='ocrx_word' id='word_1_241' title='bbox 1064 3097 1175 3170; x_wconf 74' lang='lat'><strong>25).</strong></span> <span class='ocrx_word' id='word_1_242' title='bbox 1212 3100 1368 3157; x_wconf 86' lang='lat' dir='ltr'><strong>Vides</strong></span> <span class='ocrx_word' id='word_1_243' title='bbox 1395 3104 1536 3173; x_wconf 87' lang='lat' dir='ltr'><strong>quod</strong></span> <span class='ocrx_word' id='word_1_244' title='bbox 1563 3106 1771 3163; x_wconf 88' lang='lat' dir='ltr'><strong>etiamsi</strong></span> <span class='ocrx_word' id='word_1_245' title='bbox 1805 3126 1911 3167; x_wconf 93' lang='lat' dir='ltr'><strong>non</strong></span> 
     </span>
    </p>
   </div>
   <div class='ocr_carea' id='block_1_31' title="bbox 319 3179 1913 3259">
    <p class='ocr_par' dir='ltr' id='par_1_31' title="bbox 319 3179 1913 3259">
     <span class='ocr_line' id='line_1_31' title="bbox 319 3179 1913 3259; baseline 0.018 -29"><span class='ocrx_word' id='word_1_246' title='bbox 319 3179 499 3249; x_wconf 81' lang='lat' dir='ltr'><strong>adsit,</strong></span> <span class='ocrx_word' id='word_1_247' title='bbox 540 3199 659 3239; x_wconf 87' lang='lat' dir='ltr'><strong>eam</strong></span> <span class='ocrx_word' id='word_1_248' title='bbox 707 3196 922 3257; x_wconf 86' lang='lat' dir='ltr'><strong>oportet</strong></span> <span class='ocrx_word' id='word_1_249' title='bbox 964 3189 1269 3247; x_wconf 85' lang='lat' dir='ltr'><strong>attrahere?</strong></span> <span class='ocrx_word' id='word_1_250' title='bbox 1312 3193 1540 3251; x_wconf 91' lang='lat' dir='ltr'><strong>Tantum</strong></span> <span class='ocrx_word' id='word_1_251' title='bbox 1585 3198 1783 3256; x_wconf 90' lang='lat' dir='ltr'><strong>bonum</strong></span> <span class='ocrx_word' id='word_1_252' title='bbox 1830 3211 1913 3259; x_wconf 89' lang='lat' dir='ltr'><strong>est</strong></span> 
     </span>
    </p>
   </div>
   <div class='ocr_carea' id='block_1_32' title="bbox 316 3285 1907 3374">
    <p class='ocr_par' dir='ltr' id='par_1_32' title="bbox 316 3285 1907 3374">
     <span class='ocr_line' id='line_1_32' title="bbox 316 3285 1907 3374; baseline 0.02 -46"><span class='ocrx_word' id='word_1_253' title='bbox 316 3287 606 3374; x_wconf 73' lang='lat' dir='ltr'><strong>paupertas</strong></span> <span class='ocrx_word' id='word_1_254' title='bbox 644 3292 771 3374; x_wconf 25' lang='lat' dir='ltr'><strong>:‘est</strong></span> <span class='ocrx_word' id='word_1_255' title='bbox 808 3285 949 3340; x_wconf 90' lang='lat' dir='ltr'><strong>enim</strong></span> <span class='ocrx_word' id='word_1_256' title='bbox 979 3291 1219 3357; x_wconf 63' lang='lat' dir='ltr'><strong>quaedam</strong></span> <span class='ocrx_word' id='word_1_257' title='bbox 1249 3294 1496 3351; x_wconf 87' lang='lat' dir='ltr'><strong>deductio</strong></span> <span class='ocrx_word' id='word_1_258' title='bbox 1523 3300 1591 3353; x_wconf 87' lang='lat' dir='ltr'><strong>ad</strong></span> <span class='ocrx_word' id='word_1_259' title='bbox 1619 3301 1756 3357; x_wconf 91' lang='lat' dir='ltr'><strong>viam</strong></span> <span class='ocrx_word' id='word_1_260' title='bbox 1785 3319 1907 3374; x_wconf 66' lang='lat' dir='ltr'><strong>quae</strong></span> 
     </span>
    </p>
   </div>
   <div class='ocr_carea' id='block_1_33' title="bbox 316 3365 1909 3461">
    <p class='ocr_par' dir='ltr' id='par_1_33' title="bbox 316 3365 1909 3461">
     <span class='ocr_line' id='line_1_33' title="bbox 316 3365 1909 3461; baseline 0.019 -42"><span class='ocrx_word' id='word_1_261' title='bbox 316 3365 459 3461; x_wconf 77' lang='lat' dir='ltr'><strong>ducit</strong></span> <span class='ocrx_word' id='word_1_262' title='bbox 487 3369 556 3461; x_wconf 82' lang='lat' dir='ltr'><strong>ad</strong></span> <span class='ocrx_word' id='word_1_263' title='bbox 588 3371 778 3426; x_wconf 80' lang='lat' dir='ltr'><strong>caelum</strong></span> <span class='ocrx_word' id='word_1_264' title='bbox 799 3416 814 3442; x_wconf 92' lang='lat'><strong>,</strong></span> <span class='ocrx_word' id='word_1_265' title='bbox 843 3378 1024 3432; x_wconf 91' lang='lat' dir='ltr'><strong>unctio</strong></span> <span class='ocrx_word' id='word_1_266' title='bbox 1052 3381 1299 3438; x_wconf 78' lang='lat' dir='ltr'><strong>athletice</strong></span> <span class='ocrx_word' id='word_1_267' title='bbox 1321 3425 1335 3451; x_wconf 93' lang='lat'><strong>,</strong></span> <span class='ocrx_word' id='word_1_268' title='bbox 1364 3402 1554 3458; x_wconf 82' lang='lat' dir='ltr'><strong>magna</strong></span> <span class='ocrx_word' id='word_1_269' title='bbox 1583 3365 1825 3461; x_wconf 76' lang='lat' dir='ltr'><strong>quaedam</strong></span> <span class='ocrx_word' id='word_1_270' title='bbox 1854 3402 1909 3450; x_wconf 91' lang='lat' dir='ltr'><strong>et</strong></span> 
     </span>
    </p>
   </div>
   <div class='ocr_carea' id='block_1_34' title="bbox 317 3455 1903 3546">
    <p class='ocr_par' dir='ltr' id='par_1_34' title="bbox 317 3455 1903 3546">
     <span class='ocr_line' id='line_1_34' title="bbox 317 3455 1903 3546; baseline 0.02 -39"><span class='ocrx_word' id='word_1_271' title='bbox 317 3455 645 3515; x_wconf 87' lang='lat' dir='ltr'><strong>admirabilis</strong></span> <span class='ocrx_word' id='word_1_272' title='bbox 675 3466 1010 3535; x_wconf 75' lang='lat' dir='ltr'><strong>exercitatio,</strong></span> <span class='ocrx_word' id='word_1_273' title='bbox 1040 3481 1226 3540; x_wconf 90' lang='lat' dir='ltr'><strong>portus</strong></span> <span class='ocrx_word' id='word_1_274' title='bbox 1258 3455 1611 3546; x_wconf 44' lang='lat' dir='ltr'><strong>tranquillus;</strong></span> <span class='ocrx_word' id='word_1_275' title='bbox 1624 3479 1730 3536; x_wconf 86' lang='lat' dir='ltr'><strong>Sed</strong></span> <span class='ocrx_word' id='word_1_276' title='bbox 1763 3482 1903 3538; x_wconf 88' lang='lat' dir='ltr'><strong>mul-</strong></span> 
     </span>
    </p>
   </div>
   <div class='ocr_carea' id='block_1_35' title="bbox 321 3548 1903 3642">
    <p class='ocr_par' dir='ltr' id='par_1_35' title="bbox 321 3548 1903 3642">
     <span class='ocr_line' id='line_1_35' title="bbox 321 3548 1903 3642; baseline 0.02 -43"><span class='ocrx_word' id='word_1_277' title='bbox 321 3548 406 3642; x_wconf 75' lang='lat' dir='ltr'><strong>tis,</strong></span> <span class='ocrx_word' id='word_1_278' title='bbox 445 3549 638 3642; x_wconf 81' lang='lat' dir='ltr'><strong>inquit,</strong></span> <span class='ocrx_word' id='word_1_279' title='bbox 680 3568 816 3624; x_wconf 90' lang='lat' dir='ltr'><strong>opus</strong></span> <span class='ocrx_word' id='word_1_280' title='bbox 859 3557 1051 3626; x_wconf 90' lang='lat' dir='ltr'><strong>habeo,</strong></span> <span class='ocrx_word' id='word_1_281' title='bbox 1086 3578 1185 3617; x_wconf 90' lang='lat' dir='ltr'><strong>nec</strong></span> <span class='ocrx_word' id='word_1_282' title='bbox 1226 3566 1347 3621; x_wconf 85' lang='lat' dir='ltr'><strong>volo</strong></span> <span class='ocrx_word' id='word_1_283' title='bbox 1377 3567 1575 3624; x_wconf 90' lang='lat' dir='ltr'><strong>donum</strong></span> <span class='ocrx_word' id='word_1_284' title='bbox 1614 3575 1903 3642; x_wconf 85' lang='lat' dir='ltr'><strong>gratuitum</strong></span> 
     </span>
    </p>
   </div>
   <div class='ocr_carea' id='block_1_36' title="bbox 320 3636 1905 3732">
    <p class='ocr_par' dir='ltr' id='par_1_36' title="bbox 320 3636 1905 3732">
     <span class='ocr_line' id='line_1_36' title="bbox 320 3636 1905 3732; baseline 0.021 -44"><span class='ocrx_word' id='word_1_285' title='bbox 320 3636 387 3689; x_wconf 87' lang='lat' dir='ltr'><strong>ab</strong></span> <span class='ocrx_word' id='word_1_286' title='bbox 423 3640 601 3709; x_wconf 89' lang='lat' dir='ltr'><strong>aliquo</strong></span> <span class='ocrx_word' id='word_1_287' title='bbox 630 3645 898 3714; x_wconf 89' lang='lat' dir='ltr'><strong>accipere.</strong></span> <span class='ocrx_word' id='word_1_288' title='bbox 930 3648 1033 3705; x_wconf 91' lang='lat' dir='ltr'><strong>Sed</strong></span> <span class='ocrx_word' id='word_1_289' title='bbox 1076 3652 1127 3705; x_wconf 94' lang='lat' dir='ltr'><strong>in</strong></span> <span class='ocrx_word' id='word_1_290' title='bbox 1165 3652 1268 3709; x_wconf 89' lang='lat' dir='ltr'><strong>hoc</strong></span> <span class='ocrx_word' id='word_1_291' title='bbox 1297 3672 1507 3729; x_wconf 89' lang='lat' dir='ltr'><strong>quoque</strong></span> <span class='ocrx_word' id='word_1_292' title='bbox 1545 3636 1703 3732; x_wconf 72' lang='lat' dir='ltr'><strong>longe</strong></span> <span class='ocrx_word' id='word_1_293' title='bbox 1729 3664 1905 3721; x_wconf 88' lang='lat' dir='ltr'><strong>minus</strong></span> 
     </span>
    </p>
   </div>
   <div class='ocr_carea' id='block_1_37' title="bbox 320 3732 1904 3820">
    <p class='ocr_par' dir='ltr' id='par_1_37' title="bbox 320 3732 1904 3820">
     <span class='ocr_line' id='line_1_37' title="bbox 320 3732 1904 3820; baseline 0.021 -41"><span class='ocrx_word' id='word_1_294' title='bbox 320 3742 473 3820; x_wconf 84' lang='lat' dir='ltr'><strong>quam</strong></span> <span class='ocrx_word' id='word_1_295' title='bbox 520 3740 577 3786; x_wconf 92' lang='lat' dir='ltr'><strong>tu</strong></span> <span class='ocrx_word' id='word_1_296' title='bbox 619 3732 783 3790; x_wconf 86' lang='lat' dir='ltr'><strong>habet</strong></span> <span class='ocrx_word' id='word_1_297' title='bbox 822 3737 991 3805; x_wconf 79' lang='lat' dir='ltr'><strong>dives,</strong></span> <span class='ocrx_word' id='word_1_298' title='bbox 1022 3740 1154 3797; x_wconf 87' lang='lat' dir='ltr'><strong>Nam</strong></span> <span class='ocrx_word' id='word_1_299' title='bbox 1201 3753 1254 3800; x_wconf 90' lang='lat' dir='ltr'><strong>tu</strong></span> <span class='ocrx_word' id='word_1_300' title='bbox 1300 3749 1512 3817; x_wconf 80' lang='lat' dir='ltr'><strong>quidem</strong></span> <span class='ocrx_word' id='word_1_301' title='bbox 1554 3750 1816 3820; x_wconf 84' lang='lat' dir='ltr'><strong>fortasse,</strong></span> <span class='ocrx_word' id='word_1_302' title='bbox 1846 3766 1904 3813; x_wconf 87' lang='lat' dir='ltr'><strong>ut</strong></span> 
     </span>
    </p>
   </div>
   <div class='ocr_carea' id='block_1_38' title="bbox 319 3817 1906 3914">
    <p class='ocr_par' dir='ltr' id='par_1_38' title="bbox 319 3817 1906 3914">
     <span class='ocr_line' id='line_1_38' title="bbox 319 3817 1906 3914; baseline 0.021 -44"><span class='ocrx_word' id='word_1_303' title='bbox 319 3817 473 3874; x_wconf 84' lang='lat' dir='ltr'><strong>alaris</strong></span> <span class='ocrx_word' id='word_1_304' title='bbox 494 3822 636 3914; x_wconf 80' lang='lat' dir='ltr'><strong>,tibi</strong></span> <span class='ocrx_word' id='word_1_305' title='bbox 662 3825 861 3896; x_wconf 89' lang='lat' dir='ltr'><strong>aliquid</strong></span> <span class='ocrx_word' id='word_1_306' title='bbox 894 3829 1078 3885; x_wconf 89' lang='lat' dir='ltr'><strong>donari</strong></span> <span class='ocrx_word' id='word_1_307' title='bbox 1106 3835 1241 3903; x_wconf 91' lang='lat' dir='ltr'><strong>petis</strong></span> <span class='ocrx_word' id='word_1_308' title='bbox 1267 3855 1279 3889; x_wconf 95' lang='lat'>:</span> <span class='ocrx_word' id='word_1_309' title='bbox 1309 3837 1398 3894; x_wconf 91' lang='lat' dir='ltr'><strong>ille</strong></span> <span class='ocrx_word' id='word_1_310' title='bbox 1422 3850 1600 3896; x_wconf 91' lang='lat' dir='ltr'><strong>autem</strong></span> <span class='ocrx_word' id='word_1_311' title='bbox 1629 3817 1906 3914; x_wconf 86' lang='lat' dir='ltr'><strong>impuden-</strong></span> 
     </span>
    </p>
   </div>
   <div class='ocr_carea' id='block_1_39' title="bbox 320 3913 1901 4006">
    <p class='ocr_par' dir='ltr' id='par_1_39' title="bbox 320 3913 1901 4006">
     <span class='ocr_line' id='line_1_39' title="bbox 320 3913 1901 4006; baseline 0.02 -45"><span class='ocrx_word' id='word_1_312' title='bbox 423 3913 554 3981; x_wconf 90' lang='lat' dir='ltr'><strong>petit</strong></span> <span class='ocrx_word' id='word_1_313' title='bbox 581 3930 679 3983; x_wconf 88' lang='lat' dir='ltr'><strong>pro</strong></span> <span class='ocrx_word' id='word_1_314' title='bbox 708 3918 869 3974; x_wconf 88' lang='lat' dir='ltr'><strong>rebus</strong></span> <span class='ocrx_word' id='word_1_315' title='bbox 898 3920 1403 3995; x_wconf 87' lang='lat' dir='ltr'><strong>innumerabilibus,</strong></span> <span class='ocrx_word' id='word_1_316' title='bbox 1433 3939 1489 3985; x_wconf 86' lang='lat' dir='ltr'><strong>et</strong></span> <span class='ocrx_word' id='word_1_317' title='bbox 1515 3941 1571 3985; x_wconf 92' lang='lat' dir='ltr'><strong>nt</strong></span> <span class='ocrx_word' id='word_1_318' title='bbox 1598 3913 1717 4002; x_wconf 82' lang='lat' dir='ltr'><strong>plus</strong></span> <span class='ocrx_word' id='word_1_319' title='bbox 1742 3951 1901 4006; x_wconf 86' lang='lat' dir='ltr'><strong>quam</strong></span> 
     </span>
    </p>
   </div>
   <div class='ocr_carea' id='block_1_40' title="bbox 313 4001 1902 4097">
    <p class='ocr_par' dir='ltr' id='par_1_40' title="bbox 313 4001 1902 4097">
     <span class='ocr_line' id='line_1_40' title="bbox 313 4001 1902 4097; baseline 0.02 -45"><span class='ocrx_word' id='word_1_320' title='bbox 313 4001 406 4097; x_wconf 71' lang='lat' dir='ltr'><strong>alii</strong></span> <span class='ocrx_word' id='word_1_321' title='bbox 431 4006 717 4097; x_wconf 71' lang='lat' dir='ltr'><strong>possideat.</strong></span> <span class='ocrx_word' id='word_1_322' title='bbox 753 4008 1108 4075; x_wconf 88' lang='lat' dir='ltr'><strong>Quamobrem</strong></span> <span class='ocrx_word' id='word_1_323' title='bbox 1136 4015 1327 4074; x_wconf 78' lang='lat' dir='ltr'><strong>divites</strong></span> <span class='ocrx_word' id='word_1_324' title='bbox 1348 4035 1490 4090; x_wconf 74' lang='lat' dir='ltr'><strong>smpe</strong></span> <span class='ocrx_word' id='word_1_325' title='bbox 1513 4001 1691 4080; x_wconf 83' lang='lat' dir='ltr'><strong>multis</strong></span> <span class='ocrx_word' id='word_1_326' title='bbox 1721 4001 1902 4097; x_wconf 70' lang='lat' dir='ltr'><strong>egent.</strong></span> 
     </span>
    </p>
   </div>
   <div class='ocr_carea' id='block_1_41' title="bbox 313 4092 1904 4187">
    <p class='ocr_par' dir='ltr' id='par_1_41' title="bbox 313 4092 1904 4187">
     <span class='ocr_line' id='line_1_41' title="bbox 313 4092 1904 4187; baseline 0.02 -44"><span class='ocrx_word' id='word_1_327' title='bbox 313 4092 446 4157; x_wconf 77' lang='lat' dir='ltr'><strong>Quid</strong></span> <span class='ocrx_word' id='word_1_328' title='bbox 476 4094 595 4187; x_wconf 77' lang='lat' dir='ltr'><strong>dico</strong></span> <span class='ocrx_word' id='word_1_329' title='bbox 621 4097 840 4153; x_wconf 87' lang='lat' dir='ltr'><strong>multis?</strong></span> <span class='ocrx_word' id='word_1_330' title='bbox 866 4113 1009 4171; x_wconf 70' lang='lat' dir='ltr'><strong>srepe</strong></span> <span class='ocrx_word' id='word_1_331' title='bbox 1034 4103 1098 4157; x_wconf 90' lang='lat' dir='ltr'><strong>iis</strong></span> <span class='ocrx_word' id='word_1_332' title='bbox 1120 4120 1238 4174; x_wconf 68' lang='lat' dir='ltr'><strong>qua:</strong></span> <span class='ocrx_word' id='word_1_333' title='bbox 1264 4108 1391 4178; x_wconf 90' lang='lat' dir='ltr'><strong>ipsis</strong></span> <span class='ocrx_word' id='word_1_334' title='bbox 1418 4122 1539 4167; x_wconf 88' lang='lat' dir='ltr'><strong>sunt</strong></span> <span class='ocrx_word' id='word_1_335' title='bbox 1566 4092 1781 4187; x_wconf 74' lang='lat' dir='ltr'><strong>indigna</strong></span> <span class='ocrx_word' id='word_1_336' title='bbox 1806 4136 1819 4172; x_wconf 86' lang='lat'><strong>:</strong></span> <span class='ocrx_word' id='word_1_337' title='bbox 1846 4130 1904 4175; x_wconf 88' lang='lat' dir='ltr'><strong>ut</strong></span> 
     </span>
    </p>
   </div>
   <div class='ocr_carea' id='block_1_42' title="bbox 312 4184 1901 4275">
    <p class='ocr_par' dir='ltr' id='par_1_42' title="bbox 312 4184 1901 4275">
     <span class='ocr_line' id='line_1_42' title="bbox 312 4184 1901 4275; baseline 0.02 -41"><span class='ocrx_word' id='word_1_338' title='bbox 312 4184 544 4275; x_wconf 59' lang='lat' dir='ltr'><strong>exempli</strong></span> <span class='ocrx_word' id='word_1_339' title='bbox 584 4200 743 4241; x_wconf 88' lang='lat' dir='ltr'><strong>causa</strong></span> <span class='ocrx_word' id='word_1_340' title='bbox 767 4230 782 4254; x_wconf 95' lang='lat'><strong>,</strong></span> <span class='ocrx_word' id='word_1_341' title='bbox 814 4204 959 4261; x_wconf 69' lang='lat' dir='ltr'><strong>sazpe</strong></span> <span class='ocrx_word' id='word_1_342' title='bbox 995 4193 1233 4265; x_wconf 81' lang='lat' dir='ltr'><strong>indigent</strong></span> <span class='ocrx_word' id='word_1_343' title='bbox 1271 4200 1525 4258; x_wconf 90' lang='lat' dir='ltr'><strong>militibus</strong></span> <span class='ocrx_word' id='word_1_344' title='bbox 1560 4207 1651 4275; x_wconf 93' lang='lat' dir='ltr'><strong>qui</strong></span> <span class='ocrx_word' id='word_1_345' title='bbox 1682 4184 1813 4262; x_wconf 76' lang='lat' dir='ltr'><strong>sunt</strong></span> <span class='ocrx_word' id='word_1_346' title='bbox 1848 4209 1901 4265; x_wconf 92' lang='lat' dir='ltr'><strong>in</strong></span> 
     </span>
    </p>
   </div>
   <div class='ocr_carea' id='block_1_43' title="bbox 310 4273 1903 4363">
    <p class='ocr_par' dir='ltr' id='par_1_43' title="bbox 310 4273 1903 4363">
     <span class='ocr_line' id='line_1_43' title="bbox 310 4273 1903 4363; baseline 0.019 -38"><span class='ocrx_word' id='word_1_347' title='bbox 310 4273 555 4329; x_wconf 85' lang='lat' dir='ltr'><strong>ordinem</strong></span> <span class='ocrx_word' id='word_1_348' title='bbox 602 4278 755 4332; x_wconf 91' lang='lat' dir='ltr'><strong>relati</strong></span> <span class='ocrx_word' id='word_1_349' title='bbox 781 4321 796 4345; x_wconf 89' lang='lat'><strong>,</strong></span> <span class='ocrx_word' id='word_1_350' title='bbox 827 4289 883 4337; x_wconf 91' lang='lat' dir='ltr'><strong>et</strong></span> <span class='ocrx_word' id='word_1_351' title='bbox 917 4282 1009 4353; x_wconf 89' lang='lat' dir='ltr'><strong>qui</strong></span> <span class='ocrx_word' id='word_1_352' title='bbox 1047 4294 1172 4340; x_wconf 90' lang='lat' dir='ltr'><strong>sunt</strong></span> <span class='ocrx_word' id='word_1_353' title='bbox 1204 4290 1365 4345; x_wconf 84' lang='lat' dir='ltr'><strong>servi.</strong></span> <span class='ocrx_word' id='word_1_354' title='bbox 1396 4273 1601 4363; x_wconf 80' lang='lat' dir='ltr'><strong>Pauper</strong></span> <span class='ocrx_word' id='word_1_355' title='bbox 1626 4306 1803 4355; x_wconf 91' lang='lat' dir='ltr'><strong>autem</strong></span> <span class='ocrx_word' id='word_1_356' title='bbox 1834 4316 1903 4356; x_wconf 88' lang='lat' dir='ltr'><strong>ne</strong></span> 
     </span>
    </p>
   </div>
   <div class='ocr_carea' id='block_1_44' title="bbox 310 4365 1902 4448">
    <p class='ocr_par' dir='ltr' id='par_1_44' title="bbox 310 4365 1902 4448">
     <span class='ocr_line' id='line_1_44' title="bbox 310 4365 1902 4448; baseline 0.018 -31"><span class='ocrx_word' id='word_1_357' title='bbox 310 4365 425 4433; x_wconf 87' lang='lat' dir='ltr'><strong>ipso</strong></span> <span class='ocrx_word' id='word_1_358' title='bbox 449 4367 663 4435; x_wconf 82' lang='lat' dir='ltr'><strong>quidem</strong></span> <span class='ocrx_word' id='word_1_359' title='bbox 687 4379 808 4440; x_wconf 85' lang='lat' dir='ltr'><strong>eget</strong></span> <span class='ocrx_word' id='word_1_360' title='bbox 832 4386 984 4441; x_wconf 79' lang='lat' dir='ltr'><strong>rege;</strong></span> <span class='ocrx_word' id='word_1_361' title='bbox 1027 4384 1081 4428; x_wconf 91' lang='lat' dir='ltr'><strong>et</strong></span> <span class='ocrx_word' id='word_1_362' title='bbox 1106 4376 1150 4431; x_wconf 89' lang='lat' dir='ltr'><strong>si</strong></span> <span class='ocrx_word' id='word_1_363' title='bbox 1176 4388 1358 4447; x_wconf 80' lang='lat' dir='ltr'><strong>egeat,</strong></span> <span class='ocrx_word' id='word_1_364' title='bbox 1385 4382 1712 4448; x_wconf 83' lang='lat' dir='ltr'><strong>admirabilis</strong></span> <span class='ocrx_word' id='word_1_365' title='bbox 1739 4388 1902 4445; x_wconf 85' lang='lat' dir='ltr'><strong>habe-</strong></span> 
     </span>
    </p>
   </div>
   <div class='ocr_carea' id='block_1_45' title="bbox 309 4457 1893 4537">
    <p class='ocr_par' dir='ltr' id='par_1_45' title="bbox 309 4457 1893 4537">
     <span class='ocr_line' id='line_1_45' title="bbox 309 4457 1893 4537; baseline 0.02 -31"><span class='ocrx_word' id='word_1_366' title='bbox 309 4465 392 4507; x_wconf 91' lang='lat' dir='ltr'><strong>tur</strong></span> <span class='ocrx_word' id='word_1_367' title='bbox 421 4457 565 4525; x_wconf 86' lang='lat' dir='ltr'><strong>quod</strong></span> <span class='ocrx_word' id='word_1_368' title='bbox 588 4473 646 4513; x_wconf 91' lang='lat' dir='ltr'><strong>se</strong></span> <span class='ocrx_word' id='word_1_369' title='bbox 672 4473 739 4514; x_wconf 90' lang='lat' dir='ltr'><strong>eo</strong></span> <span class='ocrx_word' id='word_1_370' title='bbox 764 4461 1058 4533; x_wconf 82' lang='lat' dir='ltr'><strong>redegerit,</strong></span> <span class='ocrx_word' id='word_1_371' title='bbox 1084 4481 1205 4521; x_wconf 90' lang='lat' dir='ltr'><strong>cum</strong></span> <span class='ocrx_word' id='word_1_372' title='bbox 1231 4469 1280 4522; x_wconf 93' lang='lat' dir='ltr'><strong>ei</strong></span> <span class='ocrx_word' id='word_1_373' title='bbox 1306 4470 1462 4527; x_wconf 87' lang='lat' dir='ltr'><strong>liceat</strong></span> <span class='ocrx_word' id='word_1_374' title='bbox 1486 4476 1766 4533; x_wconf 80' lang='lat' dir='ltr'><strong>ditescere.</strong></span> <span class='ocrx_word' id='word_1_375' title='bbox 1796 4480 1893 4537; x_wconf 86' lang='lat' dir='ltr'><strong>Ne-</strong></span> 
     </span>
    </p>
   </div>
   <div class='ocr_carea' id='block_1_46' title="bbox 306 4560 1898 4631">
    <p class='ocr_par' dir='ltr' id='par_1_46' title="bbox 306 4560 1898 4631">
     <span class='ocr_line' id='line_1_46' title="bbox 306 4560 1898 4631; baseline 0.016 -32"><span class='ocrx_word' id='word_1_376' title='bbox 306 4562 395 4601; x_wconf 89' lang='lat' dir='ltr'><strong>mo</strong></span> <span class='ocrx_word' id='word_1_377' title='bbox 422 4560 558 4618; x_wconf 83' lang='lat' dir='ltr'><strong>ergo</strong></span> <span class='ocrx_word' id='word_1_378' title='bbox 581 4561 797 4607; x_wconf 85' lang='lat' dir='ltr'><strong>accuset</strong></span> <span class='ocrx_word' id='word_1_379' title='bbox 826 4566 1191 4626; x_wconf 88' lang='lat' dir='ltr'><strong>paupertatem</strong></span> <span class='ocrx_word' id='word_1_380' title='bbox 1222 4568 1279 4614; x_wconf 91' lang='lat' dir='ltr'><strong>ut</strong></span> <span class='ocrx_word' id='word_1_381' title='bbox 1303 4577 1421 4631; x_wconf 65' lang='lat' dir='ltr'><strong>quae</strong></span> <span class='ocrx_word' id='word_1_382' title='bbox 1444 4579 1602 4621; x_wconf 87' lang='lat' dir='ltr'><strong>causa</strong></span> <span class='ocrx_word' id='word_1_383' title='bbox 1631 4569 1702 4622; x_wconf 91' lang='lat' dir='ltr'><strong>sit</strong></span> <span class='ocrx_word' id='word_1_384' title='bbox 1730 4571 1898 4625; x_wconf 84' lang='lat' dir='ltr'><strong>malo-</strong></span> 
     </span>
    </p>
   </div>
   <div class='ocr_carea' id='block_1_47' title="bbox 303 4641 1898 4733">
    <p class='ocr_par' dir='ltr' id='par_1_47' title="bbox 303 4641 1898 4733">
     <span class='ocr_line' id='line_1_47' title="bbox 303 4641 1898 4733; baseline 0.017 -41"><span class='ocrx_word' id='word_1_385' title='bbox 303 4654 423 4694; x_wconf 91' lang='lat' dir='ltr'><strong>rum</strong></span> <span class='ocrx_word' id='word_1_386' title='bbox 453 4641 927 4733; x_wconf 82' lang='lat' dir='ltr'><strong>innumerabilium</strong></span> <span class='ocrx_word' id='word_1_387' title='bbox 947 4688 962 4713; x_wconf 93' lang='lat'><strong>,</strong></span> <span class='ocrx_word' id='word_1_388' title='bbox 992 4664 1166 4720; x_wconf 90' lang='lat' dir='ltr'><strong>neque</strong></span> <span class='ocrx_word' id='word_1_389' title='bbox 1192 4656 1521 4712; x_wconf 87' lang='lat' dir='ltr'><strong>contradicat</strong></span> <span class='ocrx_word' id='word_1_390' title='bbox 1546 4660 1781 4730; x_wconf 88' lang='lat' dir='ltr'><strong>Christo,</strong></span> <span class='ocrx_word' id='word_1_391' title='bbox 1810 4665 1898 4733; x_wconf 93' lang='lat' dir='ltr'><strong>qui</strong></span> 
     </span>
    </p>
   </div>
   <div class='ocr_carea' id='block_1_48' title="bbox 302 4729 1899 4813">
    <p class='ocr_par' dir='ltr' id='par_1_48' title="bbox 302 4729 1899 4813">
     <span class='ocr_line' id='line_1_48' title="bbox 302 4729 1899 4813; baseline 0.018 -32"><span class='ocrx_word' id='word_1_392' title='bbox 302 4743 423 4782; x_wconf 85' lang='lat' dir='ltr'><strong>eam</strong></span> <span class='ocrx_word' id='word_1_393' title='bbox 466 4729 598 4786; x_wconf 84' lang='lat' dir='ltr'><strong>dicit</strong></span> <span class='ocrx_word' id='word_1_394' title='bbox 630 4734 845 4790; x_wconf 86' lang='lat' dir='ltr'><strong>virtutis</strong></span> <span class='ocrx_word' id='word_1_395' title='bbox 884 4752 1006 4792; x_wconf 91' lang='lat' dir='ltr'><strong>esse</strong></span> <span class='ocrx_word' id='word_1_396' title='bbox 1048 4739 1429 4809; x_wconf 83' lang='lat' dir='ltr'><strong>perfectionem</strong></span> <span class='ocrx_word' id='word_1_397' title='bbox 1450 4788 1465 4813; x_wconf 94' lang='lat'><strong>,</strong></span> <span class='ocrx_word' id='word_1_398' title='bbox 1493 4748 1712 4806; x_wconf 87' lang='lat' dir='ltr'><strong>dicens:</strong></span> <span class='ocrx_word' id='word_1_399' title='bbox 1746 4729 1806 4808; x_wconf 79' lang='lat' dir='ltr'><strong>Si</strong></span> <span class='ocrx_word' id='word_1_400' title='bbox 1827 4729 1899 4809; x_wconf 62' lang='lat' dir='ltr'><strong>bis</strong></span> 
     </span>
    </p>
   </div>
   <div class='ocr_carea' id='block_1_49' title="bbox 302 4822 1899 4907">
    <p class='ocr_par' dir='ltr' id='par_1_49' title="bbox 302 4822 1899 4907">
     <span class='ocr_line' id='line_1_49' title="bbox 302 4822 1899 4907; baseline 0.018 -36"><span class='ocrx_word' id='word_1_401' title='bbox 302 4822 555 4890; x_wconf 77' lang='lat' dir='ltr'><strong>perfectus</strong></span> <span class='ocrx_word' id='word_1_402' title='bbox 598 4839 727 4878; x_wconf 80' lang='lat' dir='ltr'><strong>esse.</strong></span> <span class='ocrx_word' id='word_1_403' title='bbox 782 4824 897 4882; x_wconf 91' lang='lat' dir='ltr'><strong>lloc</strong></span> <span class='ocrx_word' id='word_1_404' title='bbox 938 4829 1079 4883; x_wconf 88' lang='lat' dir='ltr'><strong>enim</strong></span> <span class='ocrx_word' id='word_1_405' title='bbox 1124 4842 1177 4885; x_wconf 90' lang='lat' dir='ltr'><strong>et</strong></span> <span class='ocrx_word' id='word_1_406' title='bbox 1214 4834 1395 4891; x_wconf 84' lang='lat' dir='ltr'><strong>verbis</strong></span> <span class='ocrx_word' id='word_1_407' title='bbox 1430 4837 1600 4907; x_wconf 76' lang='lat' dir='ltr'><strong>dixit,</strong></span> <span class='ocrx_word' id='word_1_408' title='bbox 1648 4852 1702 4897; x_wconf 91' lang='lat' dir='ltr'><strong>et</strong></span> <span class='ocrx_word' id='word_1_409' title='bbox 1745 4843 1899 4902; x_wconf 83' lang='lat' dir='ltr'><strong>factis</strong></span> 
     </span>
    </p>
   </div>
   <div class='ocr_carea' id='block_1_50' title="bbox 250 4913 1897 5009">
    <p class='ocr_par' dir='ltr' id='par_1_50' title="bbox 250 4913 1897 5009">
     <span class='ocr_line' id='line_1_50' title="bbox 250 4913 1897 5009; baseline 0.018 -45"><span class='ocrx_word' id='word_1_410' title='bbox 250 4920 259 4929; x_wconf 96' lang='lat'>&#39;</span> <span class='ocrx_word' id='word_1_411' title='bbox 299 4913 575 4981; x_wconf 88' lang='lat' dir='ltr'><strong>ostendit,</strong></span> <span class='ocrx_word' id='word_1_412' title='bbox 607 4925 662 4971; x_wconf 92' lang='lat' dir='ltr'><strong>et</strong></span> <span class='ocrx_word' id='word_1_413' title='bbox 690 4916 877 4973; x_wconf 88' lang='lat' dir='ltr'><strong>docuit</strong></span> <span class='ocrx_word' id='word_1_414' title='bbox 904 4934 1000 4989; x_wconf 84' lang='lat' dir='ltr'><strong>per</strong></span> <span class='ocrx_word' id='word_1_415' title='bbox 1026 4922 1339 4995; x_wconf 87' lang='lat' dir='ltr'><strong>discipulos.</strong></span> <span class='ocrx_word' id='word_1_416' title='bbox 1369 4929 1742 5000; x_wconf 79' lang='lat' dir='ltr'><strong>Paupertatem</strong></span> <span class='ocrx_word' id='word_1_417' title='bbox 1769 4954 1897 5009; x_wconf 86' lang='lat' dir='ltr'><strong>ergo</strong></span> 
     </span>
    </p>
   </div>
   <div class='ocr_carea' id='block_1_51' title="bbox 297 5010 1897 5088">
    <p class='ocr_par' dir='ltr' id='par_1_51' title="bbox 297 5010 1897 5088">
     <span class='ocr_line' id='line_1_51' title="bbox 297 5010 1897 5088; baseline 0.018 -31"><span class='ocrx_word' id='word_1_418' title='bbox 297 5013 681 5062; x_wconf 89' lang='lat' dir='ltr'><strong>consectemur</strong></span> <span class='ocrx_word' id='word_1_419' title='bbox 705 5025 719 5062; x_wconf 92' lang='lat'>:</span> <span class='ocrx_word' id='word_1_420' title='bbox 748 5023 813 5065; x_wconf 90' lang='lat' dir='ltr'><strong>ea</strong></span> <span class='ocrx_word' id='word_1_421' title='bbox 842 5010 986 5065; x_wconf 90' lang='lat' dir='ltr'><strong>enim</strong></span> <span class='ocrx_word' id='word_1_422' title='bbox 1015 5022 1107 5068; x_wconf 90' lang='lat' dir='ltr'><strong>est</strong></span> <span class='ocrx_word' id='word_1_423' title='bbox 1125 5031 1373 5088; x_wconf 82' lang='lat' dir='ltr'><strong>magnum</strong></span> <span class='ocrx_word' id='word_1_424' title='bbox 1402 5020 1596 5078; x_wconf 88' lang='lat' dir='ltr'><strong>bomnn</strong></span> <span class='ocrx_word' id='word_1_425' title='bbox 1624 5026 1817 5082; x_wconf 88' lang='lat' dir='ltr'><strong>sobriis</strong></span> <span class='ocrx_word' id='word_1_426' title='bbox 1841 5038 1897 5085; x_wconf 93' lang='lat' dir='ltr'><strong>et</strong></span> 
     </span>
    </p>
   </div>
   <div class='ocr_carea' id='block_1_52' title="bbox 296 5097 1892 5193">
    <p class='ocr_par' dir='ltr' id='par_1_52' title="bbox 296 5097 1892 5193">
     <span class='ocr_line' id='line_1_52' title="bbox 296 5097 1892 5193; baseline 0.015 -40"><span class='ocrx_word' id='word_1_427' title='bbox 296 5097 367 5153; x_wconf 82' lang='lat' dir='ltr'><strong>iis</strong></span> <span class='ocrx_word' id='word_1_428' title='bbox 405 5097 498 5168; x_wconf 87' lang='lat' dir='ltr'><strong>qui</strong></span> <span class='ocrx_word' id='word_1_429' title='bbox 541 5101 777 5170; x_wconf 89' lang='lat' dir='ltr'><strong>sapiunt.</strong></span> <span class='ocrx_word' id='word_1_430' title='bbox 825 5100 1077 5161; x_wconf 85' lang='lat' dir='ltr'><strong>Fortasse</strong></span> <span class='ocrx_word' id='word_1_431' title='bbox 1119 5108 1280 5180; x_wconf 90' lang='lat' dir='ltr'><strong>aliqui</strong></span> <span class='ocrx_word' id='word_1_432' title='bbox 1310 5126 1380 5166; x_wconf 81' lang='lat' dir='ltr'><strong>ex</strong></span> <span class='ocrx_word' id='word_1_433' title='bbox 1415 5113 1480 5168; x_wconf 88' lang='lat' dir='ltr'><strong>iis</strong></span> <span class='ocrx_word' id='word_1_434' title='bbox 1516 5117 1604 5186; x_wconf 91' lang='lat' dir='ltr'><strong>qui</strong></span> <span class='ocrx_word' id='word_1_435' title='bbox 1633 5119 1892 5193; x_wconf 87' lang='lat' dir='ltr'><strong>audiunt,</strong></span> 
     </span>
    </p>
   </div>
   <div class='ocr_carea' id='block_1_53' title="bbox 299 5205 1903 5282">
    <p class='ocr_par' dir='ltr' id='par_1_53' title="bbox 299 5205 1903 5282">
     <span class='ocr_line' id='line_1_53' title="bbox 299 5205 1903 5282; baseline 0.015 -26"><span class='ocrx_word' id='word_1_436' title='bbox 299 5205 632 5263; x_wconf 86' lang='lat' dir='ltr'><strong>ominantur.</strong></span> <span class='ocrx_word' id='word_1_437' title='bbox 691 5207 879 5265; x_wconf 78' lang='lat' dir='ltr'><strong>Facile</strong></span> <span class='ocrx_word' id='word_1_438' title='bbox 928 5208 1385 5282; x_wconf 79' lang='lat' dir='ltr'><strong>credozmagnus</strong></span> <span class='ocrx_word' id='word_1_439' title='bbox 1424 5227 1506 5271; x_wconf 88' lang='lat' dir='ltr'><strong>est</strong></span> <span class='ocrx_word' id='word_1_440' title='bbox 1554 5218 1640 5274; x_wconf 91' lang='lat' dir='ltr'><strong>hic</strong></span> <span class='ocrx_word' id='word_1_441' title='bbox 1688 5223 1903 5281; x_wconf 86' lang='lat' dir='ltr'><strong>morbus</strong></span> 
     </span>
    </p>
   </div>
   <div class='ocr_carea' id='block_1_54' title="bbox 297 5294 1899 5382">
    <p class='ocr_par' dir='ltr' id='par_1_54' title="bbox 297 5294 1899 5382">
     <span class='ocr_line' id='line_1_54' title="bbox 297 5294 1899 5382; baseline 0.014 -33"><span class='ocrx_word' id='word_1_442' title='bbox 297 5294 444 5364; x_wconf 83' lang='lat' dir='ltr'><strong>apud</strong></span> <span class='ocrx_word' id='word_1_443' title='bbox 482 5297 749 5370; x_wconf 87' lang='lat' dir='ltr'><strong>plurimos</strong></span> <span class='ocrx_word' id='word_1_444' title='bbox 781 5298 1032 5357; x_wconf 80' lang='lat' dir='ltr'><strong>homines</strong></span> <span class='ocrx_word' id='word_1_445' title='bbox 1052 5341 1068 5369; x_wconf 86' lang='lat'><strong>,</strong></span> <span class='ocrx_word' id='word_1_446' title='bbox 1094 5311 1150 5359; x_wconf 92' lang='lat' dir='ltr'><strong>et</strong></span> <span class='ocrx_word' id='word_1_447' title='bbox 1188 5314 1330 5361; x_wconf 89' lang='lat' dir='ltr'><strong>tanta</strong></span> <span class='ocrx_word' id='word_1_448' title='bbox 1360 5316 1442 5363; x_wconf 91' lang='lat' dir='ltr'><strong>est</strong></span> <span class='ocrx_word' id='word_1_449' title='bbox 1471 5312 1708 5379; x_wconf 79' lang='lat' dir='ltr'><strong>tyrannis</strong></span> <span class='ocrx_word' id='word_1_450' title='bbox 1737 5329 1899 5382; x_wconf 89' lang='lat' dir='ltr'><strong>pecn-</strong></span> 
     </span>
    </p>
   </div>
   <div class='ocr_carea' id='block_1_55' title="bbox 1120 418 2780 498">
    <p class='ocr_par' dir='ltr' id='par_1_55' title="bbox 1120 418 2780 498">
     <span class='ocr_line' id='line_1_55' title="bbox 1120 418 2780 498; baseline 0.007 -20"><span class='ocrx_word' id='word_1_451' title='bbox 1120 422 1185 480; x_wconf 81' lang='lat' dir='ltr'><strong>IN</strong></span> <span class='ocrx_word' id='word_1_452' title='bbox 1228 427 1438 485; x_wconf 83' lang='lat' dir='ltr'><strong>EPIST.</strong></span> <span class='ocrx_word' id='word_1_453' title='bbox 1483 430 1572 485; x_wconf 69' lang='lat' dir='ltr'><strong>an</strong></span> <span class='ocrx_word' id='word_1_454' title='bbox 1612 430 1972 487; x_wconf 59' lang='lat' dir='ltr'><strong>nummos.</strong></span> <span class='ocrx_word' id='word_1_455' title='bbox 2015 431 2166 489; x_wconf 64' lang='lat' dir='ltr'><strong>car.</strong></span> <span class='ocrx_word' id='word_1_456' title='bbox 2209 431 2276 487; x_wconf 71' lang='grc' dir='ltr'><strong>χ.</strong></span> <span class='ocrx_word' id='word_1_457' title='bbox 2322 418 2567 491; x_wconf 60' lang='grc' dir='ltr'><strong>ιιολιιιξ</strong></span> <span class='ocrx_word' id='word_1_458' title='bbox 2597 434 2780 498; x_wconf 79' lang='lat' dir='ltr'><strong>xvtn.</strong></span> 
     </span>
    </p>
   </div>
   <div class='ocr_carea' id='block_1_56' title="bbox 3510 427 3608 483">
    <p class='ocr_par' dir='ltr' id='par_1_56' title="bbox 3510 427 3608 483">
     <span class='ocr_line' id='line_1_56' title="bbox 3510 427 3608 483; baseline 0.031 -3"><span class='ocrx_word' id='word_1_459' title='bbox 3510 427 3608 483; x_wconf 75' lang='grc'><strong>153</strong></span> 
     </span>
    </p>
   </div>
   <div class='ocr_carea' id='block_1_57' title="bbox 2029 531 3615 601">
    <p class='ocr_par' dir='ltr' id='par_1_57' title="bbox 2029 531 3615 601">
     <span class='ocr_line' id='line_1_57' title="bbox 2029 531 3615 601; baseline -0.001 -15"><span class='ocrx_word' id='word_1_460' title='bbox 2029 531 2132 587; x_wconf 71' lang='lat' dir='ltr'><strong>nia:</strong></span> <span class='ocrx_word' id='word_1_461' title='bbox 2154 573 2169 597; x_wconf 92' lang='lat'><strong>,</strong></span> <span class='ocrx_word' id='word_1_462' title='bbox 2203 544 2259 586; x_wconf 91' lang='lat' dir='ltr'><strong>ut</strong></span> <span class='ocrx_word' id='word_1_463' title='bbox 2298 548 2394 588; x_wconf 87' lang='lat' dir='ltr'><strong>nec</strong></span> <span class='ocrx_word' id='word_1_464' title='bbox 2433 533 2607 588; x_wconf 84' lang='lat' dir='ltr'><strong>verbis</strong></span> <span class='ocrx_word' id='word_1_465' title='bbox 2648 542 2799 587; x_wconf 86' lang='lat' dir='ltr'><strong>tenus</strong></span> <span class='ocrx_word' id='word_1_466' title='bbox 2826 533 2942 601; x_wconf 85' lang='lat' dir='ltr'><strong>ejus</strong></span> <span class='ocrx_word' id='word_1_467' title='bbox 2975 535 3146 586; x_wconf 81' lang='lat' dir='ltr'><strong>ferant</strong></span> <span class='ocrx_word' id='word_1_468' title='bbox 3184 534 3572 586; x_wconf 81' lang='lat' dir='ltr'><strong>recusationem</strong></span> <span class='ocrx_word' id='word_1_469' title='bbox 3599 575 3615 599; x_wconf 88' lang='lat'><strong>,</strong></span> 
     </span>
    </p>
   </div>
   <div class='ocr_carea' id='block_1_58' title="bbox 2026 621 3616 677">
    <p class='ocr_par' dir='ltr' id='par_1_58' title="bbox 2026 621 3616 677">
     <span class='ocr_line' id='line_1_58' title="bbox 2026 621 3616 677; baseline -0.001 -1"><span class='ocrx_word' id='word_1_470' title='bbox 2026 622 2124 677; x_wconf 76' lang='lat' dir='ltr'><strong>sed</strong></span> <span class='ocrx_word' id='word_1_471' title='bbox 2153 623 2287 677; x_wconf 85' lang='lat' dir='ltr'><strong>hanc</strong></span> <span class='ocrx_word' id='word_1_472' title='bbox 2309 623 2470 677; x_wconf 85' lang='lat' dir='ltr'><strong>etiam</strong></span> <span class='ocrx_word' id='word_1_473' title='bbox 2499 622 2773 677; x_wconf 89' lang='lat' dir='ltr'><strong>horreant.</strong></span> <span class='ocrx_word' id='word_1_474' title='bbox 2802 621 2991 676; x_wconf 88' lang='lat' dir='ltr'><strong>Procul</strong></span> <span class='ocrx_word' id='word_1_475' title='bbox 3015 621 3127 676; x_wconf 58' lang='lat' dir='ltr'><strong>hanc</strong></span> <span class='ocrx_word' id='word_1_476' title='bbox 3146 621 3253 675; x_wconf 90' lang='lat' dir='ltr'><strong>sint</strong></span> <span class='ocrx_word' id='word_1_477' title='bbox 3273 636 3301 675; x_wconf 91' lang='lat' dir='ltr'><strong>a</strong></span> <span class='ocrx_word' id='word_1_478' title='bbox 3325 621 3616 675; x_wconf 77' lang='lat' dir='ltr'><strong>Christiani</strong></span> 
     </span>
    </p>
   </div>
   <div class='ocr_carea' id='block_1_59' title="bbox 2026 712 3616 783">
    <p class='ocr_par' dir='ltr' id='par_1_59' title="bbox 2026 712 3616 783">
     <span class='ocr_line' id='line_1_59' title="bbox 2026 712 3616 783; baseline 0.001 -17"><span class='ocrx_word' id='word_1_479' title='bbox 2026 712 2204 767; x_wconf 84' lang='lat' dir='ltr'><strong>anima</strong></span> <span class='ocrx_word' id='word_1_480' title='bbox 2234 731 2248 768; x_wconf 90' lang='lat'><strong>:</strong></span> <span class='ocrx_word' id='word_1_481' title='bbox 2276 712 2408 768; x_wconf 91' lang='lat' dir='ltr'><strong>nihil</strong></span> <span class='ocrx_word' id='word_1_482' title='bbox 2440 714 2582 768; x_wconf 90' lang='lat' dir='ltr'><strong>enim</strong></span> <span class='ocrx_word' id='word_1_483' title='bbox 2610 723 2693 769; x_wconf 90' lang='lat' dir='ltr'><strong>est</strong></span> <span class='ocrx_word' id='word_1_484' title='bbox 2722 713 2884 768; x_wconf 89' lang='lat' dir='ltr'><strong>ditius</strong></span> <span class='ocrx_word' id='word_1_485' title='bbox 2915 728 2980 767; x_wconf 89' lang='lat' dir='ltr'><strong>eo</strong></span> <span class='ocrx_word' id='word_1_486' title='bbox 3004 714 3095 783; x_wconf 65' lang='lat' dir='ltr'><strong>qui</strong></span> <span class='ocrx_word' id='word_1_487' title='bbox 3128 723 3491 783; x_wconf 79' lang='lat' dir='ltr'><strong>paupertatem</strong></span> <span class='ocrx_word' id='word_1_488' title='bbox 3519 729 3616 768; x_wconf 81' lang='lat' dir='ltr'><strong>sua</strong></span> 
     </span>
    </p>
   </div>
   <div class='ocr_carea' id='block_1_60' title="bbox 2024 804 3610 875">
    <p class='ocr_par' dir='ltr' id='par_1_60' title="bbox 2024 804 3610 875">
     <span class='ocr_line' id='line_1_60' title="bbox 2024 804 3610 875; baseline -0.003 -14"><span class='ocrx_word' id='word_1_489' title='bbox 2024 813 2214 873; x_wconf 84' lang='lat' dir='ltr'><strong>sponte</strong></span> <span class='ocrx_word' id='word_1_490' title='bbox 2229 805 2446 875; x_wconf 80' lang='lat' dir='ltr'><strong>eligitet</strong></span> <span class='ocrx_word' id='word_1_491' title='bbox 2461 819 2582 860; x_wconf 89' lang='lat' dir='ltr'><strong>eum</strong></span> <span class='ocrx_word' id='word_1_492' title='bbox 2606 819 2794 875; x_wconf 81' lang='lat' dir='ltr'><strong>magna</strong></span> <span class='ocrx_word' id='word_1_493' title='bbox 2816 804 2980 860; x_wconf 89' lang='lat' dir='ltr'><strong>animi</strong></span> <span class='ocrx_word' id='word_1_494' title='bbox 3000 805 3291 859; x_wconf 84' lang='lat' dir='ltr'><strong>alacritate.</strong></span> <span class='ocrx_word' id='word_1_495' title='bbox 3314 804 3610 873; x_wconf 87' lang='lat' dir='ltr'><strong>Quomodo,</strong></span> 
     </span>
    </p>
   </div>
   <div class='ocr_carea' id='block_1_61' title="bbox 2024 894 3614 969">
    <p class='ocr_par' dir='ltr' id='par_1_61' title="bbox 2024 894 3614 969">
     <span class='ocr_line' id='line_1_61' title="bbox 2024 894 3614 969; baseline 0.001 -19"><span class='ocrx_word' id='word_1_496' title='bbox 2024 894 2196 950; x_wconf 87' lang='lat' dir='ltr'><strong>dicam</strong></span> <span class='ocrx_word' id='word_1_497' title='bbox 2225 913 2239 949; x_wconf 88' lang='lat'><strong>:</strong></span> <span class='ocrx_word' id='word_1_498' title='bbox 2271 905 2326 951; x_wconf 90' lang='lat' dir='ltr'><strong>et</strong></span> <span class='ocrx_word' id='word_1_499' title='bbox 2348 938 2364 963; x_wconf 97' lang='lat'><strong>,</strong></span> <span class='ocrx_word' id='word_1_500' title='bbox 2391 896 2439 951; x_wconf 85' lang='lat' dir='ltr'><strong>si</strong></span> <span class='ocrx_word' id='word_1_501' title='bbox 2462 896 2619 952; x_wconf 90' lang='lat' dir='ltr'><strong>vultis</strong></span> <span class='ocrx_word' id='word_1_502' title='bbox 2638 937 2654 964; x_wconf 94' lang='lat'><strong>,</strong></span> <span class='ocrx_word' id='word_1_503' title='bbox 2684 912 2807 951; x_wconf 90' lang='lat' dir='ltr'><strong>cum</strong></span> <span class='ocrx_word' id='word_1_504' title='bbox 2837 897 2928 967; x_wconf 89' lang='lat' dir='ltr'><strong>qui</strong></span> <span class='ocrx_word' id='word_1_505' title='bbox 2969 912 3063 953; x_wconf 90' lang='lat' dir='ltr'><strong>sua</strong></span> <span class='ocrx_word' id='word_1_506' title='bbox 3102 908 3292 968; x_wconf 88' lang='lat' dir='ltr'><strong>sponte</strong></span> <span class='ocrx_word' id='word_1_507' title='bbox 3327 909 3614 969; x_wconf 86' lang='lat' dir='ltr'><strong>pauperta-</strong></span> 
     </span>
    </p>
   </div>
   <div class='ocr_carea' id='block_1_62' title="bbox 2022 988 3615 1061">
    <p class='ocr_par' dir='ltr' id='par_1_62' title="bbox 2022 988 3615 1061">
     <span class='ocr_line' id='line_1_62' title="bbox 2022 988 3615 1061; baseline 0.002 -17"><span class='ocrx_word' id='word_1_508' title='bbox 2022 997 2129 1044; x_wconf 89' lang='lat' dir='ltr'><strong>tem</strong></span> <span class='ocrx_word' id='word_1_509' title='bbox 2156 988 2339 1059; x_wconf 89' lang='lat' dir='ltr'><strong>eligit,</strong></span> <span class='ocrx_word' id='word_1_510' title='bbox 2368 988 2485 1060; x_wconf 91' lang='lat' dir='ltr'><strong>ipso</strong></span> <span class='ocrx_word' id='word_1_511' title='bbox 2510 1005 2639 1061; x_wconf 84' lang='lat' dir='ltr'><strong>rege</strong></span> <span class='ocrx_word' id='word_1_512' title='bbox 2664 988 2913 1045; x_wconf 89' lang='lat' dir='ltr'><strong>ditiorem</strong></span> <span class='ocrx_word' id='word_1_513' title='bbox 2941 1004 3061 1045; x_wconf 90' lang='lat' dir='ltr'><strong>esse</strong></span> <span class='ocrx_word' id='word_1_514' title='bbox 3087 989 3336 1046; x_wconf 91' lang='lat' dir='ltr'><strong>ostendo.</strong></span> <span class='ocrx_word' id='word_1_515' title='bbox 3364 990 3495 1046; x_wconf 85' lang='lat' dir='ltr'><strong>Nam</strong></span> <span class='ocrx_word' id='word_1_516' title='bbox 3527 992 3615 1047; x_wconf 86' lang='lat' dir='ltr'><strong>ille</strong></span> 
     </span>
    </p>
   </div>
   <div class='ocr_carea' id='block_1_63' title="bbox 2023 1080 3616 1152">
    <p class='ocr_par' dir='ltr' id='par_1_63' title="bbox 2023 1080 3616 1152">
     <span class='ocr_line' id='line_1_63' title="bbox 2023 1080 3616 1152; baseline 0.003 -17"><span class='ocrx_word' id='word_1_517' title='bbox 2023 1080 2237 1151; x_wconf 87' lang='lat' dir='ltr'><strong>quidem</strong></span> <span class='ocrx_word' id='word_1_518' title='bbox 2268 1091 2390 1152; x_wconf 89' lang='lat' dir='ltr'><strong>eget</strong></span> <span class='ocrx_word' id='word_1_519' title='bbox 2424 1081 2606 1137; x_wconf 89' lang='lat' dir='ltr'><strong>multis</strong></span> <span class='ocrx_word' id='word_1_520' title='bbox 2628 1123 2644 1149; x_wconf 92' lang='lat'><strong>,</strong></span> <span class='ocrx_word' id='word_1_521' title='bbox 2675 1090 2837 1138; x_wconf 88' lang='lat' dir='ltr'><strong>etest</strong></span> <span class='ocrx_word' id='word_1_522' title='bbox 2872 1081 3136 1138; x_wconf 87' lang='lat' dir='ltr'><strong>sollicitus</strong></span> <span class='ocrx_word' id='word_1_523' title='bbox 3160 1123 3175 1148; x_wconf 91' lang='lat'><strong>,</strong></span> <span class='ocrx_word' id='word_1_524' title='bbox 3202 1098 3265 1138; x_wconf 91' lang='lat' dir='ltr'><strong>ac</strong></span> <span class='ocrx_word' id='word_1_525' title='bbox 3296 1084 3446 1139; x_wconf 89' lang='lat' dir='ltr'><strong>timet</strong></span> <span class='ocrx_word' id='word_1_526' title='bbox 3473 1099 3539 1137; x_wconf 94' lang='lat' dir='ltr'><strong>ne</strong></span> <span class='ocrx_word' id='word_1_527' title='bbox 3565 1085 3616 1139; x_wconf 89' lang='lat' dir='ltr'><strong>ei</strong></span> 
     </span>
    </p>
   </div>
   <div class='ocr_carea' id='block_1_64' title="bbox 2020 1173 3616 1233">
    <p class='ocr_par' dir='ltr' id='par_1_64' title="bbox 2020 1173 3616 1233">
     <span class='ocr_line' id='line_1_64' title="bbox 2020 1173 3616 1233; baseline 0.003 -6"><span class='ocrx_word' id='word_1_528' title='bbox 2020 1173 2235 1229; x_wconf 87' lang='lat' dir='ltr'><strong>deﬁciat</strong></span> <span class='ocrx_word' id='word_1_529' title='bbox 2259 1174 2509 1230; x_wconf 87' lang='lat' dir='ltr'><strong>militaris</strong></span> <span class='ocrx_word' id='word_1_530' title='bbox 2533 1182 2865 1231; x_wconf 89' lang='lat' dir='ltr'><strong>commeatus</strong></span> <span class='ocrx_word' id='word_1_531' title='bbox 2889 1191 2902 1228; x_wconf 91' lang='lat'><strong>:</strong></span> <span class='ocrx_word' id='word_1_532' title='bbox 2928 1173 3018 1232; x_wconf 90' lang='lat' dir='ltr'><strong>hic</strong></span> <span class='ocrx_word' id='word_1_533' title='bbox 3039 1184 3219 1231; x_wconf 90' lang='lat' dir='ltr'><strong>autem</strong></span> <span class='ocrx_word' id='word_1_534' title='bbox 3246 1178 3425 1232; x_wconf 90' lang='lat' dir='ltr'><strong>omnia</strong></span> <span class='ocrx_word' id='word_1_535' title='bbox 3454 1177 3616 1233; x_wconf 89' lang='lat' dir='ltr'><strong>habet</strong></span> 
     </span>
    </p>
   </div>
   <div class='ocr_carea' id='block_1_65' title="bbox 2021 1265 3613 1339">
    <p class='ocr_par' dir='ltr' id='par_1_65' title="bbox 2021 1265 3613 1339">
     <span class='ocr_line' id='line_1_65' title="bbox 2021 1265 3613 1339; baseline 0.004 -19"><span class='ocrx_word' id='word_1_536' title='bbox 2021 1265 2241 1332; x_wconf 81' lang='lat' dir='ltr'><strong>affatim,</strong></span> <span class='ocrx_word' id='word_1_537' title='bbox 2266 1278 2321 1323; x_wconf 90' lang='lat' dir='ltr'><strong>et</strong></span> <span class='ocrx_word' id='word_1_538' title='bbox 2346 1267 2416 1324; x_wconf 92' lang='lat' dir='ltr'><strong>de</strong></span> <span class='ocrx_word' id='word_1_539' title='bbox 2442 1267 2591 1323; x_wconf 92' lang='lat' dir='ltr'><strong>nullo</strong></span> <span class='ocrx_word' id='word_1_540' title='bbox 2617 1270 2787 1337; x_wconf 89' lang='lat' dir='ltr'><strong>timet,</strong></span> <span class='ocrx_word' id='word_1_541' title='bbox 2808 1267 3004 1326; x_wconf 86' lang='lat' dir='ltr'><strong>nedum</strong></span> <span class='ocrx_word' id='word_1_542' title='bbox 3025 1268 3095 1325; x_wconf 90' lang='lat' dir='ltr'><strong>de</strong></span> <span class='ocrx_word' id='word_1_543' title='bbox 3123 1278 3229 1325; x_wconf 86' lang='lat' dir='ltr'><strong>tam</strong></span> <span class='ocrx_word' id='word_1_544' title='bbox 3257 1270 3459 1326; x_wconf 91' lang='lat' dir='ltr'><strong>multis.</strong></span> <span class='ocrx_word' id='word_1_545' title='bbox 3483 1270 3613 1339; x_wconf 85' lang='lat' dir='ltr'><strong>Quis</strong></span> 
     </span>
    </p>
   </div>
   <div class='ocr_carea' id='block_1_66' title="bbox 2021 1358 3610 1432">
    <p class='ocr_par' dir='ltr' id='par_1_66' title="bbox 2021 1358 3610 1432">
     <span class='ocr_line' id='line_1_66' title="bbox 2021 1358 3610 1432; baseline 0.002 -18"><span class='ocrx_word' id='word_1_546' title='bbox 2021 1373 2171 1429; x_wconf 89' lang='lat' dir='ltr'><strong>ergo,</strong></span> <span class='ocrx_word' id='word_1_547' title='bbox 2197 1358 2514 1430; x_wconf 81' lang='lat' dir='ltr'><strong>dic,quteso,</strong></span> <span class='ocrx_word' id='word_1_548' title='bbox 2543 1367 2628 1416; x_wconf 90' lang='lat' dir='ltr'><strong>est</strong></span> <span class='ocrx_word' id='word_1_549' title='bbox 2651 1359 2801 1416; x_wconf 87' lang='lat' dir='ltr'><strong>dives</strong></span> <span class='ocrx_word' id='word_1_550' title='bbox 2819 1400 2835 1427; x_wconf 92' lang='lat'><strong>,</strong></span> <span class='ocrx_word' id='word_1_551' title='bbox 2862 1361 2977 1417; x_wconf 90' lang='lat' dir='ltr'><strong>isne</strong></span> <span class='ocrx_word' id='word_1_552' title='bbox 3005 1360 3096 1431; x_wconf 90' lang='lat' dir='ltr'><strong>qui</strong></span> <span class='ocrx_word' id='word_1_553' title='bbox 3124 1360 3361 1432; x_wconf 90' lang='lat' dir='ltr'><strong>quotidie</strong></span> <span class='ocrx_word' id='word_1_554' title='bbox 3386 1371 3469 1415; x_wconf 89' lang='lat' dir='ltr'><strong>est</strong></span> <span class='ocrx_word' id='word_1_555' title='bbox 3498 1363 3610 1417; x_wconf 87' lang='lat' dir='ltr'><strong>sol-</strong></span> 
     </span>
    </p>
   </div>
   <div class='ocr_carea' id='block_1_67' title="bbox 2021 1450 3609 1524">
    <p class='ocr_par' dir='ltr' id='par_1_67' title="bbox 2021 1450 3609 1524">
     <span class='ocr_line' id='line_1_67' title="bbox 2021 1450 3609 1524; baseline 0.002 -19"><span class='ocrx_word' id='word_1_556' title='bbox 2021 1450 2221 1519; x_wconf 90' lang='lat' dir='ltr'><strong>licitus,</strong></span> <span class='ocrx_word' id='word_1_557' title='bbox 2254 1458 2311 1507; x_wconf 89' lang='lat' dir='ltr'><strong>et</strong></span> <span class='ocrx_word' id='word_1_558' title='bbox 2332 1451 2532 1523; x_wconf 85' lang='lat' dir='ltr'><strong>cogitat</strong></span> <span class='ocrx_word' id='word_1_559' title='bbox 2558 1459 2614 1508; x_wconf 87' lang='lat' dir='ltr'><strong>et</strong></span> <span class='ocrx_word' id='word_1_560' title='bbox 2645 1452 2877 1508; x_wconf 88' lang='lat' dir='ltr'><strong>studium</strong></span> <span class='ocrx_word' id='word_1_561' title='bbox 2909 1453 3060 1523; x_wconf 89' lang='lat' dir='ltr'><strong>ponit</strong></span> <span class='ocrx_word' id='word_1_562' title='bbox 3086 1462 3143 1508; x_wconf 92' lang='lat' dir='ltr'><strong>ut</strong></span> <span class='ocrx_word' id='word_1_563' title='bbox 3169 1452 3337 1508; x_wconf 90' lang='lat' dir='ltr'><strong>multa</strong></span> <span class='ocrx_word' id='word_1_564' title='bbox 3363 1453 3609 1524; x_wconf 83' lang='lat' dir='ltr'><strong>colligat,</strong></span> 
     </span>
    </p>
   </div>
   <div class='ocr_carea' id='block_1_68' title="bbox 2019 1543 3611 1615">
    <p class='ocr_par' dir='ltr' id='par_1_68' title="bbox 2019 1543 3611 1615">
     <span class='ocr_line' id='line_1_68' title="bbox 2019 1543 3611 1615; baseline 0.003 -19"><span class='ocrx_word' id='word_1_565' title='bbox 2019 1558 2083 1597; x_wconf 89' lang='lat' dir='ltr'><strong>ac</strong></span> <span class='ocrx_word' id='word_1_566' title='bbox 2124 1544 2274 1598; x_wconf 92' lang='lat' dir='ltr'><strong>timet</strong></span> <span class='ocrx_word' id='word_1_567' title='bbox 2301 1559 2367 1599; x_wconf 88' lang='lat' dir='ltr'><strong>ne</strong></span> <span class='ocrx_word' id='word_1_568' title='bbox 2393 1543 2683 1615; x_wconf 89' lang='lat' dir='ltr'><strong>aliquando</strong></span> <span class='ocrx_word' id='word_1_569' title='bbox 2707 1544 2958 1602; x_wconf 88' lang='lat' dir='ltr'><strong>deﬁciant</strong></span> <span class='ocrx_word' id='word_1_570' title='bbox 2988 1563 3002 1602; x_wconf 90' lang='lat'><strong>:</strong></span> <span class='ocrx_word' id='word_1_571' title='bbox 3032 1559 3100 1601; x_wconf 88' lang='lat' dir='ltr'><strong>an</strong></span> <span class='ocrx_word' id='word_1_572' title='bbox 3129 1545 3177 1602; x_wconf 89' lang='lat' dir='ltr'><strong>is</strong></span> <span class='ocrx_word' id='word_1_573' title='bbox 3203 1545 3292 1615; x_wconf 92' lang='lat' dir='ltr'><strong>qui</strong></span> <span class='ocrx_word' id='word_1_574' title='bbox 3329 1545 3462 1601; x_wconf 92' lang='lat' dir='ltr'><strong>nihil</strong></span> <span class='ocrx_word' id='word_1_575' title='bbox 3495 1546 3611 1601; x_wconf 85' lang='lat' dir='ltr'><strong>col—</strong></span> 
     </span>
    </p>
   </div>
   <div class='ocr_carea' id='block_1_69' title="bbox 2019 1631 3610 1706">
    <p class='ocr_par' dir='ltr' id='par_1_69' title="bbox 2019 1631 3610 1706">
     <span class='ocr_line' id='line_1_69' title="bbox 2019 1631 3610 1706; baseline 0.004 -20"><span class='ocrx_word' id='word_1_576' title='bbox 2019 1631 2151 1703; x_wconf 80' lang='lat' dir='ltr'><strong>ligit,</strong></span> <span class='ocrx_word' id='word_1_577' title='bbox 2176 1641 2231 1688; x_wconf 92' lang='lat' dir='ltr'><strong>et</strong></span> <span class='ocrx_word' id='word_1_578' title='bbox 2252 1634 2337 1689; x_wconf 93' lang='lat' dir='ltr'><strong>cui</strong></span> <span class='ocrx_word' id='word_1_579' title='bbox 2361 1634 2571 1690; x_wconf 89' lang='lat' dir='ltr'><strong>abunde</strong></span> <span class='ocrx_word' id='word_1_580' title='bbox 2590 1634 2767 1690; x_wconf 91' lang='lat' dir='ltr'><strong>omnia</strong></span> <span class='ocrx_word' id='word_1_581' title='bbox 2790 1642 3103 1705; x_wconf 87' lang='lat' dir='ltr'><strong>suppetunt,</strong></span> <span class='ocrx_word' id='word_1_582' title='bbox 3126 1643 3181 1691; x_wconf 93' lang='lat' dir='ltr'><strong>et</strong></span> <span class='ocrx_word' id='word_1_583' title='bbox 3203 1636 3350 1691; x_wconf 92' lang='lat' dir='ltr'><strong>nullo</strong></span> <span class='ocrx_word' id='word_1_584' title='bbox 3371 1635 3610 1706; x_wconf 83' lang='lat' dir='ltr'><strong>indiget?</strong></span> 
     </span>
    </p>
   </div>
   <div class='ocr_carea' id='block_1_70' title="bbox 2019 1724 3605 1798">
    <p class='ocr_par' dir='ltr' id='par_1_70' title="bbox 2019 1724 3605 1798">
     <span class='ocr_line' id='line_1_70' title="bbox 2019 1724 3605 1798; baseline 0.004 -20"><span class='ocrx_word' id='word_1_585' title='bbox 2019 1724 2185 1781; x_wconf 90' lang='lat' dir='ltr'><strong>virtus</strong></span> <span class='ocrx_word' id='word_1_586' title='bbox 2211 1726 2351 1781; x_wconf 89' lang='lat' dir='ltr'><strong>enim</strong></span> <span class='ocrx_word' id='word_1_587' title='bbox 2378 1735 2433 1781; x_wconf 91' lang='lat' dir='ltr'><strong>et</strong></span> <span class='ocrx_word' id='word_1_588' title='bbox 2459 1725 2555 1782; x_wconf 89' lang='lat' dir='ltr'><strong>Dei</strong></span> <span class='ocrx_word' id='word_1_589' title='bbox 2583 1736 2756 1784; x_wconf 91' lang='lat' dir='ltr'><strong>metus</strong></span> <span class='ocrx_word' id='word_1_590' title='bbox 2782 1728 2873 1782; x_wconf 89' lang='lat' dir='ltr'><strong>dat</strong></span> <span class='ocrx_word' id='word_1_591' title='bbox 2899 1727 3170 1795; x_wconf 90' lang='lat' dir='ltr'><strong>ﬁduciam,</strong></span> <span class='ocrx_word' id='word_1_592' title='bbox 3193 1744 3299 1783; x_wconf 92' lang='lat' dir='ltr'><strong>non</strong></span> <span class='ocrx_word' id='word_1_593' title='bbox 3325 1727 3564 1798; x_wconf 73' lang='lat' dir='ltr'><strong>pecunia:</strong></span> <span class='ocrx_word' id='word_1_594' title='bbox 3589 1747 3605 1784; x_wconf 87' lang='lat'><strong>:</strong></span> 
     </span>
    </p>
   </div>
   <div class='ocr_carea' id='block_1_71' title="bbox 2018 1816 3604 1891">
    <p class='ocr_par' dir='ltr' id='par_1_71' title="bbox 2018 1816 3604 1891">
     <span class='ocr_line' id='line_1_71' title="bbox 2018 1816 3604 1891; baseline 0.003 -20"><span class='ocrx_word' id='word_1_595' title='bbox 2018 1816 2122 1871; x_wconf 83' lang='lat' dir='ltr'><strong>illae</strong></span> <span class='ocrx_word' id='word_1_596' title='bbox 2147 1817 2289 1872; x_wconf 85' lang='lat' dir='ltr'><strong>enim</strong></span> <span class='ocrx_word' id='word_1_597' title='bbox 2317 1818 2477 1873; x_wconf 90' lang='lat' dir='ltr'><strong>etiam</strong></span> <span class='ocrx_word' id='word_1_598' title='bbox 2505 1818 2559 1873; x_wconf 93' lang='lat' dir='ltr'><strong>in</strong></span> <span class='ocrx_word' id='word_1_599' title='bbox 2587 1819 2898 1875; x_wconf 87' lang='lat' dir='ltr'><strong>servitutem</strong></span> <span class='ocrx_word' id='word_1_600' title='bbox 2924 1819 3192 1891; x_wconf 85' lang='lat' dir='ltr'><strong>redigunt.</strong></span> <span class='ocrx_word' id='word_1_601' title='bbox 3224 1819 3406 1875; x_wconf 80' lang='lat' dir='ltr'><strong>Xenia.</strong></span> <span class='ocrx_word' id='word_1_602' title='bbox 3424 1821 3566 1876; x_wconf 92' lang='lat' dir='ltr'><strong>enim</strong></span> <span class='ocrx_word' id='word_1_603' title='bbox 3588 1862 3604 1886; x_wconf 93' lang='lat'><strong>,</strong></span> 
     </span>
    </p>
   </div>
   <div class='ocr_carea' id='block_1_72' title="bbox 2017 1907 3609 1980">
    <p class='ocr_par' dir='ltr' id='par_1_72' title="bbox 2017 1907 3609 1980">
     <span class='ocr_line' id='line_1_72' title="bbox 2017 1907 3609 1980; baseline 0.003 -18"><span class='ocrx_word' id='word_1_604' title='bbox 2017 1907 2229 1979; x_wconf 84' lang='lat' dir='ltr'><strong>inquit,</strong></span> <span class='ocrx_word' id='word_1_605' title='bbox 2272 1918 2320 1964; x_wconf 90' lang='lat' dir='ltr'><strong>et</strong></span> <span class='ocrx_word' id='word_1_606' title='bbox 2358 1910 2495 1964; x_wconf 85' lang='lat' dir='ltr'><strong>dona</strong></span> <span class='ocrx_word' id='word_1_607' title='bbox 2532 1918 2799 1969; x_wconf 41' lang='lat' dir='ltr'><strong>excaecant.</strong></span> <span class='ocrx_word' id='word_1_608' title='bbox 2827 1912 3001 1966; x_wconf 88' lang='lat' dir='ltr'><strong>oculos</strong></span> <span class='ocrx_word' id='word_1_609' title='bbox 3037 1912 3322 1980; x_wconf 80' lang='lat' dir='ltr'><strong>sapientum</strong></span> <span class='ocrx_word' id='word_1_610' title='bbox 3343 1920 3439 1977; x_wconf 16' lang='lat' dir='ltr'><strong>,set</strong></span> <span class='ocrx_word' id='word_1_611' title='bbox 3465 1913 3609 1978; x_wconf 87' lang='lat' dir='ltr'><strong>quasi</strong></span> 
     </span>
    </p>
   </div>
   <div class='ocr_carea' id='block_1_73' title="bbox 2014 1984 3603 2072">
    <p class='ocr_par' dir='ltr' id='par_1_73' title="bbox 2014 1984 3603 2072">
     <span class='ocr_line' id='line_1_73' title="bbox 2014 1984 3603 2072; baseline 0.004 -23"><span class='ocrx_word' id='word_1_612' title='bbox 2014 1999 2214 2067; x_wconf 83' lang='lat' dir='ltr'><strong>{renum</strong></span> <span class='ocrx_word' id='word_1_613' title='bbox 2251 1998 2304 2052; x_wconf 86' lang='lat' dir='ltr'><strong>in</strong></span> <span class='ocrx_word' id='word_1_614' title='bbox 2331 2015 2418 2054; x_wconf 88' lang='lat' dir='ltr'><strong>ore</strong></span> <span class='ocrx_word' id='word_1_615' title='bbox 2439 2039 2455 2066; x_wconf 92' lang='lat'><strong>,</strong></span> <span class='ocrx_word' id='word_1_616' title='bbox 2485 2008 2713 2054; x_wconf 84' lang='lat' dir='ltr'><strong>avertunt</strong></span> <span class='ocrx_word' id='word_1_617' title='bbox 2740 2000 3085 2071; x_wconf 81' lang='lat' dir='ltr'><strong>correptiones</strong></span> <span class='ocrx_word' id='word_1_618' title='bbox 3109 1998 3130 2069; x_wconf 91' lang='lat'><strong>(</strong></span> <span class='ocrx_word' id='word_1_619' title='bbox 3154 1984 3318 2055; x_wconf 75' lang='lat' dir='ltr'><strong>Ereti.</strong></span> <span class='ocrx_word' id='word_1_620' title='bbox 3345 2000 3435 2057; x_wconf 73' lang='lat'><strong>20.</strong></span> <span class='ocrx_word' id='word_1_621' title='bbox 3468 2001 3532 2055; x_wconf 79' lang='grc'><strong>51</strong></span> <span class='ocrx_word' id='word_1_622' title='bbox 3563 2002 3603 2072; x_wconf 86' lang='grc'><strong>).</strong></span> 
     </span>
    </p>
   </div>
   <div class='ocr_carea' id='block_1_74' title="bbox 2014 2087 3605 2161">
    <p class='ocr_par' dir='ltr' id='par_1_74' title="bbox 2014 2087 3605 2161">
     <span class='ocr_line' id='line_1_74' title="bbox 2014 2087 3605 2161; baseline 0.002 -19"><span class='ocrx_word' id='word_1_623' title='bbox 2014 2087 2303 2143; x_wconf 89' lang='lat' dir='ltr'><strong>Considera</strong></span> <span class='ocrx_word' id='word_1_624' title='bbox 2329 2090 2597 2160; x_wconf 89' lang='lat' dir='ltr'><strong>quomodo</strong></span> <span class='ocrx_word' id='word_1_625' title='bbox 2619 2105 2825 2161; x_wconf 89' lang='lat' dir='ltr'><strong>pauper</strong></span> <span class='ocrx_word' id='word_1_626' title='bbox 2843 2091 2933 2146; x_wconf 90' lang='lat' dir='ltr'><strong>ille</strong></span> <span class='ocrx_word' id='word_1_627' title='bbox 2953 2091 3143 2146; x_wconf 88' lang='lat' dir='ltr'><strong>Petrus</strong></span> <span class='ocrx_word' id='word_1_628' title='bbox 3165 2091 3427 2146; x_wconf 80' lang='lat' dir='ltr'><strong>Ananiam</strong></span> <span class='ocrx_word' id='word_1_629' title='bbox 3454 2090 3605 2145; x_wconf 92' lang='lat' dir='ltr'><strong>illum</strong></span> 
     </span>
    </p>
   </div>
   <div class='ocr_carea' id='block_1_75' title="bbox 2013 2178 3607 2251">
    <p class='ocr_par' dir='ltr' id='par_1_75' title="bbox 2013 2178 3607 2251">
     <span class='ocr_line' id='line_1_75' title="bbox 2013 2178 3607 2251; baseline 0.002 -18"><span class='ocrx_word' id='word_1_630' title='bbox 2013 2178 2230 2234; x_wconf 85' lang='lat' dir='ltr'><strong>divitem</strong></span> <span class='ocrx_word' id='word_1_631' title='bbox 2257 2180 2429 2250; x_wconf 90' lang='lat' dir='ltr'><strong>puniit</strong></span> <span class='ocrx_word' id='word_1_632' title='bbox 2448 2197 2461 2233; x_wconf 93' lang='lat'><strong>:</strong></span> <span class='ocrx_word' id='word_1_633' title='bbox 2482 2195 2659 2235; x_wconf 91' lang='lat' dir='ltr'><strong>annon</strong></span> <span class='ocrx_word' id='word_1_634' title='bbox 2684 2180 2775 2235; x_wconf 91' lang='lat' dir='ltr'><strong>hic</strong></span> <span class='ocrx_word' id='word_1_635' title='bbox 2800 2180 3014 2251; x_wconf 89' lang='lat' dir='ltr'><strong>quidem</strong></span> <span class='ocrx_word' id='word_1_636' title='bbox 3039 2190 3157 2235; x_wconf 92' lang='lat' dir='ltr'><strong>erat</strong></span> <span class='ocrx_word' id='word_1_637' title='bbox 3174 2180 3344 2249; x_wconf 89' lang='lat' dir='ltr'><strong>dives,</strong></span> <span class='ocrx_word' id='word_1_638' title='bbox 3369 2180 3458 2236; x_wconf 86' lang='lat' dir='ltr'><strong>ille</strong></span> <span class='ocrx_word' id='word_1_639' title='bbox 3477 2196 3607 2236; x_wconf 87' lang='lat' dir='ltr'><strong>vero</strong></span> 
     </span>
    </p>
   </div>
   <div class='ocr_carea' id='block_1_76' title="bbox 2013 2268 3605 2341">
    <p class='ocr_par' dir='ltr' id='par_1_76' title="bbox 2013 2268 3605 2341">
     <span class='ocr_line' id='line_1_76' title="bbox 2013 2268 3605 2341; baseline 0.003 -20"><span class='ocrx_word' id='word_1_640' title='bbox 2013 2269 2248 2337; x_wconf 87' lang='lat' dir='ltr'><strong>pauper?</strong></span> <span class='ocrx_word' id='word_1_641' title='bbox 2274 2268 2367 2323; x_wconf 87' lang='lat' dir='ltr'><strong>sed</strong></span> <span class='ocrx_word' id='word_1_642' title='bbox 2388 2269 2509 2324; x_wconf 89' lang='lat' dir='ltr'><strong>vide</strong></span> <span class='ocrx_word' id='word_1_643' title='bbox 2535 2270 2682 2324; x_wconf 90' lang='lat' dir='ltr'><strong>illum</strong></span> <span class='ocrx_word' id='word_1_644' title='bbox 2705 2269 2923 2341; x_wconf 88' lang='lat' dir='ltr'><strong>quidem</strong></span> <span class='ocrx_word' id='word_1_645' title='bbox 2943 2270 3249 2341; x_wconf 90' lang='lat' dir='ltr'><strong>loquentem</strong></span> <span class='ocrx_word' id='word_1_646' title='bbox 3271 2286 3393 2326; x_wconf 90' lang='lat' dir='ltr'><strong>cum</strong></span> <span class='ocrx_word' id='word_1_647' title='bbox 3416 2280 3605 2327; x_wconf 88' lang='lat' dir='ltr'><strong>aucto-</strong></span> 
     </span>
    </p>
   </div>
   <div class='ocr_carea' id='block_1_77' title="bbox 2011 2360 3603 2431">
    <p class='ocr_par' dir='ltr' id='par_1_77' title="bbox 2011 2360 3603 2431">
     <span class='ocr_line' id='line_1_77' title="bbox 2011 2360 3603 2431; baseline 0.002 -17"><span class='ocrx_word' id='word_1_648' title='bbox 2011 2360 2188 2425; x_wconf 87' lang='lat' dir='ltr'><strong>ritate,</strong></span> <span class='ocrx_word' id='word_1_649' title='bbox 2216 2369 2272 2416; x_wconf 92' lang='lat' dir='ltr'><strong>et</strong></span> <span class='ocrx_word' id='word_1_650' title='bbox 2293 2360 2561 2417; x_wconf 90' lang='lat' dir='ltr'><strong>dicentem</strong></span> <span class='ocrx_word' id='word_1_651' title='bbox 2591 2378 2604 2415; x_wconf 93' lang='lat'><strong>:</strong></span> <span class='ocrx_word' id='word_1_652' title='bbox 2628 2361 2709 2416; x_wconf 81' lang='lat' dir='ltr'><strong>An</strong></span> <span class='ocrx_word' id='word_1_653' title='bbox 2735 2377 2919 2431; x_wconf 86' lang='lat' dir='ltr'><strong>agrum</strong></span> <span class='ocrx_word' id='word_1_654' title='bbox 2948 2362 3076 2415; x_wconf 88' lang='lat' dir='ltr'><strong>tanti</strong></span> <span class='ocrx_word' id='word_1_655' title='bbox 3102 2361 3433 2417; x_wconf 79' lang='lat' dir='ltr'><strong>vendidistis?</strong></span> <span class='ocrx_word' id='word_1_656' title='bbox 3460 2362 3603 2417; x_wconf 87' lang='lat' dir='ltr'><strong>hunc</strong></span> 
     </span>
    </p>
   </div>
   <div class='ocr_carea' id='block_1_78' title="bbox 2010 2450 3599 2521">
    <p class='ocr_par' dir='ltr' id='par_1_78' title="bbox 2010 2450 3599 2521">
     <span class='ocr_line' id='line_1_78' title="bbox 2010 2450 3599 2521; baseline 0.002 -19"><span class='ocrx_word' id='word_1_657' title='bbox 2010 2465 2137 2505; x_wconf 86' lang='lat' dir='ltr'><strong>vero</strong></span> <span class='ocrx_word' id='word_1_658' title='bbox 2154 2450 2421 2507; x_wconf 89' lang='lat' dir='ltr'><strong>dicentem</strong></span> <span class='ocrx_word' id='word_1_659' title='bbox 2440 2466 2561 2506; x_wconf 92' lang='lat' dir='ltr'><strong>cum</strong></span> <span class='ocrx_word' id='word_1_660' title='bbox 2582 2450 2958 2519; x_wconf 89' lang='lat' dir='ltr'><strong>submissione,</strong></span> <span class='ocrx_word' id='word_1_661' title='bbox 2978 2450 3120 2506; x_wconf 85' lang='lat' dir='ltr'><strong>Certe</strong></span> <span class='ocrx_word' id='word_1_662' title='bbox 3139 2453 3264 2506; x_wconf 90' lang='lat' dir='ltr'><strong>tanti</strong></span> <span class='ocrx_word' id='word_1_663' title='bbox 3286 2451 3421 2521; x_wconf 82' lang='lat' dir='ltr'><strong>(Act.</strong></span> <span class='ocrx_word' id='word_1_664' title='bbox 3444 2452 3498 2508; x_wconf 86' lang='lat'><strong>5.</strong></span> <span class='ocrx_word' id='word_1_665' title='bbox 3516 2452 3599 2521; x_wconf 85' lang='lat'><strong>8).</strong></span> 
     </span>
    </p>
   </div>
   <div class='ocr_carea' id='block_1_79' title="bbox 2008 2541 3604 2612">
    <p class='ocr_par' dir='ltr' id='par_1_79' title="bbox 2008 2541 3604 2612">
     <span class='ocr_line' id='line_1_79' title="bbox 2008 2541 3604 2612; baseline 0.001 -15"><span class='ocrx_word' id='word_1_666' title='bbox 2008 2542 2075 2597; x_wconf 87' lang='lat' dir='ltr'><strong>Et</strong></span> <span class='ocrx_word' id='word_1_667' title='bbox 2099 2542 2236 2612; x_wconf 89' lang='lat' dir='ltr'><strong>quis,</strong></span> <span class='ocrx_word' id='word_1_668' title='bbox 2263 2543 2464 2612; x_wconf 90' lang='lat' dir='ltr'><strong>inquit,</strong></span> <span class='ocrx_word' id='word_1_669' title='bbox 2492 2541 2622 2596; x_wconf 89' lang='lat' dir='ltr'><strong>mihi</strong></span> <span class='ocrx_word' id='word_1_670' title='bbox 2647 2541 2796 2597; x_wconf 89' lang='lat' dir='ltr'><strong>dabit</strong></span> <span class='ocrx_word' id='word_1_671' title='bbox 2822 2552 2880 2597; x_wconf 89' lang='lat' dir='ltr'><strong>ut</strong></span> <span class='ocrx_word' id='word_1_672' title='bbox 2907 2542 3009 2596; x_wconf 88' lang='lat' dir='ltr'><strong>sim</strong></span> <span class='ocrx_word' id='word_1_673' title='bbox 3035 2543 3173 2597; x_wconf 89' lang='lat' dir='ltr'><strong>sicut</strong></span> <span class='ocrx_word' id='word_1_674' title='bbox 3198 2541 3426 2598; x_wconf 83' lang='lat' dir='ltr'><strong>Petrus?</strong></span> <span class='ocrx_word' id='word_1_675' title='bbox 3453 2542 3604 2599; x_wconf 86' lang='lat' dir='ltr'><strong>Licet</strong></span> 
     </span>
    </p>
   </div>
   <div class='ocr_carea' id='block_1_80' title="bbox 2010 2633 3597 2704">
    <p class='ocr_par' dir='ltr' id='par_1_80' title="bbox 2010 2633 3597 2704">
     <span class='ocr_line' id='line_1_80' title="bbox 2010 2633 3597 2704; baseline -0.001 -16"><span class='ocrx_word' id='word_1_676' title='bbox 2010 2633 2103 2688; x_wconf 85' lang='lat' dir='ltr'><strong>tibi</strong></span> <span class='ocrx_word' id='word_1_677' title='bbox 2141 2648 2260 2689; x_wconf 88' lang='lat' dir='ltr'><strong>esse</strong></span> <span class='ocrx_word' id='word_1_678' title='bbox 2298 2634 2437 2689; x_wconf 88' lang='lat' dir='ltr'><strong>sicut</strong></span> <span class='ocrx_word' id='word_1_679' title='bbox 2475 2633 2663 2690; x_wconf 83' lang='lat' dir='ltr'><strong>Petrus</strong></span> <span class='ocrx_word' id='word_1_680' title='bbox 2685 2675 2701 2701; x_wconf 91' lang='lat'><strong>,</strong></span> <span class='ocrx_word' id='word_1_681' title='bbox 2730 2633 2775 2687; x_wconf 93' lang='lat' dir='ltr'><strong>si</strong></span> <span class='ocrx_word' id='word_1_682' title='bbox 2802 2633 2936 2689; x_wconf 89' lang='lat' dir='ltr'><strong>velis</strong></span> <span class='ocrx_word' id='word_1_683' title='bbox 2963 2649 3084 2704; x_wconf 70' lang='lat' dir='ltr'><strong>quae</strong></span> <span class='ocrx_word' id='word_1_684' title='bbox 3125 2633 3290 2689; x_wconf 86' lang='lat' dir='ltr'><strong>habes</strong></span> <span class='ocrx_word' id='word_1_685' title='bbox 3318 2634 3553 2703; x_wconf 86' lang='lat' dir='ltr'><strong>abjicere</strong></span> <span class='ocrx_word' id='word_1_686' title='bbox 3582 2651 3597 2687; x_wconf 92' lang='lat'><strong>:</strong></span> 
     </span>
    </p>
   </div>
   <div class='ocr_carea' id='block_1_81' title="bbox 2007 2724 3599 2797">
    <p class='ocr_par' dir='ltr' id='par_1_81' title="bbox 2007 2724 3599 2797">
     <span class='ocr_line' id='line_1_81' title="bbox 2007 2724 3599 2797; baseline -0.001 -17"><span class='ocrx_word' id='word_1_687' title='bbox 2007 2725 2250 2795; x_wconf 76' lang='lat' dir='ltr'><strong>disperge</strong></span> <span class='ocrx_word' id='word_1_688' title='bbox 2272 2766 2287 2790; x_wconf 93' lang='lat'><strong>,</strong></span> <span class='ocrx_word' id='word_1_689' title='bbox 2316 2725 2381 2780; x_wconf 91' lang='lat' dir='ltr'><strong>da</strong></span> <span class='ocrx_word' id='word_1_690' title='bbox 2412 2726 2735 2797; x_wconf 82' lang='lat' dir='ltr'><strong>pauperibus</strong></span> <span class='ocrx_word' id='word_1_691' title='bbox 2759 2768 2774 2793; x_wconf 89' lang='lat'><strong>,</strong></span> <span class='ocrx_word' id='word_1_692' title='bbox 2807 2725 3077 2782; x_wconf 88' lang='lat' dir='ltr'><strong>Christum</strong></span> <span class='ocrx_word' id='word_1_693' title='bbox 3111 2741 3338 2797; x_wconf 90' lang='lat' dir='ltr'><strong>sequere</strong></span> <span class='ocrx_word' id='word_1_694' title='bbox 3359 2767 3376 2793; x_wconf 95' lang='lat'><strong>,</strong></span> <span class='ocrx_word' id='word_1_695' title='bbox 3407 2734 3462 2780; x_wconf 93' lang='lat' dir='ltr'><strong>et</strong></span> <span class='ocrx_word' id='word_1_696' title='bbox 3489 2724 3599 2780; x_wconf 90' lang='lat' dir='ltr'><strong>eris</strong></span> 
     </span>
    </p>
   </div>
   <div class='ocr_carea' id='block_1_82' title="bbox 2008 2817 3594 2889">
    <p class='ocr_par' dir='ltr' id='par_1_82' title="bbox 2008 2817 3594 2889">
     <span class='ocr_line' id='line_1_82' title="bbox 2008 2817 3594 2889; baseline -0.001 -17"><span class='ocrx_word' id='word_1_697' title='bbox 2008 2819 2148 2874; x_wconf 87' lang='lat' dir='ltr'><strong>talis.</strong></span> <span class='ocrx_word' id='word_1_698' title='bbox 2177 2817 2494 2885; x_wconf 83' lang='lat' dir='ltr'><strong>Quomodo?</strong></span> <span class='ocrx_word' id='word_1_699' title='bbox 2522 2817 2643 2881; x_wconf 88' lang='lat' dir='ltr'><strong>ille,</strong></span> <span class='ocrx_word' id='word_1_700' title='bbox 2674 2817 2877 2889; x_wconf 90' lang='lat' dir='ltr'><strong>inquit,</strong></span> <span class='ocrx_word' id='word_1_701' title='bbox 2907 2817 3033 2874; x_wconf 91' lang='lat' dir='ltr'><strong>fecit</strong></span> <span class='ocrx_word' id='word_1_702' title='bbox 3058 2818 3230 2889; x_wconf 86' lang='lat' dir='ltr'><strong>signa.</strong></span> <span class='ocrx_word' id='word_1_703' title='bbox 3262 2818 3445 2873; x_wconf 80' lang='lat' dir='ltr'><strong>Hocne</strong></span> <span class='ocrx_word' id='word_1_704' title='bbox 3472 2823 3555 2871; x_wconf 91' lang='lat' dir='ltr'><strong>est</strong></span> <span class='ocrx_word' id='word_1_705' title='bbox 3578 2857 3594 2881; x_wconf 91' lang='lat'><strong>,</strong></span> 
     </span>
    </p>
   </div>
   <div class='ocr_carea' id='block_1_83' title="bbox 2015 2914 3601 2991">
    <p class='ocr_par' dir='ltr' id='par_1_83' title="bbox 2015 2914 3601 2991">
     <span class='ocr_line' id='line_1_83' title="bbox 2015 2914 3601 2991; baseline -0.003 -16"><span class='ocrx_word' id='word_1_706' title='bbox 2015 2916 2103 2976; x_wconf 90' lang='lat' dir='ltr'><strong>dic</strong></span> <span class='ocrx_word' id='word_1_707' title='bbox 2130 2932 2333 2991; x_wconf 69' lang='lat' dir='ltr'><strong>quaeso,</strong></span> <span class='ocrx_word' id='word_1_708' title='bbox 2354 2917 2498 2991; x_wconf 91' lang='lat' dir='ltr'><strong>quod</strong></span> <span class='ocrx_word' id='word_1_709' title='bbox 2522 2918 2738 2974; x_wconf 90' lang='lat' dir='ltr'><strong>Petrum</strong></span> <span class='ocrx_word' id='word_1_710' title='bbox 2762 2915 2891 2972; x_wconf 78' lang='lat' dir='ltr'><strong>fecit</strong></span> <span class='ocrx_word' id='word_1_711' title='bbox 2909 2915 3298 2982; x_wconf 88' lang='lat' dir='ltr'><strong>admirabilem,</strong></span> <span class='ocrx_word' id='word_1_712' title='bbox 3321 2930 3387 2970; x_wconf 90' lang='lat' dir='ltr'><strong>an</strong></span> <span class='ocrx_word' id='word_1_713' title='bbox 3412 2914 3601 2971; x_wconf 81' lang='lat' dir='ltr'><strong>ﬁducia</strong></span> 
     </span>
    </p>
   </div>
   <div class='ocr_carea' id='block_1_84' title="bbox 2016 3005 3603 3081">
    <p class='ocr_par' dir='ltr' id='par_1_84' title="bbox 2016 3005 3603 3081">
     <span class='ocr_line' id='line_1_84' title="bbox 2016 3005 3603 3081; baseline -0.002 -18"><span class='ocrx_word' id='word_1_714' title='bbox 2016 3025 2176 3080; x_wconf 90' lang='lat' dir='ltr'><strong>quam</strong></span> <span class='ocrx_word' id='word_1_715' title='bbox 2200 3018 2283 3065; x_wconf 91' lang='lat' dir='ltr'><strong>est</strong></span> <span class='ocrx_word' id='word_1_716' title='bbox 2304 3019 2665 3081; x_wconf 89' lang='lat' dir='ltr'><strong>consequutus</strong></span> <span class='ocrx_word' id='word_1_717' title='bbox 2687 3024 2753 3065; x_wconf 80' lang='lat' dir='ltr'><strong>ex</strong></span> <span class='ocrx_word' id='word_1_718' title='bbox 2773 3008 2896 3063; x_wconf 86' lang='lat' dir='ltr'><strong>vitae</strong></span> <span class='ocrx_word' id='word_1_719' title='bbox 2920 3006 3292 3062; x_wconf 87' lang='lat' dir='ltr'><strong>institutione?</strong></span> <span class='ocrx_word' id='word_1_720' title='bbox 3319 3021 3424 3061; x_wconf 86' lang='lat' dir='ltr'><strong>non</strong></span> <span class='ocrx_word' id='word_1_721' title='bbox 3450 3005 3603 3062; x_wconf 88' lang='lat' dir='ltr'><strong>audis</strong></span> 
     </span>
    </p>
   </div>
   <div class='ocr_carea' id='block_1_85' title="bbox 2017 3097 3603 3172">
    <p class='ocr_par' dir='ltr' id='par_1_85' title="bbox 2017 3097 3603 3172">
     <span class='ocr_line' id='line_1_85' title="bbox 2017 3097 3603 3172; baseline -0.004 -14"><span class='ocrx_word' id='word_1_722' title='bbox 2017 3099 2285 3158; x_wconf 89' lang='lat' dir='ltr'><strong>Christum</strong></span> <span class='ocrx_word' id='word_1_723' title='bbox 2306 3101 2571 3158; x_wconf 90' lang='lat' dir='ltr'><strong>dicentem</strong></span> <span class='ocrx_word' id='word_1_724' title='bbox 2589 3119 2602 3155; x_wconf 85' lang='lat'>:</span> <span class='ocrx_word' id='word_1_725' title='bbox 2621 3100 2796 3156; x_wconf 85' lang='lat' dir='ltr'><strong>Nolite</strong></span> <span class='ocrx_word' id='word_1_726' title='bbox 2811 3099 3032 3172; x_wconf 87' lang='lat' dir='ltr'><strong>gaudere</strong></span> <span class='ocrx_word' id='word_1_727' title='bbox 3045 3098 3180 3170; x_wconf 83' lang='lat' dir='ltr'><strong>quod</strong></span> <span class='ocrx_word' id='word_1_728' title='bbox 3199 3097 3450 3154; x_wconf 73' lang='lat' dir='ltr'><strong>dmonia</strong></span> <span class='ocrx_word' id='word_1_729' title='bbox 3467 3098 3603 3153; x_wconf 78' lang='lat' dir='ltr'><strong>vobis</strong></span> 
     </span>
    </p>
   </div>
   <div class='ocr_carea' id='block_1_86' title="bbox 2016 3193 3606 3265">
    <p class='ocr_par' dir='ltr' id='par_1_86' title="bbox 2016 3193 3606 3265">
     <span class='ocr_line' id='line_1_86' title="bbox 2016 3193 3606 3265; baseline -0.001 -17"><span class='ocrx_word' id='word_1_730' title='bbox 2016 3194 2291 3249; x_wconf 78' lang='lat' dir='ltr'><strong>obedient?</strong></span> <span class='ocrx_word' id='word_1_731' title='bbox 2320 3195 2382 3251; x_wconf 90' lang='lat' dir='ltr'><strong>Si</strong></span> <span class='ocrx_word' id='word_1_732' title='bbox 2421 3196 2494 3250; x_wconf 83' lang='lat' dir='ltr'><strong>vis</strong></span> <span class='ocrx_word' id='word_1_733' title='bbox 2534 3211 2639 3250; x_wconf 83' lang='lat' dir='ltr'><strong>esse</strong></span> <span class='ocrx_word' id='word_1_734' title='bbox 2673 3195 2955 3265; x_wconf 75' lang='lat' dir='ltr'><strong>perfectus,</strong></span> <span class='ocrx_word' id='word_1_735' title='bbox 2995 3193 3152 3248; x_wconf 80' lang='lat' dir='ltr'><strong>vende</strong></span> <span class='ocrx_word' id='word_1_736' title='bbox 3185 3208 3297 3262; x_wconf 74' lang='lat' dir='ltr'><strong>qua:</strong></span> <span class='ocrx_word' id='word_1_737' title='bbox 3334 3193 3517 3257; x_wconf 88' lang='lat' dir='ltr'><strong>habes,</strong></span> <span class='ocrx_word' id='word_1_738' title='bbox 3557 3204 3606 3246; x_wconf 82' lang='lat' dir='ltr'><strong>et</strong></span> 
     </span>
    </p>
   </div>
   <div class='ocr_carea' id='block_1_87' title="bbox 2017 3284 3599 3358">
    <p class='ocr_par' dir='ltr' id='par_1_87' title="bbox 2017 3284 3599 3358">
     <span class='ocr_line' id='line_1_87' title="bbox 2017 3284 3599 3358; baseline -0.003 -17"><span class='ocrx_word' id='word_1_739' title='bbox 2017 3287 2083 3341; x_wconf 88' lang='lat' dir='ltr'><strong>da</strong></span> <span class='ocrx_word' id='word_1_740' title='bbox 2109 3287 2416 3358; x_wconf 77' lang='lat' dir='ltr'><strong>pauperibus</strong></span> <span class='ocrx_word' id='word_1_741' title='bbox 2438 3329 2453 3355; x_wconf 93' lang='lat'><strong>,</strong></span> <span class='ocrx_word' id='word_1_742' title='bbox 2484 3295 2531 3342; x_wconf 87' lang='lat' dir='ltr'><strong>et</strong></span> <span class='ocrx_word' id='word_1_743' title='bbox 2573 3287 2775 3341; x_wconf 83' lang='lat' dir='ltr'><strong>habebis</strong></span> <span class='ocrx_word' id='word_1_744' title='bbox 2808 3286 3099 3342; x_wconf 84' lang='lat' dir='ltr'><strong>thesaurum</strong></span> <span class='ocrx_word' id='word_1_745' title='bbox 3135 3286 3189 3340; x_wconf 87' lang='lat' dir='ltr'><strong>in</strong></span> <span class='ocrx_word' id='word_1_746' title='bbox 3223 3285 3359 3340; x_wconf 75' lang='lat' dir='ltr'><strong>cretis</strong></span> <span class='ocrx_word' id='word_1_747' title='bbox 3387 3284 3599 3355; x_wconf 79' lang='lat' dir='ltr'><strong>(Matth.</strong></span> 
     </span>
    </p>
   </div>
   <div class='ocr_carea' id='block_1_88' title="bbox 2017 3377 3604 3452">
    <p class='ocr_par' dir='ltr' id='par_1_88' title="bbox 2017 3377 3604 3452">
     <span class='ocr_line' id='line_1_88' title="bbox 2017 3377 3604 3452; baseline -0.003 -16"><span class='ocrx_word' id='word_1_748' title='bbox 2017 3380 2105 3436; x_wconf 78' lang='grc'><strong>19.</strong></span> <span class='ocrx_word' id='word_1_749' title='bbox 2134 3380 2196 3434; x_wconf 68' lang='grc'><strong>21</strong></span> <span class='ocrx_word' id='word_1_750' title='bbox 2296 3380 2431 3435; x_wconf 89' lang='lat' dir='ltr'><strong>Audi</strong></span> <span class='ocrx_word' id='word_1_751' title='bbox 2456 3379 2582 3450; x_wconf 88' lang='lat' dir='ltr'><strong>quid</strong></span> <span class='ocrx_word' id='word_1_752' title='bbox 2608 3379 2752 3436; x_wconf 85' lang='lat' dir='ltr'><strong>dicat</strong></span> <span class='ocrx_word' id='word_1_753' title='bbox 2780 3380 2972 3435; x_wconf 85' lang='lat' dir='ltr'><strong>Petrus</strong></span> <span class='ocrx_word' id='word_1_754' title='bbox 3000 3396 3013 3432; x_wconf 92' lang='lat'><strong>:</strong></span> <span class='ocrx_word' id='word_1_755' title='bbox 3045 3379 3236 3432; x_wconf 81' lang='lat' dir='ltr'><strong>Aurum</strong></span> <span class='ocrx_word' id='word_1_756' title='bbox 3266 3387 3311 3431; x_wconf 89' lang='lat' dir='ltr'><strong>et</strong></span> <span class='ocrx_word' id='word_1_757' title='bbox 3339 3388 3604 3447; x_wconf 84' lang='lat' dir='ltr'><strong>argentum</strong></span> 
     </span>
    </p>
   </div>
   <div class='ocr_carea' id='block_1_89' title="bbox 2015 3466 3599 3541">
    <p class='ocr_par' dir='ltr' id='par_1_89' title="bbox 2015 3466 3599 3541">
     <span class='ocr_line' id='line_1_89' title="bbox 2015 3466 3599 3541; baseline -0.003 -16"><span class='ocrx_word' id='word_1_758' title='bbox 2015 3487 2117 3525; x_wconf 86' lang='lat' dir='ltr'><strong>non</strong></span> <span class='ocrx_word' id='word_1_759' title='bbox 2140 3478 2213 3525; x_wconf 88' lang='lat' dir='ltr'><strong>est</strong></span> <span class='ocrx_word' id='word_1_760' title='bbox 2238 3470 2363 3523; x_wconf 88' lang='lat' dir='ltr'><strong>mihi</strong></span> <span class='ocrx_word' id='word_1_761' title='bbox 2386 3486 2404 3524; x_wconf 90' lang='lat'><strong><em>:</em></strong></span> <span class='ocrx_word' id='word_1_762' title='bbox 2424 3470 2559 3541; x_wconf 90' lang='lat' dir='ltr'><strong>quod</strong></span> <span class='ocrx_word' id='word_1_763' title='bbox 2582 3480 2745 3524; x_wconf 84' lang='lat' dir='ltr'><strong>autem</strong></span> <span class='ocrx_word' id='word_1_764' title='bbox 2772 3470 2949 3533; x_wconf 87' lang='lat' dir='ltr'><strong>habeo,</strong></span> <span class='ocrx_word' id='word_1_765' title='bbox 2974 3470 3068 3522; x_wconf 84' lang='lat' dir='ltr'><strong>hoc</strong></span> <span class='ocrx_word' id='word_1_766' title='bbox 3090 3468 3176 3521; x_wconf 87' lang='lat' dir='ltr'><strong>tibi</strong></span> <span class='ocrx_word' id='word_1_767' title='bbox 3198 3469 3261 3521; x_wconf 90' lang='lat' dir='ltr'><strong>do</strong></span> <span class='ocrx_word' id='word_1_768' title='bbox 3280 3466 3416 3538; x_wconf 84' lang='lat' dir='ltr'><strong>(Act.</strong></span> <span class='ocrx_word' id='word_1_769' title='bbox 3442 3469 3494 3522; x_wconf 80' lang='grc'><strong>5.</strong></span> <span class='ocrx_word' id='word_1_770' title='bbox 3520 3469 3599 3535; x_wconf 83' lang='lat'><strong>6).</strong></span> 
     </span>
    </p>
   </div>
   <div class='ocr_carea' id='block_1_90' title="bbox 2014 3557 3602 3633">
    <p class='ocr_par' dir='ltr' id='par_1_90' title="bbox 2014 3557 3602 3633">
     <span class='ocr_line' id='line_1_90' title="bbox 2014 3557 3602 3633; baseline -0.004 -15"><span class='ocrx_word' id='word_1_771' title='bbox 2014 3561 2069 3618; x_wconf 90' lang='lat' dir='ltr'><strong>Si</strong></span> <span class='ocrx_word' id='word_1_772' title='bbox 2094 3563 2211 3633; x_wconf 90' lang='lat' dir='ltr'><strong>quis</strong></span> <span class='ocrx_word' id='word_1_773' title='bbox 2237 3561 2396 3618; x_wconf 90' lang='lat' dir='ltr'><strong>habet</strong></span> <span class='ocrx_word' id='word_1_774' title='bbox 2415 3577 2601 3616; x_wconf 88' lang='lat' dir='ltr'><strong>aurum</strong></span> <span class='ocrx_word' id='word_1_775' title='bbox 2623 3572 2674 3615; x_wconf 89' lang='lat' dir='ltr'><strong>et</strong></span> <span class='ocrx_word' id='word_1_776' title='bbox 2696 3570 2996 3630; x_wconf 84' lang='lat' dir='ltr'><strong>argentum,</strong></span> <span class='ocrx_word' id='word_1_777' title='bbox 3023 3559 3107 3612; x_wconf 91' lang='lat' dir='ltr'><strong>illa</strong></span> <span class='ocrx_word' id='word_1_778' title='bbox 3133 3572 3239 3612; x_wconf 93' lang='lat' dir='ltr'><strong>non</strong></span> <span class='ocrx_word' id='word_1_779' title='bbox 3261 3557 3439 3612; x_wconf 88' lang='lat' dir='ltr'><strong>habet.</strong></span> <span class='ocrx_word' id='word_1_780' title='bbox 3464 3558 3602 3624; x_wconf 91' lang='lat' dir='ltr'><strong>Quid</strong></span> 
     </span>
    </p>
   </div>
   <div class='ocr_carea' id='block_1_91' title="bbox 2015 3648 3604 3724">
    <p class='ocr_par' dir='ltr' id='par_1_91' title="bbox 2015 3648 3604 3724">
     <span class='ocr_line' id='line_1_91' title="bbox 2015 3648 3604 3724; baseline -0.004 -17"><span class='ocrx_word' id='word_1_781' title='bbox 2015 3668 2145 3709; x_wconf 88' lang='lat' dir='ltr'><strong>vero</strong></span> <span class='ocrx_word' id='word_1_782' title='bbox 2169 3694 2185 3722; x_wconf 93' lang='lat'><strong>,</strong></span> <span class='ocrx_word' id='word_1_783' title='bbox 2215 3653 2422 3724; x_wconf 89' lang='lat' dir='ltr'><strong>inquit,</strong></span> <span class='ocrx_word' id='word_1_784' title='bbox 2461 3652 2603 3723; x_wconf 89' lang='lat' dir='ltr'><strong>quod</strong></span> <span class='ocrx_word' id='word_1_785' title='bbox 2643 3652 2796 3706; x_wconf 91' lang='lat' dir='ltr'><strong>multi</strong></span> <span class='ocrx_word' id='word_1_786' title='bbox 2834 3665 2936 3706; x_wconf 88' lang='lat' dir='ltr'><strong>nec</strong></span> <span class='ocrx_word' id='word_1_787' title='bbox 2969 3650 3059 3704; x_wconf 89' lang='lat' dir='ltr'><strong>illa</strong></span> <span class='ocrx_word' id='word_1_788' title='bbox 3099 3648 3299 3705; x_wconf 87' lang='lat' dir='ltr'><strong>habent</strong></span> <span class='ocrx_word' id='word_1_789' title='bbox 3328 3663 3428 3704; x_wconf 90' lang='lat' dir='ltr'><strong>nec</strong></span> <span class='ocrx_word' id='word_1_790' title='bbox 3457 3648 3604 3707; x_wconf 76' lang='lat' dir='ltr'><strong>ista?</strong></span> 
     </span>
    </p>
   </div>
   <div class='ocr_carea' id='block_1_92' title="bbox 2013 3740 3601 3813">
    <p class='ocr_par' dir='ltr' id='par_1_92' title="bbox 2013 3740 3601 3813">
     <span class='ocr_line' id='line_1_92' title="bbox 2013 3740 3601 3813; baseline -0.004 -13"><span class='ocrx_word' id='word_1_791' title='bbox 2013 3744 2148 3813; x_wconf 90' lang='lat' dir='ltr'><strong>Quia</strong></span> <span class='ocrx_word' id='word_1_792' title='bbox 2193 3760 2301 3799; x_wconf 92' lang='lat' dir='ltr'><strong>non</strong></span> <span class='ocrx_word' id='word_1_793' title='bbox 2343 3752 2536 3813; x_wconf 86' lang='lat' dir='ltr'><strong>sponte</strong></span> <span class='ocrx_word' id='word_1_794' title='bbox 2575 3752 2701 3800; x_wconf 85' lang='lat' dir='ltr'><strong>sunt</strong></span> <span class='ocrx_word' id='word_1_795' title='bbox 2742 3755 3004 3813; x_wconf 87' lang='lat' dir='ltr'><strong>pauperes</strong></span> <span class='ocrx_word' id='word_1_796' title='bbox 3042 3758 3055 3794; x_wconf 89' lang='lat'><strong>:</strong></span> <span class='ocrx_word' id='word_1_797' title='bbox 3095 3740 3415 3810; x_wconf 88' lang='lat' dir='ltr'><strong>quicumque</strong></span> <span class='ocrx_word' id='word_1_798' title='bbox 3459 3741 3601 3795; x_wconf 87' lang='lat' dir='ltr'><strong>enim</strong></span> 
     </span>
    </p>
   </div>
   <div class='ocr_carea' id='block_1_93' title="bbox 2015 3830 3602 3906">
    <p class='ocr_par' dir='ltr' id='par_1_93' title="bbox 2015 3830 3602 3906">
     <span class='ocr_line' id='line_1_93' title="bbox 2015 3830 3602 3906; baseline -0.003 -15"><span class='ocrx_word' id='word_1_799' title='bbox 2015 3845 2207 3906; x_wconf 80' lang='lat' dir='ltr'><strong>Sponte</strong></span> <span class='ocrx_word' id='word_1_800' title='bbox 2234 3844 2358 3889; x_wconf 90' lang='lat' dir='ltr'><strong>sunt</strong></span> <span class='ocrx_word' id='word_1_801' title='bbox 2385 3847 2647 3905; x_wconf 89' lang='lat' dir='ltr'><strong>pauperes</strong></span> <span class='ocrx_word' id='word_1_802' title='bbox 2669 3875 2684 3900; x_wconf 94' lang='lat'><strong>,</strong></span> <span class='ocrx_word' id='word_1_803' title='bbox 2717 3832 2917 3887; x_wconf 89' lang='lat' dir='ltr'><strong>habent</strong></span> <span class='ocrx_word' id='word_1_804' title='bbox 2940 3832 3119 3886; x_wconf 90' lang='lat' dir='ltr'><strong>omnia</strong></span> <span class='ocrx_word' id='word_1_805' title='bbox 3149 3831 3309 3886; x_wconf 88' lang='lat' dir='ltr'><strong>bona.</strong></span> <span class='ocrx_word' id='word_1_806' title='bbox 3341 3830 3474 3885; x_wconf 88' lang='lat' dir='ltr'><strong>Nam</strong></span> <span class='ocrx_word' id='word_1_807' title='bbox 3501 3832 3602 3886; x_wconf 88' lang='lat' dir='ltr'><strong>etsi</strong></span> 
     </span>
    </p>
   </div>
   <div class='ocr_carea' id='block_1_94' title="bbox 2014 3922 3601 3994">
    <p class='ocr_par' dir='ltr' id='par_1_94' title="bbox 2014 3922 3601 3994">
     <span class='ocr_line' id='line_1_94' title="bbox 2014 3922 3601 3994; baseline -0.003 -11"><span class='ocrx_word' id='word_1_808' title='bbox 2014 3942 2116 3984; x_wconf 89' lang='lat' dir='ltr'><strong>nec</strong></span> <span class='ocrx_word' id='word_1_809' title='bbox 2153 3936 2393 3982; x_wconf 89' lang='lat' dir='ltr'><strong>mortuos</strong></span> <span class='ocrx_word' id='word_1_810' title='bbox 2427 3940 2528 3981; x_wconf 91' lang='lat' dir='ltr'><strong>nec</strong></span> <span class='ocrx_word' id='word_1_811' title='bbox 2564 3924 2779 3980; x_wconf 89' lang='lat' dir='ltr'><strong>claudos</strong></span> <span class='ocrx_word' id='word_1_812' title='bbox 2818 3924 3094 3990; x_wconf 83' lang='lat' dir='ltr'><strong>excitant,</strong></span> <span class='ocrx_word' id='word_1_813' title='bbox 3125 3923 3219 3979; x_wconf 89' lang='lat' dir='ltr'><strong>sed</strong></span> <span class='ocrx_word' id='word_1_814' title='bbox 3252 3931 3427 3978; x_wconf 89' lang='lat' dir='ltr'><strong>tamen</strong></span> <span class='ocrx_word' id='word_1_815' title='bbox 3458 3922 3601 3994; x_wconf 90' lang='lat' dir='ltr'><strong>quod</strong></span> 
     </span>
    </p>
   </div>
   <div class='ocr_carea' id='block_1_95' title="bbox 2014 4013 3597 4085">
    <p class='ocr_par' dir='ltr' id='par_1_95' title="bbox 2014 4013 3597 4085">
     <span class='ocr_line' id='line_1_95' title="bbox 2014 4013 3597 4085; baseline -0.003 -11"><span class='ocrx_word' id='word_1_816' title='bbox 2014 4026 2098 4074; x_wconf 92' lang='lat' dir='ltr'><strong>est</strong></span> <span class='ocrx_word' id='word_1_817' title='bbox 2126 4018 2296 4085; x_wconf 86' lang='lat' dir='ltr'><strong>majus</strong></span> <span class='ocrx_word' id='word_1_818' title='bbox 2322 4017 2405 4072; x_wconf 90' lang='lat' dir='ltr'><strong>his</strong></span> <span class='ocrx_word' id='word_1_819' title='bbox 2434 4016 2703 4083; x_wconf 91' lang='lat' dir='ltr'><strong>omnibus,</strong></span> <span class='ocrx_word' id='word_1_820' title='bbox 2732 4015 2933 4070; x_wconf 88' lang='lat' dir='ltr'><strong>habent</strong></span> <span class='ocrx_word' id='word_1_821' title='bbox 2955 4013 3092 4084; x_wconf 90' lang='lat' dir='ltr'><strong>apud</strong></span> <span class='ocrx_word' id='word_1_822' title='bbox 3121 4014 3290 4069; x_wconf 86' lang='lat' dir='ltr'><strong>Deum</strong></span> <span class='ocrx_word' id='word_1_823' title='bbox 3315 4014 3597 4071; x_wconf 87' lang='lat' dir='ltr'><strong>ﬁduciam:</strong></span> 
     </span>
    </p>
   </div>
   <div class='ocr_carea' id='block_1_96' title="bbox 2016 4104 3597 4174">
    <p class='ocr_par' dir='ltr' id='par_1_96' title="bbox 2016 4104 3597 4174">
     <span class='ocr_line' id='line_1_96' title="bbox 2016 4104 3597 4174; baseline -0.003 -9"><span class='ocrx_word' id='word_1_824' title='bbox 2016 4109 2232 4165; x_wconf 90' lang='lat' dir='ltr'><strong>audient</strong></span> <span class='ocrx_word' id='word_1_825' title='bbox 2255 4109 2346 4166; x_wconf 87' lang='lat' dir='ltr'><strong>illo</strong></span> <span class='ocrx_word' id='word_1_826' title='bbox 2369 4109 2457 4165; x_wconf 85' lang='lat' dir='ltr'><strong>die</strong></span> <span class='ocrx_word' id='word_1_827' title='bbox 2484 4109 2695 4165; x_wconf 87' lang='lat' dir='ltr'><strong>beatam</strong></span> <span class='ocrx_word' id='word_1_828' title='bbox 2721 4108 2865 4163; x_wconf 85' lang='lat' dir='ltr'><strong>illam</strong></span> <span class='ocrx_word' id='word_1_829' title='bbox 2893 4121 3102 4174; x_wconf 88' lang='lat' dir='ltr'><strong>vocem,</strong></span> <span class='ocrx_word' id='word_1_830' title='bbox 3135 4104 3326 4172; x_wconf 87' lang='lat' dir='ltr'><strong>Venite,</strong></span> <span class='ocrx_word' id='word_1_831' title='bbox 3353 4108 3597 4162; x_wconf 73' lang='lat' dir='ltr'><strong>benedicti</strong></span> 
     </span>
    </p>
   </div>
   <div class='ocr_carea' id='block_1_97' title="bbox 2020 4196 3602 4269">
    <p class='ocr_par' dir='ltr' id='par_1_97' title="bbox 2020 4196 3602 4269">
     <span class='ocr_line' id='line_1_97' title="bbox 2020 4196 3602 4269; baseline -0.004 -13"><span class='ocrx_word' id='word_1_832' title='bbox 2020 4201 2190 4256; x_wconf 83' lang='lat' dir='ltr'><strong>Patris</strong></span> <span class='ocrx_word' id='word_1_833' title='bbox 2226 4203 2341 4255; x_wconf 88' lang='lat' dir='ltr'><strong>mei.</strong></span> <span class='ocrx_word' id='word_1_834' title='bbox 2373 4200 2511 4269; x_wconf 89' lang='lat' dir='ltr'><strong>Quid</strong></span> <span class='ocrx_word' id='word_1_835' title='bbox 2549 4209 2633 4256; x_wconf 90' lang='lat' dir='ltr'><strong>est</strong></span> <span class='ocrx_word' id='word_1_836' title='bbox 2669 4201 2772 4254; x_wconf 90' lang='lat' dir='ltr'><strong>isto</strong></span> <span class='ocrx_word' id='word_1_837' title='bbox 2810 4197 3045 4255; x_wconf 88' lang='lat' dir='ltr'><strong>melius?</strong></span> <span class='ocrx_word' id='word_1_838' title='bbox 3075 4196 3341 4254; x_wconf 87' lang='lat' dir='ltr'><strong>Possidete</strong></span> <span class='ocrx_word' id='word_1_839' title='bbox 3367 4208 3602 4269; x_wconf 86' lang='lat' dir='ltr'><strong>paratum</strong></span> 
     </span>
    </p>
   </div>
   <div class='ocr_carea' id='block_1_98' title="bbox 2011 4288 3603 4363">
    <p class='ocr_par' dir='ltr' id='par_1_98' title="bbox 2011 4288 3603 4363">
     <span class='ocr_line' id='line_1_98' title="bbox 2011 4288 3603 4363; baseline -0.003 -15"><span class='ocrx_word' id='word_1_840' title='bbox 2011 4293 2150 4348; x_wconf 71' lang='lat' dir='ltr'><strong>vobis</strong></span> <span class='ocrx_word' id='word_1_841' title='bbox 2189 4309 2400 4363; x_wconf 85' lang='lat' dir='ltr'><strong>regnum</strong></span> <span class='ocrx_word' id='word_1_842' title='bbox 2434 4309 2466 4345; x_wconf 91' lang='lat' dir='ltr'><strong>a</strong></span> <span class='ocrx_word' id='word_1_843' title='bbox 2499 4291 2855 4347; x_wconf 84' lang='lat' dir='ltr'><strong>constitutione</strong></span> <span class='ocrx_word' id='word_1_844' title='bbox 2889 4289 3087 4345; x_wconf 84' lang='lat' dir='ltr'><strong>mundi.</strong></span> <span class='ocrx_word' id='word_1_845' title='bbox 3119 4288 3323 4345; x_wconf 83' lang='lat' dir='ltr'><strong>Esurivi</strong></span> <span class='ocrx_word' id='word_1_846' title='bbox 3351 4291 3524 4355; x_wconf 88' lang='lat' dir='ltr'><strong>enim,</strong></span> <span class='ocrx_word' id='word_1_847' title='bbox 3556 4301 3603 4344; x_wconf 86' lang='lat' dir='ltr'><strong>et</strong></span> 
     </span>
    </p>
   </div>
   <div class='ocr_carea' id='block_1_99' title="bbox 2012 4379 3601 4453">
    <p class='ocr_par' dir='ltr' id='par_1_99' title="bbox 2012 4379 3601 4453">
     <span class='ocr_line' id='line_1_99' title="bbox 2012 4379 3601 4453; baseline -0.003 -16"><span class='ocrx_word' id='word_1_848' title='bbox 2012 4383 2223 4439; x_wconf 84' lang='lat' dir='ltr'><strong>dedistis</strong></span> <span class='ocrx_word' id='word_1_849' title='bbox 2259 4383 2384 4437; x_wconf 91' lang='lat' dir='ltr'><strong>mihi</strong></span> <span class='ocrx_word' id='word_1_850' title='bbox 2420 4383 2556 4453; x_wconf 85' lang='lat' dir='ltr'><strong>quod</strong></span> <span class='ocrx_word' id='word_1_851' title='bbox 2583 4381 2894 4436; x_wconf 82' lang='lat' dir='ltr'><strong>comederem</strong></span> <span class='ocrx_word' id='word_1_852' title='bbox 2916 4395 2935 4435; x_wconf 90' lang='lat'><strong><em>:</em></strong></span> <span class='ocrx_word' id='word_1_853' title='bbox 2958 4380 3093 4435; x_wconf 76' lang='lat' dir='ltr'><strong>silici</strong></span> <span class='ocrx_word' id='word_1_854' title='bbox 3110 4420 3127 4447; x_wconf 92' lang='lat'><strong>,</strong></span> <span class='ocrx_word' id='word_1_855' title='bbox 3167 4390 3213 4434; x_wconf 88' lang='lat' dir='ltr'><strong>et</strong></span> <span class='ocrx_word' id='word_1_856' title='bbox 3244 4379 3449 4435; x_wconf 86' lang='lat' dir='ltr'><strong>dedistis</strong></span> <span class='ocrx_word' id='word_1_857' title='bbox 3478 4381 3601 4433; x_wconf 83' lang='lat' dir='ltr'><strong>mihi</strong></span> 
     </span>
    </p>
   </div>
   <div class='ocr_carea' id='block_1_100' title="bbox 2011 4471 3602 4546">
    <p class='ocr_par' dir='ltr' id='par_1_100' title="bbox 2011 4471 3602 4546">
     <span class='ocr_line' id='line_1_100' title="bbox 2011 4471 3602 4546; baseline -0.003 -16"><span class='ocrx_word' id='word_1_858' title='bbox 2011 4476 2146 4546; x_wconf 86' lang='lat' dir='ltr'><strong>quod</strong></span> <span class='ocrx_word' id='word_1_859' title='bbox 2182 4474 2398 4531; x_wconf 87' lang='lat' dir='ltr'><strong>biberem</strong></span> <span class='ocrx_word' id='word_1_860' title='bbox 2423 4490 2442 4529; x_wconf 89' lang='lat'><strong><em>:</em></strong></span> <span class='ocrx_word' id='word_1_861' title='bbox 2472 4475 2653 4546; x_wconf 84' lang='lat' dir='ltr'><strong>hospes</strong></span> <span class='ocrx_word' id='word_1_862' title='bbox 2679 4489 2820 4528; x_wconf 91' lang='lat' dir='ltr'><strong>eram</strong></span> <span class='ocrx_word' id='word_1_863' title='bbox 2843 4516 2857 4539; x_wconf 92' lang='lat'><strong>,</strong></span> <span class='ocrx_word' id='word_1_864' title='bbox 2890 4483 2939 4527; x_wconf 90' lang='lat' dir='ltr'><strong>et</strong></span> <span class='ocrx_word' id='word_1_865' title='bbox 2978 4489 3057 4527; x_wconf 90' lang='lat' dir='ltr'><strong>me</strong></span> <span class='ocrx_word' id='word_1_866' title='bbox 3094 4473 3369 4542; x_wconf 83' lang='lat' dir='ltr'><strong>collegistis</strong></span> <span class='ocrx_word' id='word_1_867' title='bbox 3394 4487 3412 4525; x_wconf 91' lang='lat'><em>:</em></span> <span class='ocrx_word' id='word_1_868' title='bbox 3438 4471 3602 4525; x_wconf 84' lang='lat' dir='ltr'><strong>nudus</strong></span> 
     </span>
    </p>
   </div>
   <div class='ocr_carea' id='block_1_101' title="bbox 2013 4563 3603 4636">
    <p class='ocr_par' dir='ltr' id='par_1_101' title="bbox 2013 4563 3603 4636">
     <span class='ocr_line' id='line_1_101' title="bbox 2013 4563 3603 4636; baseline -0.004 -14"><span class='ocrx_word' id='word_1_869' title='bbox 2013 4584 2185 4633; x_wconf 89' lang='lat' dir='ltr'><strong>eram,</strong></span> <span class='ocrx_word' id='word_1_870' title='bbox 2214 4578 2261 4622; x_wconf 92' lang='lat' dir='ltr'><strong>et</strong></span> <span class='ocrx_word' id='word_1_871' title='bbox 2289 4584 2368 4621; x_wconf 90' lang='lat' dir='ltr'><strong>me</strong></span> <span class='ocrx_word' id='word_1_872' title='bbox 2392 4566 2629 4621; x_wconf 87' lang='lat' dir='ltr'><strong>induistis</strong></span> <span class='ocrx_word' id='word_1_873' title='bbox 2649 4581 2668 4620; x_wconf 89' lang='lat'><strong><em>:</em></strong></span> <span class='ocrx_word' id='word_1_874' title='bbox 2688 4566 2921 4636; x_wconf 77' lang='lat' dir='ltr'><strong>inﬁrmus</strong></span> <span class='ocrx_word' id='word_1_875' title='bbox 2951 4580 3088 4618; x_wconf 84' lang='lat' dir='ltr'><strong>eram</strong></span> <span class='ocrx_word' id='word_1_876' title='bbox 3116 4573 3162 4617; x_wconf 80' lang='lat' dir='ltr'><strong>et</strong></span> <span class='ocrx_word' id='word_1_877' title='bbox 3190 4563 3244 4616; x_wconf 88' lang='lat' dir='ltr'><strong>in</strong></span> <span class='ocrx_word' id='word_1_878' title='bbox 3280 4578 3479 4616; x_wconf 88' lang='lat' dir='ltr'><strong>carcere</strong></span> <span class='ocrx_word' id='word_1_879' title='bbox 3503 4604 3519 4628; x_wconf 90' lang='lat'><strong>,</strong></span> <span class='ocrx_word' id='word_1_880' title='bbox 3555 4573 3603 4615; x_wconf 87' lang='lat' dir='ltr'><strong>et</strong></span> 
     </span>
    </p>
   </div>
   <div class='ocr_carea' id='block_1_102' title="bbox 2013 4652 3602 4727">
    <p class='ocr_par' dir='ltr' id='par_1_102' title="bbox 2013 4652 3602 4727">
     <span class='ocr_line' id='line_1_102' title="bbox 2013 4652 3602 4727; baseline -0.006 -15"><span class='ocrx_word' id='word_1_881' title='bbox 2013 4675 2091 4713; x_wconf 89' lang='lat' dir='ltr'><strong>me</strong></span> <span class='ocrx_word' id='word_1_882' title='bbox 2123 4658 2378 4714; x_wconf 79' lang='lat' dir='ltr'><strong>visitastis.</strong></span> <span class='ocrx_word' id='word_1_883' title='bbox 2411 4655 2676 4712; x_wconf 84' lang='lat' dir='ltr'><strong>Possidete</strong></span> <span class='ocrx_word' id='word_1_884' title='bbox 2698 4664 2936 4727; x_wconf 89' lang='lat' dir='ltr'><strong>paratum</strong></span> <span class='ocrx_word' id='word_1_885' title='bbox 2961 4654 3097 4708; x_wconf 83' lang='lat' dir='ltr'><strong>vobis</strong></span> <span class='ocrx_word' id='word_1_886' title='bbox 3122 4668 3336 4722; x_wconf 86' lang='lat' dir='ltr'><strong>regnum</strong></span> <span class='ocrx_word' id='word_1_887' title='bbox 3361 4668 3391 4704; x_wconf 89' lang='lat' dir='ltr'><strong>a</strong></span> <span class='ocrx_word' id='word_1_888' title='bbox 3417 4652 3602 4705; x_wconf 84' lang='lat' dir='ltr'><strong>consti-</strong></span> 
     </span>
    </p>
   </div>
   <div class='ocr_carea' id='block_1_103' title="bbox 2013 4743 3602 4820">
    <p class='ocr_par' dir='ltr' id='par_1_103' title="bbox 2013 4743 3602 4820">
     <span class='ocr_line' id='line_1_103' title="bbox 2013 4743 3602 4820; baseline -0.008 -15"><span class='ocrx_word' id='word_1_889' title='bbox 2013 4751 2203 4805; x_wconf 86' lang='lat' dir='ltr'><strong>tutione</strong></span> <span class='ocrx_word' id='word_1_890' title='bbox 2247 4748 2423 4804; x_wconf 89' lang='lat' dir='ltr'><strong>mundi</strong></span> <span class='ocrx_word' id='word_1_891' title='bbox 2463 4747 2697 4820; x_wconf 80' lang='lat' dir='ltr'><strong>(Matth.</strong></span> <span class='ocrx_word' id='word_1_892' title='bbox 2739 4747 2829 4802; x_wconf 74' lang='lat'><strong>25.</strong></span> <span class='ocrx_word' id='word_1_893' title='bbox 2862 4743 3096 4814; x_wconf 70' lang='lat'><strong>54-36).</strong></span> <span class='ocrx_word' id='word_1_894' title='bbox 3144 4743 3429 4812; x_wconf 85' lang='lat' dir='ltr'><strong>Fugiamus</strong></span> <span class='ocrx_word' id='word_1_895' title='bbox 3474 4757 3602 4811; x_wconf 82' lang='lat' dir='ltr'><strong>ergo</strong></span> 
     </span>
    </p>
   </div>
   <div class='ocr_carea' id='block_1_104' title="bbox 2012 4837 3601 4911">
    <p class='ocr_par' dir='ltr' id='par_1_104' title="bbox 2012 4837 3601 4911">
     <span class='ocr_line' id='line_1_104' title="bbox 2012 4837 3601 4911; baseline -0.006 -15"><span class='ocrx_word' id='word_1_896' title='bbox 2012 4842 2288 4898; x_wconf 88' lang='lat' dir='ltr'><strong>avaritiam</strong></span> <span class='ocrx_word' id='word_1_897' title='bbox 2316 4850 2368 4896; x_wconf 92' lang='lat' dir='ltr'><strong>et</strong></span> <span class='ocrx_word' id='word_1_898' title='bbox 2408 4840 2559 4911; x_wconf 91' lang='lat' dir='ltr'><strong>plura</strong></span> <span class='ocrx_word' id='word_1_899' title='bbox 2590 4838 2818 4895; x_wconf 86' lang='lat' dir='ltr'><strong>habendi</strong></span> <span class='ocrx_word' id='word_1_900' title='bbox 2847 4837 3190 4907; x_wconf 89' lang='lat' dir='ltr'><strong>cupiditatem</strong></span> <span class='ocrx_word' id='word_1_901' title='bbox 3214 4875 3227 4899; x_wconf 94' lang='lat'><strong>,</strong></span> <span class='ocrx_word' id='word_1_902' title='bbox 3261 4842 3318 4887; x_wconf 91' lang='lat' dir='ltr'><strong>ut</strong></span> <span class='ocrx_word' id='word_1_903' title='bbox 3347 4849 3601 4903; x_wconf 85' lang='lat' dir='ltr'><strong>assequa-</strong></span> 
     </span>
    </p>
   </div>
   <div class='ocr_carea' id='block_1_105' title="bbox 2011 4926 3603 5005">
    <p class='ocr_par' dir='ltr' id='par_1_105' title="bbox 2011 4926 3603 5005">
     <span class='ocr_line' id='line_1_105' title="bbox 2011 4926 3603 5005; baseline -0.008 -14"><span class='ocrx_word' id='word_1_904' title='bbox 2011 4951 2134 4991; x_wconf 89' lang='lat' dir='ltr'><strong>mur</strong></span> <span class='ocrx_word' id='word_1_905' title='bbox 2161 4951 2381 5005; x_wconf 74' lang='lat' dir='ltr'><strong>regnum</strong></span> <span class='ocrx_word' id='word_1_906' title='bbox 2408 4934 2661 4990; x_wconf 85' lang='lat' dir='ltr'><strong>caelorum</strong></span> <span class='ocrx_word' id='word_1_907' title='bbox 2687 4950 2701 4985; x_wconf 89' lang='lat'><strong>:</strong></span> <span class='ocrx_word' id='word_1_908' title='bbox 2725 4931 3021 4986; x_wconf 88' lang='lat' dir='ltr'><strong>nutriamus</strong></span> <span class='ocrx_word' id='word_1_909' title='bbox 3045 4942 3339 4999; x_wconf 87' lang='lat' dir='ltr'><strong>pauperes,</strong></span> <span class='ocrx_word' id='word_1_910' title='bbox 3369 4936 3423 4981; x_wconf 91' lang='lat' dir='ltr'><strong>ut</strong></span> <span class='ocrx_word' id='word_1_911' title='bbox 3448 4926 3603 4981; x_wconf 86' lang='lat' dir='ltr'><strong>Chri-</strong></span> 
     </span>
    </p>
   </div>
   <div class='ocr_carea' id='block_1_106' title="bbox 2013 5018 3605 5096">
    <p class='ocr_par' dir='ltr' id='par_1_106' title="bbox 2013 5018 3605 5096">
     <span class='ocr_line' id='line_1_106' title="bbox 2013 5018 3605 5096; baseline -0.009 -10"><span class='ocrx_word' id='word_1_912' title='bbox 2013 5039 2153 5086; x_wconf 87' lang='lat' dir='ltr'><strong>stum</strong></span> <span class='ocrx_word' id='word_1_913' title='bbox 2183 5030 2499 5093; x_wconf 88' lang='lat' dir='ltr'><strong>nutriamus,</strong></span> <span class='ocrx_word' id='word_1_914' title='bbox 2529 5035 2588 5081; x_wconf 89' lang='lat' dir='ltr'><strong>ut</strong></span> <span class='ocrx_word' id='word_1_915' title='bbox 2612 5026 2731 5096; x_wconf 89' lang='lat' dir='ltr'><strong>ejus</strong></span> <span class='ocrx_word' id='word_1_916' title='bbox 2754 5025 2921 5081; x_wconf 89' lang='lat' dir='ltr'><strong>simus</strong></span> <span class='ocrx_word' id='word_1_917' title='bbox 2946 5021 3243 5078; x_wconf 88' lang='lat' dir='ltr'><strong>coheredes</strong></span> <span class='ocrx_word' id='word_1_918' title='bbox 3262 5061 3276 5085; x_wconf 91' lang='lat'><strong>,</strong></span> <span class='ocrx_word' id='word_1_919' title='bbox 3307 5020 3358 5073; x_wconf 90' lang='lat' dir='ltr'><strong>in</strong></span> <span class='ocrx_word' id='word_1_920' title='bbox 3386 5018 3605 5074; x_wconf 88' lang='lat' dir='ltr'><strong>Christo</strong></span> 
     </span>
    </p>
   </div>
   <div class='ocr_carea' id='block_1_107' title="bbox 2011 5111 3602 5187">
    <p class='ocr_par' dir='ltr' id='par_1_107' title="bbox 2011 5111 3602 5187">
     <span class='ocr_line' id='line_1_107' title="bbox 2011 5111 3602 5187; baseline -0.012 -9"><span class='ocrx_word' id='word_1_921' title='bbox 2011 5122 2141 5180; x_wconf 85' lang='lat' dir='ltr'><strong>Jcsu</strong></span> <span class='ocrx_word' id='word_1_922' title='bbox 2175 5122 2398 5177; x_wconf 91' lang='lat' dir='ltr'><strong>Domino</strong></span> <span class='ocrx_word' id='word_1_923' title='bbox 2424 5128 2611 5175; x_wconf 89' lang='lat' dir='ltr'><strong>nostro</strong></span> <span class='ocrx_word' id='word_1_924' title='bbox 2632 5159 2647 5183; x_wconf 89' lang='lat'><strong>,</strong></span> <span class='ocrx_word' id='word_1_925' title='bbox 2675 5133 2797 5174; x_wconf 90' lang='lat' dir='ltr'><strong>cum</strong></span> <span class='ocrx_word' id='word_1_926' title='bbox 2825 5130 2930 5187; x_wconf 89' lang='lat' dir='ltr'><strong>quo</strong></span> <span class='ocrx_word' id='word_1_927' title='bbox 2951 5114 3095 5169; x_wconf 87' lang='lat' dir='ltr'><strong>Patri</strong></span> <span class='ocrx_word' id='word_1_928' title='bbox 3122 5111 3389 5181; x_wconf 82' lang='lat' dir='ltr'><strong>simulque</strong></span> <span class='ocrx_word' id='word_1_929' title='bbox 3416 5120 3602 5165; x_wconf 82' lang='lat' dir='ltr'><strong>sancto</strong></span> 
     </span>
    </p>
   </div>
   <div class='ocr_carea' id='block_1_108' title="bbox 2015 5208 3604 5286">
    <p class='ocr_par' dir='ltr' id='par_1_108' title="bbox 2015 5208 3604 5286">
     <span class='ocr_line' id='line_1_108' title="bbox 2015 5208 3604 5286; baseline -0.012 -15"><span class='ocrx_word' id='word_1_930' title='bbox 2015 5214 2236 5286; x_wconf 90' lang='lat' dir='ltr'><strong>Spiritui</strong></span> <span class='ocrx_word' id='word_1_931' title='bbox 2264 5214 2462 5285; x_wconf 83' lang='lat' dir='ltr'><strong>gloria,</strong></span> <span class='ocrx_word' id='word_1_932' title='bbox 2494 5219 2751 5281; x_wconf 86' lang='lat' dir='ltr'><strong>potestas,</strong></span> <span class='ocrx_word' id='word_1_933' title='bbox 2781 5208 2953 5264; x_wconf 89' lang='lat' dir='ltr'><strong>honor</strong></span> <span class='ocrx_word' id='word_1_934' title='bbox 2975 5248 2989 5276; x_wconf 93' lang='lat'><strong>,</strong></span> <span class='ocrx_word' id='word_1_935' title='bbox 3022 5219 3163 5261; x_wconf 90' lang='lat' dir='ltr'><strong>nunc</strong></span> <span class='ocrx_word' id='word_1_936' title='bbox 3190 5210 3244 5258; x_wconf 90' lang='lat' dir='ltr'><strong>et</strong></span> <span class='ocrx_word' id='word_1_937' title='bbox 3272 5216 3517 5271; x_wconf 83' lang='lat' dir='ltr'><strong>semper,</strong></span> <span class='ocrx_word' id='word_1_938' title='bbox 3540 5211 3604 5259; x_wconf 69' lang='grc' dir='ltr'><strong>,ει</strong></span> 
     </span>
    </p>
   </div>
   <div class='ocr_carea' id='block_1_109' title="bbox 2012 5302 2881 5364">
    <p class='ocr_par' dir='ltr' id='par_1_109' title="bbox 2012 5302 2881 5364">
     <span class='ocr_line' id='line_1_109' title="bbox 2012 5302 2881 5364; baseline -0.013 0"><span class='ocrx_word' id='word_1_939' title='bbox 2012 5310 2065 5364; x_wconf 93' lang='lat' dir='ltr'><strong>in</strong></span> <span class='ocrx_word' id='word_1_940' title='bbox 2098 5308 2288 5363; x_wconf 73' lang='lat' dir='ltr'><strong>sarcula</strong></span> <span class='ocrx_word' id='word_1_941' title='bbox 2320 5305 2656 5362; x_wconf 74' lang='lat' dir='ltr'><strong>szeculorum.</strong></span> <span class='ocrx_word' id='word_1_942' title='bbox 2690 5302 2881 5357; x_wconf 81' lang='lat' dir='ltr'><strong>Amen.</strong></span> 
     </span>
    </p>
   </div>
  </div>
