3980 6142
378 372 507 459 159,

1107 378 1162 432 S.
1205 379 1477 438 JOANNIS
1514 376 1989 455 CHRYSOSTOMI
2026 378 2342 435 ARCIIIEP.
2382 379 2913 439 CONSTANTINOP.

3514 396 3611 456 HO

1766 571 2107 635 HOMILIA
2148 574 2330 640 XIX.

381 721 511 776 Car.
542 720 630 778 id.
657 734 711 774 ν.
746 716 832 774 19.
867 714 1122 770 Habentes
1163 714 1354 783 itaque,
1389 712 1593 782 fratres,
1625 712 1870 780 fiduciam
1908 712 1962 767 in

452 812 659 866 introitu
680 818 970 866 sanctorum
992 808 1048 862 in
1068 805 1317 877 sanguine
1340 804 1487 871 Iesu,
1507 802 1599 859 20.
1621 820 1776 875 quam
1801 804 1967 858 initia.

452 906 522 959 vit
567 904 709 959 nobis
750 903 885 956 viam
926 916 1109 956 novam
1139 907 1185 954 et
1226 899 1467 952 viventem
1497 912 1586 967 per
1611 896 1839 951 velamen
1864 937 1879 963 ,
1910 896 1965 949 id

458 1005 552 1064 est,
579 1011 780 1049 carnem
807 1009 973 1059 suam,
1003 991 1093 1046 21.
1126 1000 1172 1045 et
1199 988 1508 1045 sacerdotem
1539 1003 1780 1057 magnum
1813 1003 1968 1057 super

453 1088 664 1142 domum
704 1084 802 1140 Dei
828 1103 847 1138 :
872 1083 963 1138 2?...
993 1081 1291 1136 accedamus
1319 1096 1433 1134 cum
1457 1095 1572 1134 vero
1598 1079 1748 1133 corde
1772 1079 1825 1133 in
1852 1078 1965 1149 ple-

453 1179 737 1234 nitudinem
780 1176 900 1246 ﬁdei
924 1217 939 1241 ,
986 1174 1180 1244 aspersi
1208 1172 1364 1227 corda
1389 1189 1421 1225 a
1449 1171 1752 1227 conscientia
1782 1170 1918 1224 mala
1942 1188 1963 1236 ,-

454 1278 500 1324 et
517 1266 676 1323 abluti
694 1282 879 1338 corpus
898 1280 1030 1334 aqua
1049 1263 1259 1329 munda,
1278 1262 1368 1318 25.
1388 1270 1643 1316 teneamus
1658 1261 1764 1331 spei
1783 1269 1969 1316 nostris

345 1355 358 1391 ί
453 1361 821 1434 confessionem
850 1356 1280 1413 indeclinabilem.

455 1455 511 1509 1.
544 1452 620 1525 (a)
647 1451 781 1506 Cum
800 1448 1125 1506 ostendisset
1148 1455 1405 1517 quantum
1434 1445 1647 1502 intersit
1666 1445 1806 1502 inter
1832 1459 1967 1517 pon-

384 1546 608 1610 tiﬁcem,
640 1551 695 1600 et
720 1541 1005 1609 sacriﬁcia,
1038 1548 1095 1596 et
1126 1539 1554 1606 tabernaculum,
1594 1547 1650 1594 et
1679 1548 1967 1593 testamen-

385 1650 523 1707 tum,
539 1647 594 1695 et
609 1620 1045 1708 promissionem,
1067 1642 1123 1689 et
1138 1633 1364 1688 multum
1384 1633 1645 1688 interesse
1666 1649 1678 1686 :
1704 1632 1968 1703 siquidem

384 1733 473 1789 illa
504 1732 723 1803 quidem
751 1737 879 1786 sunt
902 1728 1219 1798 temporalia
1239 1768 1256 1794 ,
1297 1727 1415 1782 hmo
1441 1742 1571 1782 vero
1609 1735 1844 1792 aeterna;
1878 1725 1969 1781 illa

382 1823 598 1895 quidem
639 1838 807 1894 prope
853 1820 1126 1876 interitum
1149 1859 1164 1885 ,
1206 1818 1324 1874 haec
1358 1832 1488 1872 vero
1517 1818 1788 1872 manentia
1819 1833 1834 1883 ;
1879 1816 1967 1872 illa

382 1914 653 1971 imbecilla
674 1955 690 1982 ,
732 1912 848 1968 haec
875 1909 1151 1983 perfecta;
1195 1909 1286 1964 illa
1325 1917 1482 1980 typus
1520 1922 1583 1963 ac
1613 1908 1778 1978 ﬁgura
1804 1950 1818 1976 ,
1852 1906 1970 1962 hcce

381 2009 579 2067 veritas
612 2025 628 2068 :
663 2007 785 2062 Non
814 2004 959 2063 enim
981 2004 1257 2062 secundum
1282 2005 1441 2076 legem
1461 2004 1723 2071 mandati,
1761 2005 1992 2074 inquit,-

379 2103 622 2171 carnalis,
668 2103 758 2157 sed
799 2099 1074 2155 secundum
1119 2099 1353 2153 virtutem
1394 2098 1510 2152 vita
1546 2095 1878 2161 insolubilis;
1916 2105 1972 2152 et

378 2210 567 2261 rursus
588 2236 606 2263 ,
646 2191 730 2248 Tu
763 2208 816 2246 es
843 2190 1083 2246 sacerdos
1117 2189 1172 2244 in
1204 2198 1446 2243 internum
1485 2186 1689 2259 (Hebr.
1718 2189 1773 2241 7.
1806 2188 1892 2242 16.
1924 2196 1970 2242 et

374 2287 432 2344 5.
463 2286 533 2358 6)
568 2287 736 2357 (ecce
765 2282 1064 2338 sacerdotis
1093 2278 1536 2351 perpetuitatem)
1563 2297 1576 2333 :
1606 2289 1659 2333 et
1687 2278 1756 2333 de
1784 2277 1970 2333 Testa-

376 2387 585 2444 mento,
612 2375 769 2441 Illud,
791 2373 982 2444 inquit,
1005 2380 1089 2428 est
1108 2379 1262 2426 vetus
1286 2388 1301 2425 :
1334 2369 1483 2436 Quod
1510 2369 1651 2424 enim
1679 2370 1972 2440 antiquatur

380 2479 427 2524 et
447 2468 677 2533 senescit,
704 2482 862 2537 prope
887 2465 1143 2519 interitum
1171 2470 1243 2518 est
1284 2461 1545 2534 (Hebr.8.
1576 2461 1665 2533 13)
1696 2479 1709 2514 :
1735 2460 1837 2516 hoc
1869 2476 1969 2515 au-

378 2571 491 2618 tem
518 2575 714 2616 novum
737 2568 792 2616 et
818 2557 1021 2614 habens
1039 2555 1406 2613 remissionem
1431 2563 1772 2626 peccatorum
1799 2574 1813 2621 ;
1837 2556 1968 2611 illud

379 2669 510 2711 vero
541 2652 677 2710 nihil
709 2653 811 2708 lale
840 2669 855 2707 :
887 2650 1038 2706 Nihil
1080 2651 1212 2705 enim
1252 2649 1334 2703 lea:
1360 2648 1574 2702 adduxit
1599 2649 1668 2701 ad
1692 2650 1968 2719 perfectum

381 2747 566 2819 (Hebr.
595 2748 650 2802 7.
684 2746 798 2816 19),
826 2744 1000 2815 inquit
1028 2760 1042 2811 ;
1073 2752 1128 2799 et
1152 2754 1360 2808 rursus,
1390 2740 1715 2808 Sacri/icium
1746 2750 1791 2794 et
1822 2740 1966 2794 obla-

390 2841 575 2895 tionem
603 2839 852 2893 noluisti:
874 2835 1003 2893 illud
1028 2835 1243 2907 quidem
1263 2831 1646 2898 manulactum,
1667 2831 1768 2885 hoc
1792 2836 1970 2883 autem

388 2948 499 2989 non
528 2931 928 2999 manufactum;
956 2927 1085 2984 illud
1107 2928 1310 2983 habens
1335 2925 1648 2996 sanguinem
1672 2921 1970 2987 hircorum,

381 3021 488 3076 hoc
510 3036 641 3076 vero
669 3019 910 3084 Domini;
938 3018 1069 3071 illud
1099 3022 1334 3071 stantem
1359 3010 1718 3074 sacerdotem,
1753 3009 1857 3064 hoc
1882 3022 1972 3064 se-

385 3114 622 3169 dentem.
641 3108 910 3176 Quoniam
931 3121 1063 3178 ergo
1084 3105 1267 3161 omnia
1284 3103 1377 3158 illa
1399 3101 1634 3161 minora,
1659 3099 1775 3155 haec
1792 3110 1972 3157 autem

388 3206 618 3276 majora,
633 3208 916 3274 propterea
933 3198 1087 3265 dicit,
1108 3196 1373 3251 Habentes
1392 3195 1586 3264 itaque,
1603 3194 1815 3263 fratres,
1835 3196 1972 3263 [idu-

388 3295 549 3349 ciam.
580 3290 861 3347 Fiduciam
887 3286 1202 3344 undenam?
1229 3285 1274 3339 A
1299 3284 1641 3342 remissione.
1671 3281 1825 3338 Sicut
1843 3298 1978 3354 pec-

387 3395 532 3453 cata,
547 3385 744 3458 inquit,
759 3382 998 3440 eﬁiciunt
1017 3390 1070 3438 et
1086 3379 1318 3436 alterunt
1332 3379 1615 3451 pudorem,
1631 3377 1705 3431 ita
1725 3375 1977 3432 ﬁduciam

390 3481 550 3539 affert
565 3490 620 3537 et
635 3479 800 3536 eilicit
815 3477 961 3550 quod
981 3476 1165 3531 omnia
1192 3476 1303 3531 sint
1331 3474 1490 3529 nobis
1517 3471 1783 3527 remissa:
1804 3484 1982 3541 neque

390 3574 496 3630 hoc
512 3579 747 3639 tantum,
762 3571 855 3627 sed
870 3568 1015 3641 quod
1028 3554 1346 3623 facti'simus
1363 3563 1756 3630 cohaeredes,et
1769 3569 1980 3616 tantam

399 3664 573 3720 simus
590 3663 827 3720 assecuti
847 3656 1260 3717 charitatemJn
1275 3655 1497 3711 introitu
1508 3647 1983 3715 sanctorum.Quid

346 3756 351 3761 '
401 3751 493 3805 hic
517 3749 647 3805 dicit
671 3745 991 3803 introitum?
1017 3744 1219 3800 Gaulum
1247 3751 1304 3799 et
1330 3739 1697 3797 accessionem
1725 3735 1794 3792 ad
1824 3734 1986 3805 spiri-

404 3843 588 3899 tualia.
621 3840 791 3909 Quam
808 3840 1045 3895 initiavit.
1076 3837 1191 3893 Hoc
1216 3843 1319 3902 est,
1343 3848 1503 3905 quam
1530 3829 1850 3895 construxit,
1879 3835 1934 3882 et
1958 3841 1988 3880 a

405 3951 514 4006 qua
559 3934 760 4006 incepit
804 3951 818 3988 :
864 3930 1095 3988 initiatio
1132 3930 1276 3984 enim
1315 3936 1399 3983 est
1442 3925 1554 3995 jam
1600 3922 1809 3978 initium
1838 3933 1988 3974 usus.

407 4029 579 4097 Quam
605 4022 927 4088 construxit,
951 4021 1144 4091 inquit,
1161 4028 1217 4074 et
1240 4034 1335 4088 per
1353 4032 1511 4087 quam
1535 4016 1650 4086 ipse
1678 4022 1761 4069 est
1789 4012 1994 4082 ingres-

412 4135 526 4176 sus.
569 4118 718 4172 Viam
752 4131 933 4171 novam
961 4123 1010 4168 et
1039 4113 1301 4166 viventem.
1332 4109 1431 4164 llic
1458 4107 1695 4163 ostendit
1733 4105 1847 4175 spei
1879 4104 1986 4173 ple-

412 4208 733 4264 nitudinem.
767 4204 991 4269 Novam,
1024 4201 1218 4271 inquit.
1249 4197 1542 4254 Contendit
1567 4194 1853 4252 ostendere
1896 4206 1995 4248 nos

416 4298 596 4355 omnia
635 4294 885 4351 habuisse
917 4292 1117 4363 majora
1141 4332 1157 4358 ,
1189 4288 1452 4360 siquidem
1482 4302 1624 4344 nunc
1653 4294 1850 4356 aperta:
1874 4290 1998 4339 sunt

415 4398 584 4463 porta:
600 4386 880 4451 caelorum,
905 4383 1046 4453 quod
1069 4396 1168 4437 nec
1193 4380 1483 4436 Abraliami
1508 4377 1724 4450 quidem
1756 4385 1997 4447 tempore

416 4479 659 4551 contigit.
687 4477 752 4532 Et
773 4486 918 4531 recte
943 4474 1091 4541 dicit,
1128 4472 1273 4526 Viam
1293 4487 1473 4526 novam
1494 4481 1539 4525 et
1562 4472 1805 4525 viventem
1831 4486 1849 4522 :
1877 4483 1997 4528 nam

417 4574 592 4646 prima
618 4571 703 4627 via
724 4577 842 4625 erat
870 4566 1081 4631 mortis,
1099 4564 1303 4620 ducens
1327 4563 1397 4618 ad
1428 4562 1648 4628 inferos,
1682 4563 1795 4616 lnec
1820 4569 1999 4615 autem

417 4669 563 4724 vitm.
603 4664 674 4720 Et
702 4676 809 4718 non
840 4659 972 4716 dixit
998 4698 1013 4725 ,
1034 4656 1173 4712 Vita:
1192 4696 1208 4724 ,
1233 4657 1327 4711 sed
1359 4669 1475 4710 eam
1504 4653 1788 4725 appellavit
1814 4652 2000 4706 viven-

420 4771 528 4817 tem
557 4800 572 4826 ,
605 4759 709 4813 hoc
736 4763 820 4810 est
848 4758 1177 4807 manentem.
1225 4747 1330 4802 Per
1368 4747 1628 4814 velamen,
1670 4745 1871 4814 inquit,
1913 4759 2002 4813 per

420 4865 624 4908 carnem
648 4862 815 4903 suam.
848 4843 967 4914 Ipsa
999 4841 1142 4897 enim
1169 4853 1297 4903 caro
1324 4838 1373 4895 ei
1397 4838 1565 4909 prima
1588 4836 1732 4891 illam
1754 4836 1891 4890 viam
1920 4849 2002 4890 se-

420 4944 552 5007 cuit,
582 4954 741 5011 quam
777 4937 938 4992 etiam
968 4933 1207 4988 initiasse
1232 4931 1360 4987 dicit
1382 4970 1397 4995 ,
1426 4928 1568 5000 quod
1592 4939 1646 4983 et
1677 4928 1789 4997 ipse
1812 4927 2002 4998 digna-

423 5043 574 5092 retur
605 5045 700 5102 per
728 5028 874 5083 illam
902 5023 1126 5097 ingredi.
1170 5022 1426 5078 Velamen
1457 5028 1633 5076 autem
1667 5019 1857 5076 merito
1880 5033 2002 5074 car-

415 5139 539 5182 nem
577 5124 793 5180 vocavit
825 5140 839 5177 :
876 5121 1092 5195 quando
1132 5120 1276 5175 enim
1318 5118 1561 5173 sublatus
1590 5116 1687 5171 fuit
1715 5117 1766 5170 in
1798 5114 1960 5169 altum
1983 5154 1998 5181 ,

411 5225 547 5272 tunc
570 5222 938 5287 apparuerunt
973 5229 1037 5270 ea
1064 5228 1183 5284 qua:
1218 5219 1345 5266 sunt
1373 5211 1425 5264 in
1453 5209 1620 5264 caelis.
1670 5208 2000 5271 .lccedamus,

419 5310 614 5381 inquit,
643 5325 760 5363 cum
785 5324 905 5364 vero
931 5305 1103 5362 corde.
1131 5304 1358 5372 Quinam
1388 5301 1707 5357 accedamus
1739 5300 1763 5354 ?
1802 5299 1856 5355 Si
1883 5299 2005 5369 quis

420 5409 636 5459 sanctus
660 5399 769 5456 ﬁde
790 5409 847 5457 et
874 5399 1137 5471 spirituali
1167 5396 1500 5452 adoratione.
1534 5393 1661 5449 Cum
1687 5410 1800 5449 vero
1830 5392 2000 5458 corde,

421 5494 477 5548 in
503 5492 822 5563 plenitudine
850 5490 1015 5561 ﬁdei;
1044 5489 1094 5544 id
1122 5498 1223 5555 est,
1258 5486 1511 5558 quoniam
1540 5484 1673 5539 nihil
1698 5493 1781 5539 est
1812 5483 2007 5552 adspe-

410 5584 617 5650 ctabile
638 5623 655 5651 ,
686 5595 861 5653 neque
901 5580 1153 5639 sacerdos
1178 5621 1194 5650 ,
1234 5592 1408 5649 neque
1446 5574 1800 5643 sacriﬁcium,
1831 5588 2006 5644 nequc

487 5736 562 5799 (a)
586 5734 764 5785 Totum
785 5731 976 5803 init-ium
998 5743 1322 5803 magnamque
1346 5735 1534 5796 partem
1565 5729 1774 5781 bomiliae
1796 5730 2005 5781 decimas

418 5793 559 5850 norim
583 5794 909 5860 praetermittit
930 5793 1065 5845 Colb.

2062 724 2253 781 altare.
2284 725 2617 796 Quamquam
2645 740 2745 780 nec
2772 723 2863 780 ille
2888 724 3105 795 quidem
3131 724 3385 778 sacerdos
3405 733 3523 778 erat
3549 725 3650 777 ad-

2062 817 2402 888 spectabilis,
2440 817 2536 873 sed
2574 816 2690 888 ipse
2718 815 2897 872 stabat
2940 816 3122 881 intus.
3163 813 3241 869 illi
3288 822 3469 869 autem
3497 822 3648 869 extra

2061 923 2283 977 omnes,
2317 922 2511 979 nempe
2542 917 2684 964 totus
2713 906 2959 977 populus.
2992 905 3091 961 ilic
3125 914 3307 960 autem
3334 920 3441 960 non
3469 905 3646 960 solum
3692 920 3695 923 ·

2064 1002 2168 1058 hoc
2192 1004 2447 1068 ostendit,
2473 1002 2616 1072 quod
2641 1000 2895 1057 sacerdos
2916 999 3198 1054 intraverit
3219 999 3271 1053 in
3294 1006 3477 1053 sancta
3505 1014 3520 1063 ;
3548 998 3652 1053 hoc

2063 1091 2210 1148 enim
2249 1092 2488 1148 declarat
2524 1092 2744 1158 dicens,
2789 1088 2859 1144 Et
2895 1089 3204 1144 sacerdotem
3230 1105 3471 1160 magnum
3496 1105 3654 1158 super

2065 1185 2271 1243 domum
2296 1185 2388 1240 Dei
2410 1200 2430 1251 ;
2464 1184 2558 1241 sed
2581 1184 2830 1254 quoniam
2854 1196 2953 1238 nos
2975 1197 3189 1253 quoque
3217 1181 3498 1236 intramus.
3521 1180 3655 1235 Pro—

2066 1285 2272 1349 pterea,
2304 1277 2495 1349 inquit,
2526 1275 2592 1331 In
2616 1275 2930 1346 plenitudine
2951 1275 3090 1344 ﬁdei.
3115 1273 3261 1329 Fieri
3296 1274 3437 1328 enim
3477 1282 3655 1343 potest

2062 1379 2126 1427 ut
2162 1372 2323 1427 etiam
2368 1369 2552 1426 credat
2580 1368 2771 1439 aliquis
2809 1365 3105 1422 dubitans:
3144 1374 3201 1419 ut
3230 1363 3380 1420 multi
3412 1375 3533 1418 sunt
3561 1365 3653 1435 qui

2019 1519 2028 1526 ,
2065 1464 2225 1520 etiam
2244 1478 2385 1519 nunc
2400 1462 2604 1526 dicunt,
2627 1460 3008 1515 nonnullorum
3033 1472 3154 1514 esse
3176 1457 3651 1523 resurrectionem,

2066 1556 2442 1613 nonnullorum
2472 1563 2652 1609 autem
2681 1567 2786 1608 non
2818 1566 2957 1607 esse.
2988 1551 3099 1606 lloc
3126 1564 3231 1604 non
3258 1559 3341 1605 est
3371 1550 3492 1607 ﬁdei
3535 1551 3653 1622 ple-

2065 1646 2251 1704 nitudo
2275 1664 2287 1701 :
2311 1647 2382 1701 ita
2408 1645 2552 1701 enim
2574 1653 2785 1717 oportet
2806 1643 3050 1709 credere,
3082 1651 3138 1697 ut
3160 1642 3228 1698 de
3254 1642 3574 1711 visibilibus,
3598 1653 3657 1699 et

2068 1739 2239 1794 multo
2274 1738 2525 1808 amplius.
2551 1736 2687 1792 Nam
2723 1735 2810 1790 hic
2836 1734 3056 1806 quidem
3097 1733 3265 1788 errari
3299 1743 3477 1803 potest
3501 1734 3553 1788 in
3587 1735 3658 1790 iis

2066 1847 2185 1904 qua:
2229 1831 2498 1898 videntur,
2542 1830 2654 1885 illic
2692 1839 2867 1884 autem
2908 1841 3247 1896 nequaquam
3278 1844 3290 1881 :
3322 1826 3407 1882 hic
3434 1826 3655 1898 quidem

2066 1924 2250 1982 sensui
2279 1923 2666 1995 permittimus,
2699 1921 2808 1976 illic
2837 1934 2967 1976 vero
2993 1918 3230 1988 spiritui.
3260 1919 3466 1987 Aspersi
3494 1920 3658 1974 corda

2065 2033 2096 2070 a
2132 2015 2437 2071 conscientia
2477 2013 2634 2069 mala.
2662 2009 2909 2069 Ostendit
2938 2010 3047 2076 hic,
3079 2007 3221 2080 quod
3248 2023 3354 2063 non
3387 2009 3561 2064 solum
3590 2010 3657 2063 ﬁ-

2066 2106 2180 2174 des,
2215 2106 2314 2164 sed
2358 2106 2464 2163 vita
2501 2119 2716 2177 quoque
2743 2117 2865 2158 cum
2907 2102 3107 2157 virtute
3147 2102 3424 2172 quaeritur,
3467 2111 3523 2156 et
3550 2102 3658 2156 sibi

2067 2200 2268 2256 nullius
2309 2198 2389 2255 rei
2435 2197 2592 2253 malae
2625 2209 2747 2253 esse
2788 2194 3084 2250 conscium.
3127 2192 3247 2248 Non
3285 2193 3429 2249 enim
3468 2202 3661 2250 sancta

2065 2292 2362 2362 suscipiunt
2395 2304 2490 2346 eos
2519 2288 2610 2360 qui
2645 2302 2754 2342 non
2785 2294 2909 2342 sunt
2946 2285 3025 2341 sic
3049 2284 3224 2340 aﬁ‘ecti
3254 2300 3376 2340 cum
3417 2284 3661 2356 plenitu-

2066 2384 2232 2440 dine:
2275 2391 2400 2438 sunt
2433 2382 2579 2438 enim
2626 2388 2811 2435 sancta
2852 2386 2908 2433 et
2951 2385 3136 2432 sancta
3180 2383 3512 2432 sanctorum.
3554 2375 3667 2433 llic

2069 2490 2199 2548 ergo
2244 2474 2406 2530 homo
2451 2471 2628 2528 nullus
2674 2470 2839 2526 intrat
2879 2466 3156 2539 profanus.
3201 2466 3285 2521 llli
3324 2467 3377 2521 in
3426 2481 3669 2538 corpore

2067 2566 2510 2640 aspergebantur,
2540 2577 2642 2619 nos
2666 2564 2720 2618 in
2749 2561 2863 2633 ipsa
2889 2559 3220 2616 conscientia
3255 2576 3268 2613 :
3301 2558 3667 2629 quamobrem

2069 2674 2212 2716 nunc
2259 2671 2474 2730 quoque
2522 2654 2647 2710 licet
2698 2653 2812 2725 ipsa
2868 2650 3083 2723 aspergi
3137 2651 3356 2705 virtute.
3390 2649 3459 2704 Et
3495 2649 3672 2704 abluti

2068 2768 2252 2823 corpus
2277 2766 2410 2821 aqua
2430 2746 2638 2802 munda.
2661 2745 2956 2801 Lavacrum
2978 2744 3107 2798 dicit
3128 2757 3234 2797 non
3263 2741 3405 2813 quod
3434 2740 3677 2798 mundat

2070 2857 2316 2913 corpora,
2353 2839 2447 2895 sed
2491 2838 2744 2893 animam.
2773 2833 2970 2889 Fidelis
3008 2833 3140 2888 enim
3171 2842 3247 2887 est
3280 2832 3366 2904 qui
3402 2832 3675 2903 promisit.

2072 2935 2335 3004 Quidnam
2386 2946 2516 2986 vero
2569 2925 2894 3000 promittens
2941 2933 3026 2981 est
3070 2923 3296 2980 ﬁdelis?
3343 2921 3498 2991 Quod
3545 2922 3681 2980 illic

2068 3037 2280 3099 oportet
2297 3026 2581 3093 decedere,
2598 3032 2656 3082 et
2669 3039 2891 3096 regnum
2907 3022 3127 3077 intrare.
3145 3019 3289 3075 Nihil
3304 3033 3435 3089 ergo
3449 3017 3628 3073 curios
3642 3034 3686 3074 ε

2074 3131 2338 3186 scrutare,
2358 3133 2533 3189 neque
2552 3117 2787 3173 rationes
2809 3114 2961 3184 exige
2985 3130 3000 3168 :
3029 3129 3115 3168 res
3141 3119 3339 3167 nostra:
3360 3118 3518 3178 egent
3537 3108 3681 3164 ﬁde.

2074 3212 2164 3268 24.
2199 3211 2260 3265 Et
2286 3211 2679 3275 consideremus,
2711 3206 2901 3279 inquit,
2933 3204 3145 3259 invicem
3175 3204 3228 3256 in
3254 3201 3684 3272 provocationem

2078 3303 2306 3356 caritatis
2332 3310 2380 3356 et
2409 3300 2653 3355 bonorum
2679 3313 2923 3368 operum,
2949 3295 3041 3350 ‘25.
3074 3310 3175 3348 non
3205 3293 3485 3348 deserentes
3511 3291 3685 3356 colle-

2078 3394 2291 3448 ctionem
2330 3401 2590 3455 nostram,
2632 3389 2760 3443 sicut
2801 3385 3180 3440 consuetudinis
3225 3391 3297 3438 est
3339 3380 3681 3453 quibusdam,

2081 3484 2168 3540 sed
2197 3484 2532 3549 consolantes,
2565 3491 2611 3536 et
2637 3489 2778 3533 tanto
2808 3477 2990 3549 magis,
3017 3484 3204 3547 quanto
3225 3473 3450 3528 videritis
3478 3488 3688 3542 appro-

2082 3576 2410 3645 pinquantem
2451 3572 2604 3626 diem.
2655 3569 2726 3624 Et
2771 3580 2958 3624 rursus
3003 3564 3131 3620 alibi
3181 3563 3310 3619 dicit
3354 3580 3371 3617 :
3415 3561 3690 3617 Dominus

2085 3683 2241 3736 prope
2260 3674 2330 3720 est
2352 3680 2369 3719 :
2392 3663 2521 3717 nihil
2549 3660 2755 3716 solliciti
2782 3658 2892 3713 sitis
2923 3655 3192 3729 (Philipp.
3225 3655 3279 3709 4.
3313 3654 3367 3710 5.
3395 3652 3483 3724 6).
3516 3650 3693 3707 Nunc

2084 3756 2216 3809 enim
2255 3753 2585 3825 prapinquior
2617 3759 2694 3806 est
2732 3756 2904 3804 nostra
2928 3748 3105 3813 salus;
3133 3753 3187 3801 et
3209 3759 3418 3811 rursus,
3448 3741 3695 3815 Tempus

2085 3846 2227 3900 breve
2255 3855 2326 3899 est
2350 3845 2426 3917 (1.
2451 3842 2573 3899 Cor.
2598 3841 2651 3896 7.
2674 3840 2791 3910 29).
2822 3837 2962 3906 Quid
2982 3848 3088 3903 est,
3111 3836 3234 3892 Non
3254 3837 3532 3892 deserentes
3552 3851 3698 3890 con-

2086 3937 2428 4009 gregationem
2463 3931 2737 3989 nostram?
2773 3930 2931 3986 Novit
2957 3943 3021 3984 ex
3053 3938 3329 3983 conventu
3358 3936 3411 3981 et
3441 3942 3506 3982 ex
3538 3940 3699 3982 cono

2088 4025 2401 4100 gregatione
2428 4023 2651 4079 multam
2680 4034 2801 4077 esse
2826 4020 2957 4074 vim.
2993 4017 3091 4073 Ubi
3120 4016 3255 4073 enim
3277 4025 3394 4072 sunt
3414 4058 3430 4084 ,
3461 4016 3646 4086 inquit
3678 4059 3700 4084 ,

2089 4121 2189 4175 duo
2221 4127 2309 4172 aut
2360 4125 2461 4171 tres
2498 4112 2786 4184 congregati
2829 4112 2884 4165 in
2913 4109 3118 4163 nomine
3154 4123 3302 4173 meo,
3341 4108 3447 4162 illic
3482 4123 3603 4160 sunt
3637 4109 3706 4161 iis

2090 4211 2256 4267 medio
2282 4224 2453 4263 eorum
2481 4204 2692 4280 (Matth.
2712 4203 2802 4259 18.
2823 4200 2917 4275 20)
2943 4217 2958 4268 ;
2981 4210 3036 4256 et
3064 4185 3269 4265 rursus,
3292 4197 3358 4254 Ut
3377 4199 3477 4252 sint
3497 4212 3704 4262 unus»,

2092 4314 2148 4363 ut
2176 4311 2222 4359 et
2248 4318 2339 4357 nos
2363 4316 2520 4355 unum
2548 4314 2723 4353 sumus
2747 4294 2926 4368 (Joan.
2952 4294 3043 4349 17.
3077 4293 3164 4363 11)
3188 4308 3203 4357 ;
3232 4300 3287 4346 et
3316 4292 3528 4356 iterum,
3555 4288 3710 4344 0m-

2094 4398 2231 4452 nium
2272 4401 2382 4448 erat
2415 4391 2587 4446 anima
2618 4404 2721 4443 una
2746 4430 2760 4455 ,
2794 4395 2839 4442 et
2865 4400 2953 4440 cor
2978 4400 3137 4438 unum
3167 4382 3304 4453 (Act.
3338 4383 3394 4437 4.
3422 4380 3539 4453 52).
3562 4380 3716 4439 Non

2094 4492 2195 4547 hoc
2222 4497 2399 4544 autem
2429 4486 2641 4549 solum,
2676 4479 2772 4537 sed
2811 4478 2972 4535 etiam
3013 4474 3155 4546 quod
3195 4483 3452 4546 augeatur
3487 4474 3719 4531 caritas

2093 4598 2191 4653 per
2217 4576 2692 4650 congregationem
2726 4589 2739 4625 :
2771 4570 2818 4625 si
2848 4579 3108 4640 augeatur
3131 4575 3312 4622 autem
3341 4566 3560 4631 caritas,
3592 4582 3721 4624 ne-

2094 4690 2246 4731 cesse
2273 4682 2355 4729 est
2396 4680 2453 4726 ut
2492 4668 2654 4725 etiam
2691 4671 2987 4733 augeantur
3014 4663 3133 4732 quae
3158 4669 3283 4714 sunt
3325 4658 3445 4714 Dei.
3481 4657 3719 4728 Oratio,

2097 4765 2285 4836 inquit,
2316 4761 2466 4832 ﬁebat
2495 4758 2603 4814 sine
2629 4752 2998 4810 intermissione
3024 4766 3056 4803 a
3080 4748 3273 4821 pOpulo
3300 4746 3440 4820 (Act.
3482 4746 3570 4801 12.
3606 4747 3719 4820 5).

2105 4858 2252 4914 Sicut
2289 4849 2667 4910 consuetudinis
2694 4854 2767 4902 est
2790 4842 3114 4917 quibusdam.
3143 4841 3241 4896 llic
3268 4857 3375 4896 non
3405 4839 3577 4895 solum
3610 4851 3730 4897 est

2100 4951 2378 5013 hortatus,
2429 4942 2524 5000 sed
2567 4942 2731 4998 etiam
2781 4934 3149 5010 reprehendit.
3200 4933 3269 4989 Et
3311 4933 3724 4992 consideremus

2099 5046 2308 5100 invicem
2337 5042 2388 5094 in
2425 5035 2831 5111 provocationem
2856 5029 3085 5084 caritatis
3109 5035 3157 5081 et
3184 5025 3430 5082 bonorum
3457 5041 3731 5097 operum.

2101 5135 2256 5190 Novit
2275 5132 2376 5186 hoc
2398 5140 2610 5201 quoque
2636 5123 2749 5179 ﬁeri
2780 5122 2848 5178 ab
2873 5134 3058 5176 eorum
3084 5116 3517 5187 congregatione.
3540 5114 3742 5175 Sicut

2102 5227 2244 5281 enim
2274 5222 2474 5277 ferrum
2506 5218 2708 5274 ferrum
2732 5214 2897 5279 acuit,
2925 5211 2996 5266 ita
3027 5209 3189 5266 etiam
3217 5217 3510 5263 conventus
3534 5221 3748 5279 auge;

2104 5320 2408 5376 caritatem.
2441 5313 2573 5368 Nam
2607 5311 2651 5366 si
2681 5308 2816 5379 lapis
2840 5306 3004 5377 lapidi
3033 5304 3249 5359 attritus
3280 5303 3453 5371 ignem
3476 5300 3745 5370 emittit,

2111 5419 2312 5481 quanto
2342 5405 2510 5476 magis
2531 5402 2708 5457 anima
2731 5400 2925 5454 anima:
2945 5395 3213 5450 admixta?
3232 5392 3385 5458 Vide,
3408 5407 3515 5447 non
3540 5389 3750 5462 dicit,

2107 5505 2187 5560 Ad
2202 5501 2626 5563 cumulationem,
2642 5493 2758 5561 sed,
2775 5492 2854 5545 Ad
2872 5487 3271 5560 provocationem
3288 5484 3534 5537 caritatis.
3552 5481 3755 5549 Quid

2107 5602 2209 5659 est,
2242 5593 2324 5648 Ad
2352 5588 2757 5663 provocationem
2783 5579 3064 5638 caritatis?
3094 5577 3165 5635 Ut
3194 5575 3362 5647 magis
3399 5575 3645 5645 diligant
3674 5591 3764 5637 et

2109 5686 2420 5755 diligantur.
2466 5680 2657 5747 Addit,
2695 5677 2762 5732 Et
2807 5677 3055 5730 bonorum
3104 5687 3344 5742 operum,
3387 5678 3445 5724 ut
3484 5667 3765 5737 capiant

2111 5777 2508 5835 aemulationem
2537 5788 2552 5842 ;
2595 5769 2808 5827 merito.
2840 5767 2897 5825 Si
2924 5766 3066 5823 enim
3097 5764 3273 5821 facere
3301 5761 3556 5831 majorem
3597 5762 3766 5824 vim
