3980 6142
384 281 487 337 Ml

375 401 535 458 habet
573 399 641 455 ad
667 398 992 467 docendum,
1020 412 1180 469 quam
1205 397 1386 452 dicere
1426 416 1439 452 :
1472 396 1669 452 multos
1703 411 1800 451 vos
1832 411 1958 467 quo-

370 509 477 565 que
524 492 735 548 habetis
768 491 1019 548 doctores
1067 492 1119 546 in
1164 489 1509 546 multitudine
1553 490 1657 545 hoc
1695 489 1955 544 facientes

372 601 466 655 per
490 599 679 654 opera.
708 583 844 651 Quid
867 592 970 651 est,
1000 581 1312 637 Accedamus
1338 599 1453 635 cum
1482 598 1597 637 vero
1617 582 1768 635 corde
1793 580 1818 634 ?
1840 579 1952 636 Hoc

371 684 471 742 est,
504 674 712 744 absque
750 673 1024 743 hypocrisi
1055 683 1109 729 et
1136 672 1502 727 simulatione.
1558 671 1645 727 γω
1670 672 1832 737 enim,
1865 673 1949 727 in-

370 768 499 838 quit,
548 766 697 820 cordi
743 766 941 828 timido,
974 775 1018 819 et
1047 764 1279 819 manibus
1326 764 1583 819 dissolutis
1626 781 1687 817 ac
1728 764 1950 818 remissis

369 857 635 929 (Βοιαὶ.
666 858 776 929 14).
802 858 1038 924 Nullum,
1083 856 1275 927 inquit,
1320 857 1392 912 sit
1434 857 1487 911 in
1535 856 1689 911 nobis
1726 855 1949 911 menda-

367 954 502 1007 cium
529 969 542 1004 :
573 967 641 1005 ne
661 951 765 1005 alia
785 949 999 1020 quidem
1028 949 1293 1015 dicamus,
1325 949 1426 1002 alia
1448 964 1580 1003 vero
1608 948 1902 1002 sentiamus
1926 963 1942 1013 ;

367 1042 466 1097 hoc
494 1052 576 1099 est
606 1042 751 1098 enim
788 1041 1122 1095 mendacium
1158 1057 1171 1093 :
1203 1055 1375 1111 neque
1407 1041 1575 1095 simus
1613 1039 1787 1110 pusilli
1829 1039 1983 1093 ani—,

364 1137 472 1201 mi;
508 1137 613 1190 hoc
636 1135 782 1190 enim
828 1149 933 1189 non
962 1142 1045 1189 est
1073 1132 1182 1187 veri
1227 1132 1405 1187 cordis
1432 1173 1447 1197 ,
1479 1146 1544 1186 ex
1575 1145 1638 1186 eo
1668 1129 1806 1200 quod
1835 1144 1941 1183 non

364 1228 644 1284 credamus
672 1227 905 1283 efﬁcitur
948 1235 1007 1281 ut
1047 1229 1216 1280 simus
1244 1224 1422 1294 pusilli
1450 1223 1632 1278 animi.
1664 1221 1942 1289 Quomodo

364 1331 538 1375 autem
565 1320 669 1375 hoc
714 1320 817 1375 erit
845 1320 868 1373 ?
897 1317 954 1375 Si
989 1318 1143 1372 nobis
1187 1327 1336 1372 certo
1386 1315 1797 1387 persuadeamus
1842 1328 1942 1385 per

364 1412 539 1468 ﬁdem.
599 1413 809 1481 Δερενεὶ
851 1411 1027 1465 corda.
1054 1409 1164 1465 Cur
1203 1425 1311 1463 non
1338 1408 1492 1471 dixit,
1517 1406 1773 1472 Mundati,
1820 1405 1937 1474 sed,

362 1506 564 1576 Λιμενςὲ
583 1506 609 1560 ?
640 1504 835 1559 Volens
865 1501 1152 1557 ostendere
1198 1499 1552 1556 differentiam
1590 1513 1776 1553 eorum
1819 1511 1939 1566 qua:

361 1605 677 1668 aspergunt.
710 1596 937 1649 alterum
968 1593 1181 1662 quidem
1219 1592 1348 1646 dicit
1372 1605 1492 1646 esse
1524 1590 1616 1644 Dei
1643 1630 1658 1653 ,
1708 1589 1935 1643 alterum

359 1703 484 1745 vero
510 1699 774 1742 nostrum.
810 1686 1043 1741 Abluere
1068 1684 1214 1739 enim
1254 1684 1636 1738 conscientiam
1666 1691 1719 1737 et
1746 1697 1934 1751 asper-

356 1796 494 1851 gere,
542 1789 625 1834 est
667 1778 801 1842 Dei;
844 1778 896 1831 in
934 1776 1162 1831 veritate
1203 1784 1380 1829 autem
1427 1774 1683 1829 accedere
1722 1782 1775 1828 et
1812 1789 1935 1828 cum

354 1883 493 1927 certa
520 1887 585 1926 ac
622 1871 774 1941 plena
807 1884 902 1937 per
932 1867 1090 1922 ﬁdem
1125 1867 1471 1937 persuasione
1494 1907 1510 1931 ,
1540 1874 1625 1920 est
1666 1874 1930 1919 nostrum.

356 1964 549 2018 Deinde
587 1963 749 2016 etiam
783 1959 903 2014 ﬁdei
932 1959 1021 2013 dat
1052 1958 1302 2011 virtutem
1333 1972 1399 2010 ex
1428 1957 1652 2010 veritate
1690 1954 1805 2024 ejus
1843 1954 1933 2024 qui

353 2054 611 2124 promisit.
638 2051 776 2120 Quid
824 2059 939 2119 est,
974 2049 1039 2102 Et
1084 2048 1245 2102 abluti
1286 2064 1472 2117 corpus
1519 2063 1652 2116 aqua
1698 2046 1933 2099 munda?

350 2146 476 2213 Quzc
507 2146 739 2200 mundos
775 2143 957 2207 efﬁcit,
988 2141 1145 2209 dicit,
1189 2150 1280 2197 aut
1305 2156 1423 2211 quae
1461 2155 1565 2194 non
1599 2139 1758 2195 habet
1804 2154 1930 2193 sau-

349 2240 580 2309 guinem.
608 2237 812 2291 Deinde
842 2232 984 2288 addit
1024 2233 1075 2287 id
1106 2233 1249 2304 quod
1280 2241 1362 2287 est
1393 2232 1708 2302 perfectmu,
1739 2246 1931 2301 nempe

349 2333 641 2385 caritatem.
677 2327 799 2382 Non
829 2328 1109 2381 deserentes
1135 2327 1477 2379 collectionem
1508 2336 1752 2378 nostram.
1777 2324 1929 2389 Quod

347 2423 557 2493 quidam
588 2422 810 2485 faciunt,
846 2419 1040 2488 inquit,
1080 2427 1135 2473 et
1172 2418 1422 2474 scindunt
1457 2425 1754 2471 conventus
1784 2434 1797 2469 :
1830 2416 1930 2470 hoc

345 2517 446 2571 illis
478 2524 642 2569 vetat.
680 2514 865 2567 Frater
892 2513 1026 2565 enim
1057 2529 1087 2564 a
1117 2512 1278 2579 fratre
1306 2511 1532 2579 adjutus,
1565 2519 1635 2565 est
1660 2512 1786 2564 sicut
1810 2510 1929 2565 urbs

344 2609 535 2661 munita
566 2608 586 2678 (
613 2606 764 2659 Prov.
800 2605 889 2660 18.
922 2604 1043 2673 19).
1076 2603 1182 2658 Sed
1212 2603 1587 2657 consideremus
1626 2604 1839 2656 invicem
1875 2604 1927 2657 in

345 2700 750 2768 prorocationem
781 2698 1028 2749 caritatis.
1059 2696 1195 2764 Quid
1242 2703 1343 2760 est,
1390 2696 1773 2750 Consideremus
1801 2696 1931 2749 iuvi-

342 2806 445 2843 cem
474 2790 501 2844 .9
544 2789 600 2843 Si
626 2789 744 2858 quis
773 2787 843 2841 sit
880 2788 1073 2840 virtute
1112 2785 1403 2855 praeditus,
1451 2800 1571 2839 eum
1611 2786 1924 2852 imitemur;

339 2896 457 2935 eum
504 2881 850 2949 aspiciamus,
885 2887 941 2931 ut
980 2877 1262 2948 diligamus
1288 2886 1342 2932 et
1386 2876 1710 2948 diligamur:
1743 2892 1866 2931 nam
1895 2892 1925 2933 a

342 2972 563 3026 caritate
598 2970 735 3023 ﬁunt
766 2970 902 3022 bona
932 2983 1113 3036 Opera.

410 3060 465 3115 2.
488 3060 736 3130 Magnum
759 3059 955 3113 bonum
985 3068 1066 3112 est
1102 3066 1396 3113 conventus
1438 3072 1501 3113 ac
1529 3059 1875 3129 congregatio
1907 3074 1923 3112 :

346 3148 455 3218 ipsa
477 3150 618 3202 enim
638 3149 914 3204 caritatem
933 3151 1497 3218 redditardentiorem,
1515 3164 1568 3206 et
1585 3168 1647 3206 ex
1666 3168 1729 3207 ea
1750 3152 1929 3207 omnia

345 3254 635 3297 nascuntur
678 3243 816 3297 bona
842 3261 856 3298 :
890 3245 1090 3299 nullum
1119 3255 1201 3302 est
1228 3248 1370 3301 enim
1397 3246 1617 3313 bonum,
1647 3246 1787 3315 quod
1818 3260 1925 3300 non

346 3350 436 3403 per
454 3337 734 3391 caritatem
760 3337 871 3391 ﬁat.
897 3338 1026 3393 Eam
1049 3340 1209 3403 igitur
1226 3339 1364 3397 inter
1381 3354 1479 3395 nos
1505 3339 1919 3394 conﬁrmemus:

343 3424 613 3483 Plenitudo
658 3431 802 3485 enim
841 3432 964 3500 legis
1005 3442 1075 3486 est
1104 3432 1305 3486 dilectio
1334 3432 1507 3502 (Rom.
1541 3434 1627 3488 15.
1660 3431 1773 3504 1ο).
1805 3431 1919 3487 Non

344 3525 422 3570 est
449 3519 601 3572 nobis
646 3535 783 3589 opus
826 3520 1113 3587 laboribus,
1157 3537 1330 3592 neque
1371 3522 1677 3590 sudoribus,
1733 3524 1778 3578 si
1822 3537 1923 3578 nos

341 3606 472 3662 alter
495 3610 724 3664 alterum
755 3611 1041 3681 diligamus
1072 3632 1085 3667 :
1115 3613 1195 3667 via
1223 3623 1306 3667 est
1331 3630 1449 3684 qua:
1476 3630 1572 3668 sua
1603 3624 1794 3684 sponte
1822 3615 1919 3668 du-

340 3697 407 3751 cit
429 3699 493 3753 ad
524 3702 796 3756 virtutem.
829 3701 974 3758 Sicut
1009 3703 1150 3758 enim
1196 3705 1248 3757 in
1293 3705 1373 3758 via
1423 3704 1660 3774 publica,
1707 3705 1750 3759 si
1796 3704 1915 3773 quis

338 3786 597 3844 invenerit
640 3792 873 3858 initium,
915 3793 982 3846 ab
1028 3794 1144 3862 ipso
1182 3793 1415 3859 ducitur,
1465 3809 1565 3848 nec
1603 3793 1738 3848 duce
1775 3809 1912 3863 opus

338 3890 413 3934 cst
438 3900 452 3936 :
476 3883 547 3936 ita
571 3883 733 3939 etiam
762 3884 815 3938 in
841 3885 1085 3947 caritate,
1114 3886 1284 3939 solum
1312 3884 1655 3955 apprehende
1679 3884 1913 3949 initium,

337 3983 387 4026 cl
405 3973 684 4029 confestim
713 3976 778 4030 ab
806 3977 921 4044 ipso
947 3976 1158 4030 duceris
1184 3987 1236 4030 et
1266 3975 1532 4045 dirigeris.
1564 3974 1784 4040 Caritas,
1831 3974 1914 4028 in-

337 4064 462 4133 quit,
492 4068 690 4136 patiens
721 4077 815 4132 est,
842 4068 1055 4139 benigna
1085 4078 1178 4134 est,
1220 4084 1320 4121 non
1360 4067 1547 4136 cogitat
1591 4067 1781 4120 malum
1829 4066 1908 4135 (l.

336 4154 445 4210 Cor.
476 4159 562 4213 15.
593 4160 670 4230 4).
700 4158 754 4214 Si
796 4161 995 4229 cogitet
1021 4160 1284 4227 quispiam
1321 4159 1434 4226 ipse
1472 4157 1608 4227 apud
1649 4172 1728 4224 se,
1779 4171 1913 4227 quo.

331 4248 487 4302 modo
527 4266 651 4319 ergo
695 4265 774 4315 se,
818 4250 897 4304 sic
936 4258 990 4303 et
1037 4265 1158 4319 erga
1207 4250 1505 4318 proximum
1548 4250 1618 4301 sit
1665 4248 1907 4302 allectus.

329 4336 495 4394 Nemo
538 4340 642 4394 sibi
688 4341 788 4409 ipsi
840 4340 1061 4402 invidet,
1104 4340 1281 4391 omnia
1333 4340 1468 4392 bona
1501 4339 1601 4392 sibi
1636 4350 1907 4407 precatur,

327 4432 572 4487 omnibus
598 4449 657 4487 se
686 4433 967 4501 praeponit,
1002 4447 1097 4501 pro
1141 4445 1199 4485 se
1242 4431 1356 4484 vult
1385 4430 1561 4483 omnia
1606 4430 1803 4486 facere.
1851 4430 1909 4487 Si

325 4537 451 4593 ergo
474 4524 525 4578 in
553 4524 688 4577 alios
714 4538 928 4593 quoque
949 4523 1026 4576 sic
1055 4521 1369 4589 alﬁciamur,
1389 4522 1566 4576 omnia
1592 4522 1764 4577 soluta
1786 4534 1909 4580 sunt

322 4615 505 4671 mala:
553 4631 658 4669 non
701 4622 828 4668 sunt
877 4613 1184 4677 inimicitiae,
1222 4627 1329 4666 non
1373 4620 1455 4667 est
1483 4613 1745 4669 avaritia:
1789 4616 1910 4685 quis

322 4710 463 4764 enim
489 4707 719 4778 cupidus
747 4721 869 4762 esse
891 4706 1155 4761 voluerit?
1174 4720 1351 4771 nemo,
1369 4704 1462 4761 sed
1494 4706 1668 4775 potius
1694 4717 1904 4763 contra.

387 4800 711 4872 lnjuriarum
738 4799 921 4853 oblivio
953 4798 1354 4852 commendatur.
1373 4797 1779 4854 -—Commuuia
1811 4799 1908 4870 igi-

320 4901 403 4947 tur
429 4892 608 4946 omnia
639 4890 1033 4961 possideamus,
1060 4904 1159 4944 nec
1185 4904 1459 4945 cessemus
1483 4904 1583 4944 nos
1610 4892 1755 4959 ipsos
1776 4907 1908 4947 coa-

313 4998 576 5054 gregare:
610 4993 664 5038 et
692 4984 738 5037 si
768 4981 872 5037 hoc
898 4979 1178 5048 faciamus,
1201 4980 1377 5034 locum
1406 4996 1512 5034 non
1553 4981 1774 5036 habebit
1818 4982 1902 5036 in-

310 5076 467 5145 juria:
515 5084 753 5144 accepta:
798 5072 1142 5128 recordatio:
1185 5072 1304 5143 quis
1353 5072 1495 5127 enim
1557 5073 1610 5128 in
1667 5073 1905 5128 animum

311 5165 593 5221 induxerit
635 5181 664 5218 a
707 5180 769 5220 se
816 5164 917 5218 sibi
962 5164 1124 5218 illatze
1155 5163 1365 5232 injuriae
1408 5163 1755 5219 meminisse?
1786 5167 1907 5236 quis

313 5260 542 5313 voluerit
568 5259 774 5328 sibiipsi
804 5257 1005 5310 irasci?
1032 5272 1208 5310 annon
1240 5258 1478 5310 omnium
1521 5259 1757 5312 maxime
1806 5275 1905 5313 no-

312 5354 395 5407 bis
418 5351 553 5421 ipsis
584 5348 950 5421 ignoscimus?
975 5348 1030 5402 Si
1063 5349 1141 5403 sic
1167 5349 1343 5404 affecti
1372 5348 1631 5404 fuerimus
1661 5352 1825 5405 etiam
1855 5353 1905 5406 in

312 5445 611 5515 proximos,
641 5456 936 5511 numquam
954 5442 1054 5494 crit
1071 5441 1277 5508 injurize
1292 5451 1527 5510 accepta:
1543 5442 1848 5497 recordatio
1865 5444 1902 5497 ί.

312 5539 377 5592 Et
406 5534 702 5606 quomodo,
730 5534 927 5603 inquit,
961 5534 1075 5588 ﬁeri
1105 5544 1281 5603 potest
1324 5542 1385 5588 ut
1418 5535 1679 5605 quispiam
1713 5539 1898 5606 proxi-

309 5644 461 5686 mum
487 5643 641 5699 aeque
672 5626 862 5695 diligat
885 5633 1044 5697 atque
1083 5627 1359 5696 seipsum?
1402 5626 1457 5681 Si
1500 5627 1602 5683 hoc
1648 5630 1739 5684 alii
1798 5647 1903 5687 non

376 5750 393 5779 ι
417 5746 511 5796 Hic
534 5746 703 5807 incipit
724 5742 972 5807 homiliam
994 5741 1248 5807 decimam
1271 5756 1440 5790 nonam
1467 5741 1596 5793 Coll).
1624 5741 1697 5793 his
1724 5746 1902 5796 verbis.

315 5811 436 5863 Fide
460 5802 726 5873 dtgntts‘est
743 5804 825 5869 qui
847 5802 975 5854 duit
1003 5816 1021 5853 :
1037 5803 1294 5863 Quomodo,
1320 5811 1408 5853 etc.

1187 282 1253 340 ιΝ
1296 283 1504 343 EPIST.
1545 283 1638 340 AD
1674 281 2042 341 HEBBEOS.
2080 281 2239 340 CAP.
2279 281 2349 337 Χ.
2391 279 2624 339 ΠΟΜΠ..
2666 280 2809 337 XIX.

3537 292 3640 348 142

2058 392 2318 459 fecerunt,
2350 401 2496 450 recte
2529 395 2805 452 existimas
2845 398 2950 457 hoc
2995 397 3111 457 ﬁeri
3150 418 3258 459 non
3305 421 3505 476 posse:
3551 413 3635 463 sin

2057 493 2236 541 autem
2260 485 2520 556 fecerunt,
2544 491 2881 562 perspicuum
2901 505 2983 549 est
3003 495 3145 564 quod
3167 494 3268 551 hoc
3297 513 3326 552 a
3355 500 3511 554 nobis
3532 516 3636 554 non

2060 577 2149 633 ﬁat
2176 587 2392 648 propter
2418 590 2653 638 nostram
2684 584 2945 654 ignaviam
2969 596 3023 641 et
3044 570 3637 661 socordiamjhlioquin

2056 680 2235 725 autem
2268 671 2398 726 nihil
2430 675 2670 745 przecipit
2693 676 2940 733 Christus
2970 679 3109 749 quod
3145 697 3248 736 non
3283 684 3450 751 p055it
3480 684 3592 738 ﬁeri
3620 726 3636 751 ,

2055 778 2175 817 cum
2194 765 2353 818 etiam
2373 766 2524 819 multi
2547 767 2662 836 ejus
2682 781 2948 840 praecepta
2967 776 3285 843 superarint.
3306 776 3436 843 Quis
3458 789 3637 834 autem

2056 852 2159 907 hoc
2215 853 2381 909 fecit?
2408 855 2622 921 Paulus,
2662 858 2874 925 Petrus,
2909 870 3048 917 totus
3080 875 3387 921 sanctorum
3417 868 3635 924 chorus.

2052 944 2158 1004 Sed
2181 943 2224 997 si
2247 943 2440 1000 dixero
2460 946 2675 1014 quidem
2698 949 2841 1017 quod
2863 950 3165 1007 dilexerunt
3189 958 3479 1023 proximos,
3505 959 3637 1015 nihil

2051 1036 2227 1090 dicam
2269 1051 2519 1107 magnum
2546 1055 2561 1093 :
2591 1039 2838 1095 inimicos
2879 1042 2949 1096 ita
2988 1043 3308 1113 dilexerunt,
3340 1058 3396 1103 ut
3425 1065 3517 1105 eos
3544 1054 3639 1143 qui

2051 1135 2176 1180 sunt
2206 1129 2489 1185 unanimes
2518 1145 2679 1185 nemo
2709 1136 2877 1203 magis
2902 1135 3166 1191 dilexerit.
3196 1140 3327 1207 Quis
3348 1144 3489 1197 enim
3518 1129 3632 1200 ele-I

2050 1217 2186 1286 gerit
2216 1220 2293 1275 ire
2322 1221 2374 1275 in
2399 1222 2702 1291 gehennam
2732 1240 2828 1294 pro
2856 1229 3148 1293 unanimis,
3173 1245 3293 1285 cum
3325 1233 3379 1287 in
3409 1251 3630 1303 regnum

2049 1307 2293 1366 abiturus
2344 1312 2472 1366 est?
2512 1312 2744 1370 Nullus:
2801 1317 2894 1371 sed
2940 1318 3135 1374 Paulus
3180 1322 3282 1377 hoc
3324 1325 3485 1395 elegit
3536 1344 3633 1395 pro

2048 1399 2303 1466 inimicis,
2336 1417 2436 1473 pro
2464 1402 2534 1458 iis
2562 1406 2652 1474 qui
2686 1420 2808 1460 eum
2849 1408 3117 1478 lapidibus
3143 1414 3498 1481 appetierant,
3534 1436 3630 1487 pro

2047 1490 2112 1547 iis
2155 1494 2244 1563 qui
2290 1494 2472 1565 ﬂagris
2510 1512 2631 1553 eum
2673 1499 3000 1561 ceciderant,
3029 1501 3286 1569 Qua-nam
3318 1522 3446 1576 ergo
3475 1510 3629 1565 nobis

2048 1583 2261 1640 dabitur
2297 1589 2477 1653 venia,
2527 1604 2774 1658 quaenam
2815 1595 3111 1661 excusatio,
3160 1597 3203 1650 si
3246 1614 3311 1651 ne
3353 1601 3627 1657 minimam

2048 1678 2262 1747 quidem
2300 1689 2506 1748 partem
2553 1682 2878 1749 dilectionis,
2919 1700 3077 1754 quam
3122 1689 3173 1741 in
3215 1689 3457 1745 inimicos
3501 1710 3628 1749 suos

2047 1771 2280 1825 ostendit
2308 1772 2524 1836 Paulus,
2560 1788 2656 1828 nos
2685 1775 2734 1828 in
2770 1786 2985 1831 nostros
3016 1779 3217 1834 amicos
3242 1784 3628 1839 ostendamus?

2044 1859 2242 1915 Beatus
2272 1877 2483 1933 quoque
2522 1863 2730 1935 Moyses
2775 1876 2899 1920 ante
2948 1883 3067 1922 eum
3113 1887 3209 1936 pro
3245 1872 3493 1940 inimicis,
3534 1877 3625 1945 qui

2044 1951 2217 2022 ipsum
2272 1955 2541 2023 lapidibus
2588 1959 2948 2026 appetierant,
2995 1962 3164 2017 voluit
3193 1964 3358 2019 deleri
3389 1967 3456 2021 de
3488 1969 3624 2025 libro

2043 2044 2140 2101 Dei
2165 2044 2360 2119 (Exod.
2407 2047 2494 2101 5'2.
2528 2048 2620 2117 52)
2654 2068 2666 2102 :
2703 2050 2867 2105 David
2906 2067 3120 2123 quoque
3167 2056 3356 2112 videns
3395 2074 3489 2114 eos
3532 2062 3623 2129 qui

2043 2136 2141 2203 ipsi
2186 2137 2491 2191 restiterant
2534 2139 2790 2205 interimi,
2825 2141 2955 2196 dicit
2987 2161 3001 2197 :
3032 2142 3147 2215 Ego
3179 2158 3353 2216 pastor
3383 2153 3624 2219 peccavi;

2041 2226 2125 2278 iin
2161 2236 2329 2280 autem
2366 2229 2490 2296 quid
2536 2233 2760 2299 fecerunt
2797 2231 2875 2302 (Ξ.
2928 2232 3055 2304 Reg.
3104 2237 3193 2291 24.
3232 2239 3360 2309 17).
3405 2241 3619 2297 Saﬁlem

2040 2331 2251 2385 quoque
2281 2332 2402 2371 cum
2435 2318 2659 2374 haberet
2700 2320 2752 2374 in
2799 2324 3071 2387 manibus.
3114 2329 3287 2384 noluit
3327 2330 3396 2386 de
3441 2334 3620 2388 medio

2041 2407 2249 2470 tollere.
2292 2408 2388 2463 sed
2419 2412 2671 2475 servavit,
2703 2412 2862 2483 idque
2891 2429 3015 2472 cum
3045 2417 3165 2489 ipse
3195 2436 3447 2478 venturus
3472 2436 3619 2481 esset

2041 2495 2094 2549 in
2122 2497 2439 2565 periculum.
2487 2499 2545 2557 Si
2584 2512 2764 2560 autem
2807 2504 2923 2561 lucc
2968 2507 3104 2563 facta
3143 2523 3275 2566 sunt
3312 2512 3369 2570 in
3416 2514 3616 2582 Veleri,

2037 2602 2321 2659 quemnam
2376 2606 2733 2663 assequemur
2787 2611 2887 2651 nos
2939 2599 3183 2659 veniam,
3227 2600 3322 2667 qui
3366 2604 3419 2658 in
3469 2605 3619 2659 Novo

2039 2681 2203 2736 vitam
2231 2683 2459 2752 agimus,
2492 2694 2546 2739 et
2579 2701 2678 2741 nec
2703 2687 2772 2741 ad
2801 2703 2918 2742 eam
2960 2691 3173 2760 quidem
3220 2694 3287 2748 ad
3332 2711 3490 2766 quam
3541 2700 3615 2752 illi

2035 2775 2409 2841 perveniamus
2438 2779 2788 2833 mensuram?
2825 2780 2956 2835 Nam
2988 2783 3050 2836 Si
3069 2785 3272 2853 justitia
3302 2798 3475 2842 nostra
3516 2807 3617 2844 non

2033 2863 2364 2920 abundaverit
2388 2867 2503 2935 plus
2531 2885 2684 2939 quam
2713 2868 3096 2928 Pharisaeorum
3126 2887 3172 2929 et
3198 2878 3494 2943 scribarum,
3514 2897 3616 2935 non

2032 2957 2333 3013 intrabimus
2380 2960 2435 3014 in
2472 2978 2684 3032 regnum
2734 2965 2975 3019 castorum
3002 2966 3216 3034 (Matth.
3250 2971 3301 3025 5.
3332 2972 3458 3042 20):
3493 2989 3615 3028 cum

2030 3060 2209 3107 autem
2238 3053 2399 3106 etiam
2441 3055 2618 3108 minus
2660 3055 2953 3124 habeamus
2994 3074 3151 3128 quam
3203 3062 3298 3127 illi,
3344 3066 3616 3131 quomodo

2032 3141 2384 3197 iutrahimus?
2408 3143 2633 3215 Diligite,
2668 3146 2857 3217 inquit,
2896 3149 3126 3204 inimicos
3147 3163 3351 3217 vestros,
3402 3165 3448 3207 ct
3475 3157 3614 3210 eritis

2029 3233 2219 3287 similes
2247 3232 2397 3288 Patri
2423 3246 2601 3301 vestro,
2636 3239 2723 3307 qui
2752 3248 2823 3292 est
2862 3240 2914 3293 in
2938 3242 3073 3294 talis
3094 3241 3258 3312 (Ibid.
3294 3261 3340 3297 v.
3373 3247 3459 3300 44.
3494 3249 3609 3317 45).

2028 3323 2241 3396 Diligite
2288 3342 2417 3397 ergo
2466 3328 2780 3382 inimicum:
2822 3346 2926 3385 non
2972 3334 3115 3387 enim
3160 3334 3306 3389 illum
3350 3337 3614 3393 beneﬁcio

2025 3420 2219 3487 afﬁcis,
2245 3423 2337 3478 sed
2370 3425 2621 3495 teipsum.
2641 3428 2953 3495 Quomodo?
2979 3430 3082 3485 Par
3107 3429 3216 3486 Deo
3236 3430 3487 3487 efﬁceris.
3518 3434 3610 3489 Ille

2024 3511 2071 3566 si
2104 3527 2134 3567 a
2181 3523 2232 3568 te
2275 3513 2435 3570 fuerit
2462 3515 2709 3586 dilectus,
2742 3535 2850 3574 non
2877 3522 3100 3575 multum
3130 3522 3262 3576 lucri
3296 3522 3420 3576 fecit
3450 3540 3464 3589 ;
3513 3522 3611 3578 fuit

2024 3605 2164 3657 enim
2184 3605 2410 3662 dilectus
2426 3624 2453 3661 a
2476 3623 2739 3664 conservo
2759 3629 2773 3665 :
2792 3621 2845 3665 tu
2864 3621 3040 3666 autem
3068 3614 3111 3668 si
3130 3628 3444 3669 conservum
3472 3615 3609 3670 dile-

2024 3694 2186 3755 xeris.
2222 3710 2468 3766 magnum
2502 3699 2671 3754 fecisti
2701 3701 2942 3766 lucrum;
2972 3704 3199 3759 efﬁceris
3223 3707 3361 3759 enim
3398 3708 3505 3761 Deo
3533 3709 3609 3761 si-

2024 3786 2186 3840 milis.
2206 3786 2368 3842 Vides
2385 3790 2524 3859 quod
2557 3792 2648 3846 tibi
2676 3793 3014 3861 gratiﬁearis.
3046 3810 3151 3848 non
3186 3796 3302 3850 illi?
3324 3812 3443 3850 nam
3464 3813 3602 3867 prae-

2025 3878 2189 3931 mium
2217 3880 2332 3946 tibi,
2357 3898 2461 3935 non
2490 3883 2564 3936 illi
2595 3883 2865 3953 proponit!
2888 3886 3023 3953 Quid
3056 3902 3205 3951 vero,
3236 3889 3424 3959 inquit,
3460 3892 3501 3944 si
3537 3893 3606 3946 sit

2024 3970 2237 4023 malus?
2265 3971 2434 4027 Tanto
2465 3974 2636 4043 major
2657 3984 2743 4030 est
2771 3985 2858 4029 tua
2890 3992 3119 4042 merces,
3148 3986 3202 4032 et
3246 3978 3313 4034 de
3348 3980 3604 4049 improbi-

2025 4067 2129 4113 tute
2145 4059 2219 4113 illi
2238 4061 2401 4115 debes
2419 4062 2613 4119 habere
2631 4065 2872 4134 gratiam,
2895 4067 3104 4120 etiamsi
3130 4067 3604 4127 innumerabilibus

2022 4149 2089 4201 sit
2113 4149 2334 4206 affectus
2364 4153 2659 4208 beneﬁciis.
2690 4155 2820 4209 Nam
2852 4157 2952 4210 nisi
2981 4156 3133 4212 valde
3171 4158 3359 4215 fuisset
3409 4163 3600 4229 malus,

2023 4255 2127 4293 non
2152 4242 2240 4296 tibi
2261 4242 2413 4297 valde
2437 4246 2696 4299 crevisset
2723 4261 2951 4301 merces.
2970 4248 3139 4303 Causa
3164 4249 3341 4321 itaque
3360 4268 3463 4307 non
3490 4255 3607 4310 dili-

2022 4333 2198 4402 gendi,
2229 4351 2420 4405 nempe
2450 4337 2629 4391 dicere
2646 4339 2785 4408 quod
2820 4343 2887 4392 sit
2908 4341 3302 4407 malus,eadem
3331 4355 3412 4399 est
3439 4363 3603 4402 causa

2021 4425 2293 4494 diligendi.
2318 4428 2467 4483 Tolle
2508 4429 2891 4497 adversarium,
2948 4451 3137 4503 nempe
3167 4441 3558 4507 autagonistam
3586 4483 3602 4507 ,

2022 4529 2073 4571 et
2102 4535 2420 4574 coronarum
2454 4522 2596 4576 tollis
2622 4526 2981 4581 occasionem.
3010 4528 3126 4582 Non
3158 4531 3308 4583 vides
3338 4535 3605 4598 quomodo

2021 4614 2236 4669 athleta:
2265 4616 2542 4672 decertant
2571 4621 2798 4675 sacculis
2825 4637 2985 4675 arena
3026 4624 3256 4690 impletis
3283 4625 3307 4676 ?
3334 4624 3450 4676 Tihi
3502 4640 3601 4678 an-

2025 4713 2128 4757 tem
2160 4722 2263 4761 non
2294 4724 2429 4778 opus
2459 4717 2543 4763 est
2586 4710 2639 4764 in
2682 4710 2782 4764 hoc
2809 4712 3042 4765 studium
3088 4728 3320 4781 ponere:
3378 4715 3483 4766 vita
3524 4724 3607 4769 est

2025 4799 2178 4866 plena
2206 4799 2270 4853 iis
2298 4816 2416 4868 qum
2448 4810 2499 4855 te
2529 4810 2783 4856 exercent
2829 4802 3125 4870 fortemque
3169 4803 3400 4857 reddunt
3429 4820 3492 4858 ac
3519 4821 3607 4858 ro-

2021 4891 2258 4945 bustum.
2288 4890 2402 4944 Non
2435 4891 2585 4945 vides
2625 4891 2765 4961 quod
2814 4893 2976 4947 etiam
3024 4893 3244 4948 arbores
3288 4909 3392 4960 quo
3437 4895 3607 4964 magis

2020 4983 2345 5036 ventilantur
2371 4989 2424 5034 et
2453 4982 2722 5051 agitantur
2746 4998 2774 5036 a
2805 4985 2999 5045 ventis,
3030 4998 3095 5037 eo
3124 4984 3256 5037 ﬁunt
3278 4983 3527 5038 fortiores
3551 4995 3606 5040 et

2020 5072 2338 5127 densiores?
2371 5073 2435 5127 Et
2457 5088 2552 5127 nos
2572 5089 2784 5143 quoque
2804 5075 2846 5127 si
2870 5074 3038 5127 simus
3058 5074 3204 5128 lenes
3232 5084 3285 5128 et
3313 5077 3600 5142 patientes,

2021 5165 2222 5218 erimus
2268 5163 2428 5217 etiam
2487 5164 2652 5217 fortes
2697 5174 2751 5218 et
2792 5163 2948 5217 validi
2984 5182 2997 5217 :
3033 5179 3153 5217 nam
3216 5163 3304 5217 Vir
3332 5205 3345 5229 ,
3405 5165 3598 5235 inquit,

2023 5256 2216 5324 patiens
2240 5264 2288 5307 et
2314 5255 2618 5325 longanimis
2648 5254 2837 5307 multus
2874 5265 2946 5307 est
2972 5255 3022 5307 in
3056 5256 3327 5323 prudeiuia
3360 5271 3378 5309 :
3414 5258 3498 5321 qui
3526 5268 3601 5311 est

2020 5356 2188 5398 autem
2215 5346 2389 5413 pusilli
2418 5346 2594 5409 animi,
2629 5357 2699 5399 est
2721 5346 2867 5399 valde
2892 5347 3136 5413 insipiens
3161 5346 3341 5418 (Prov.
3370 5347 3452 5401 H.
3482 5349 3597 5419 29).

2022 5436 2182 5492 Vides
2213 5436 2367 5506 hujus
2394 5446 2591 5507 quanta
2614 5437 2683 5492 sit
2714 5437 2851 5501 laus,
2882 5437 3022 5492 illius
3048 5449 3243 5507 quanta
3274 5440 3545 5494 accusatio
3571 5441 3597 5495 ?

2030 5527 2192 5583 Valde
2236 5530 2496 5596 insipiens,
2529 5528 2631 5582 hoc
2661 5539 2763 5594 est,
2796 5528 3104 5583 admodum.
3133 5529 3249 5583 Non
3282 5531 3448 5584 simus
3472 5547 3601 5602 ergo

2022 5619 2198 5689 pusilli
2251 5621 2390 5673 inter
2429 5634 2528 5672 nos
2568 5620 2729 5671 animi
2758 5637 2770 5672 :
2802 5634 2905 5672 non
2948 5620 3003 5671 fit
3030 5620 3171 5673 enim
3205 5619 3305 5674 hoc
3335 5636 3398 5674 ex
3428 5622 3602 5676 inimi-

2022 5710 2178 5775 citiis,
2209 5711 2302 5764 sed
2332 5726 2394 5765 ex
2425 5724 2489 5761 eo
2517 5709 2656 5778 quod
2697 5709 2891 5777 pusillo
2935 5710 3100 5763 simus
3146 5711 3343 5764 animo.
3377 5711 3527 5779 Quod
3558 5715 3601 5768 si

2023 5800 2181 5856 fuerit
2211 5799 2379 5863 fortis,
2413 5800 2589 5855 omnia
2623 5798 2776 5856 facile
2807 5800 2958 5868 feret,
2988 5814 3160 5870 neque
3190 5800 3475 5873 quidquam
3507 5819 3598 5873 po-
