3980 6142
272 300 279 313 ’
355 326 456 382 H5

356 455 481 509 terit
501 471 621 510 cum
652 454 980 525 demergere,
1004 457 1098 513 sed
1120 458 1186 512 ad
1217 458 1534 529 tranquillos
1552 458 1782 517 deducet
1810 476 1935 532 por-

354 554 439 600 tus
470 562 483 599 :
514 562 647 615 quos
676 547 829 601 detur
862 548 1017 603 nobis
1044 550 1292 605 omnibus
1335 553 1615 623 consequi,
1660 555 1826 625 gratia
1881 565 1935 611 et

353 636 677 708 benignitate
729 640 933 694 Domini
987 642 1155 697 nostri
1202 642 1331 717 Jesu
1387 643 1607 710 Christi,
1657 661 1780 701 cum
1827 663 1934 718 quo

353 794 2344 820 Mm

1055 321 1112 379 S.
1142 315 1418 376 JOANNIS
1446 310 1922 371 CHRYSOSTOMI
1983 312 2304 372 ARClllEP.
2345 313 2880 376 CONSTANTINOP.

3497 329 3603 385 ιη

2032 457 2176 513 Patri
2225 471 2325 509 una
2381 470 2500 509 eum
2555 462 2742 509 sancto
2794 449 2998 522 Spiritu
3057 447 3247 520 gloria,
3303 448 3610 519 imperium,

2033 549 2226 612 honor,
2268 561 2410 602 nunc
2457 556 2511 602 et
2562 560 2796 615 semper.
2843 553 2898 599 ct
2947 543 2997 596 in
3039 541 3233 596 saecula
3268 540 3611 596 sreeulorum.

2034 644 2227 698 Amen.

1690 837 2033 900 HOMlLlA
2086 840 2233 902 XX.

347 948 476 1005 Car.
521 947 588 1003 10
648 962 701 1000 ν.
741 945 835 1001 26.
906 942 1201 997 Voluntarie
1246 940 1378 995 enim
1428 939 1748 1010 peccantibus
1794 939 1937 994 nobis

419 1050 533 1109 post
562 1047 819 1106 acceptant
842 1035 1074 1088 notitiam
1100 1032 1343 1097 veritatis,
1363 1031 1477 1096 jam
1504 1046 1605 1083 non
1636 1031 1940 1099 relinquitur

420 1146 514 1203 pro
541 1129 757 1200 peccatis
790 1125 974 1189 hostia,
1005 1123 1097 1177 27.
1123 1122 1359 1177 terribilis
1382 1138 1550 1175 autem
1578 1122 1807 1191 quendam
1844 1138 1934 1176 ex-

420 1224 664 1297 spectatio
675 1220 880 1293 judicii,
904 1228 949 1273 et
977 1217 1108 1290 ignis
1134 1216 1413 1281 inmutatio,
1435 1232 1551 1287 qua:
1573 1225 1941 1288 consumptum

422 1331 496 1377 est
522 1317 860 1374 adversarios.

423 1415 476 1468 1.
504 1411 866 1478 Quaecumque
906 1404 1127 1459 arbores
1160 1402 1450 1473 plantam,
1491 1408 1546 1457 et
1581 1401 1683 1456 alia
1720 1415 1936 1471 quoque

351 1503 592 1559 adhibita
613 1497 887 1569 diligentia
917 1495 1276 1567 agricolarum
1304 1494 1549 1548 manibus
1577 1502 1632 1547 et
1661 1493 1936 1548 laboribus

352 1595 600 1655 excultae,
627 1590 828 1646 nullum
859 1586 1039 1643 ferunt
1071 1585 1325 1651 fructum,
1355 1584 1606 1640 radicitus
1628 1584 1827 1640 avulsae
1843 1584 1934 1654 ja-

351 1688 563 1744 ciuntur
578 1685 632 1739 in
656 1685 852 1753 ignem.
870 1681 999 1737 Tale
1018 1679 1143 1751 quid
1164 1680 1259 1733 fuit
1279 1679 1439 1734 etiam
1464 1680 1515 1733 in
1544 1678 1935 1736 illuminatione

350 1792 543 1847 nempe
574 1774 912 1844 baptismate.
932 1771 1063 1826 Nam
1091 1779 1368 1840 postquam
1394 1784 1492 1825 nos
1519 1769 1762 1825 Christus
1778 1770 1935 1841 plan-

352 1869 514 1933 tavit,
543 1875 598 1920 et
625 1865 955 1935 spiritualem
988 1861 1324 1933 percepimus
1350 1861 1736 1931 irrigationem,
1767 1863 1812 1917 si
1836 1862 1935 1918 de-

347 1958 474 2015 inde
498 1957 701 2012 nullum
736 1954 962 2009 fructum
990 1952 1342 2017 ostendimus,
1370 1961 1647 2022 exspectat
1671 1968 1769 2008 nos
1795 1953 1932 2023 ignis

347 2052 627 2121 gehennae,
646 2056 700 2103 et
716 2047 927 2101 ﬂamma
948 2059 1067 2115 quae
1093 2060 1197 2098 non
1229 2050 1400 2113 potest
1427 2043 1717 2114 exstingui.
1734 2043 1931 2100 Paulus

346 2158 496 2213 ergo,
510 2157 630 2198 cum
652 2139 964 2195 adhortatus
980 2145 1123 2192 esset
1140 2136 1206 2191 ad
1225 2136 1499 2192 caritatem
1518 2146 1571 2192 et
1591 2136 1659 2191 ad
1682 2137 1930 2193 ferendos

345 2237 549 2293 fructus
575 2234 836 2288 bonorum
858 2243 1103 2299 operum,
1120 2227 1366 2281 incitatos
1384 2242 1413 2280 a
1436 2227 1749 2282 melioribus
1770 2237 1823 2282 et
1844 2228 1931 2283 be-

346 2327 677 2399 nignioribus
693 2324 959 2393 (quaenam
978 2336 1039 2375 ea
1055 2318 1364 2390 sunt?quod
1383 2320 1656 2374 introitum
1669 2320 1931 2376 habemus

346 2420 400 2474 in
431 2426 638 2481 saneta,
670 2428 828 2482 quam
854 2411 1080 2467 initiavit
1107 2410 1262 2464 nobis
1298 2410 1436 2463 viam
1460 2418 1733 2465 recentem
1758 2408 1798 2480 ),
1829 2409 1932 2467 hoc

346 2509 519 2578 ipsum
550 2518 736 2559 rursus
776 2502 900 2556 facit
940 2501 1104 2556 etiam
1134 2516 1164 2554 a
1191 2499 1547 2564 tristioribus,
1583 2500 1655 2555 ita
1682 2499 1927 2570 loquens.

345 2600 479 2655 Nam
508 2613 629 2652 cum
658 2595 886 2650 dixisset
915 2610 930 2649 :
965 2591 1090 2647 Non
1130 2592 1415 2647 deserentes
1457 2592 1803 2648 collectionem
1837 2610 1931 2649 no-

345 2699 523 2751 stram.
546 2689 673 2742 sicut
692 2683 1070 2745 consuetudinis
1096 2691 1171 2737 est
1196 2681 1516 2751 quibusdam,
1546 2684 1638 2737 sed
1661 2685 1932 2739 consolan-

345 2790 504 2847 tes,ct
542 2788 680 2833 tanto
717 2777 908 2847 magis,
948 2783 1135 2844 quanto
1172 2773 1395 2828 uideritis
1434 2775 1930 2845 appropinquantem

346 2872 478 2926 diem
504 2874 579 2942 (et
609 2870 724 2924 haec
742 2868 940 2939 quippe
964 2875 1049 2921 est
1068 2865 1340 2920 sufficiens
1363 2865 1428 2919 ad
1454 2865 1926 2938 consolationem),

344 2962 622 3030 subjunxit
663 2976 677 3013 :
735 2956 1035 3011 Voluntarie
1072 2955 1207 3009 enim
1254 2954 1576 3024 peccantibus
1618 2955 1763 3010 nobis
1816 2965 1930 3026 post

345 3064 603 3118 acceptam
654 3048 884 3103 notitiam
928 3046 1173 3101 veritatis.
1220 3044 1368 3114 Opus
1392 3054 1507 3111 est,
1539 3045 1743 3117 inquit,
1772 3047 1931 3103 bonis

339 3143 618 3214 operibus,
646 3148 702 3196 et
728 3139 883 3195 valde
909 3153 1043 3208 opus
1072 3146 1175 3193 est.
1231 3136 1525 3192 Voluntaria
1552 3140 1685 3193 enim
1712 3156 1929 3211 peccan-

343 3232 477 3287 tibus
504 3233 644 3286 nobis
671 3240 785 3302 post
809 3238 1070 3299 acceptam
1113 3228 1345 3283 notitiam
1374 3229 1627 3297 veritatis,
1666 3231 1780 3302 jam
1825 3248 1929 3288 non

341 3324 643 3393 relinquitur
676 3338 769 3392 pro
798 3320 1014 3391 peccatis
1039 3319 1226 3374 hostia.
1257 3317 1315 3374 ιιι
1360 3328 1441 3375 est
1461 3360 1477 3385 ,
1520 3319 1809 3377 mundatus
1844 3337 1927 3391 es,

344 3416 602 3471 liberatus
646 3428 706 3470 es
743 3430 773 3469 a
821 3412 1175 3478 criminibus,
1227 3410 1400 3467 factus
1424 3427 1484 3468 es
1512 3411 1673 3468 illius.
1712 3413 1771 3469 Si
1800 3428 1928 3487 ergo

345 3504 633 3559 revertaris
659 3504 725 3560 ad
753 3504 986 3576 priorem
1031 3506 1293 3563 vomitum
1310 3544 1326 3569 ,
1355 3518 1543 3561 rursus
1564 3513 1748 3560 manet
1772 3504 1928 3559 abdi-

338 3595 480 3649 catio
523 3603 578 3650 et
602 3595 762 3666 ignis,
811 3605 865 3652 et
889 3612 1244 3667 qumcumque
1283 3604 1408 3653 sunt
1436 3594 1741 3666 huiusmodi
1770 3613 1784 3650 :
1814 3611 1926 3657 non

336 3696 423 3741 est
451 3686 594 3742 enim
622 3687 857 3743 secunda
894 3688 1091 3744 hostia.
1147 3689 1247 3746 Hic
1272 3704 1460 3745 rursus
1487 3704 1587 3744 nos
1608 3687 1927 3745 adoriuntur

338 3777 428 3847 qui
475 3778 671 3834 tollunt
723 3781 1122 3850 penitentiam,
1162 3789 1221 3837 et
1257 3781 1584 3852 quicumque
1609 3788 1929 3834 cunctantur

337 3869 521 3924 venire
545 3869 613 3926 ad
644 3871 906 3942 baptisma
939 3889 954 3927 :
984 3871 1039 3927 hi
1065 3872 1285 3943 quidem
1313 3871 1501 3927 dicunt
1530 3885 1637 3925 non
1685 3884 1809 3926 esse
1849 3870 1928 3925 eis

340 3968 511 4017 tutum
538 3964 725 4020 venire
750 3964 817 4020 ad
840 3964 1131 4034 baptisma,
1156 3963 1420 4035 siquidem
1449 3978 1555 4019 non
1583 3972 1668 4018 est
1692 3961 1927 4019 secunda

339 4052 588 4108 remissio
613 4071 628 4108 :
659 4054 737 4107 illi
766 4068 895 4109 vero
918 4053 1103 4109 dicunt
1127 4070 1234 4110 non
1256 4070 1380 4111 esse
1404 4062 1574 4109 tutum
1599 4053 1664 4108 iis
1688 4053 1776 4123 qui
1799 4067 1921 4122 pec-

340 4154 532 4198 carunt
551 4145 811 4214 impertiri
836 4146 1115 4215 mysteria,
1146 4147 1191 4201 si
1222 4160 1329 4200 non
1359 4154 1443 4201 est
1470 4144 1705 4200 secunda
1737 4144 1929 4200 remis-

340 4234 445 4290 sio.
486 4233 622 4302 Quid
648 4249 778 4304 ergo
807 4234 1048 4291 dicemus
1075 4235 1354 4305 utrisque?
1399 4234 1552 4302 Quod
1575 4233 1663 4288 hic
1693 4248 1798 4287 non
1831 4232 1923 4287 tali

341 4333 522 4381 mente
564 4325 669 4381 hoc
710 4325 940 4393 dixerit,
972 4341 1147 4396 neque
1194 4326 1332 4381 tollit
1373 4322 1783 4397 pmuitentiam',
1829 4337 1930 4378 nec

341 4430 460 4471 eam
500 4430 622 4487 quae
664 4429 762 4485 per
794 4415 1164 4486 ptenitentiam
1207 4415 1268 4471 lit
1308 4417 1698 4486 placationem,
1753 4428 1931 4484 neque

341 4507 559 4578 expellit
587 4515 643 4564 et
664 4507 845 4579 dejicit
881 4522 980 4578 per
1021 4508 1451 4578 desperationem
1475 4525 1597 4565 cum
1625 4507 1715 4579 qui
1745 4516 1826 4563 est
1853 4507 1930 4561 la-

343 4615 473 4674 psus
505 4621 520 4657 :
552 4615 660 4657 non
689 4610 773 4656 est
807 4614 977 4669 usque
1017 4597 1154 4655 adeo
1190 4599 1440 4656 inimicus
1466 4608 1665 4655 nostra:
1695 4598 1921 4662 salutis;

342 4694 438 4751 sed
466 4693 761 4750 secundum
788 4691 963 4747 aufert
982 4690 1277 4759 lavacrum,
1303 4707 1411 4747 non
1434 4691 1577 4747 enim
1608 4690 1741 4745 dixit
1772 4708 1785 4745 :
1818 4689 1931 4745 Non

343 4797 426 4847 est
454 4787 684 4859 amplius
709 4786 1056 4859 poenitentia,
1089 4794 1201 4854 aut,
1235 4785 1350 4842 Non
1378 4794 1462 4842 est
1489 4786 1718 4855 amplius
1745 4785 1934 4840 remis-

343 4880 464 4946 sio;
512 4878 641 4947 sed,
668 4894 777 4934 non
816 4886 903 4935 est
925 4878 1155 4949 amplius
1179 4877 1356 4933 hostia
1385 4893 1400 4943 ;
1433 4877 1535 4932 hoc
1564 4887 1670 4942 est,
1699 4891 1804 4930 non
1852 4884 1935 4931 est

344 4971 574 5042 amplius
597 4985 730 5027 crux
757 4969 993 5026 secunda
1018 4988 1036 5026 :
1063 4969 1167 5025 hoc
1190 4969 1333 5025 enim
1355 4977 1511 5024 vocat
1540 4967 1790 5022 hostiam.
1818 4966 1933 5021 Una

344 5062 495 5124 enim,
524 5061 718 5130 inquit,
750 5059 916 5115 hostia
944 5060 1309 5115 consummauit
1333 5060 1386 5113 in
1413 5068 1711 5128 perpetuum
1732 5073 1817 5112 eos
1845 5057 1933 5127 qui

345 5154 731 5224 sanctiﬁcantur
757 5168 776 5206 :
802 5167 910 5208 non
933 5153 1073 5207 sicut
1097 5150 1319 5207 Iudaica
1339 5191 1355 5217 ,
1383 5165 1557 5220 neque
1583 5164 1750 5220 sape.
1795 5149 1930 5204 Pro-

346 5255 529 5319 pterea
551 5245 693 5301 enim
718 5253 824 5301 tam
854 5243 1022 5299 multa
1051 5258 1251 5314 susque
1272 5241 1443 5312 deque
1465 5240 1721 5296 disseruit
1741 5239 1809 5295 de
1840 5239 1935 5295 ho-

347 5339 481 5403 stia,
530 5337 672 5407 quod
717 5338 785 5391 sit
829 5352 931 5390 una
964 5346 1019 5391 et
1049 5349 1153 5389 una
1198 5349 1349 5387 :non
1394 5332 1493 5386 hoc
1539 5331 1713 5386 solum
1744 5331 1935 5386 volens

348 5428 649 5494 ostendere,
680 5428 819 5498 quod
849 5428 900 5482 in
928 5427 1030 5483 hoc
1052 5425 1264 5482 dilierat
1289 5440 1319 5479 a
1342 5423 1595 5487 Judaicis.
1618 5424 1746 5493 quin
1772 5423 1933 5478 etiam

350 5530 405 5577 ut
430 5521 621 5576 reddat
644 5521 970 5589 securiores,
1000 5528 1060 5574 ut
1090 5526 1456 5587 congruenter
1483 5516 1590 5584 legi
1619 5515 1931 5572 Judreorum

430 5700 502 5763 (ῃ)
527 5700 674 5750 Multa
696 5699 794 5747 loca
818 5712 880 5763 ex
903 5699 993 5763 hac
1012 5696 1238 5763 homilia,_
1246 5698 1466 5763 itemque
1488 5709 1548 5763 ex
1566 5696 1755 5763 decima
1775 5707 1944 5763 quarta

369 5770 418 5809 et
441 5758 626 5824 decima
664 5763 831 5824 quinta
863 5762 1186 5824 habenturin
1203 5758 1486 5824 florilegio
1508 5759 1692 5824 Savjlii,
1718 5758 1869 5817 ’,[ὀῑῃο
1893 5762 1944 5824 5,

366 5824 541 5885 pagina
563 5820 823 5873 807(Vide
846 5828 981 5872 notas
1003 5821 1186 5884 Savilii,
1202 5821 1352 5875 Temo
1376 5820 1423 5883 8,
1451 5834 1560 5884 pag,
1585 5820 1694 5873 750.

2042 964 2149 1003 non
2190 947 2418 1017 amplius
2465 947 2622 1000 aliam
2665 952 2980 1016 exspectent
3020 945 3274 1000 hostiam.
3343 943 3630 999 Voluntarie

2042 1038 2174 1093 enim
2220 1037 2538 1108 peccantibus
2584 1037 2762 1101 nobis,
2819 1036 3008 1105 inquit.
3045 1034 3206 1090 Vides
3229 1035 3618 1105 quamsitpro.

2045 1141 2242 1196 pensus
2266 1126 2330 1180 ad
2363 1125 2783 1196 ignoscendum?
2827 1124 3152 1193 Voluntarie,
3184 1126 3379 1195 inquit,
3405 1140 3622 1188 pace-m-

2039 1219 2170 1273 tibus
2192 1217 2354 1274 nobis.
2414 1217 2712 1288 Ignoscitur
2740 1218 2919 1288 itaque
2951 1218 3345 1272 involuntariis.
3380 1217 3505 1272 Post
3533 1234 3628 1271 ac.

2038 1321 2234 1380 ceptum
2301 1310 2529 1385 notitiam
2588 1308 2833 1363 veritatis.
2887 1309 2993 1361 Aut
3043 1307 3241 1361 Christi
3296 1307 3461 1375 dicit,
3532 1317 3627 1361 aut

2038 1403 2275 1458 omnium
2306 1401 2632 1472 dogmatut‘n.
2669 1399 2792 1454 lam
2817 1417 2917 1454 non
2946 1401 3250 1471 relinquitur
3279 1416 3370 1470 pro
3399 1401 3622 1468 peccatis

2036 1495 2219 1549 hostia.
2245 1492 2348 1548 Sed
2376 1491 2501 1562 quid
2527 1492 2550 1545 ?
2597 1490 2856 1547 Terribilis
2881 1500 3046 1546 autem
3088 1489 3320 1560 qutedam
3357 1500 3627 1558 exspectn-

2035 1586 2105 1640 tio
2140 1584 2360 1657 judicii,
2406 1591 2455 1638 et
2479 1582 2611 1653 ignis
2654 1583 2947 1649 wmulatio,
2978 1599 3093 1652 ques
3141 1592 3502 1653 consumptum
3548 1593 3621 1638 est

2040 1686 2374 1739 adversarios.
2422 1681 2779 1737 Adversarios
2817 1695 2921 1733 non
2960 1679 3132 1732 solum
3164 1678 3293 1731 dicit
3334 1677 3579 1730 infideles
3609 1717 3623 1739 ,

2040 1776 2132 1830 sed
2163 1788 2256 1829 eos
2280 1774 2441 1829 etiam
2470 1772 2563 1843 qui
2591 1770 2789 1826 iaciunt
2817 1770 3084 1824 contraria
3117 1769 3298 1823 virtuti
3325 1785 3339 1830 ;
3373 1768 3455 1821 vel
3484 1765 3625 1836 quod

2042 1867 2182 1921 idem
2209 1865 2346 1935 ignis
2373 1862 2745 1934 apprehendat
2769 1865 2929 1917 etiam
2961 1861 3302 1926 domesticus,
3326 1861 3416 1928 qni
3436 1859 3623 1914 adver-

2041 1957 2232 2013 sarios.
2269 1956 2472 2012 Deinde
2503 1956 2811 2026 significans
2840 1969 2999 2024 quam
3027 1953 3097 2006 sit
3126 1951 3282 2017 edax,
3314 1967 3436 2006 eum
3462 1951 3625 2006 veluti

2040 2050 2329 2113 animavit,
2366 2048 2552 2103 dicens
2582 2064 2595 2101 :
2629 2046 2777 2115 Ignis
2805 2045 3086 2110 aemulatio,
3118 2060 3231 2114 quae
3260 2054 3625 2114 consumptum

2047 2150 2121 2195 est
2164 2140 2505 2194 adversarios.
2551 2138 2702 2194 Sicut
2728 2138 2868 2192 enim
2898 2134 3013 2191 fera
3045 2135 3248 2189 irritata
3281 2145 3333 2190 et
3362 2133 3583 2189 θίγοι-θυι
3610 2175 3625 2197 ,

2043 2247 2149 2286 non
2170 2232 2465 2287 cessaverit
2489 2229 2662 2284 donec
2683 2228 2917 2297 aliquem
2945 2226 3415 2296 comprehenderit
3440 2235 3493 2280 et
3521 2242 3625 2280 ex-

2041 2324 2213 2379 ederit
2246 2341 2260 2377 :
2290 2324 2361 2377 ita
2391 2323 2549 2378 etiam
2582 2323 2673 2377 ille
2704 2322 2859 2393 ignis,
2892 2329 3160 2391 tamquam
3192 2321 3456 2391 quispiam
3485 2336 3626 2391 pun-

2040 2423 2160 2469 etus
2191 2414 2567 2477 aemulatione,
2616 2429 2751 2483 quos
2797 2411 3214 2481 apprelienderit
3243 2427 3348 2465 non
3371 2411 3624 2477 dimittit,

2040 2504 2134 2563 Sed
2166 2505 2306 2561 rodit
2339 2515 2394 2562 et
2422 2505 2698 2562 dilacerat.
2728 2506 2930 2560 Deinde
2969 2505 3130 2560 etiam
3157 2503 3428 2574 subjungit
3455 2503 3627 2557 ratio-

2042 2614 2166 2654 nem
2195 2599 2483 2666 minarum,
2507 2598 2649 2669 quod
2675 2596 2725 2653 id
2752 2599 2943 2652 merito
2970 2606 3024 2652 et
3047 2597 3166 2667 jure
3195 2596 3283 2650 ﬁat
3310 2615 3324 2651 :
3348 2595 3488 2666 quod
3510 2596 3628 2665 qui-

2042 2691 2164 2747 dem
2209 2690 2419 2747 confert
2463 2691 2529 2755 ad
2573 2690 2769 2747 fidem.
2813 2689 3027 2761 quando
3065 2688 3457 2743 ostenderimus
3482 2688 3627 2757 quod

2034 2781 2157 2853 jure
2191 2782 2304 2837 liat.
2347 2781 2437 2838 28.
2461 2780 2672 2835 Irritam
2701 2782 2813 2854 quis
2843 2781 3035 2849 faciens
3064 2781 3221 2851 legem
3248 2778 3440 2849 .lloysis
3462 2820 3478 2845 ,
3518 2779 3630 2834 sine

2039 2876 2148 2929 ulla
2193 2875 2546 2941 miseratione,
2589 2875 2784 2928 duobus
2833 2874 2908 2928 vel
2954 2872 3113 2926 tribus
3145 2871 3349 2926 testibus
3388 2872 3624 2926 moritur.

2042 2965 2170 3021 Siue
2199 2967 2307 3020 ulla
2333 2967 2670 3029 miseratione,
2700 2964 2887 3034 inquit.
2920 2964 3095 3032 Quare
3116 2964 3257 3017 nulla
3282 2965 3456 3027 venia,
3483 2963 3627 3018 nulla

2043 3065 2125 3112 est
2174 3057 2282 3111 illic
2325 3056 2694 3111 misericordia
2728 3072 2742 3109 :
2774 3070 3094 3124 quamquam
3140 3054 3225 3108 lex
3261 3062 3347 3109 est
3390 3053 3623 3124 llluysis:

2042 3146 2159 3217 ipse
2183 3150 2325 3201 enim
2355 3136 2517 3201 multa
2545 3146 2841 3201 constituit.
2874 3144 3011 3212 Quid
3043 3154 3122 3198 est
3141 3186 3156 3210 ,
3194 3143 3400 3196 Duobus
3425 3144 3501 3196 υιιι
3535 3145 3628 3197 tri-

2044 3238 2181 3293 bus?
2207 3238 2261 3293 Si
2310 3237 2439 3299 duo,
2482 3236 2693 3306 inquit,
2726 3235 2808 3289 vel
2840 3245 2946 3289 tres
2978 3234 3339 3288 testimonium
3370 3233 3629 3300 tulerint,

2042 3328 2225 3384 Statim
2252 3327 2381 3383 dant
2405 3343 2611 3396 ptenas.
2656 3326 2711 3382 Si
2741 3342 2869 3397 ergo
2896 3327 2947 3380 in
2971 3324 3173 3391 Veteri,
3209 3327 3294 3379 ubi
3320 3326 3402 3379 lex
3431 3324 3629 3395 .lloysis

2043 3419 2104 3475 fit
2134 3420 2304 3489 irrita,
2340 3430 2543 3474 tantum
2573 3428 2654 3474 est
2683 3419 3003 3488 supplicium
3038 3435 3049 3470 :
3080 3428 3280 3487 quanto
3309 3417 3473 3485 magis
3502 3416 3630 3472 hic?

2043 3512 2168 3568 Ideo
2198 3513 2269 3566 ita
2298 3511 2430 3567 dicit
2454 3528 2467 3565 ε
2490 3510 2582 3566 29.
2617 3510 2819 3578 Quanto
2845 3511 3005 3580 magis
3036 3510 3224 3578 putatis
3250 3508 3499 3561 deteriora
3525 3525 3630 3563 ute-

2040 3605 2142 3658 reri
2168 3602 2439 3675 supplicia,
2466 3602 2551 3673 qui
2583 3600 2631 3654 F
2633 3601 2777 3654 ilium
2806 3600 2900 3655 Dei
2934 3599 3317 3658 conculcaverit.
3346 3608 3389 3652 et
3416 3600 3634 3669 sangui-

2041 3712 2154 3749 nem
2182 3695 2464 3749 testamenti
2488 3695 2737 3764 pollutum
2758 3693 2978 3758 duxerit,
3004 3704 3048 3747 et
3072 3692 3290 3762 Spiritui
3309 3693 3488 3763 gratia:
3513 3708 3634 3746 con-

2039 3787 2294 3842 tumeliam
2318 3787 2530 3857 fecerit?

2108 3878 2164 3932 2.
2209 3878 2275 3933 Et
2309 3877 2578 3947 quomodo
2620 3877 2900 3932 eonculcat
2940 3876 3204 3945 quiSpiam
3258 3874 3450 3929 Filium
3492 3876 3633 3929 Dei?

2038 3968 2262 4035 Quando
2280 3969 2370 4039 qui
2401 3978 2483 4023 est
2507 3968 2623 4037 ejus
2648 3968 2913 4038 particeps
2943 3967 2997 4021 in
3028 3966 3318 4038 mysteriis,
3349 3975 3630 4035 peccatum

2040 4059 2246 4127 fecerit,
2266 4059 2351 4115 die
2374 4059 2527 4123 mihi,
2552 4074 2659 4112 non
2683 4059 3014 4113 conculcavit
3038 4073 3159 4111 eum
3178 4057 3200 4111 ?
3219 4073 3322 4111 non
3351 4057 3629 4126 despexit?

2053 4158 2120 4215 Ut
2148 4157 2289 4213 enim
2326 4156 2523 4212 nullam
2549 4154 2807 4211 habemus
2832 4154 3093 4210 rationem
3124 4168 3308 4207 eorum
3338 4169 3457 4223 qum
3494 4168 3632 4207 con-

2047 4253 2363 4308 culcantur:
2395 4253 2467 4306 ita
2503 4252 2663 4305 etiam
2694 4248 2786 4318 qui
2809 4257 3051 4318 peccant,
3084 4247 3285 4300 nullam
3311 4246 3507 4299 Christi
3533 4247 3627 4299 ha-

2050 4345 2176 4401 bent
2205 4345 2488 4406 rationem,
2523 4352 2577 4397 et
2602 4343 2680 4398 sic
2701 4350 2940 4413 peccant.
2962 4340 3156 4394 Factus
3175 4355 3230 4394 es
3262 4353 3454 4407 Corpus
3473 4337 3550 4390 Ch
3583 4336 3642 4390 i-

2048 4437 2155 4501 sti,
2187 4443 2243 4491 et
2265 4434 2363 4490 das
2393 4443 2447 4489 te
2476 4432 2693 4488 diabolo
2719 4430 3186 4487 conculcandum?
3217 4429 3277 4482 Et
3299 4429 3595 4498 sanguinem
3623 4467 3638 4490 ,

2050 4529 2252 4599 inquit,
2279 4527 2529 4597 pollutunt
2558 4525 2778 4579 duxerit.
2805 4523 2940 4591 Quid
2968 4533 3050 4578 est
3075 4536 3358 4577 commune
3387 4535 3483 4575 seu
3515 4519 3640 4588 pol-

2050 4618 2381 4674 lutum?ﬂoc
2402 4625 2486 4673 est
2514 4615 2871 4678 immundum,
2899 4623 2990 4669 aut
3018 4613 3149 4667 nihil
3178 4612 3406 4680 amplius
3427 4609 3640 4664 habens

2049 4726 2207 4781 quam
2251 4716 2464 4764 caetera.
2513 4706 2579 4760 Et
2616 4706 2818 4777 spiritui
2842 4704 3022 4776 gratia:
3049 4703 3412 4758 contumeliam
3439 4701 3633 4771 fecerit.

2050 4803 2181 4858 Nam
2210 4803 2299 4871 qui
2330 4800 2649 4856 benelicium
2686 4814 2792 4853 non
2819 4797 3050 4866 accipit,
3101 4810 3223 4850 eum
3251 4794 3342 4863 qui
3375 4790 3638 4848 benefecit

2050 4895 2215 4949 afﬁcit
2240 4891 2588 4948 contumelia.
2617 4890 2768 4945 Fecit
2805 4897 2855 4944 te
2884 4888 3086 4949 lilium;
3121 4895 3176 4939 tu
3217 4894 3393 4937 autem
3419 4883 3499 4936 vis
3522 4881 3638 4935 lieri

2051 4985 2277 5041 servus?
2304 4983 2482 5047 venit,
2517 4982 2655 5052 apud
2693 4992 2744 5036 te
2771 4981 3062 5044 habitavit;
3096 4987 3150 5032 tu
3188 4987 3364 5031 autem
3388 4977 3453 5031 ad
3483 4984 3534 5029 te
3558 4974 3638 5026 in-

2054 5077 2337 5133 troduxisti
2367 5076 2534 5131 malas
2560 5072 2952 5145 cogitationes?
2994 5070 3239 5127 Christus
3283 5068 3450 5122 valuit
3494 5065 3636 5136 apud

2056 5178 2109 5223 te
2147 5178 2292 5223 stare
2327 5176 2382 5222 et
2419 5166 2713 5229 collocari;
2748 5174 2801 5219 tu
2832 5173 3009 5218 autem
3035 5164 3205 5233 ipsum
3231 5161 3513 5215 conculcas
3542 5174 3638 5228 per

2054 5262 2348 5331 crapulam,
2397 5276 2494 5330 per
2539 5258 2908 5314 ebrietatem?
2952 5256 3244 5310 Audiamus
3286 5252 3378 5323 qui
3423 5250 3639 5320 indigne

2056 5368 2238 5409 sumus
2266 5351 2556 5420 participes
2584 5348 2966 5419 mysteriorum
3015 5364 3027 5399 :
3061 5344 3337 5398 audiamus
3378 5341 3466 5412 qui
3496 5340 3636 5395 indi-

2055 5460 2158 5514 gne
2186 5443 2250 5498 ad
2281 5457 2516 5498 mensam
2548 5441 2689 5494 illam
2717 5438 3019 5493 accedimus
3047 5455 3057 5489 :
3096 5434 3287 5496 Nolite,
3313 5431 3638 5502 inquit,dare

2056 5545 2231 5591 sancta
2275 5534 2515 5599 canibus,
2559 5548 2621 5586 ne
2662 5529 2866 5602 quando
2891 5545 2947 5581 ea
2977 5524 3268 5580 conrulcent
3295 5524 3399 5578 suis
3428 5521 3637 5591 pedibus

2061 5627 2274 5699 (Matth.
2306 5627 2359 5681 7.
2392 5625 2488 5692 6);
2519 5623 2618 5678 hoc
2644 5630 2754 5686 est,
2792 5636 2857 5696 ne
2884 5617 3171 5688 aliquando
3201 5614 3526 5683 despiciant,
3573 5624 3636 5666 ne

2058 5726 2331 5791 respuant.
2363 5716 2469 5771 Sed
2492 5715 2605 5769 hinc
2636 5728 2741 5767 non
2771 5710 2924 5775 dixit,
2954 5719 3008 5762 at
3033 5707 3174 5777 quod
3209 5715 3289 5759 est
3316 5703 3634 5766 terribilius.

2060 5830 2180 5868 nam
2222 5827 2288 5868 ex
2328 5824 2393 5865 eo
2435 5806 2576 5877 quod
2607 5814 2687 5862 est
2715 5802 2954 5859 terribile
2980 5841 2995 5869 ,
3035 5796 3354 5865 C(utstringit
3379 5795 3630 5850 animas:
