3980 6142
330 284 436 343 HS

327 400 512 470 κρίσιν
534 397 716 460 αὐτοῖς
743 395 1029 466 ἐφίστησιν
1054 405 1101 458 α,
1135 393 1231 447 ἅτε
1268 391 1362 445 τοῦ
1400 393 1725 463 πράγματος
1748 392 1901 453 ὄντος

329 480 589 553 φανεροῦ.
623 480 803 543 Πόσῳ
839 476 1088 540 δοκεῖτε,
1124 474 1281 546 φησὶ,
1322 477 1598 544 χείρονος
1646 470 1901 538 ἀξιωθή-

328 578 500 617 σεται
535 560 845 630 τιμωρίας;
886 556 1150 611 Ἐνταῦθά
1197 575 1291 629 μοι
1332 558 1485 612 δοκεῖ
1515 558 1608 612 καὶ
1639 557 1767 627 περί
1795 556 1905 609 τῶν

332 644 650 716 μυστηρίων
685 641 1044 696 αἰνίττεσθαι.
1076 636 1213 693 Εἶτα
1243 641 1339 694 καὶ
1366 640 1672 712 μαρτυρίαν
1706 641 1906 707 ἐπάγει

326 723 813 796 λέγων’·Φοόερὸν
838 722 905 777 τὸ
933 722 1223 792 ἐμπεσεῖν
1246 726 1332 788 εἰς
1353 723 1554 791 χεῖρας
1584 723 1731 776 Θεοῦ
1767 720 1907 781 ζῶν-

327 828 449 874 τος.
486 809 824 878 Γέγραπται
856 804 1000 874 γάρ·
1047 805 1209 875 Ἐμοὶ
1238 805 1580 872 ἐκδίκησις,
1616 804 1732 873 ἐγὼ
1768 806 1909 858 ἀντ-

327 891 619 946 αποδώσω
641 931 656 955 ,
698 889 863 959 λέγει
898 889 1115 956 Κύριος
1134 904 1148 918 ·
1180 888 1277 941 καὶ
1302 888 1490 954 πάλιν,
1521 888 1737 957 Κύριος
1793 905 1910 955 κρι-

327 974 426 1029 νεῖ
473 975 579 1028 τόν
626 973 782 1027 λαὸν
825 970 1036 1027 αὑτοῦ.
1107 970 1551 1041 Ἐμπεσούμεθα,
1603 970 1787 1039 φησὶν,
1829 970 1909 1032 εἰς

330 1060 519 1130 χεῖρας
571 1055 813 1126 Κυρίου,
865 1054 961 1108 καὶ
1009 1051 1084 1123 μὴ
1125 1053 1155 1093 ιι
1208 1054 1291 1116 εἰς
1335 1056 1525 1123 χεῖρας
1578 1052 1905 1122 ἀνθρώπων.

341 1139 481 1193 Ἀλλ’
509 1138 604 1192 ἐὰν
638 1138 713 1208 μὴ
757 1137 1154 1208 μετανοήσητε,
1191 1137 1273 1198 εἰς
1323 1138 1510 1205 χεῖρας
1551 1131 1686 1187 Θεοῦ
1731 1135 1908 1203 ἐμπε-

331 1217 571 1291 σεῖσθε]
604 1225 780 1276 ἐκεῖνο
812 1220 1041 1291 φοϐερόν
1069 1236 1084 1251 ’
1134 1218 1295 1273 τοῦτο
1352 1218 1506 1272 οὐδέν
1549 1218 1667 1270 ἐστι
1721 1217 1784 1271 :6
1828 1217 1911 1279 εἰς

330 1300 558 1380 χεῖρας“
576 1302 879 1375 ἀνθρώπων
920 1304 1203 1373 ἐμπεσεῖν.
1261 1302 1428 1355 Ὀταν
1477 1302 1694 1370 ἴδωμεν,
1752 1300 1908 1370 φησὶ,

329 1389 455 1443 τινὰ
485 1386 842 1457 κολαζόμενον
882 1385 1139 1450 ἐνταῦθα,
1178 1384 1253 1456 μὴ
1292 1383 1621 1453 φοϐηθῶμεν
1656 1383 1749 1434 ἐπὶ
1796 1383 1910 1445 τοῖς

332 1470 625 1540 παροῦσιν,
670 1469 808 1524 ἀλλά
836 1468 1117 1539 φρίξωμεν
1159 1468 1253 1520 ἐπὶ
1289 1468 1401 1529 τοῖς
1443 1466 1720 1536 μέλλουσι.
1750 1464 1911 1519 Κατὰ

336 1553 448 1623 ⁸γπίιρ
492 1552 559 1606 τὸ
587 1552 760 1619 ἕλεος
806 1552 989 1606 αὐτοῦ
1019 1551 1119 1604 καί
1152 1552 1190 1619 ἡ
1231 1548 1377 1619 ὀργὴ
1433 1548 1639 1615 αὑτοῦ,
1688 1547 1786 1623 καὶ
1814 1546 1911 1600 ἐπὶ

335 1617 747 1703 ἆιίαρτωλοὺςή
769 1634 1145 1688 καταπαύσει
1180 1617 1230 1687 Ἵό
1262 1617 1456 1701 θυμός
1503 1617 1914 1715 umquam.

335 1718 430 1771 καὶ
464 1717 651 1787 ἕτερόν
700 1734 753 1769 τι
802 1715 1099 1770 αἰνίττεται
1144 1714 1380 1770 ἐνταῦθα
1426 1714 1516 1768 διὰ
1567 1712 1661 1766 τοῦ
1680 1712 1909 1765 ἐἰπεῖν’

336 1798 501 1869 Ἐμοὶ
515 1798 843 1865 ἐκδίκησις,
857 1798 970 1867 ἐγὼ
989 1796 1413 1852 ἀνταποδώσω.
1432 1797 1555 1849 Ἐπὶ
1578 1794 1687 1848 τῶν
1704 1793 1914 1865 ἐχθρῶν

334 1881 493 1936 τοῦτο
523 1880 738 1951 εἴρηται
776 1880 884 1933 τῶν
919 1880 1106 1944 κακῶς
1137 1880 1455 1944 ποιούντων,
1488 1881 1550 1932 οὐ
1575 1878 1684 1932 τῶν
1724 1878 1914 1940 κακῶς

336 1966 675 2035 πασχόντων.
745 1963 1012 2017 Ἐνταῦθα
1064 1965 1159 2018 καὶ
1215 1963 1628 2035 παραμυθεῖται
1687 1963 1910 2027 αὐτοὺς,

341 2047 623 2119 μονονουχὶ
648 2047 856 2116 λέγων⁵
893 2046 1062 2100 Μένει
1101 2046 1394 2110 διαπαντὸς
1428 2048 1455 2099 6
1485 2046 1615 2109 Θεὸς
1657 2046 1752 2100 καὶ
1796 2046 1863 2116 ζῇ
1896 2062 1911 2078 ο

335 2130 477 2184 ὥστε
500 2131 605 2185 κᾶν
641 2128 717 2200 μὴ
739 2129 834 2183 νῦν
859 2129 1232 2194 ἀπολάϐωσιν,
1258 2128 1485 2199 ὕστερον
1517 2127 1910 2198 ἀπολήψονται.

349 2212 623 2276 Ἐκείνους
654 2213 734 2265 δεῖ
772 2211 1072 2280 στενάζειν,
1120 2212 1220 2281 οὐχ
1250 2212 1399 2281 ἡμᾶς
1420 2228 1433 2239 ·
1470 2213 1631 2280 ἡμεῖς
1681 2211 1778 2279 μὲν
1807 2210 1915 2279 γάῤ

337 2296 421 2359 εἰς
452 2296 548 2358 τὰς
574 2294 801 2349 ἐκείνων
833 2293 1225 2364 ἐμπεσούμεθα
1258 2296 1469 2364 χεῖρας,
1501 2294 1700 2344 ἐκεῖνοι
1728 2291 1786 2344 δὲ
1832 2294 1915 2354 εἰς

338 2378 439 2440 τὰς
460 2377 556 2429 τοῦ
588 2375 748 2429 Θεοῦ.
782 2376 856 2429 Οὐ
887 2376 995 2447 γὰρ
1028 2377 1058 2426 6
1086 2373 1277 2429 παθὼν
1309 2375 1509 2445 πάσχει
1555 2372 1763 2438 κακῶς,
1801 2373 1915 2427 ἀλλ’

339 2462 370 2513 6
407 2460 578 2512 ποιῶν
609 2474 624 2489 °
658 2457 784 2511 οὐτε
812 2460 841 2511 6
884 2456 1348 2530 εὐεργετούμενος
1392 2456 1753 2528 εὐεργετήθη,
1800 2455 1916 2509 ἀλλ’

340 2546 371 2598 6
404 2542 728 2612 εὐεργετῶν.

413 2626 601 2680 Ταῦτα
624 2622 716 2680 οῦν
745 2625 966 2690 εἰδότες,
998 2626 1314 2693 ἀνεξίκακοι
1347 2619 1499 2698 ῶμεν
1534 2630 1663 2699 περὶ
1701 2627 1765 2681 :6
1809 2625 1918 2680 πά-

346 2726 500 2779 σχειν
546 2707 752 2772 κακῶς,
787 2708 1069 2779 πρόχειροι
1115 2710 1245 2780 περὶ
1285 2709 1347 2762 τὸ
1381 2709 1531 2782 [189]
1588 2712 1915 2782 εὐεργετεῖν.

344 2792 518 2846 Τοῦτο
571 2792 629 2845 δὲ
670 2791 854 2857 ἔσται,
890 2792 955 2845 ἂν
1015 2795 1315 2863 χρημάτων
1365 2795 1795 2866 καταφρονῶμεν
1825 2793 1920 2847 καὶ

343 2875 500 2946 δόξης
535 2892 550 2907 θ
595 2877 623 2928 ό
658 2875 835 2929 ταῦτα
868 2875 934 2928 τά
977 2876 1124 2947 πάθη
1173 2864 1607 2947 ἀποδυσάμενος,
1658 2864 1918 2932 ἀπάντων

344 2959 654 3031 ἀνθρώπων
685 2960 833 3016 ἐστὶν
868 2960 1322 3032 ἐλευθερώτερος,
1360 2963 1455 3015 καὶ
1485 2962 1649 3016 αὐτοῦ
1680 2963 1775 3016 τοῦ
1823 2965 1921 3033 τὴν

345 3043 638 3115 ἁλουργίδα
662 3043 1046 3115 περικειμένου
1082 3045 1480 3116 εὐπορώτερος.
1518 3047 1628 3115 Οὐχ
1662 3048 1794 3117 όρᾷς
1823 3046 1922 3098 ὅσα

347 3127 557 3195 γίνεται
588 3125 735 3179 κακά
762 3125 853 3178 διὰ
878 3127 947 3179 τά
972 3127 1225 3197 χρήματα
1250 3145 1264 3194 ;
1293 3128 1354 3178 οὐ
1399 3126 1541 3194 λέγω
1576 3126 1675 3180 ὅσα
1704 3127 1792 3180 διά
1824 3127 1921 3197 τήν

348 3209 681 3276 πλεονεξίαν,
714 3209 829 3263 ἀλλ’
864 3211 922 3262 ἐν
954 3213 1019 3278 τῇ
1054 3209 1401 3280 προσπαθείᾳ
1426 3210 1630 3262 τούτων
1656 3228 1669 3241 ο
1719 3206 1832 3263 οἶόν
1869 3227 1920 3262 τι

348 3295 510 3363 λέγω·
537 3294 633 3347 Ἂν
659 3292 899 3363 ἀπολέσῃ
922 3310 1006 3355 τις
1032 3293 1136 3363 χρή
1148 3310 1315 3362 ματα,
1336 3292 1540 3357 παντὸς
1567 3293 1798 3347 θανάτου
1818 3285 1922 3365 ’χα-

347 3378 655 3448 λεπώτερον
684 3376 796 3447 βίον
826 3375 912 3447 ζῇ.
947 3376 1013 3428 Τί
1036 3376 1243 3444 ἀλγεῖς,
1265 3376 1545 3446 άνθρωπε;
1569 3377 1621 3430 τί
1643 3377 1917 3448 δακρύειςς

348 3462 431 3515 ὅτι
462 3478 522 3513 σε
557 3460 657 3530 τῆς
691 3459 958 3528 περιττῆς
988 3458 1239 3527 φυλακῆς
1262 3459 1569 3529 ἀπήλλαξεν
1592 3462 1620 3513 6
1656 3460 1809 3527 656;;
1839 3461 1920 3514 ὅτι

348 3544 409 3597 οὐ
438 3543 581 3615 κάθῃ
607 3542 824 3613 τρέμων
856 3542 953 3595 καὶ
989 3540 1277 3605 δεδοικώς;
1318 3537 1451 3594 Εἶτα
1496 3543 1561 3595 ἂν
1593 3542 1691 3612 μέν
1724 3542 1785 3595 σέ
1835 3559 1922 3606 τις

349 3626 636 3697 προσδήσῃ
675 3624 966 3695 θησαυρῷ,
1007 3622 1252 3677 κελεύων
1292 3623 1585 3686 διαπαντὸς
1624 3626 1745 3676 ἐκεῖ
1788 3623 1922 3678 καθ-

350 3710 536 3779 ῆσθαι,
554 3709 649 3762 καὶ
680 3710 982 3779 ἀγρυπνεῖν
1011 3707 1151 3777 ὑπὲρ
1172 3700 1490 3778 ἀλλοτρίων,
1513 3708 1719 3775 ἀλγεῖς,
1740 3706 1923 3777 δυσχε-

354 3789 557 3865 ραίνέις
586 3808 600 3823 ·
628 3793 691 3845 σὺ
713 3793 769 3845 δέ
801 3790 997 3845 σαυτὸν
1019 3790 1331 3862 προσδήσας
1363 3790 1582 3860 δεσμοῖς
1604 3790 1922 3860 χαλεπωτά-

351 3892 483 3941 τοις,
518 3875 708 3944 ἐπειδὴ
740 3873 1060 3945 ἀπηλλάγης
1098 3874 1198 3943 τῆς
1241 3872 1504 3937 δουλείας,
1538 3874 1760 3941 ἀλγεῖς;
1798 3873 1924 3924 Ὄν-

351 3977 459 4022 τως
499 3957 824 4029 προλήψεώς
869 3959 1008 4010 εἰσιν
1040 3958 1091 4008 αί
1121 3957 1288 4010 λῦπαι
1330 3958 1425 4010 καὶ
1460 3958 1514 4010 αἱ
1548 3955 1875 4025 εὐφροσύναι
1906 3994 1919 4006 .

352 4042 602 4109 καθάπερ
638 4040 745 4109 γάρ
785 4039 1042 4108 ἀλλότρια
1069 4038 1304 4108 ἔχοντες,
1334 4038 1507 4099 οὔτως
1544 4038 1684 4090 αὐτὰ
1728 4036 1926 4108 τηροῦ-

357 4139 477 4193 μεν.
504 4123 618 4173 Νῦν
646 4121 783 4190 πρὸς
821 4120 919 4183 τὰς
948 4120 1227 4187 γυναῖκάς,
1260 4136 1347 4189 μοι
1387 4122 1414 4173 6
1462 4120 1641 4186 λόγος.
1678 4114 1809 4188 Εἷχέ
1840 4137 1922 4183 τις

353 4204 491 4273 γυνὴ
517 4202 773 4264 πολλάκις
800 4201 908 4254 ἀπὸ
934 4202 1160 4271 χρυσίου
1192 4201 1513 4270 ὑφασμένον
1554 4201 1793 4269 ἱμάτιον,
1831 4201 1925 4254 καὶ

354 4285 515 4339 τοῦτο
541 4285 817 4344 τινάσσει,
849 4283 1167 4352 περιϐάλλει
1188 4282 1376 4347 λίνοις,
1402 4286 1559 4355 τηρεῖ
1586 4284 1722 4354 μετά
1752 4285 1927 4351 ἀσφα-

354 4369 528 4431 λείας,
549 4366 739 4435 τρέμει
764 4366 907 4435 ὑπὲρ
942 4365 1128 4432 αὐτοῦ,
1162 4366 1257 4418 καῖ.
1285 4367 1387 4419 οὐκ
1417 4366 1683 4421 ἀπολαύει
1714 4365 1880 4421 αὐτοῦ
1907 4382 1922 4400 ο

356 4452 391 4523 ἢ
425 4452 534 4521 γάρ
552 4447 905 4517 ἐτελεύτησεν
933 4447 965 4517 ἦ
1000 4449 1295 4518 ἐχήρευσεν
1320 4465 1333 4478 ·
1375 4449 1432 4519 ἦ,
1461 4449 1566 4502 κᾶν
1611 4449 1778 4520 μηδὲν
1806 4448 1928 4501 τού-

355 4553 464 4590 των
488 4533 693 4604 συμϐᾔ.
733 4531 937 4584 δέδοικε
976 4531 1051 4601 μὴ
1081 4534 1147 4601 τῇ
1196 4534 1410 4602 συνεχεῖ
1449 4534 1644 4603 χρήσει
1678 4533 1924 4603 δαπανή-

359 4634 502 4672 σασα
523 4616 675 4679 αὐτὺ,
721 4615 1149 4683 ἁποστερήσειεν
1190 4614 1390 4684 ἐαυτήν
1417 4631 1429 4644 ·
1485 4613 1589 4667 κᾶν
1626 4613 1785 4677 ἄλλος
1829 4615 1929 4667 οὐκ

356 4699 728 4770 ἀποστερήσῃ,
760 4697 1058 4766 ἀποστερεῖ
1090 4695 1289 4766 ἑαυτὴν
1326 4698 1392 4767 τῇ
1426 4695 1699 4765 φειδωλία.
1766 4694 1930 4749 Ἀλλά

358 4783 682 4853 παραχωρεῖ
706 4780 909 4851 ἐτέρας
949 4778 1064 4832 ἀλλ’
1096 4779 1218 4833 οὐδὲ
1245 4778 1406 4832 τοῦτο
1441 4778 1599 4850 δῆλον
1630 4795 1642 4809 ·
1672 4780 1721 4830 εἰ
1744 4778 1800 4831 δὲ
1833 4777 1929 4832 καὶ

358 4864 803 4938 παραχωρήσειε,
833 4863 928 4916 καὶ
962 4863 1148 4934 ἐκείνη
1174 4861 1337 4915 πάλιν
1374 4861 1576 4932 ὁμοίως
1616 4860 1766 4931 αὐτῴ
1792 4862 1929 4932 χρή-

362 4964 536 5003 σεται.
573 4948 681 5000 Ka':
707 4948 859 5009 εἴτις
886 4946 1177 5016 ἐρευνήσει
1204 4945 1274 4998 τὰ
1297 4946 1353 4997 ἐν
1378 4947 1497 5008 ταῖς
1513 4944 1731 5010 οἰκίαις,
1766 4946 1932 5015 εὑρή-

362 5047 448 5085 σει
483 5028 555 5083 τά
594 5029 829 5099 μάλιστα
854 5029 1015 5097 τίμια
1043 5029 1152 5081 τῶν
1199 5026 1430 5097 ἱματίων
1461 5028 1557 5081 καὶ
1596 5027 1665 5080 τὰ
1698 5027 1834 5082 ἄλλα
1863 5028 1932 5081 τὰ

362 5112 700 5184 ὑπερέχοντα
718 5115 775 5165 ἐν
807 5111 1015 5165 πλείονι
1041 5114 1199 5181 τιμῇ,
1223 5110 1412 5181 ὥσπερ
1435 5110 1714 5181 ἐμψύχους
1737 5110 1931 5163 δεσπό-

362 5212 479 5259 τας,
512 5195 927 5265 θεραπευόμενα
948 5211 960 5223 ·
990 5194 1050 5247 οὐ
1089 5193 1198 5263 γὰρ
1228 5193 1429 5264 χρῆται
1461 5194 1642 5257 αὐτοῖς
1670 5194 1929 5263 συνεχῶς,

364 5278 501 5332 ἀλλά
526 5278 731 5331 δέδοικε
767 5281 863 5331 καὶ
888 5279 1100 5351 τρέμει,
1137 5279 1305 5347 σῆτας
1347 5281 1445 5331 καὶ
1473 5278 1542 5331 τὰ
1572 5277 1709 5331 ἀλλα
1742 5278 1809 5330 τὰ
1846 5279 1932 5348 βι-

366 5360 636 5430 ϐρώσκειν
665 5361 895 5415 εἰωθότα
952 5359 1318 5423 ἁποσοϐοῦσα,
1366 5362 1462 5414 κιλιί⁵
1503 5360 1573 5413 τα
1610 5360 1831 5413 πλείονα
1875 5362 1931 5411 ἐν

369 5443 597 5515 μύρροις
614 5443 706 5497 καὶ
725 5444 981 5516 ἀρώμασι
1001 5444 1363 5512 τιθεῖσα,οὐδέ
1385 5445 1547 5496 πᾶσιν
1568 5443 1935 5512 ἐπιτρέπουσα

431 5559 455 5629 ξ’
484 5558 542 5629 _I_n
574 5559 711 5629 C016.
746 5560 933 5629 lfgilqr
960 5567 1168 5629 ἀφίησιν.
1192 5565 1408 5629 ῡυυωυε
1429 5562 1603 5629 ἐφίησι-

372 5618 461 5740 rb
484 5621 635 5681 Mars.
657 5618 833 5700 ‘Savil:
888 5618 1168 5691 ἐμπέσωμεν
1211 5626 1309 5688 οὖν,
1354 5618 1597 5688 φησίν,ξῇ
1620 5622 1778 5685 χεῖρας
1809 5620 1933 5670 Θεοῦ

398 5699 559 5740 ωντος,
594 5698 672 5732 και
697 5702 780 5740 μη.

398 5699 559 5744 ωντος,
594 5698 672 5732 και
697 5698 758 5746 μή
768 5722 780 5736 .

1068 281 1124 337 S.
1164 278 1449 337 JOANNIS
1481 276 1965 338 CIIRYSOSTOMI
2004 279 2321 341 KRCIIIEP.
2363 276 2918 341 CONSTANTINOP.

3480 270 3591 354 ιιο

2005 394 2108 462 τῆς
2136 395 2314 466 ὅψεως
2352 396 2760 466 καταξιωθῆναι
2813 388 3053 457 ἐκείνης,
3106 385 3223 441 ἀλλ’
3272 385 3414 455 αὐτὴ
3454 359 3593 440 πολ-’

2005 476 2159 541 λάκις
2194 479 2333 549 μετά
2369 480 2462 533 τοῦ
2498 478 2693 545 ἀνδρὸς
2716 473 2889 528 ταῦτα
2928 471 3227 525 διατιθεῖσα
3276 468 3579 539 ἐπιμελῶς.

2077 563 2143 630 γ’.
2164 563 2277 615 Οὐκ
2293 563 2538 627 εἰκότως,
2556 560 2675 613 εἰπέ
2697 576 2807 628 μοι,
2828 551 3270 622 είδωλολατρείαν
3285 554 3383 621 τὴν
3403 552 3588 607 πλεον-
3664 582 3685 603 κ

2006 645 2153 710 εξίαν
2195 646 2455 699 ἐκάλεσεν
2488 643 2517 694 6
2562 641 2811 704 Παῦλος;
2840 639 3015 708 ’Ὀσην
3052 636 3160 706 γὰρ
3191 636 3390 689 ἐκεῖνοι
3419 635 3589 706 τιμὴν

2008 728 2136 798 περὶ
2177 728 2246 781 τά
2290 726 2488 780 εἴδωλα
2522 724 2961 785 ἐπιδείκνυνται,
2993 718 3266 788 τοσαύτην
3300 718 3399 771 καῖ⁹
3439 712 3588 773 οὗτοι

2008 812 2135 881 περὶ
2169 812 2240 864 τά
2269 811 2459 880 ἱμάτια
2479 820 2527 872 ο,
2558 806 2689 879 περὶ
2718 805 2787 859 τὰ
2804 803 3027 875 χρυσία.
3069 802 3251 873 Μέχρι
3277 800 3423 864 τίνος
3461 800 3590 871 βόρα

2008 891 2167 962 ϐορον
2213 892 2609 961 ἀνακινοῦμεν;
2660 888 2823 959 μέχρι
2869 887 3017 948 τίνος
3060 883 3140 954 τῷ
3182 883 3341 954 πηλῷ
3391 884 3485 937 καὶ
3520 886 3587 955 τῇ

2008 976 2260 1045 πλινθείᾳ
2284 972 2724 1045 προσηλώμεθα;
2759 973 2970 1039 Ὥσπερ
3004 968 3114 1036 γάρ
3148 968 3351 1021 ἐκεῖνοι
3379 965 3458 1037 τῷ
3481 966 3591 1020 τῶν

2010 1058 2158 1131 [190]
2184 1058 2491 1128 Αἰγυπτίων
2516 1054 2726 1127 βασιλεῖ
2751 1054 3008 1122 ἔκαμνον,
3041 1052 3184 1105 οὕτω
3205 1049 3301 1103 καὶ
3324 1052 3487 1121 ἡμεῖς
3512 1049 3591 1121 τῷ

2008 1141 2235 1208 διαϐόλῳ
2277 1140 2589 1210 κάμνομεν,
2617 1138 2714 1191 καί¹
2748 1133 3126 1206 μαστιζόμεθα
3171 1133 3306 1187 πολὺ
3336 1132 3588 1204 χαλεπω-

2008 1225 2177 1294 τέρας
2217 1223 2509 1292 μάστιγας.
2546 1220 2658 1274 Καὶ
2693 1220 2767 1291 μή
2794 1236 2916 1272 τινα
2947 1215 3256 1287 ὑπερϐολὴν
3296 1215 3591 1286 καταγνῷς

2010 1307 2104 1361 τοῦ
2151 1306 2312 1374 λόγου
2336 1322 2350 1339 ·
2395 1305 2506 1375 ὅσῳ
2535 1304 2643 1374 γάρ
2672 1301 2939 1373 κρείττων
2970 1299 3223 1369 σώματος
3266 1299 3414 1370 ψυχὴ
3435 1341 3451 1365 ,
3497 1317 3592 1353 το-

2012 1389 2187 1459 σούτῳ
2211 1387 2432 1461 φροντίς
2458 1386 2741 1458 μωλώπων
2766 1382 3141 1456 μαστιζόμεθα
3157 1382 3184 1422 ἀ
3204 1383 3326 1437 καθ’
3349 1384 3590 1454 ἑκάστην

2012 1472 2246 1543 ἡμέραν,
2280 1470 2599 1539 δεδοίκαμεν
2635 1467 3037 1540 φροντίζοντες,
3088 1466 3402 1537 τρέμοντες.
3450 1466 3591 1519 Ἀλλ’

2012 1557 2107 1610 ἐὰν
2136 1556 2454 1627 θελήσωμεν
2485 1552 2775 1618 στενάξαι,
2813 1552 2909 1606 ἐάν
2939 1551 3256 1621 θελήσωμεν
3289 1549 3591 1617 ἀναϐλέψαι

2013 1640 2152 1711 πρὸς
2184 1639 2276 1694 τὸν
2308 1640 2460 1705 Θεὸν,
2498 1637 2709 1707 πέμπει
2735 1638 2869 1707 ἡμῖν
2896 1636 2958 1688 οὐ
3001 1634 3261 1699 Μωῡσέα,
3300 1632 3421 1685 οὐδὲ
3461 1632 3593 1711 :Aa-

2016 1707 2146 1797 ρίυν,
2174 1721 2308 1776 ἀλλά
2338 1721 2429 1775 τὸν
2454 1720 2620 1775 αὐτοῦ
2645 1720 2802 1788 λόγον
2827 1720 2920 1773 καὶ
2946 1718 3047 1789 τὴν
3070 1715 3386 1781 κατάνυξιν.
3416 1707 3593 1780 Οὗτος

2013 1796 2192 1861 τοίνυν
2215 1803 2411 1869 ἐλθὼν,
2440 1803 2535 1857 καὶ
2567 1796 2857 1873 κατασχὼν
2883 1800 3041 1871 ήμῶν
3069 1800 3169 1863 τὰς
3198 1798 3380 1868 ψυχὰς
3397 1838 3413 1863 ,
3436 1798 3592 1851 ἐλευ-

2016 1888 2246 1958 θερώσει
2273 1889 2376 1955 τῆς
2402 1886 2646 1950 δουλείας
2672 1886 2771 1955 τῆς
2798 1885 3002 1955 πικρᾶς
3028 1884 3198 1954 ἡμᾶς,
3231 1882 3410 1948 ἐξάξει
3440 1881 3590 1953 ἡμᾶς

2016 1973 2073 2039 ἐξ
2114 1970 2423 2040 Αἰγύπτου,
2460 1970 2561 2039 τῆς
2589 1970 2847 2038 ἀνονήτου
2883 1965 2983 2021 καὶ
3022 1965 3385 2037 ματαιοπόνου
3426 1981 3593 2017 σπου-

2014 2056 2134 2128 δῆς,
2161 2056 2258 2125 τῆς
2283 2052 2528 2115 δουλείας
2550 2052 2649 2122 τῆς
2676 2051 2828 2104 οὐδὲν
2855 2050 3046 2120 κέρδος
3071 2048 3322 2119 ἐχούσης.
3357 2048 3590 2101 Ἐκεῖνοι

2020 2140 2118 2210 μὲν
2154 2134 2247 2192 οὖν
2285 2134 2387 2191 κᾶν
2428 2135 2629 2207 χρυσία
2669 2133 2926 2195 λαϐόντες
2954 2132 3216 2202 ἐξῆλθον,
3263 2130 3356 2185 τὸν
3397 2130 3593 2201 μισθὸν

2015 2225 2115 2293 τῆς
2145 2220 2436 2290 οἰκοδομῆς
2458 2235 2472 2249 θ
2506 2219 2668 2291 ήμεῖς
2700 2217 2758 2270 δὲ
2783 2215 2937 2271 οὐδέν
2956 2232 2971 2246 ·
3002 2215 3099 2270 καὶ
3127 2215 3239 2268 είθε
3272 2214 3469 2287 μηδέν’
3493 2214 3592 2269 νῦν

2017 2305 2075 2358 δέ
2104 2305 2195 2358 καὶ
2220 2305 2377 2374 ήμεῖς
2416 2302 2766 2373 λαμϐάνομεν
2803 2299 2862 2353 οὐ
2893 2298 3113 2371 χρυσία,
3154 2299 3289 2352 ἀλλά
3320 2298 3394 2351 τά
3421 2296 3594 2367 Αἰγύ-

2021 2408 2153 2444 πτου
2178 2388 2342 2453 κακὰ,
2361 2388 2736 2457 ἁμαρτήματα
2767 2385 2864 2439 καλ⁵
2893 2385 3142 2448 κολάσεις
3168 2384 3264 2438 καὶ
3293 2382 3592 2454 τιμωρίας.

2017 2473 2297 2543 Μάθωμεν
2350 2470 2529 2524 τοίνυν
2578 2469 2939 2537 ὠφελεῖσθαι,
2984 2466 3247 2537 μάθωμεν
3290 2466 3595 2536 ἐπηρεάζε-

2021 2556 2176 2611 σθαιο
2216 2555 2374 2608 τοῦτό
2409 2556 2525 2607 ἐστι
2554 2552 2879 2622 Χριστιανοῦ
2902 2568 2915 2582 ·
2945 2551 3454 2621 καταφρονήσωμεν
3480 2548 3596 2605 τῶν

2020 2639 2239 2712 χρυσῶν
2270 2638 2531 2708 ἱματίων,
2562 2636 3069 2705 καταφρονήσωμεν
3111 2633 3220 2687 τῶν
3257 2632 3592 2704 χρημάτων,

2021 2725 2107 2777 ἵνα
2131 2722 2205 2794 μὴ
2228 2721 2729 2793 καταφρονήσωμεν
2743 2720 2842 2788 τῆς
2864 2717 3141 2787 σωτηρίας
3160 2717 3260 2785 τῆς
3285 2716 3594 2787 ἡμετέρας*

2022 2806 2525 2876 καταφρονήσωμεν
2553 2801 2887 2874 χρημάτων,
2931 2801 3023 2853 καὶ
3058 2799 3132 2870 μὴ
3165 2800 3600 2871 καταφρονήσω-

2023 2910 2122 2963 μεν
2166 2894 2262 2959 τῆς
2308 2888 2525 2956 ψυχῆςο
2580 2884 2717 2957 αῦτη
2767 2884 2874 2955 γάρ
2925 2884 3073 2936 ἐστιν
3119 2885 3152 2953 ή
3214 2881 3553 2953 κολαζομένη
3574 2921 3613 2946 ,.

2020 2973 2158 3043 αῦτη
2201 2970 2347 3024 ἐστὶν
2378 2972 2411 3039 ή
2444 2966 2831 3037 τιμωρουμένη
2858 2982 2871 2996 ·
2910 2966 3093 3018 ἐκεῖνα
3132 2964 3367 3019 ἐνταῦθα
3399 2965 3552 3034 μένει
3573 3003 3612 3027 ,.

2020 3057 2159 3125 αὕτη
2199 3054 2254 3107 δέ
2285 3056 2500 3109 ἄπεισιν
2529 3053 2663 3105 ἐκεῖ.
2692 3050 2849 3112 Τίνος
2877 3048 3085 3125 ἕνεκεν,
3122 3050 3289 3113 τίνος,
3324 3048 3445 3102 εἰπέ
3479 3066 3597 3119 μοι,

2024 3122 2393 3199 κατακόπτεις
2426 3134 2651 3199 σαυτὸν,
2691 3134 2785 3186 καὶ
2814 3134 2914 3185 οὐκ
2943 3122 3205 3203 αἰσθάνῃ;
3233 3131 3419 3186 Ταῦτα
3457 3131 3616 3202 πρὸς
3702 3196 3715 3211 χ

2019 3225 2145 3285 τοὺς
2166 3220 2489 3281 πλεονέκτας
2518 3217 2680 3285 λέγω.
2709 3215 2887 3268 Καλὸν
2909 3214 2964 3266 δὲ
2983 3217 3076 3268 καὶ
3105 3215 3241 3285 πρὸς
3257 3216 3384 3277 τοὺς
3406 3213 3600 3267 πλεονέ

2020 3304 2379 3373 εκτουμένονς
2452 3301 2655 3363 εἰπεῖν,
2715 3297 2908 3368 φέρετε
2957 3296 3222 3365 γενναίως
3263 3294 3360 3359 τάς
3400 3295 3599 3349 πλεονο

2020 3388 2170 3454 εξίας
2195 3403 2209 3416 ο
2246 3383 2471 3444 ἑαυτοὺς
2506 3380 2819 3452 ἀναιροῦσιν
2850 3381 3066 3443 ἐκεῖνοι,
3088 3379 3187 3447 οὐχ
3216 3378 3381 3447 ὑμᾶς.
3422 3377 3600 3447 ’Υμᾶς

2025 3472 2125 3539 μὲν
2167 3464 2529 3534 ἀποστεροῦσι
2574 3463 2904 3534 χρημάτων,
2959 3462 3187 3520 ἑαυτοὺς
3228 3460 3286 3514 δὲ
3323 3458 3594 3531 γυμνοῦσι

2020 3555 2121 3624 τῆς
2145 3552 2356 3615 εὐνοίας
2382 3549 2474 3603 τοῦ
2510 3548 2646 3602 Θεοῦ
2674 3550 2765 3601 καὶ
2788 3549 2887 3618 τῆς
2914 3546 3167 3616 βοηθείας
3185 3562 3199 3576 ⁶
3233 3547 3261 3598 6
3289 3544 3347 3597 δὲ
3376 3544 3598 3616 ἐκείνης

2021 3635 2358 3706 γυμνωθεὶς,
2381 3630 2483 3685 κᾶν
2513 3630 2727 3684 ἅπαντα
2753 3628 3116 3699 περιϐάληται
3138 3628 3239 3697 τῆς
3267 3626 3599 3697 οἰκουμένης

2020 3719 2113 3772 τὸν
2142 3716 2390 3780 πλοῦτον,
2426 3716 2640 3768 πάντων
2668 3714 2786 3766 ἐστὶ
2807 3711 3128 3781 πενέστερος
3148 3726 3162 3741 ·
3187 3708 3475 3781 ὡσπεροῦν
3502 3714 3595 3766 καὶ

2022 3803 2050 3854 6
2083 3802 2297 3854 πάντων
2327 3795 2652 3868 πενέστερος
2672 3835 2687 3858 ,
2715 3794 2782 3848 ἂν
2810 3793 3015 3864 ταύτην
3046 3793 3165 3866 ἔχῃ,
3201 3792 3418 3847 πάντων
3446 3792 3603 3845 ἐστὶν

2023 3884 2428 3954 εὐπορώτερος·
2459 3880 2676 3948 Κύριος
2704 3878 2832 3950 γάρ,
2857 3878 3013 3948 φησὶ,
3045 3878 3344 3948 ποιμαίνει
3373 3892 3469 3947 με,
3496 3874 3597 3928 καί

2022 3968 2203 4024 οὐδέν
2236 3983 2310 4037 με
2346 3965 2688 4034 ὑστερήσει.
2727 3964 2871 4017 Εἰπέ
2908 3963 2972 4033 δή
3023 3978 3147 4032 μοι,
3188 3962 3242 4014 εῐ
3284 3977 3409 4014 τινα
3452 3954 3599 4028 εἶχες

2024 4054 2193 4123 ἄνδρα
2223 4051 2394 4123 μέγαν
2428 4051 2523 4102 καὶ
2561 4048 2903 4118 θαυμαστὸν,
2936 4045 3081 4100 πάνυ
3112 4062 3173 4099 σε
3202 4044 3459 4112 φιλοῦντα
3502 4042 3600 4096 καὶ

2026 4137 2344 4206 κηδόμενον,
2374 4128 2493 4186 εἶτα
2513 4131 2684 4199 ἔγνως
2707 4132 2789 4184 6::
2817 4129 3111 4193 διαπαντὸς
3138 4127 3384 4199 ζήσεται,
3410 4127 3506 4180 καὶ
3533 4127 3599 4180 οὐ

2027 4217 2480 4288 προτελευτήσεις
2510 4210 2702 4278 αὐτοῦ,
2731 4213 2828 4267 καὶ
2863 4214 3041 4266 πάντα
3080 4228 3161 4265 σοι
3196 4211 3425 4282 παρέξει
3458 4209 3601 4280 μετὰ

2028 4302 2215 4364 ἀδείας
2243 4300 2311 4353 τὰ
2348 4297 2534 4364 αὐτοῦ,
2581 4298 2721 4352 ὥστε
2765 4313 2824 4349 σε
2863 4295 2940 4358 ὡς
2974 4294 3084 4347 τῶν
3128 4294 3235 4347 σῶν
3267 4292 3597 4347 ἀπολαύεινο

2029 4382 2139 4457 ἆρα
2176 4383 2241 4437 ἂν
2271 4383 2541 4453 ἠθέλησας
2574 4379 2880 4450 κτήσασθαί
2906 4396 2996 4447 τι;
3030 4374 3140 4451 ἆρα
3180 4378 3270 4442 ἂν,
3301 4380 3351 4431 εἰ
3382 4377 3599 4457 πάντων

2029 4454 2387 4537 ἐγυμνώθης,
2428 4462 2548 4533 οὐχί
2596 4479 2657 4515 σε
2710 4461 3122 4533 πλουσιωτέραν
3164 4460 3414 4531 ἐνόμιζες
3457 4454 3601 4513 εἶναι

2027 4552 2112 4604 διὰ
2149 4550 2341 4614 τοῦτο;
2372 4547 2438 4599 Τί
2465 4546 2665 4616 δήποτε
2700 4541 2794 4598 οῦν
2825 4544 3076 4609 πενθεῖς;
3103 4544 3185 4597 ὅτι
3215 4544 3473 4614 χρήματα
3497 4540 3611 4596 οὐκ

2029 4634 2212 4703 ἐχεις;
2246 4630 2361 4684 ἀλλ’
2395 4627 2565 4682 ἐννόει
2593 4628 2675 4680 6::
2708 4626 2994 4698 ἀφῃρέθης
3026 4626 3134 4680 τῶν
3180 4625 3603 4697 ἁμαρτημάτων

2028 4716 2126 4787 τήν
2169 4713 2445 4768 ὑπόθεσιν.
2487 4710 2626 4763 Ἀλλ’
2672 4710 2757 4762 6::
2802 4708 2989 4773 οὐσίας
3027 4706 3440 4787 ἀπεστερήθηςς
3481 4706 3601 4761 ἀλλ’

2030 4798 2246 4868 ἐκτήσω
2278 4793 2373 4847 τοῦ
2400 4790 2535 4846 Θεοῦ
2564 4790 2662 4862 τὴν
2692 4789 2927 4846 εὔνοιαν.
2968 4791 3078 4844 Καὶ
3104 4790 3221 4855 πῶς
3254 4789 3599 4862 ἐκτησάμην,

2030 4881 2224 4950 φησίνῖ
2265 4874 2399 4931 Εἷπε
2419 4917 2433 4942 ν
2463 4874 2567 4929 Διά
2601 4874 2753 4947 [ίθί]
2797 4875 2857 4927 τί
2881 4873 2968 4943 μὴ
2991 4872 3233 4942 μᾶλλον
3263 4872 3613 4935 ἁδικεῖσθεςη

2030 4962 2181 5017 εἶπεν
2212 4962 2292 5014 6::
2331 4961 2429 5013 Ἐν
2450 4958 2628 5012 παντί
2655 4955 3060 5027 εὐχαριστεῖτε
3077 4972 3092 4987 ·
3118 4953 3268 5011 εἶπεν
3289 4956 3372 5009 ὅτι
3401 4955 3605 5010 Mami-

2021 5064 2140 5115 pm:
2174 5047 2227 5098 οὶ
2274 5042 2494 5111 πτωχοί
2528 5037 2609 5106 τῷ
2659 5040 2968 5110 πνεύματι.
3020 5038 3223 5093 Ἐννόει
3257 5038 3436 5092 τοίνυν
3470 5039 3613 5108 ὅσης

2030 5129 2241 5190 εὐνοίας
2269 5124 2597 5187 ἀπολαύσεις
2617 5161 2631 5186 ,
2658 5122 2831 5176 ταῦτα
2868 5123 2956 5175 διά
2984 5121 3096 5176 τῶν
3126 5121 3304 5192 ἔργων
3337 5120 3606 5186 ἐπιδειξα-

2035 5211 2194 5281 μένη.
2245 5209 2339 5260 'Ev
2384 5207 2493 5275 γὰρ
2530 5206 2690 5276 μόνον
2734 5208 2980 5276 ζητεῖται
3017 5206 3148 5274 παρ’
3188 5204 3380 5274 ήμῶν,
3417 5204 3479 5257 :6
3512 5204 3604 5257 ἐπὶ

2032 5296 2199 5347 πᾶσιν
2229 5291 2569 5361 εὐχαριστεῖν
2602 5288 2679 5359 τῷ
2705 5287 2826 5358 Θεῷ
2847 5329 2862 5351 ,
2896 5289 2991 5341 καὶ
3025 5288 3203 5341 πάντα
3236 5286 3435 5357 ἔχομεν
3468 5286 3605 5357 μετὰ

2032 5375 2331 5444 δαψιλείας.
2374 5367 2497 5426 Οἷόν
2526 5389 2580 5424 τι
2622 5371 2765 5439 λέγω
2784 5388 2797 5401 ·
2828 5368 3146 5432 Ἀπώλεσας
3191 5365 3393 5439 χρυσοῦ
3418 5367 3604 5437 λίτρας

2099 5505 2120 5533 c
2154 5494 2391 5564 Posl_haec
2422 5494 2472 5542 in
2494 5490 2631 5543 Colb.
2653 5488 2818 5551 matus
2841 5490 3045 5555 grandis
3066 5495 3147 5539 es:
3177 5487 3289 5550 plus
3306 5499 3452 5549 quam
3483 5486 3603 5537 du:-

2034 5570 2142 5605 rum
2168 5568 2469 5616 paginarum,

2101 5619 2128 5655 ά
2170 5608 2336 5664 ὶόρυε
2381 5613 2606 5663 vitiosus.
2633 5613 2940 5676 -Conjectum
2996 5619 3093 5672 est,
3136 5609 3353 5676 τοσούτῳ
3404 5608 3602 5671 (nempe

2042 5678 2320 5742 xpzirtovzg)
2346 5676 2598 5739 φροντίδων
2624 5674 2853 5738 μώλωπες
2875 5675 2946 5730 αῖς
2968 5674 3299 5737 μαστιζόμεθα.
