3980 6142
349 309 462 364 115

337 423 448 477 1100
486 423 628 478 0111111
660 437 767 477 11011
799 423 976 478 minus
1001 437 1158 494 quam
1188 423 1486 478 consolatio
1520 426 1807 480 convertit.
1861 427 1924 482 Et

337 515 500 570 simul
527 514 765 568 ostendit
802 512 1154 569 differentiam
1179 556 1194 580 ,
1225 523 1279 568 et
1317 514 1637 583 supplicium
1657 557 1670 578 ,
1715 525 1769 569 et
1785 515 1928 584 judi-

337 609 482 661 cium
512 607 594 661 eis
623 606 796 676 ponit,
825 615 1009 675 utpote
1033 621 1154 660 cum
1183 621 1272 660 res
1301 609 1371 660 sit
1393 606 1692 662 mnifesta.
1723 607 1927 675 Quanto

337 699 524 769 magis,
554 697 760 766 inquit,
794 697 980 765 putatis
1018 696 1266 750 deteriora
1295 697 1475 751 mereri
1516 699 1809 768 supplicia?
1831 701 1927 755 1110

340 788 470 842 1111111
495 787 709 842 videtur
731 787 892 840 etiam
916 787 1166 858 mysteria
1194 785 1554 842 subindicare.
1579 789 1780 844 Deinde
1810 791 1926 845 sub-

332 879 510 950 jungit
533 877 700 932 etiam
717 877 1111 940 testimonium,
1141 877 1328 932 dicens
1352 897 1366 932 :
1390 878 1478 932 51.
1515 877 1836 933 Hart-endam
1857 890 1926 935 est

336 968 564 1024 incidere
591 969 647 1021 in
675 983 859 1021 manus
883 965 986 1021 Dei
1009 967 1237 1022 viventis.
1269 969 1361 1024 30.
1389 967 1649 1038 Scriptum
1677 979 1748 1023 est
1770 972 1924 1038 enim,

337 1055 465 1113 Mihi
508 1057 774 1120 vindicta,
817 1065 864 1110 et
903 1072 994 1128 ego
1034 1058 1345 1121 retribuam,
1397 1059 1520 1112 dicit
1561 1057 1846 1125 Dominus;
1880 1072 1927 1116 et

347 1162 548 1226 iterum,
577 1152 839 1215 Judicafiit
869 1159 1114 1214 Dominus
1138 1163 1378 1231 populum
1407 1177 1574 1215 suum.
1609 1160 1924 1225 Incidemus,

348 1253 538 1324 inquit,
565 1254 622 1308 in
653 1268 843 1308 manus
867 1253 1098 1319 Domini,
1126 1264 1178 1308 et
1206 1270 1311 1308 non
1337 1253 1390 1307 in
1420 1269 1607 1308 manus
1629 1253 1923 1306 hominum.

348 1345 456 1400 Sed
463 1345 524 1415 si
549 1361 660 1400 non
679 1346 852 1415 agatis
880 1345 1274 1414 pmnitentiam.
1301 1344 1354 1398 in
1385 1344 1476 1398 Dei
1501 1357 1694 1398 manus
1724 1341 1928 1396 incide-

351 1438 420 1492 tis
446 1410 612 1523 {illud
640 1410 986 1494 est—terribile
1019 1453 1032 1490 :
1063 1437 1167 1492 hoc
1193 1436 1326 1490 nihil
1345 1444 1445 1497 est,
1475 1435 1527 1489 in
1551 1449 1739 1488 manus
1757 1433 1928 1486 homi-

349 1545 476 1584 num
497 1529 753 1584 incidere.
776 1528 1002 1596 Quando
1026 1527 1340 1593 viderimus,
1371 1526 1559 1596 inquit,
1583 1525 1810 1596 aliquem
1838 1523 1926 1578 hic

349 1623 525 1694 puniri
547 1664 564 1686 ,
611 1637 679 1678 ne
725 1623 1004 1675 timeamus
1032 1619 1317 1688 praesentia
1338 1657 1353 1681 ,
1381 1617 1474 1671 sed
1503 1625 1720 1685 pr0pter
1745 1614 1921 1668 futura

348 1715 682 1768 horreamus.
720 1711 856 1766 Nam
881 1711 1158 1766 secundum
1188 1707 1584 1764 misericordiam
1611 1709 1740 1790 ejus,
1762 1709 1835 1760 ita
1874 1717 1923 1760 et

346 1809 424 1862 ira
447 1808 578 1877 ejus,
606 1815 655 1858 et
700 1821 855 1872 super
880 1812 1160 1872 peccatores
1186 1804 1453 1873 requiescet
1483 1805 1627 1872 furor
1655 1802 1765 1870 ejus
1788 1797 1918 1870 (Ec-

347 1903 428 1955 cii.
462 1900 514 1955 5.
547 1885 659 1968 7)!
677 1897 851 1953 Simia
876 1897 1038 1951 etiam
1069 1895 1211 1950 aliud
1237 1895 1321 1948 hic
1346 1895 1506 1948 tacite
1531 1893 1716 1946 innuit.
1753 1891 1918 1958 Mihi,

345 1991 533 2062 inquit.
547 1988 792 2052 vindicta,
807 2002 899 2058 ego
919 1997 1084 2039 autem
1099 1985 1392 2039 retribuam.
1413 1983 1523 2037 1100
1539 1982 1736 2036 dictum
1754 1991 1835 2036 est
1851 1980 1920 2036 de

343 2081 573 2137 inimicis
589 2080 678 2150 qui
702 2079 844 2133 male
871 2078 1088 2141 faciunt,
1105 2084 1212 2130 non
1243 2075 1308 2128 de
1332 2075 1397 2128 iis
1422 2075 1512 2144 qui
1539 2074 1678 2127 male
1703 2072 1919 2142 patiun-

341 2185 447 2228 tur.
479 2173 578 2228 llic
617 2171 780 2226 etiam
811 2184 906 2224 eos
945 2168 1252 2224 consolatur
1271 2165 1454 2220 dicens
1483 2163 1865 2233 propemodum
1897 2181 1911 2218 :

341 2268 607 2336 Perpetuo
637 2271 821 2318 manet
849 2263 989 2317 Deus
1027 2269 1082 2316 et
1111 2261 1241 2313 vivit
1270 2277 1284 2314 :
1317 2258 1662 2336 quamobrem
1707 2256 1914 2310 etiamsi

337 2327 606 2414 non-nunc
629 2356 954 2426 receperint,
987 2362 1170 2424 postea
1201 2327 1654 2421 recipient.‘lllos,
1686 2365 1789 2402 non
1817 2364 1916 2404 nos

335 2458 543 2520 oportet
579 2447 934 2516 ingemiscere
963 2462 976 2498 :
1004 2459 1129 2498 nam
1160 2457 1258 2496 nos
1296 2441 1511 2508 quidem
1540 2440 1834 2496 incidemus
1862 2441 1914 2494 in

334 2556 528 2595 manus
555 2539 793 2602 illorum,
817 2536 891 2590 illi
919 2547 1094 2590 autem
1126 2535 1178 2588 in
1205 2549 1394 2588 manus
1422 2533 1536 2587 Dei.
1561 2531 1742 2601 Neque
1769 2534 1914 2587 enim

330 2631 426 2700 qui
456 2645 646 2700 passus
670 2636 754 2682 est
774 2627 934 2691 male,
966 2625 1184 2695 patitur,
1212 2623 1306 2678 sed
1331 2623 1419 2693 qui
1449 2622 1604 2686 facit;
1628 2637 1802 2691 neque
1825 2623 1913 2692 qui

329 2721 598 2776 beneﬁcio
613 2728 699 2774 est
714 2718 955 2784 affectus,
973 2715 1224 2778 afficitur,
1239 2713 1332 2769 sed
1348 2713 1436 2782 qui
1454 2712 1710 2768 beneficio
1726 2713 1910 2768 afﬁcit.

406 2812 595 2866 Contra
620 2826 800 2864 auaros
838 2817 886 2864 et
926 2809 1250 2877 pecuniarum
1278 2805 1508 2873 cupidos.
1534 2833 1604 2843 ——
1633 2804 1756 2858 Hinc
1785 2819 1914 2875 ergo

323 2919 454 2959 cum
480 2904 717 2959 sciamus
738 2943 752 2964 ,
785 2900 1078 2954 tolerantes
1102 2898 1268 2952 simus
1302 2895 1368 2950 ad
1409 2895 1544 2950 male
1569 2897 1909 2966 patiendum,

325 2995 565 3066 prompti
597 2993 664 3047 ad
705 2989 1170 3046 benefaciendum.
1201 2987 1325 3042 111110
1351 2995 1528 3040 11111οι11
1559 2996 1716 3042 erunt
1740 2988 1784 3042 si
1813 3003 1909 3057 pe-

323 3087 520 3142 cunias
547 3083 906 3153 despiciamus
941 3089 996 3134 et
1033 3079 1294 3148 gloriam:
1327 3077 1414 3146 qui
1447 3078 1541 3131 has
1571 3077 1732 3130 animi
1777 3076 1909 3132 1111⁵0-

323 3177 539 3231 etiones
561 3174 792 3236 exuerit,
817 3173 921 3227 erit
944 3171 1192 3225 omnibus
1211 3169 1516 3223 hominibus
1537 3168 1831 3232 liberalior,
1855 3177 1910 3223 et

322 3284 397 3323 eo
423 3269 539 3336 ipso
563 3264 656 3334 qui
697 3278 984 3334 purpuram
1017 3257 1233 3315 indutus
1273 3268 1356 3314 est
1394 3259 1578 3314 ditior.
1611 3257 1726 3313 Non
1757 3259 1908 3314 vides

324 3371 460 3431 quot
482 3359 621 3413 mala
645 3357 773 3410 fiant
797 3363 1015 3425 propter
1042 3351 1334 3422 pecunias?
1365 3366 1468 3404 non
1491 3351 1612 3406 dico
1633 3367 1750 3420 qua:
1776 3351 1909 3405 fiunt

325 3457 551 3520 propter
573 3447 852 3504 avaritiam
881 3455 934 3500 et
970 3445 1118 3514 plura
1144 3443 1388 3498 habendi
1415 3443 1780 3512 cupiditatem,
1811 3441 1908 3497 sed

322 3556 452 3612 quin
478 3541 531 3596 111
559 3539 673 3610 ipsa
702 3555 820 3608 qua:
859 3553 922 3592 ex
955 3529 1020 3590 iis
1055 3535 1262 3590 exsistit
1286 3534 1564 3588 affectione
1591 3553 1602 3586 :
1634 3544 1689 3588 111
1725 3550 1908 3588 exem-

322 3634 402 3705 pli
426 3647 608 3696 causa,
636 3631 681 3686 si
711 3629 976 3700 quispiam
1005 3627 1244 3682 amiserit
1274 3626 1521 3694 pecunias
1543 3665 1556 3686 ,
1588 3625 1715 3676 vivit
1739 3624 1901 3677 vitam

321 3724 518 3796 quavis
554 3731 728 3777 morte
763 3719 1082 3792 graviorem.
1117 3717 1253 3784 Quid
1283 3717 1432 3771 doles
1453 3759 1467 3781 ,
1500 3731 1534 3770 ο
1564 3715 1742 3777 1101110,
1777 3713 1904 3783 quid

323 3813 683 3886 lacrymaris?
723 3811 862 3882 quod
890 3820 943 3864 te
978 3810 1121 3864 Deus
1155 3823 1186 3862 a
1229 3819 1617 3876 Supervacanea
1667 3805 1906 3860 liberauit

323 3906 610 3964 custodia?
629 3904 771 3973 quod
790 3919 894 3956 non
913 3902 1100 3956 sedeas
1120 3909 1354 3954 tremens
1370 3909 1421 3952 et
1436 3897 1662 3950 timens?
1682 3896 1904 3963 Deinde,

327 3999 375 4054 si
400 3997 526 4068 quis
557 4006 607 4050 te
646 3995 876 4064 alligavit
903 3993 1181 4056 thesauro,
1205 3989 1400 4059 jubens
1430 3988 1540 4041 illic
1566 3987 1752 4040 sedere
1783 4001 1908 4056 per-

328 4099 498 4161 petuo
519 4098 574 4144 et
594 4089 814 4158 vigilare
855 4101 948 4156 pro
981 4083 1201 4146 alienis,
1232 4081 1382 4135 doles
1423 4090 1477 4134 et
1501 4095 1643 4148 :egre
1675 4077 1780 4132 fers
1807 4095 1820 4131 :
1857 4087 1910 4131 tu

328 4191 514 4238 autem
558 4196 678 4236 cum
725 4180 954 4249 teipsmn
1003 4176 1236 4245 alligaris
1275 4171 1609 4242 gravissimis
1653 4170 1909 4236 vinculis,

331 4272 552 4344 quando
578 4287 606 4326 a
631 4272 890 4326 servitute
929 4268 1190 4322 liberatus
1218 4280 1296 4330 es,
1324 4264 1510 4317 doles?
1538 4263 1742 4317 Revera
1772 4257 1913 4316 anti-

329 4366 528 4434 cipata:
561 4361 828 4431 opinionis
871 4365 997 4412 sunt
1030 4357 1248 4410 dolores
1285 4364 1338 4408 et
1377 4353 1563 4422 gaudia
1599 4369 1611 4406 :
1647 4361 1913 4419 tamquam

332 4458 482 4512 enim
507 4454 768 4508 habentes
790 4451 984 4515 aliena,
1008 4449 1086 4504 sic
1110 4462 1201 4501 eas
1222 4445 1568 4500 custodimus.
1589 4443 1736 4496 Nune
1755 4443 1916 4496 verba

331 4547 469 4602 mihi
491 4545 558 4600 ad
589 4544 862 4598 mulieres.
887 4539 1041 4608 Sa'pe
1070 4537 1226 4590 habet
1251 4535 1441 4588 mulier
1461 4535 1690 4599 aliquam
1716 4542 1915 4585 vestem

333 4655 402 4695 ex
433 4651 570 4692 auro
593 4641 898 4691 contextam
922 4669 940 4696 ,
975 4637 1031 4684 et
1055 4643 1171 4682 ean:
1213 4629 1447 4680 concutit
1467 4665 1482 4688 ,
1524 4625 1630 4678 lino
1661 4623 1916 4684 involvit,

339 4731 632 4800 diligenter
669 4721 932 4787 custodit,
965 4717 1032 4776 de
1059 4726 1136 4774 ea
1164 4719 1316 4772 timet
1357 4725 1406 4772 et
1451 4731 1510 4800 ea
1544 4729 1647 4768 non
1688 4712 1916 4767 fruitur:

340 4829 433 4876 aut
461 4819 608 4874 enim
649 4813 900 4878 moritur,
947 4817 1040 4865 aut
1079 4808 1134 4862 fit
1172 4809 1362 4872 vidua;
1407 4816 1496 4860 aut
1539 4804 1744 4859 etiamsi
1789 4803 1920 4856 nihil

339 4914 538 4969 horum
567 4907 808 4972 accidat,
841 4905 1033 4958 timens
1064 4917 1130 4955 ne
1159 4901 1422 4969 frequenti
1452 4915 1546 4952 usu
1576 4913 1691 4952 eam
1729 4910 1918 4950 consu-

338 5020 530 5066 mens,
561 5001 797 5070 seipsam
824 4996 1028 5067 privet;
1067 5002 1122 5048 ct
1163 4993 1206 5046 si
1247 4991 1382 5046 alius
1413 5005 1516 5044 non
1545 4989 1776 5051 auferat.
1819 4989 1922 5042 sei-

339 5110 495 5166 psam
518 5092 694 5162 privat
717 5085 1065 5158 parcimonia.
1096 5085 1162 5136 At
1191 5097 1308 5137 eam
1335 5081 1486 5135 alteri
1512 5079 1790 5134 concedit?
1818 5077 1920 5134 Sed

341 5199 518 5256 neque
540 5192 623 5238 est
647 5180 750 5236 hoc
774 5177 1030 5232 evidens:
1059 5174 1101 5229 si
1126 5183 1300 5227 autem
1331 5171 1678 5236 concesserit,
1702 5185 1763 5223 ea
1790 5183 1922 5238 quo-

341 5293 446 5346 que
470 5286 665 5328 rursus
693 5269 939 5323 similiter
975 5277 1170 5320 utetur.
1197 5265 1262 5318 Et
1289 5265 1332 5316 si
1359 5263 1634 5330 quisquam
1663 5269 1922 5314 scrutetur

342 5384 403 5424 ea
437 5380 559 5434 qua:
585 5369 712 5415 sunt
736 5360 790 5414 in
817 5357 1019 5412 :cdibus
1039 5397 1055 5421 ,
1084 5357 1316 5410 inveniet
1343 5361 1523 5408 vestes
1550 5353 1777 5406 maxime
1811 5366 1926 5418 prc-

345 5463 512 5514 tiosas
537 5461 595 5508 ct
619 5453 724 5505 alia
764 5447 1031 5518 exquisita
1061 5448 1247 5516 majori
1277 5446 1476 5498 honore
1496 5443 1628 5505 coli,
1661 5453 1926 5510 tamquam

347 5549 598 5604 dominos
638 5542 947 5596 animatos:
983 5553 1156 5607 neque
1193 5537 1334 5598 enim
1376 5537 1456 5590 eis
1490 5533 1702 5587 assidue
1743 5533 1924 5596 utitur,

1158 317 1484 376 1N'EPIST.
1528 321 1617 375 AD
1652 318 2017 377 HERRJEOS.
2057 323 2209 380 CAP.
2245 323 2316 383 Χ.
2354 326 2584 383 110111111-
2626 329 2744 384 XX.

3493 329 3591 384 HG

2020 437 2193 494 neque
2222 429 2536 517 permittens
2575 432 2825 488 omnibus
2851 441 2911 490 ut
2945 449 3008 492 ea
3045 437 3260 496 illorum
3304 445 3474 501 oculis
3501 404 3608 517 pa:J

2019 522 2182 578 teant,
2213 516 2308 570 sed
2349 517 2460 586 ipsa
2491 534 2633 590 saepe
2659 537 2784 578 eum
2817 527 3009 583 marito
3034 543 3097 584 ea
3127 530 3412 604 diligenter
3439 516 3591 592 corm-

2014 619 2218 674 ponens
2243 615 2298 660 et
2325 609 2674 666 concinnans.

2105 709 2158 764 5.
2188 708 2376 764 Annon
2399 707 2536 777 iure,
2558 707 2644 762 dic
2671 708 2823 774 mihi,
2853 707 3212 765 idololatriam
3238 711 3444 767 vocavit
3470 713 3617 768 Pau-

2033 799 2118 852 lus
2160 797 2483 852 avaritiam?
2509 797 2676 864 Quem
2713 797 2856 852 enim
2889 799 2964 852 illi
2995 799 3251 856 honorem
3293 803 3612 860 exhibentes

2031 888 2188 946 idolis
2207 928 2221 952 ,
2253 903 2375 943 eum
2405 887 2492 942 isti
2518 903 2728 958 quoque
2757 891 2991 946 vestibus
3015 901 3070 946 et
3091 893 3291 948 aureis.
3321 896 3609 966 Quousque

2030 993 2242 1034 cteuum
2312 990 2592 1034 movemus
2621 979 2644 1033 ?
2713 995 2990 1050 quousque
3016 982 3129 1038 luto
3155 994 3208 1039 et
3237 985 3491 1041 lateribus
3520 985 3592 1039 af-

2033 1066 2118 1121 fixi
2147 1081 2361 1122 sumus;
2411 1066 2561 1124 Sicut
2594 1067 2737 1123 enim
2774 1069 2849 1124 illi
2881 1071 3196 1127 laborabant
3227 1073 3601 1146 Egyptiorum

2029 1161 2174 1232 regi,
2205 1160 2276 1216 ita
2310 1161 2470 1215 etiam
2501 1175 2600 1215 nos
2626 1161 2930 1218 laboramus
2954 1163 3187 1228 diabolo,
3217 1176 3270 1221 et
3295 1168 3473 1238 ﬂagris
3499 1184 3608 1224 cic-

2025 1253 2204 1307 dimur
2243 1252 2410 1307 multo
2437 1251 2792 1322 gravioribus.
2833 1253 2900 1308 Et
2937 1269 3005 1309 ne
3043 1269 3140 1326 per
3169 1255 3498 1327 hyperbolen
3549 1257 3600 1312 id

2024 1343 2224 1400 dictum
2251 1353 2406 1415 putes
2434 1361 2449 1403 :
2479 1353 2680 1415 quanto
2709 1345 2850 1400 enim
2880 1347 3056 1401 anima
3099 1357 3184 1402 est
3207 1363 3434 1418 corpore
3467 1365 3600 1418 pra:-

2023 1435 2270 1499 stantior,
2305 1443 2453 1489 tanto
2478 1435 2815 1505 gravioribus
2845 1451 3094 1490 curarum
3133 1437 3393 1490 vibicibus
3420 1437 3600 1507 ﬂagel-

2022 1525 2197 1579 lamur
2237 1525 2506 1594 quotidie,
2550 1525 2799 1580 timemus
2825 1525 3038 1583 solliciti
3065 1535 3120 1581 et
3149 1535 3457 1583 trementes.
3491 1527 3600 1584 Sed

2021 1615 2066 1670 si
2086 1615 2310 1670 velimus
2327 1615 2696 1685 ingemiscere,
2715 1630 2757 1669 sn
2781 1616 3007 1671 velimus
3024 1617 3094 1681 ad
3119 1617 3284 1672 Deum
3300 1619 3592 1688 suspicere,

2019 1709 2180 1764 mittit
2205 1707 2270 1763 ad
2291 1722 2388 1762 nos
2416 1721 2521 1762 non
2553 1707 2810 1778 Moyscm,
2842 1721 3014 1776 neque
3041 1709 3331 1773 Aaronem,
3358 1709 3453 1765 sed
3477 1725 3597 1764 vcr-

2020 1801 2144 1856 bum
2171 1815 2322 1856 suum
2349 1809 2402 1856 et
2417 1801 2904 1870 com-punctionem.
2931 1800 3048 1869 Ipse
3067 1800 3230 1871 igitur
3250 1816 3370 1856 cum
3389 1801 3596 1856 venerit

2018 1901 2070 1946 et
2088 1891 2294 1946 animos
2314 1901 2526 1946 nostros
2547 1893 2908 1960 occupaverit,
2936 1883 3180 1947 libei‘ahit
3200 1908 3298 1947 nos
3313 1894 3381 1947 ab
3400 1895 3591 1948 acerba

2017 1984 2275 2039 servitute
2293 2027 2310 2052 ,
2347 1984 2536 2050 educet
2563 2000 2658 2040 nos
2685 1999 2750 2042 ex
2777 1983 3012 2056 Egypto
3032 2026 3046 2050 ,
3079 1999 3109 2039 a
3136 1985 3313 2039 studio
3342 1985 3512 2040 inutili
3537 1995 3594 2042 et

2017 2077 2210 2133 frustra
2234 2077 2522 2144 laborante,
2553 2085 2608 2132 et
2627 2093 2656 2130 a
2677 2077 2934 2132 servitute
2953 2092 3073 2148 qua:
3098 2077 3230 2133 nihil
3251 2077 3410 2134 habet
3431 2079 3587 2134 lucri.

2015 2171 2188 2238 Atque
2223 2168 2297 2222 illi
2336 2167 2549 2238 quidem
2579 2176 2704 2222 sunt
2730 2168 2930 2239 egressi
2969 2169 3145 2224 aureis
3170 2171 3404 2238 acceptis
3447 2185 3592 2226 mer-

2014 2261 2144 2313 cede
2169 2257 2537 2314 :edif‘tcatiouis
2565 2278 2579 2313 :
2612 2274 2712 2314 nos
2748 2269 2926 2314 autem
2963 2260 3171 2314 nihilo:
3202 2272 3360 2330 atque
3387 2262 3588 2317 utinam

2012 2347 2210 2404 nihilo!
2260 2362 2401 2403 nunc
2441 2363 2566 2403 vero
2608 2350 2899 2418 accipimus
2939 2365 3046 2404 non
3085 2365 3212 2405 vasa
3248 2367 3444 2418 aurea,
3492 2353 3590 2408 sed

2011 2441 2230 2514 Egypti
2258 2441 2416 2506 mala,
2449 2451 2665 2510 peccata
2693 2455 2984 2511 pinnasque
3007 2449 3063 2496 et
3089 2441 3365 2512 supplicia.
3401 2443 3586 2498 Disca-

2013 2549 2133 2592 mus
2158 2535 2316 2604 igitur
2355 2533 2636 2588 utilitatem
2665 2533 2940 2602 accipere,
2985 2533 3253 2588 discamus
3279 2533 3469 2604 injuria
3509 2534 3589 2589 af-

2011 2628 2124 2692 fici;
2165 2627 2266 2682 hoc
2295 2634 2377 2681 est
2411 2625 2699 2680 Christiani
2726 2641 2739 2677 :
2773 2625 3132 2694 despiciamus
3161 2635 3336 2681 vestes
3359 2641 3584 2693 aureas,

2009 2718 2367 2788 despiciamus
2395 2717 2675 2786 pecunias,
2704 2731 2774 2773 ne
2797 2727 3035 2770 nostram
3064 2716 3422 2784 despiciamus
3447 2718 3590 2771 salu-

1997 2819 2114 2868 .tem
2143 2827 2156 2862 :
2190 2807 2549 2878 despiciamus
2570 2807 2844 2878 pecunias.
2879 2816 2936 2862 et
2963 2823 3070 2861 non
3091 2807 3448 2878 despiciamus
3473 2811 3590 2864 ani-

2008 2916 2146 2955 mam
2173 2918 2188 2955 :
2209 2915 2270 2955 ea
2293 2909 2373 2955 est
2391 2899 2535 2955 enim
2557 2915 2676 2969 quae
2699 2899 2935 2968 punitur,
2961 2913 3023 2953 ea
3045 2910 3128 2952 est
3148 2915 3266 2969 qua:
3283 2903 3586 2957 cruciatur:

2005 2991 2095 3045 illa
2119 2990 2259 3045 enim
2285 2989 2374 3045 hic
2394 2997 2632 3056 manent,
2657 3003 2720 3042 011
2741 3003 2868 3042 vero
2893 2987 3021 3042 illuc
3046 2987 3176 3042 abit.
3202 2989 3298 3044 Dic
3318 2990 3468 3052 mihi,
3492 3005 3589 3046 cur

2007 3090 2060 3136 te
2089 3081 2316 3144 laceras,
2347 3090 2528 3135 etnon
2553 3077 2760 3134 sentis?
2788 3076 2912 3131 11100
2935 3078 3058 3133 dico
3079 3079 3257 3133 avaris
3277 3121 3292 3144 ,
3315 3081 3410 3150 qui
3437 3081 3586 3150 plura

2013 3167 2239 3224 habendi
2267 3170 2512 3224 laborant
2553 3171 2828 3230 aviditate.
2871 3171 3076 3227 Bonum
3103 3181 3185 3228 est
3210 3171 3370 3227 etiam
3409 3172 3476 3228 iis
3503 3169 3589 3226 di-

2012 3275 2135 3315 cere
2171 3262 2258 3330 qui
2288 3261 2356 3316 ab
2386 3262 2560 3315 avaris
2600 3260 2916 3317 fraudantur
2951 3271 3008 3317 et
3049 3263 3543 3318 circumveniuntur
3567 3277 3588 3318 :

2013 3347 2147 3406 ferte
2185 3351 2392 3406 fortiter
2429 3351 2752 3408 detrimenta
2791 3353 2943 3408 vobis
2980 3353 3049 3408 ab
3083 3355 3259 3408 avaris
3287 3354 3485 3408 allata:
3514 3352 3588 3408 illi

2011 3439 2217 3508 seipsos
2237 3481 2252 3506 ,
2285 3457 2390 3496 non
2419 3458 2514 3498 vos
2551 3446 2820 3512 perimunt
2846 3461 2859 3496 :
2893 3460 2988 3498 vos
3015 3446 3226 3514 quidem
3254 3445 3462 3514 privant
3491 3458 3587 3512 pe-

2011 3531 2204 3607 cuniis,
2234 3546 2292 3585 se
2321 3541 2498 3587 autem
2528 3533 2620 3588 Dei
2644 3533 3013 3589 benevolentia
3042 3545 3093 3589 et
3124 3535 3360 3588 auxilio:
3392 3533 3478 3602 qui
3507 3543 3589 3588 est

2011 3632 2186 3676 autem
2229 3623 2313 3676 illa
2345 3625 2604 3690 nudatus,
2646 3625 2856 3680 etiamsi
2905 3627 3064 3680 totius
3093 3627 3240 3680 orbis
3268 3627 3341 3680 sit
3375 3625 3589 3680 divitias

2011 3713 2351 3781 complexus,
2382 3723 2467 3769 est
2505 3715 2739 3770 omnium
2775 3717 3145 3786 pauperrimus
3180 3735 3193 3770 :
3241 3715 3588 3785 quemadmo-

2011 3807 2138 3862 dum
2171 3809 2542 3878 pauperrimus
2578 3809 2816 3862 omnium
2848 3811 2892 3863 si
2923 3809 3066 3863 hunc
3110 3810 3331 3877 habeat,
3363 3817 3446 3864 est
3471 3824 3593 3862 om-

2011 3901 2156 3954 nium
2183 3899 2483 3954 ditissimus
2514 3918 2526 3953 :
2562 3901 2814 3956 Dominus
2846 3901 3021 3968 enim,
3055 3901 3260 3972 inquit,
3289 3902 3450 3969 pascit
3479 3918 3588 3968 mc,

2010 4003 2056 4047 et
2087 3993 2216 4046 nihil
2243 3993 2366 4046 mihi
2408 3993 2566 4046 deerit
2595 3991 2764 4062 (Psal.
2793 3993 2882 4048 22.
2919 3995 2992 4063 1).
3025 3994 3122 4048 1)10
3143 3993 3277 4068 1111111
3299 4034 3314 4056 ,
3346 3994 3389 4048 si
3417 3994 3588 4047 virum

2014 4084 2209 4141 habeas
2230 4083 2458 4152 aliquem
2484 4098 2730 4152 magnum
2753 4093 2808 4138 et
2829 4083 3220 4148 admirabilem,
3250 4085 3341 4154 qui
3364 4091 3414 4138 te
3437 4083 3592 4137 valde

2010 4183 2172 4238 amet,
2200 4181 2254 4228 et
2283 4174 2359 4228 tui
2387 4187 2572 4228 curam
2593 4183 2775 4245 gerat;
2805 4174 2998 4229 deinde
3022 4175 3161 4229 scias
3185 4190 3304 4230 cum
3332 4184 3590 4244 perpetuo

2011 4266 2296 4332 victurum,
2327 4280 2427 4320 nec
2470 4274 2596 4320 ante
2643 4274 2696 4320 te
2753 4263 3097 4327 moriturum,
3147 4271 3200 4317 et
3259 4282 3378 4321 eum
3413 4267 3591 4320 omnia

2011 4357 2103 4412 tibi
2128 4357 2500 4428 praebiturum,
2530 4366 2588 4412 ut
2613 4359 2692 4413 eis
2721 4373 2912 4414 secure
2939 4368 3206 4430 tamquam
3235 4359 3338 4414 tuis
3362 4359 3551 4414 fruaris
3576 4376 3589 4410 :

2011 4449 2247 4504 vellesne
2275 4448 2474 4519 aliquid
2506 4448 2826 4519 possidere?
2858 4465 2978 4504 nam
3017 4449 3061 4504 si
3104 4451 3354 4505 omnibus
3395 4451 3592 4505 nudata

2011 4558 2179 4606 esses,
2209 4556 2386 4596 annon
2413 4541 2748 4598 existimares
2777 4551 2828 4597 te
2865 4541 3114 4598 ditiorem
3144 4543 3306 4597 esse?
3335 4542 3442 4596 Cur
3463 4557 3593 4612 ergo

2011 4636 2200 4706 luges?
2225 4635 2366 4705 quod
2399 4650 2502 4688 non
2546 4635 2743 4690 habeas
2784 4634 3078 4704 pecunias?
3115 4633 3211 4689 sed
3236 4634 3408 4704 cogita
3449 4632 3594 4703 quod

2013 4727 2108 4780 tibi
2147 4725 2217 4780 sit
2255 4726 2428 4783 ablata
2463 4737 2802 4795 peccatorum
2834 4727 3069 4781 occasio.
3103 4728 3171 4780 At
3211 4725 3351 4796 quod
3383 4725 3456 4780 sis
3485 4725 3594 4795 pri-

2013 4826 2132 4872 vata
2160 4817 2538 4872 facultatibus?
2567 4817 2659 4872 sed
2683 4817 3010 4888 acquisivisti
3036 4817 3126 4871 Dei
3146 4817 3591 4871 benevolentiam.

2013 4910 2081 4964 Et
2107 4908 2396 4980 quomodo,
2431 4909 2632 4978 inquit,
2667 4909 2958 4979 acquisivi?
2991 4909 3170 4975 Dixit,
3197 4906 3300 4962 Cur
3325 4925 3426 4962 non
3455 4909 3594 4978 inju-

2012 5003 2142 5056 riam
2165 5000 2436 5069 patimini?
2463 4999 2616 5064 dixit,
2654 4998 2720 5054 In
2742 5001 2972 5053 omnibus
2997 4999 3190 5069 gratias
3210 4999 3342 5068 agite
3369 4999 3442 5068 (1.
3473 4997 3590 5052 Cor.

2015 5093 2068 5148 6.
2095 5093 2149 5157 7;
2183 5093 2234 5146 1.
2270 5089 2442 5145 Thess.
2477 5090 2528 5144 5.
2565 5090 2655 5158 18)
2687 5108 2698 5144 :
2729 5091 2894 5154 dixit,
2941 5089 3083 5142 Beati
3124 5105 3370 5159 pauperes
3413 5088 3596 5158 spiritu

2017 5182 2240 5252 (Matth.
2275 5182 2327 5236 5.
2361 5179 2438 5250 '5).
2481 5181 2666 5250 Cogita
2709 5181 2868 5250 igitur
2893 5190 3088 5250 quanta
3133 5179 3326 5233 frueris
3361 5179 3596 5234 benevo-

2016 5273 2178 5328 lentia
2199 5313 2214 5337 ,
2243 5272 2290 5325 si
2321 5286 2382 5326 ea
2417 5285 2509 5340 per
2540 5270 2677 5324 facta
2707 5271 3024 5324 ostenderis.
3054 5269 3186 5324 Nam
3223 5287 3382 5323 unutn
3423 5269 3596 5324 solum

2017 5364 2274 5434 quaeritur
2299 5378 2326 5416 a
2357 5361 2532 5427 nobis,
2563 5372 2618 5416 ttt
2648 5363 2698 5415 in
2727 5361 2976 5415 omnibus
2999 5361 3105 5414 Deo
3133 5376 3350 5430 agamus
3375 5361 3594 5430 gratias,

2019 5466 2071 5510 et
2101 5455 2278 5509 omnia
2311 5453 2626 5507 habebimus
2653 5451 2876 5506 affatim.
2909 5451 3149 5519 Exempli
3185 5466 3373 5515 causa,
3410 5449 3597 5505 Perdi-

2019 5548 2140 5600 disti
2167 5545 2346 5599 decies
2367 5543 2517 5597 inille
2548 5544 2710 5597 libras
2737 5541 2892 5596 auri?
2919 5541 3196 5595 confestim
3229 5542 3337 5596 Deo
3366 5557 3460 5610 age
3481 5555 3598 5608 gra-

349 5639 438 5693 sed
467 5638 623 5691 timet
646 5641 700 5688 et
723 5629 923 5696 tremit,
951 5629 1118 5683 tineas
1141 5637 1193 5682 et
1212 5627 1314 5680 alia
1338 5642 1456 5696 quze
1477 5623 1652 5678 solent
1671 5621 1929 5676 excedere

2023 5641 2144 5703 tias,
2177 5646 2232 5692 et
2257 5635 2579 5704 acquisivisti
2612 5633 2812 5688 centies
2835 5631 2979 5684 mille
3005 5630 3167 5684 libras
3195 5646 3288 5700 per
3321 5647 3500 5684 vocem
3532 5630 3595 5682 il-

351 5729 593 5800 ahigens,
623 5731 678 5780 et
704 5720 854 5794 plura
884 5734 1090 5790 ponens
1114 5719 1166 5774 in
1196 5715 1476 5786 unguentis
1503 5723 1554 5769 ct
1584 5711 1928 5781 aromatibus,

2024 5729 2126 5783 lam
2157 5737 2207 5780 cl.
2235 5725 2526 5796 gratiarum
2570 5724 2852 5778 actionem.
2889 5719 3017 5772 Nam
3063 5719 3148 5776 dic
3193 5721 3318 5776 mihi
3341 5765 3354 5790 ,
3387 5721 3598 5793 quando
