3980 6142
507 301 610 356 H7

480 429 584 486 Job
623 430 832 487 beatum
873 426 1224 500 pronuntias?
1252 426 1465 499 quando
1486 428 1671 483 habuit
1698 437 1775 483 tot
1799 429 2057 494 camelos,

482 532 562 579 tot
588 537 779 595 greges
823 532 878 578 et
916 531 995 576 tot
1024 529 1303 586 armenta;
1353 535 1422 575 an
1459 520 1673 591 quando
1702 522 1844 576 illam
1888 522 2065 576 emisit

481 631 689 681 vocem,
717 613 967 669 Dominus
993 613 1152 679 dedit,
1182 612 1432 667 Dominus
1455 613 1661 667 abstulit
1690 612 1810 681 (Job
1856 613 1907 667 i.
1935 610 2063 681 2|)?

480 705 691 761 Etenim
719 705 962 761 diabolus
989 714 1276 775 propterea
1304 720 1402 760 nos
1428 704 1626 759 damno
1651 703 1842 770 afﬁcit,
1871 718 1978 759 non
2007 711 2065 759 ut

477 798 683 853 auferat
729 800 1018 868 pecunias;
1068 800 1170 852 scit
1214 799 1357 852 enim
1398 812 1492 852 eas
1533 796 1665 851 nihil
1703 811 1856 861 esse;
1886 796 1979 852 sed
2007 806 2065 851 ut

480 903 575 959 per
589 903 652 942 ea
675 903 773 943 nos
793 898 948 958 cogat
969 888 1150 944 dicere
1171 886 1371 957 aliquid
1394 880 1784 955 blaSphemum.
1808 886 1881 941 ita
1902 888 2062 942 etiam

480 981 533 1038 in
560 980 718 1036 beato
746 980 848 1036 Job
876 996 983 1035 non
1017 981 1117 1034 hoc
1148 979 1321 1047 solum
1353 978 1604 1033 studebat
1632 987 1688 1034 ut
1715 992 1837 1033 eum
1863 978 2064 1033 faceret

481 1088 802 1143 pauperem,
850 1073 945 1127 sed
991 1071 1154 1127 etiam
1202 1057 1259 1125 u't
1303 1071 1610 1126 enuntiaret
1652 1069 2057 1140 blasphemiam.

478 1162 701 1232 Quando
725 1164 868 1218 enim
890 1161 1140 1217 omnibus
1169 1177 1289 1216 eum
1318 1160 1575 1227 nudavit,
1606 1160 1729 1216 vide
1751 1161 1876 1232 quid
1903 1162 1950 1216 ei
1973 1160 2027 1215 di
2046 1189 2059 1201 -

474 1264 564 1311 cat
595 1270 691 1327 per
729 1268 948 1310 uxorem
974 1271 987 1306 :
1014 1253 1112 1308 Dic
1144 1252 1340 1322 aliquid
1367 1252 1607 1308 adversus
1644 1251 1842 1318 Deum,
1876 1263 1921 1306 et
1946 1269 2057 1306 mo-

474 1361 603 1399 rere.
634 1345 829 1415 Atqui,
861 1361 895 1398 o
935 1344 1299 1407 exsecranda,
1340 1360 1463 1399 eum
1507 1342 1749 1413 spoliasti
1787 1343 2056 1398 omnibus.

474 1437 581 1492 Sed
610 1452 714 1492 non
745 1437 808 1491 ad
840 1436 962 1501 hoc,
983 1437 1173 1507 inquit,
1196 1437 1453 1505 ponebam
1478 1436 1711 1490 studium
1743 1453 1756 1490 :
1786 1452 1907 1490 nam
1936 1451 2057 1505 pro-

475 1538 593 1599 pter
618 1528 758 1599 quod
785 1528 963 1583 omnia
992 1527 1111 1594 feci,
1134 1527 1183 1581 id
1214 1527 1450 1581 nondum
1479 1527 1707 1594 confeci,
1736 1536 1791 1581 ut
1812 1542 1932 1581 eum
1961 1526 2057 1582 Dei

472 1619 728 1674 nndarem
756 1618 996 1672 auxilio~z
1020 1626 1302 1687 propterea
1329 1632 1450 1672 eum
1476 1619 1636 1672 etiam
1662 1614 1856 1671 nud'avi
1889 1632 2054 1686 pecu-

470 1709 592 1765 niis.
610 1709 722 1764 Hoc
749 1718 829 1763 est
855 1708 996 1779 quod
1022 1708 1176 1773 volo;
1210 1706 1338 1761 illud
1365 1717 1542 1763 autem
1571 1708 1705 1762 nihil
1732 1716 1813 1762 est
1841 1725 1855 1763 :
1879 1708 1921 1762 si
1953 1707 2054 1766 hoc

469 1816 574 1855 non
604 1800 776 1864 adsit,
805 1815 910 1854 non
935 1799 1107 1854 solum
1135 1799 1280 1854 nulla
1308 1799 1527 1855 affectus
1574 1807 1659 1855 est
1711 1798 1927 1870 injuria,
1957 1800 2053 1855 sed

465 1892 626 1947 etiam
656 1891 707 1944 id
733 1891 781 1945 ei
813 1890 1029 1960 profuit.
1312 1885 1315 1888 ⁴

533 1984 588 2038 4.
628 1979 787 2038 Vides
812 1982 954 2054 quod
979 1983 1116 2037 sciat
1140 1983 1315 2038 malus
1338 1982 1429 2037 ille
1451 1982 1662 2037 daemon
1691 1990 1950 2052 quantum
1981 1981 2048 2038 sit

459 2074 576 2144 ejus
597 2075 674 2129 rei
695 2074 988 2129 damnum?
1007 2073 1133 2130 Ideo
1157 2073 1310 2129 vides
1329 2088 1452 2129 eum
1477 2088 1573 2143 per
1592 2088 1814 2129 uxorem
1836 2083 2048 2130 struere

460 2166 699 2221 insidias.
753 2166 946 2221 Audite
993 2174 1260 2236 quotquot
1310 2166 1518 2220 habetis
1563 2181 1759 2220 uxores
1802 2167 2046 2235 pecuniae

457 2267 723 2320 amantes,
751 2266 804 2310 et
827 2270 924 2310 vos
944 2264 1199 2324 cogentes
1225 2256 1278 2309 in
1310 2256 1474 2309 Deum
1505 2255 1878 2323 blasphemare
1908 2274 1922 2311 :
1953 2272 2043 2311 re-

456 2348 753 2402 cordemini
779 2348 921 2403 Jobi.
953 2347 1060 2402 Sed
1087 2346 1367 2402 videmnus
1392 2347 1507 2417 ejus
1535 2348 1754 2402 multam
1776 2388 1792 2413 ,
1821 2349 1866 2404 si
1892 2349 2042 2406 vide-

455 2446 567 2504 tur,
596 2438 1060 2493 mansuetudinem
1083 2479 1098 2502 .
1128 2451 1230 2507 qua
1257 2437 1374 2507 ejus
1400 2452 1463 2492 os
1487 2437 1774 2492 obstruxit.
1808 2438 1927 2505 Cur,
1961 2439 2044 2494 in-

456 2528 608 2592 quit,
652 2528 788 2583 velut
826 2544 930 2582 una
960 2544 1023 2581 ea:
1062 2527 1416 2593 insipientibus
1447 2528 1742 2583 mulieribus
1769 2529 1840 2582 ita
1878 2546 1929 2584 es
1957 2529 2039 2585 lo-

453 2627 611 2684 quuta
642 2618 803 2689 (Job.
846 2618 901 2672 2.
931 2617 1064 2691 10)?
1090 2617 1295 2673 Revera
1325 2617 1665 2688 Corrumpunt
1691 2618 1848 2673 bonos
1877 2635 2040 2675 mores

452 2709 707 2780 colloquia
748 2725 904 2779 prava
942 2708 1040 2782 (1.
1088 2708 1207 2766 Cor.
1242 2710 1330 2765 15.
1370 2709 1481 2779 35)
1513 2725 1527 2763 :
1572 2725 1785 2780 semper
1823 2711 2035 2781 quidem

451 2812 620 2869 certe,
652 2802 884 2857 maxime
904 2810 1084 2857 autem
1112 2802 1162 2855 in
1187 2801 1610 2866 calamitatibus;
1642 2813 1767 2856 tunc
1784 2804 1872 2871 qni
1896 2804 2036 2859 mala

451 2893 712 2961 suadent,
744 2894 850 2948 vim
883 2893 1098 2949 habent.
1128 2893 1260 2948 Nam
1291 2894 1336 2948 si
1375 2894 1588 2949 animus
1610 2910 1676 2949 ex
1716 2910 1776 2949 se
1803 2899 1934 2950 satis
1963 2897 2036 2952 sit

449 2994 728 3053 promptus
743 2985 809 3040 ad
829 2985 1248 3055 indignationem
1271 2996 1325 3039 et
1344 2984 1633 3052 fastidium,
1651 2996 1850 3055 quanto
1867 2989 2034 3058 magis

447 3077 663 3145 quando
691 3087 776 3134 est
816 3077 974 3133 etiam
1002 3079 1092 3148 qui
1115 3077 1389 3133 consulit?
1417 3092 1593 3132 annon
1619 3078 1932 3134 deturbatur
1957 3079 2025 3134 ad

447 3167 755 3223 barathrum
767 3167 792 3223 ἲ
804 3168 1049 3240 Magnum
1068 3169 1267 3223 bonum
1283 3177 1365 3223 est
1379 3169 1595 3235 mulier,
1616 3170 1753 3224 sicut
1768 3179 1849 3223 est
1870 3172 2030 3225 etiatn

442 3260 693 3319 magnum
723 3256 940 3309 malum.
972 3259 1036 3312 Et
1062 3259 1186 3315 vide
1224 3262 1488 3316 undenam
1521 3262 1631 3316 vult
1671 3262 1860 3319 fortem
1905 3281 2029 3321 mu-

441 3352 561 3393 rum
590 3341 888 3410 perfodere.
917 3345 1031 3401 Non
1060 3364 1182 3403 eum
1220 3361 1488 3421 expugnat
1527 3351 1764 3422 pecuniae
1785 3355 2023 3425 amissio,

442 3430 575 3486 nihil
605 3448 853 3504 magnum
880 3435 1059 3493 effecit
1085 3439 1190 3495 hoc
1215 3440 1492 3509 damnum,
1520 3444 1614 3498 sed
1641 3443 1836 3498 frustra
1865 3446 2025 3502 etiam

439 3523 765 3593 arguebatur
780 3527 999 3597 dixisse,
1024 3529 1205 3585 Sinon
1227 3532 1277 3585 in
1305 3533 1486 3604 faciem
1513 3533 1763 3588 benedicet
1785 3535 1870 3588 tibi
1901 3534 2023 3605 (Job

442 3613 496 3668 Ι.
530 3614 659 3685 ii):
693 3616 816 3672 ideo
855 3634 1076 3675 uxorem
1117 3631 1304 3676 contra
1349 3636 1471 3677 eum
1511 3633 1704 3678 armat.
1739 3623 1893 3679 Vides
1920 3640 2027 3695 quo

439 3707 714 3778 spirabat?
737 3711 840 3766 Sed
874 3711 1005 3769 nihil
1037 3714 1108 3768 illi
1139 3715 1256 3771 hare
1286 3716 1529 3771 machina
1563 3716 1779 3786 profuit.
1812 3716 1868 3771 Si
1897 3732 2025 3786 ergo

437 3812 539 3853 nos
571 3814 782 3872 quoque
817 3812 970 3874 grato
1005 3806 1186 3861 animo
1212 3805 1471 3872 feramus,
1512 3822 1575 3862 ea
1605 3809 1765 3864 etiam
1797 3809 2026 3878 recipie-

439 3903 598 3954 mus;
628 3904 686 3946 et
707 3893 751 3947 si
781 3909 885 3947 non
915 3897 1308 3965 receperimus,
1338 3898 1512 3968 major
1548 3898 1653 3953 erit
1681 3915 1907 3955 merces.
1935 3902 2025 3956 Sic

439 3979 492 4032 in
514 3980 795 4037 adamante
824 3984 917 4052 illo
945 3986 1137 4041 factum
1164 3997 1247 4042 est
1271 4005 1284 4042 :
1314 3989 1529 4058 quando
1561 3991 1702 4045 enim
1731 3991 1941 4046 fortiter
1970 4004 2025 4047 et

436 4077 656 4125 strenue
674 4072 996 4140 deccrtavit,
1033 4086 1158 4131 tunc
1175 4080 1336 4133 etiam
1370 4080 1487 4134 bare
1520 4082 1565 4134 ei
1595 4082 1776 4135 dedit:
1811 4085 2022 4146 quando

1249 308 1305 364 S.
1346 307 1623 365 JOANNIS
1659 306 2127 365 CIIRYSOSTOMI
2188 306 2502 365 ARCillEP.
2542 309 3073 371 CONSTANTlNOP.

3635 308 3732 367 148

2172 415 2409 470 ostendit
2437 416 2675 484 diabolo,
2706 420 2880 490 ipsum
2907 437 3015 478 non
3044 422 3168 478 ideo
3193 423 3361 480 Deum
3387 428 3566 484 colere
3583 471 3598 497 ,
3630 438 3746 488 tunc

2171 503 2421 560 reddidit.
2458 507 2553 562 Est
2587 509 2730 564 enim
2772 510 3076 582 hujusmodi
3109 531 3123 566 :
3164 515 3377 585 quando
3419 518 3612 575 viderit
3655 537 3747 578 nos

2170 611 2277 650 non
2298 612 2419 653 esse
2440 597 2630 655 afﬁxos
2650 602 2714 657 iis
2736 619 2856 673 qua:
2879 604 2945 659 ad
2970 605 3108 661 hanc
3127 607 3287 662 vitam
3312 611 3600 679 pertinent,
3630 623 3746 670 tunc

2169 688 2323 745 nobis
2360 705 2422 745 ea
2452 691 2542 745 dat
2572 709 2586 746 :
2620 694 2834 763 quando
2866 696 3059 751 viderit
3088 713 3187 753 nos
3218 700 3475 768 prteferre
3502 702 3747 773 spiritna~

2168 778 2257 842 lia,
2286 786 2410 834 tunc
2433 782 2592 836 etiam
2625 784 2826 853 praebet
2851 788 3118 851 carnalia;
3149 805 3255 844 non
3281 802 3458 847 autem
3485 795 3653 863 prius,
3684 812 3747 852 ne

2167 868 2550 939 abrumpamur
2578 889 2608 928 a
2647 876 3033 946 spiritualibus.
3079 878 3244 936 Nobis
3289 882 3453 952 igitur
3495 900 3743 954 parcens,

2166 974 2275 1015 non
2304 961 2397 1016 dat
2418 965 2648 1018 carnalia
2670 1007 2685 1032 ,
2715 975 2773 1021 ut
2798 968 2880 1022 vel
2904 969 3102 1025 invitos
3133 970 3200 1024 ab
3227 972 3292 1026 iis
3320 974 3572 1031 abducat.
3595 977 3743 1049 Non,

2164 1050 2363 1119 inquit;
2392 1053 2485 1109 sed
2508 1055 2552 1109 si
2575 1070 2855 1125 accepero,
2878 1060 3118 1129 repleor,
3146 1068 3203 1137 et
3220 1064 3389 1133 magis
3405 1079 3507 1136 ago
3525 1071 3740 1138 gratias.

2162 1141 2379 1198 Falsum
2410 1156 2524 1210 est,
2570 1162 2603 1201 ο
2641 1150 2801 1204 homo
2830 1168 2845 1206 :
2878 1158 3005 1208 tunc
3038 1153 3180 1208 enim
3208 1168 3267 1209 es
3292 1158 3461 1227 magis
3485 1173 3670 1214 socors
3694 1170 3745 1217 et

2160 1233 2403 1303 ignavus.
2434 1236 2569 1303 Quid
2595 1246 2799 1306 autem,
2828 1243 3021 1311 inquit,
3050 1244 3191 1314 quod
3217 1244 3309 1300 dat
3339 1248 3568 1304 multis?
3595 1249 3743 1308 Unde

2157 1334 2370 1381 constat
2394 1327 2535 1395 quod
2567 1327 2683 1398 ipse
2707 1328 2840 1385 dat?
2880 1331 2985 1387 Sed
3015 1334 3169 1404 quis,
3204 1335 3410 1406 inquit,
3441 1336 3534 1393 dat
3561 1341 3732 1396 alius?

2159 1415 2359 1472 Eorum
2404 1420 2626 1476 avaritia
2671 1431 2726 1478 et
2766 1425 2975 1494 rapina.
3020 1427 3301 1495 Quomodo
3344 1446 3472 1502 ergo
3500 1434 3742 1491 concedit

2156 1508 2273 1565 haec
2302 1510 2450 1566 ﬁeri?
2474 1511 2627 1568 Sicut
2654 1516 2855 1572 caedem
2874 1558 2888 1582 ,
2919 1517 3057 1574 furta
3079 1560 3095 1586 ,
3125 1530 3179 1575 et
3219 1522 3324 1574 vim
3349 1538 3467 1592 qua:
3494 1524 3737 1582 infertur.

2156 1600 2294 1673 Quid
2320 1619 2468 1671 vero,
2494 1606 2686 1676 inquit,
2712 1608 2779 1663 de
2806 1609 2870 1663 iis
2893 1609 3027 1665 dicis
3047 1612 3186 1681 quia
3215 1615 3453 1682 patribus
3474 1618 3741 1686 accipiunt
3803 1622 3809 1628 ’

2155 1692 2529 1761 hereditatem,
2558 1698 2658 1767 ipsi
2681 1701 2862 1755 referti
2886 1703 3040 1757 malis
3063 1703 3585 1764 innumerabilibus?
3611 1727 3742 1780 quo-

2152 1784 2333 1852 modo,
2364 1786 2555 1856 inquit,
2585 1789 2713 1843 sinit
2733 1805 2825 1845 eos
2854 1791 2992 1847 Deus
3014 1793 3120 1849 illis
3145 1795 3285 1850 frui?
3314 1796 3465 1853 Sicut
3489 1808 3545 1854 et
3571 1799 3739 1870 fures,

2150 1883 2206 1930 et
2232 1890 2325 1930 eos
2352 1878 2440 1946 qui
2470 1878 2643 1934 caedes
2670 1878 2871 1935 faciunt
2894 1923 2909 1949 ,
2942 1892 2996 1937 et
3022 1896 3251 1941 cancros
3281 1887 3554 1945 maleficos
3587 1909 3600 1944 :
3633 1907 3738 1948 non

2144 1956 2232 2023 est
2255 1967 2401 2022 enim
2429 1985 2571 2024 nunc
2600 1979 2809 2041 tempus
2830 1973 3042 2044 judicii,
3073 1978 3167 2033 sed
3197 1981 3415 2048 Optimae
3439 1982 3565 2038 vita:
3587 1985 3737 2040 insti-

2150 2057 2395 2114 tutionis.
2442 2060 2595 2126 Quod
2638 2072 2817 2118 autem
2858 2064 2968 2134 jam
3014 2067 3154 2133 dixi,
3204 2068 3308 2125 hoc
3337 2086 3550 2141 quoque
3599 2092 3737 2132 nunc

2145 2147 2306 2203 dico:
2338 2148 2415 2203 illi
2444 2151 2675 2220 majores
2697 2152 2898 2208 dabunt
2925 2170 3129 2224 pmnas,
3154 2162 3370 2228 quando
3394 2164 3556 2218 etiam
3582 2165 3736 2222 bonis

2143 2239 2393 2296 omnibus
2423 2242 2708 2312 perceptis,
2743 2259 2809 2299 ne
2835 2245 2913 2300 sic
2955 2247 3168 2318 quidem
3200 2252 3426 2307 evadant
3460 2255 3745 2312 meliores;

2152 2338 2264 2396 Non
2292 2343 2435 2396 enim
2456 2358 2644 2400 omnes
2664 2345 2915 2402 similiter
2938 2346 3254 2415 punientur,
3280 2348 3374 2404 sed
3398 2347 3434 2403 ii
3461 2349 3555 2420 qui
3582 2350 3745 2405 etiam

2150 2438 2273 2500 post
2315 2441 2534 2502 accepta
2572 2434 2827 2491 beneficia
2860 2435 2987 2490 mali
3029 2446 3285 2504 manent,
3317 2439 3486 2509 magis
3529 2440 3745 2495 crucia-

2150 2518 2383 2588 buntur;
2411 2524 2501 2594 qui
2526 2534 2705 2580 autem
2737 2527 2788 2581 in
2819 2536 3168 2597 paupertate,
3201 2544 3308 2584 non
3348 2530 3442 2583 ita.
3467 2528 3628 2598 Quod
3653 2545 3747 2585 au-

2153 2620 2258 2666 tem
2294 2614 2364 2667 ita
2388 2614 2495 2680 sit,
2532 2616 2655 2670 audi
2694 2618 2820 2687 quid
2859 2618 3003 2674 dicat
3032 2619 3213 2675 Davidi
3241 2639 3254 2677 :
3285 2620 3476 2676 Nonne
3502 2622 3633 2676 dedi
3657 2623 3747 2677 tibi

2149 2703 2321 2756 omnia
2348 2704 2540 2761 domini
2566 2709 2640 2761 tui
2668 2707 2745 2780 (2.
2774 2707 2905 2779 Reg.
2929 2709 3017 2764 12.
3049 2710 3106 2783 8)
3128 2712 3151 2764 ?
3177 2711 3403 2779 Quando
3428 2728 3559 2783 ergo
3590 2714 3747 2769 vide-

2151 2798 2226 2853 ris
2243 2796 2493 2868 juvenem
2520 2802 2722 2872 absque
2748 2802 3021 2857 laboribus
3051 2814 3328 2873 paternam
3356 2806 3642 2874 accepisse
3664 2807 3750 2861 he-

2148 2886 2429 2943 reditatem
2450 2932 2466 2958 ,
2499 2900 2553 2946 et
2583 2893 2845 2948 mansisse
2890 2895 3125 2963 malum,
3157 2907 3306 2952 certo
3333 2899 3473 2953 scias
3508 2899 3666 2968 quod
3698 2899 3748 2953 ci

2145 2989 2406 3048 augeatur
2432 2996 2608 3051 poena,
2642 2992 2697 3038 et
2723 2985 3032 3040 intendatur
3055 2988 3343 3042 cruciatus.
3375 2987 3455 3043 Ne
3480 2989 3585 3044 hos
3617 3006 3748 3061 ergo

2146 3070 2483 3138 aemulemur,
2518 3073 2610 3128 sed
2656 3074 2701 3128 si
2748 3074 3011 3146 quispiam
3056 3079 3381 3134 successerit
3420 3079 3651 3142 virtuti.
3699 3080 3747 3137 si

2140 3159 2267 3225 quis
2286 3164 2594 3233 acquiSierit
2614 3164 2826 3221 divitias
2848 3168 3153 3237 spirituales
3181 3187 3197 3225 :
3242 3169 3328 3225 Va:
3357 3172 3508 3235 enim,
3536 3171 3743 3242 inquit,

2145 3263 2211 3321 iis
2236 3258 2329 3335 qui
2367 3268 2631 3338 conﬁdunt
2659 3272 2714 3323 in
2751 3271 2856 3324 suis
2893 3269 3078 3325 divitiis
3096 3288 3117 3339 ;
3148 3280 3234 3337 et,
3275 3270 3422 3325 Beati
3448 3273 3535 3339 qui
3564 3274 3749 3330 timent

2149 3358 2427 3415 Dominum
2476 3362 2495 3432 (
2522 3348 2667 3416 Psal.
2698 3362 2786 3418 48.
2819 3362 2868 3417 7.
2899 3373 2946 3417 et
2979 3364 3102 3418 127.
3131 3364 3210 3433 1).
3242 3365 3319 3418 Ex
3363 3364 3553 3434 quibus
3590 3406 3606 3431 ,
3660 3366 3749 3421 dic

2148 3450 2280 3506 mihi
2303 3496 2317 3521 ,
2347 3458 2427 3507 vis
2456 3455 2611 3511 esse?
2639 3456 2714 3508 Ex
2759 3455 2824 3510 iis
2853 3464 3002 3512 certe
3029 3456 3123 3527 qui
3149 3456 3294 3512 beati
3321 3455 3606 3513 dicuntur.
3643 3459 3750 3514 llos

2149 3559 2277 3616 ergo
2314 3547 2589 3611 :emulare,
2623 3563 2728 3603 non
2758 3548 2908 3615 illos,
2939 3562 2998 3604 ut
3029 3550 3189 3604 etiam
3220 3550 3574 3620 consequaris
3609 3552 3749 3607 bona

2149 3653 2270 3708 quae
2313 3647 2439 3694 sunt
2483 3640 2562 3694 eis
2606 3642 2885 3706 reposita:
2934 3657 3054 3712 quae
3097 3642 3255 3698 detur
3284 3643 3438 3697 nobis
3485 3645 3751 3701 omnibus

2148 3732 2439 3800 consequi,
2471 3733 2640 3802 gratia
2672 3743 2723 3789 et
2763 3734 3089 3805 benignitate
3134 3734 3347 3790 Domini
3393 3736 3570 3792 nostri
3618 3737 3747 3793 Jesu

2148 3820 2368 3888 Christi,
2395 3839 2516 3878 cum
2542 3839 2648 3894 quo
2672 3825 2815 3879 Patri
2839 3841 2945 3880 una
2969 3841 3090 3881 cum
3112 3837 3299 3881 sancto
3322 3827 3526 3897 Spiritu
3547 3828 3745 3899 gloria,

2151 3914 2461 3982 imperium,
2504 3914 2697 3982 honor,
2732 3931 2872 3971 nunc
2902 3926 2956 3971 et
2981 3931 3217 3988 semper,
3246 3926 3302 3973 et
3330 3918 3385 3972 in
3413 3919 3616 3974 saecula
3644 3932 3745 3973 sse-

2149 4006 2412 4061 culorum.
2444 4009 2635 4060 Amen.

1853 4244 2185 4308 HOMILIA
2227 4247 2405 4309 XXI.

442 4408 570 4466 Car.
603 4409 692 4466 10.
719 4426 774 4465 v.
808 4408 899 4465 '52.
931 4408 1359 4467 Rememoramini
1399 4420 1568 4465 autem
1613 4410 1852 4480 pristinos
1881 4401 1986 4465 dies
2011 4453 2027 4475 ,

512 4503 567 4556 in
602 4501 779 4571 quibus
813 4500 1105 4567 illuminati,
1137 4517 1379 4572 magnum
1423 4510 1675 4555 certamen
1722 4501 2029 4556 sustinuistis

508 4593 800 4664 passionum
819 4608 839 4647 :
860 4593 950 4648 '53.
976 4601 1024 4646 et
1048 4592 1102 4645 in
1129 4592 1290 4646 altera
1320 4591 1522 4659 quidem
1548 4590 1834 4662 opprobriis
1861 4601 1906 4645 et
1937 4592 2028 4645 tri-

512 4684 855 4741 bulationibus
883 4684 1227 4755 spectaculum
1254 4683 1379 4754 facti
1403 4724 1419 4748 ,
1450 4684 1503 4737 in
1527 4684 1687 4737 altero
1711 4693 1876 4736 autem
1904 4683 2027 4737 socii

509 4778 676 4833 taliter
694 4776 1095 4831 concertantium
1121 4774 1305 4841 effecti.
1334 4775 1424 4829 54.
1452 4772 1593 4827 Nam
1621 4784 1668 4828 et
1692 4775 1868 4829 uinctis
1890 4791 2027 4829 cont-

512 4870 650 4940 passi
678 4871 815 4933 estis,
841 4878 887 4923 et
914 4868 1149 4938 rapinam
1178 4866 1425 4921 bonorunt
1452 4873 1731 4919 uestrorum
1760 4882 1873 4919 cum
1902 4883 2028 4937 gau-

512 4963 598 5015 dio
626 4962 919 5031 suscepistis
940 5000 956 5025 ,
984 4969 1340 5030 cognoscentes
1368 4975 1454 5014 vos
1483 4958 1664 5013 habere
1689 4958 1945 5014 meliorem
1970 4959 2026 5015 in

510 5053 647 5108 aclis
675 5062 720 5105 et
751 5061 1035 5105 manentem
1058 5050 1412 5106 substantiam.

508 5148 562 5204 1.
611 5142 1044 5200 Prtestantissimi
1074 5142 1266 5198 medici
1294 5157 1415 5197 cum
1447 5141 1767 5212 profundam
1802 5140 2026 5198 fecerint

434 5239 776 5303 ineisionem,
802 5246 856 5293 et
884 5252 978 5306 per
1004 5237 1213 5307 plagam
1243 5236 1480 5291 dolorem
1506 5234 1852 5301 intenderint,
1878 5235 2027 5290 labo-

435 5340 641 5385 rantem
674 5329 848 5384 locum
883 5327 1262 5392 consolantes,
1294 5326 1668 5395 turbatamque
1698 5325 1943 5382 foventes
1972 5336 2027 5381 et

436 5429 751 5479 rccreantes
778 5421 1042 5487 animam,
1076 5434 1182 5474 non
1214 5419 1442 5489 amplius
1469 5419 1628 5473 aliam
1658 5419 1913 5476 exhibent
1942 5420 2023 5475 in-

435 5514 717 5580 cisionem,
738 5513 831 5568 sed
854 5522 909 5569 et
929 5513 1105 5568 datam
1131 5513 1347 5567 mitibus
1370 5513 1569 5567 leniunt
1595 5512 2020 5581 medicamentis,

435 5612 492 5661 et
516 5620 636 5674 qua:
662 5604 869 5659 doloris
893 5603 1117 5659 multum
1146 5603 1351 5673 possint
1415 5597 1673 5655 adimere.
1706 5598 1821 5654 Hoc
1890 5619 2023 5674 quo-

436 5711 542 5766 que
565 5697 689 5752 fecit
710 5696 906 5752 Paulus
930 5716 942 5750 :
968 5710 1090 5752 cum
1112 5710 1298 5752 eorum
1320 5698 1684 5751 concussissct
1707 5695 1935 5761 animos,
1967 5706 2022 5752 et

435 5796 571 5849 facta
614 5793 887 5849 mentione
929 5791 1191 5878 gehennte
1217 5808 1311 5853 eos
1343 5794 1747 5864 compunxisset
1773 5804 1827 5851 ct
1851 5797 1929 5853 eis
1954 5797 2016 5851 ti-

2131 4398 2250 4455 dem
2271 4400 2502 4468 fecisset,
2522 4406 2662 4475 qnod
2680 4420 2802 4463 eum
2821 4413 3042 4468 omnino
3063 4416 3238 4484 perire
3256 4429 3488 4488 oportet.
3509 4425 3606 4492 qui
3634 4424 3730 4481 Dei

2128 4492 2350 4561 gratiam
2390 4493 2562 4550 affecit
2589 4502 2946 4571 contumelia;
2980 4514 3035 4559 et
3060 4522 3125 4561 ex
3158 4507 3353 4580 Moysis
3380 4510 3589 4582 legibus
3621 4516 3731 4572 hoc

2127 4583 2478 4652 ostendisset,
2507 4589 2647 4657 quod
2678 4591 2784 4646 sint
2810 4595 3056 4663 perituri,
3091 4609 3143 4652 et
3187 4603 3357 4671 magis
3396 4605 3560 4660 etiam
3603 4609 3729 4663 aliis

2125 4674 2458 4745 obsignasset
2490 4683 2844 4753 testimoniis,
2875 4696 2929 4742 et
2969 4689 3194 4748 dixisset
3225 4694 3557 4755 horrendum
3597 4716 3727 4759 esse

2124 4766 2363 4825 incidere
2401 4771 2453 4824 in
2503 4789 2692 4830 manus
2736 4776 2831 4833 Dei
2869 4780 3103 4838 viventis
3137 4800 3152 4838 :
3184 4801 3253 4842 ne
3281 4790 3452 4844 multo
3483 4803 3636 4849 metu
3666 4796 3725 4852 in

2122 4860 2550 4934 desperationem
2581 4869 2808 4927 adducta
2839 4875 3038 4939 anima,
3070 4878 3258 4936 dolore
3286 4883 3680 4941 absorberetur
3701 4927 3720 4957 ,

2120 4970 2212 5011 eos
2232 4959 2538 5015 consolatur
2560 4977 2652 5031 per
2674 4963 2854 5020 laudes
2881 4976 2934 5023 et
2959 4968 3411 5040 adhortationem,
3436 4986 3489 5032 et
3512 4980 3599 5034 eis
3622 4979 3726 5035 do-

2119 5050 2394 5107 mesticam
2431 5054 2586 5111 offert
2629 5061 3047 5118 aamulationem.
3076 5061 3504 5122 Rememoramini
3536 5071 3720 5140 enim,

2118 5142 2308 5213 inquit,
2330 5146 2569 5212 pristinos
2591 5148 2718 5216 dies,
2737 5151 2789 5205 in
2812 5154 2992 5219 quibus
3007 5155 3298 5223 illuminati,
3320 5162 3537 5215 multum
3553 5174 3724 5218 certa-

2117 5254 2230 5291 men
2251 5240 2560 5295 sustinuistis
2580 5244 2894 5313 passionum.
2915 5246 3098 5317 Magua
3116 5259 3199 5304 est
3214 5268 3330 5321 qua-
3350 5268 3444 5323 per
3462 5268 3637 5321 opera
3660 5256 3724 5312 fit

2113 5330 2410 5384 consolatio
2432 5349 2443 5384 :
2465 5347 2585 5386 eum
2605 5335 2745 5388 enim
2769 5337 2857 5406 qui
2880 5352 2991 5392 rem
3011 5340 3246 5406 inchoat,
3262 5355 3472 5412 Oportet
3490 5360 3722 5418 progre-

2113 5419 2348 5477 dientem
2383 5422 2557 5479 facere
2588 5426 3002 5483 incrementum.
3031 5431 3191 5497 Quasi
3221 5433 3445 5503 diceret,
3472 5435 3721 5502 Quando

2113 5512 2485 5581 initiabamini,
2502 5518 2714 5585 quando
2730 5521 2892 5575 eratis
2910 5521 3029 5577 loco
3045 5522 3451 5593 discipulorum,
3466 5530 3720 5586 ostendi-

2108 5607 2205 5661 Stis
2229 5615 2428 5661 tantam
2450 5608 2614 5663 animi
2642 5610 2995 5681 alacritatem,
3022 5623 3221 5669 tantam
3245 5618 3712 5687 generositatem:

2108 5713 2249 5752 nunc
2273 5708 2449 5754 autem
2469 5715 2575 5755 non
2601 5702 2852 5772 amplius.
2872 5703 2940 5759 Et
2962 5705 3050 5774 qui
3074 5705 3319 5763 hortatur
3338 5709 3437 5773 sic,
3460 5710 3716 5767 maxime

2108 5786 2349 5844 hortatur
2368 5804 2397 5843 a
2416 5788 2746 5861 domesticis.
2772 5792 2840 5849 Et
2857 5794 2998 5864 vide,
3023 5810 3128 5853 non
3152 5797 3324 5854 solum
3345 5798 3498 5864 dixit,
3517 5796 3714 5855 Certa-
