3980 6142
392 326 497 383 M9

396 442 529 509 μίαν
580 434 953 502 ἐπεδείξασθε,
1011 436 1280 505 τοσαύτην
1341 435 1736 505 γενναιότητα·
1773 433 1869 486 νῦν
1913 431 1973 484 δὲ

392 520 597 575 οὐκέτι.
635 520 746 573 Καὶ
766 522 795 573 ὀ
822 518 1179 589 παρακαλῶν,
1214 518 1358 572 οὑτω
1391 518 1631 589 μάλιστα
1662 513 1975 586 παρακαλεῖ

392 606 502 659 ἀπὸ
521 603 630 657 τῶν
658 602 894 657 οἰκείων.
929 601 1040 655 Καὶ
1071 602 1191 671 ὅρα,
1213 603 1311 672 οὑχ
1332 600 1522 662 ἁπλῶς
1556 596 1731 653 εἶπεν·
1768 600 1976 664 Ἀθλη-

394 704 500 742 σιν
526 686 903 755 ὑπεμείνατε,
938 683 1076 737 ἀλλά
1114 684 1253 754 μετὰ
1286 684 1610 753 προσθήκης
1650 681 1769 747 τοῦ,
1814 684 1974 735 Πολ-

392 769 536 837 λήν.
563 769 671 824 Καὶ
702 769 804 822 οὑκ
832 763 955 820 εἷπε
990 769 1358 838 πειρασμοὺς,
1382 766 1520 821 ἀλλά
1558 765 1808 834 ἄθλησιν,
1835 765 1973 834 ὅπερ

395 856 542 908 ἐστὶν
572 853 852 922 ἐγκωμίου
889 852 1061 922 ὄνομα
1105 855 1198 906 καὶ
1231 852 1474 905 ἐπαίνων
1508 851 1804 921 μεγίστων.
1838 845 1973 902 Εἶτα

394 940 491 990 καὶ
522 937 815 1005 καταλέγει
845 936 989 991 κατὰ
1029 938 1216 1007 μέρος,
1250 936 1534 991 πλατύνων
1562 936 1654 988 τὸν
1675 934 1853 999 λόγον,
1879 934 1975 985 καὶ

393 1025 518 1086 τοὺς
542 1023 797 1083 ἐπαίνους
825 1020 1052 1084 πολλοὺς
1071 1021 1262 1074 ποιῶν.
1282 1020 1404 1082 Πῶς
1431 1036 1445 1084 ;
1477 1020 1658 1074 Τοῦτο
1682 1019 1800 1087 μὲν
1821 1018 1974 1069 ὀνει-

393 1105 648 1174 δισμοῖς,
702 1105 857 1174 φησὶ,
898 1105 998 1158 καὶ
1043 1107 1288 1172 θλίψεσι
1321 1102 1767 1172 θεατριζόμενοι.
1814 1102 1977 1167 Μέγα

393 1191 504 1260 γὰρ
530 1189 835 1259 ὀνειδισμὸς
866 1188 1193 1242 καθικέσθαι
1221 1186 1471 1257 καρδίας,
1516 1187 1610 1239 καὶ
1640 1184 1823 1239 ἱκανὸν
1856 1183 1974 1235 δια-

396 1272 625 1342 στρέψαι
655 1271 856 1341 ψυχὴν,
887 1271 981 1323 καὶ
1012 1270 1285 1323 σκοτῶσαι
1332 1269 1596 1339 λογισμόν
1621 1283 1637 1299 ·
1671 1267 1835 1320 ἄκουε
1865 1267 1974 1335 γὰρ

391 1355 446 1410 τί
487 1372 651 1423 φησιν
684 1358 712 1408 ὁ
756 1355 1052 1424 Προφήτης
1080 1370 1093 1384 ·
1148 1352 1429 1423 Ἐ’γενήθη
1472 1354 1544 1406 τὰ
1592 1349 1824 1418 δάκρυά
1855 1366 1974 1417 μου

392 1437 523 1507 ἐμοί
545 1438 723 1504 ἄρτος
757 1435 980 1503 ἠμέρας
1009 1435 1106 1489 καὶ
1132 1435 1354 1501 νυκτὸς
1378 1436 1447 1487 ἐν
1472 1433 1550 1499 τῷ
1570 1433 1853 1501 διέγεσθαί
1872 1447 1975 1500 μοι

393 1523 528 1574 καθ’
577 1519 842 1583 ἑκάστην
886 1518 1140 1587 ἡμέραν·
1193 1518 1315 1572 Ποῦ
1364 1518 1536 1572 ἐστιν
1576 1520 1609 1570 ό
1645 1517 1788 1581 Θεός
1819 1530 1973 1578 σου;

394 1603 492 1655 καλ¹
520 1603 707 1656 πάλιν·
732 1604 799 1655 Εἰ
820 1604 852 1655 ὁ
877 1602 1094 1668 ἐχθρὸς
1116 1600 1390 1654 ὠνείδισέ
1415 1617 1512 1669 με,
1534 1598 1850 1667 ὑπήνεγκα
1874 1596 1970 1650 ἄν.

408 1684 748 1754 Ἐπειδὴγάρ
789 1685 997 1754 σφόδρα
1043 1684 1318 1746 κενόδοξόν
1370 1685 1487 1736 ἐστι
1516 1682 1578 1735 τὸ
1626 1680 1973 1750 ἀνθρώπινον

395 1770 573 1839 γένος,
609 1768 695 1820 διά
725 1768 882 1821 τοῦτο
923 1767 1018 1820 καὶ
1047 1767 1152 1819 ὑπδ
1193 1767 1389 1820 τούτου
1427 1766 1626 1837 ῥᾳδίως
1670 1764 1969 1819 ἁλίσκεται.

394 1852 506 1907 Καὶ
539 1852 636 1920 οὑχ
665 1851 851 1914 ἅπλῶς
878 1846 1054 1914 εἶπεν,
1091 1849 1502 1917 Ὀνειδισμοῖς,
1538 1846 1677 1900 ἀλλά
1717 1849 1810 1901 καὶ
1840 1847 1975 1900 αὐτὸ

398 1934 519 2004 μετ’
548 1933 852 1996 ἐπιτάσεως
866 1932 1089 2002 πολλῆς,
1113 1928 1573 2000 Θεατριζόμενοι,
1593 1930 1781 2000 φησίν.
1806 1930 1975 1984 Ὅταν

397 2017 497 2089 μὲν
524 2017 633 2086 γάρ
682 2033 765 2079 τις
815 2015 1140 2085 ὀνειδίζηται
1171 2014 1292 2068 καθ’
1324 2014 1536 2077 ἑαυτὸν,
1571 2013 1818 2085 λυπηρὸν
1852 2013 1972 2082 μὲν,

394 2099 579 2170 πολλῷ
615 2100 671 2153 δὲ
700 2099 883 2164 πλέον,
928 2100 1059 2152 ὅταν
1120 2099 1213 2151 ἐπὶ
1259 2098 1499 2153 πάντων.
1547 2097 1830 2165 Ἐννόησον
1872 2096 1974 2166 γάρ

401 2201 491 2255 μοι
513 2184 636 2236 ὅσον
674 2179 744 2254 ἦν
798 2183 992 2244 κακὸν,
1030 2183 1377 2246 ἀποστάντας
1408 2181 1509 2250 τῆς
1555 2181 1853 2251 Ἰουδαϊκῆς
1881 2196 1977 2231 τα-

398 2266 737 2336 πεινότητος.
774 2267 868 2319 καὶ
904 2266 980 2327 ὼς
1026 2266 1118 2317 ἐπὶ
1163 2264 1385 2336 ἄριστον
1449 2263 1564 2332 βίον
1596 2262 1973 2333 μετελθόντας,

397 2350 492 2403 καὶ
524 2350 633 2401 τῶν
656 2348 924 2419 πατρῴων
950 2348 1496 2417 καταφρονήσαντας,
1530 2347 1621 2401 ὑπ’
1661 2346 1838 2399 αὑτῶν
1869 2346 1976 2400 τῶν

397 2432 614 2485 ὸίκείων
633 2432 862 2499 πάσχειν
886 2431 1096 2495 κακῶς,
1154 2430 1253 2483 καὶ
1283 2428 1729 2501 μηδεμίανοέχειν
1762 2428 1976 2496 ἀντίληο

396 2512 512 2582 ψιν.
546 2514 661 2565 Οὑκ
692 2513 819 2582 ἔχω,
850 2513 1036 2582 φησὶν,
1069 2512 1364 2576 είπεῖν,ὅτι
1391 2510 1565 2564 ταῦτα
1588 2510 1820 2564 ἐπάθετε
1856 2511 1975 2580 μὲν,

398 2597 619 2674 ῂλγεῖτε
680 2596 756 2659 δὲ,
806 2596 942 2650 ἀλλά
991 2598 1087 2649 καὶ
1128 2595 1333 2666 σφόδρα
1380 2595 1651 2665 ἐχαίρετε.
1683 2595 1794 2648 Καὶ
1822 2595 1979 2653 τοῦτο

400 2680 672 2751 ἐδήλωσεν
718 2679 887 2732 εἰπών
914 2695 928 2710 ·
967 2677 1148 2732 Τοῦτο
1181 2677 1268 2743 δέ,
1313 2678 1588 2731 κοινωνοὶ
1632 2676 1746 2732 τῶν
1791 2677 1979 2743 οὕτως

399 2760 944 2830 ἀναστρεφομένων
990 2759 1380 2829 γενηθέντες·
1434 2759 1534 2813 καί
1563 2758 1673 2828 γὰρ
1709 2759 1834 2824 τοῖς
1880 2759 1976 2812 δε·-

399 2846 603 2914 σμίοις
631 2845 1129 2912 συνεπαθήσατε·
1163 2843 1258 2895 καὶ
1284 2843 1482 2905 αὐτοὺς
1513 2842 1666 2912 φέρει
1697 2843 1776 2905 εἰς
1813 2834 1977 2912 μέσον

397 2929 528 2991 τοὺς
547 2928 903 2990 ἀποστόλους.
928 2926 1000 2979 Οὑ
1037 2926 1217 2994 μόνον,
1250 2925 1436 2995 φησὶν,
1482 2926 1573 2978 ἐπὶ
1605 2928 1716 2987 τοῖς
1751 2925 1976 2987 οἰκείοις

397 3012 500 3066 οὐκ
534 3009 856 3082 ᾐσχύνεσθε,
881 3009 1017 3064 ἀλλά
1044 3010 1137 3065 καὶ
1152 3009 1476 3073 τοῖςοᾶλλοις
1501 3009 1838 3062 ἐκοινωνεῖτε
1863 3011 1977 3072 τοῖς

397 3093 575 3148 ταῦτα
626 3092 882 3146 παθοῦσι.
927 3092 1097 3145 Τοῦτο
1141 3092 1235 3147 καὶ
1290 3092 1739 3163 παρακαλοῦντος
1777 3093 1976 3157 αὐτούς

399 3180 570 3233 ἐστιν.
604 3177 719 3231 Ούκ
750 3172 895 3238 εἷπε,
927 3167 1127 3247 Φέρετε
1145 3177 1241 3239 τὰς
1268 3176 1477 3245 θλίψεις
1519 3176 1615 3238 τὰς
1654 3176 1823 3245 ἐμὰς,
1861 3193 1976 3228 κοι-

398 3258 623 3315 νωνεῖτέ
662 3275 776 3329 μοι,
810 3258 926 3313 ἀλλ’
951 3259 1163 3320 ἁπλῶς.
1216 3259 1345 3324 Τοῖς
1379 3258 1650 3325 δεσμίοις
1705 3272 1973 3312 συνεπα-

404 3342 650 3411 θήσατε.
698 3340 860 3412 Ὁρᾷς
884 3343 966 3394 ὅτι
1008 3342 1137 3411 περὶ
1156 3341 1349 3394 ἑαυτοῦ
1372 3357 1504 3410 φησι
1533 3341 1626 3393 καὶ
1658 3339 1766 3392 τῶν
1797 3342 1975 3394 ἄλλων

396 3424 507 3479 τῶν
532 3423 873 3493 δεδεμένων;
926 3421 1113 3488 Οὕτως
1171 3424 1267 3493 οὑχ
1317 3423 1595 3492 ἡγήσασθε
1631 3423 1806 3491 δεσμά
1836 3422 1974 3477 εἶναι

394 3507 468 3562 τὰ
487 3507 683 3578 δεσμὰ,
705 3508 803 3561 ἀλλ
849 3507 1038 3579 ὥσπερ
1063 3507 1295 3577 ἀθληταὶ
1321 3505 1468 3578 [195]
1504 3508 1763 3573 γενναῖοι,
1804 3505 1974 3569 οὑτως

396 3591 593 3662 ἔστητε
616 3607 629 3621 ·
665 3591 747 3644 ὅτι
774 3590 833 3642 οὑ
871 3589 1030 3659 μόνον
1065 3591 1123 3642 ἐν
1152 3593 1264 3652 τοῖς
1296 3590 1584 3659 ὑμετέροις
1612 3589 1712 3641 οὑκ
1755 3588 1971 3641 ὲδὲεσοε

396 3673 816 3747 παρακλήσεως,
857 3672 993 3727 ἀλλά
1028 3671 1123 3727 καὶ
1169 3674 1281 3735 τοῖς
1313 3671 1491 3734 ἄλλοις
1517 3670 1769 3740 ἐγένεσθε
1801 3672 1976 3740 παρά-

396 3758 610 3828 κλησις.
635 3756 746 3810 Καὶ
772 3754 888 3823 τὴν
915 3754 1196 3824 ἁρπαγὴν
1228 3752 1347 3809 τῶν
1375 3754 1770 3827 ὑπαρχόντων
1808 3752 1976 3821 ὑμῶν

391 3842 543 3912 μετὰ
585 3838 773 3909 χαρᾶς
826 3837 1299 3907 προσεδέξασθε.
1332 3837 1527 3899 Βαϐαῖ,
1563 3833 1721 3905 ’πόση
1774 3836 1977 3906 πληρο-

396 3923 563 3994 φορία
585 3922 820 3985 πίστεως
842 3923 855 3974 ι
883 3917 1015 3975 Εἶτα
1044 3921 1138 3975 καὶ
1158 3918 1258 3990 τὴν
1277 3919 1453 3973 αἰτίαν
1468 3918 1701 3988 τίθησιν,
1728 3918 1788 3970 οὑ
1814 3919 1974 3988 μόνον

396 4007 536 4078 πρὸς
564 4005 691 4067 τοὺς
710 4005 906 4065 ἄθλους
934 4004 1132 4065 αὑτοὺς
1165 4002 1521 4072 παρακαλῶν,
1554 4001 1690 4054 ἀλλά
1721 4003 1815 4054 καὶ
1838 4001 1974 4072 πρὸς

396 4089 461 4143 τὸ
503 4087 578 4157 μὴ
619 4087 1041 4155 διασαλευθῆναι
1085 4088 1185 4155 τῆς
1240 4086 1494 4148 πίστεως.
1548 4085 1653 4138 Tbv
1708 4086 1974 4156 ὑμέτερον

399 4170 655 4229 πλοῦτον,
709 4170 896 4237 φησὶν,
932 4167 1312 4237 ἁρπαζόμενον
1357 4168 1614 4236 ὁρῶντες,
1664 4167 1970 4238 ἠνέγκατε·

397 4253 502 4323 ἤδη
550 4250 660 4319 γὰρ
690 4251 780 4302 τὸν
801 4252 860 4302 ού
895 4251 1220 4320 φαινόμενον
1248 4249 1323 4313 ὼς
1348 4249 1675 4320 φαινόμενον
1722 4249 1931 4321 ἑωρᾶτε
1954 4266 1970 4282 ·

399 4336 539 4403 ὅπερ
588 4332 914 4400 εἰλικρινοῦς
964 4331 1201 4396 πίστεως
1253 4328 1362 4403 ἦν·
1409 4334 1503 4387 καὶ
1549 4332 1618 4386 δι’
1653 4333 1833 4387 αὑτῶν
1865 4334 1973 4387 τῶν

399 4418 579 4490 ἔργων
617 4414 786 4483 αὐτὴν
824 4414 1193 4479 ἐπεδείξασθε.
1246 4416 1319 4470 Τὸ
1365 4417 1462 4487 μὲν
1488 4414 1583 4471 οὖν
1631 4418 1970 4489 ἀπαργῆναι,

401 4505 534 4562 ἴσως
559 4498 659 4568 τῆς
693 4497 813 4567 βίας
864 4492 932 4567 ῆν
980 4497 1085 4550 τῶν
1131 4499 1508 4568 ἁρπαζόντων,
1553 4502 1647 4554 καὶ
1701 4501 1876 4565 οὐδεὶς
1908 4502 1974 4555 ἂν

399 4585 634 4655 ἠδύνατο
654 4580 899 4635 κωλῦσαι
918 4597 933 4611 ·
958 4580 1097 4633 ὥστε
1133 4581 1343 4636 οὐδέπω
1369 4583 1525 4638 τοῦτο
1551 4585 1730 4653 δῆλον,
1774 4585 1857 4638 ὅτι
1887 4584 1975 4638 διὰ

399 4669 499 4739 τὴν
538 4667 719 4720 πίστιν
739 4664 835 4736 τὴν
866 4665 1122 4733 ἁρπαγὴν
1153 4663 1508 4737 ὑπεμείνατε.
1548 4667 1740 4721 Καίτοι
1778 4684 1842 4736 γε
1879 4668 1975 4721 καὶ

399 4750 558 4804 τοῦτο
611 4748 767 4819 δῆλον
788 4764 802 4779 ο
848 4748 973 4817 ἐνῆν
1001 4746 1128 4817 γὰρ,
1160 4748 1316 4818 εἴπερ
1356 4749 1664 4813 ἐϐούλεσθε,
1692 4750 1765 4821 μὴ
1798 4752 1977 4820 ἁρπα-

401 4831 567 4904 γῆναι
599 4833 673 4901 μή
704 4830 1098 4893 πιστεύσαντας
1119 4844 1133 4858 ·
1160 4831 1277 4887 ἀλλ’
1306 4832 1333 4885 ὃ
1361 4831 1540 4902 πολλῷ
1561 4832 1754 4886 τούτου
1793 4834 1976 4902 μεῖζόν

400 4916 548 4969 ἐστιν
570 4915 886 4984 ἐποιήσατε,
921 4913 983 4966 τὸ
1003 4914 1096 4967 καὶ
1128 4914 1266 4985 μετά
1291 4917 1467 4986 χαρᾶς
1498 4916 1568 4969 τὰ
1618 4917 1843 4969 τοιαῦτα
1891 4918 1977 4985 φέ-

405 5016 520 5072 ρειν
542 5016 556 5030 ⁸
585 4999 723 5068 ὅπερ
759 4993 828 5068 ἦν
857 4998 980 5050 ὅλον
1011 4997 1387 5060 ἀποστολικδν,
1423 4999 1518 5053 καὶ
1560 4999 1671 5051 τῶν
1709 5000 1976 5068 γενναίων

401 5084 625 5136 ἐκείνων
656 5080 805 5145 ἀξιον
828 5080 1038 5150 ψυχῶν,
1072 5081 1121 5135 οἳ
1146 5082 1533 5152 μαστιχθέντες
1567 5082 1805 5154 ἔχαιρον.
1831 5085 1974 5137 ’Υπ-

399 5166 704 5235 έστρεψαν
713 5164 841 5234 γὰρ,
862 5164 1047 5234 φησὶν,
1065 5166 1182 5219 ἀπὸ
1198 5164 1520 5232 προσώπου
1533 5168 1639 5219 τοῦ
1653 5168 1975 5235 συνεδρίου

400 5252 732 5319 χαίροντες,
764 5248 851 5300 ὅτι
889 5247 1347 5314 κατηξιώθησαν
1380 5248 1531 5316 ὑπὲρ
1557 5250 1660 5303 τοῦ
1686 5251 1977 5318 ὀνόματος

401 5331 587 5386 αὑτοῦ
606 5329 1026 5401 ἀτιμασθῆναι.
1059 5331 1116 5383 Ὀ
1142 5330 1200 5384 δὲ
1230 5332 1367 5401 μετά
1396 5334 1572 5403 χαρᾶς
1615 5333 1826 5403 φέρων,
1871 5333 1977 5385 δεῖ-

403 5432 592 5469 κνυσιν
617 5416 698 5468 ὅτι
731 5414 843 5483 ἔχει
879 5413 1068 5483 μισθόν
1096 5429 1234 5480 τινα,
1268 5414 1363 5466 καὶ
1410 5416 1491 5467 ὅτι
1523 5416 1583 5467 οὑ
1615 5415 1808 5484 ζημία,
1837 5416 1977 5470 ἀλλά

404 5496 665 5568 πρόσοδός
692 5498 806 5549 ἐστι
838 5496 899 5549 τδ
946 5496 1199 5566 πρᾶγμα.
1260 5497 1369 5549 Καὶ
1389 5496 1468 5559 τὸ,
1494 5497 1971 5564 Πρωεδέξιισθε,

402 5583 501 5648 τὴν
526 5578 770 5634 ἑκούσιον
800 5580 978 5632 αὐτῶν
1002 5579 1278 5651 ὑπομονὴν
1292 5579 1460 5651 δηλοῖ.
1489 5582 1613 5645 Πῶς
1646 5577 1738 5635 οὖν
1766 5582 1975 5636 εἵλεσθε

405 5663 500 5718 καὶ
528 5663 886 5729 κατεδέξασθε
908 5680 921 5730 ;
947 5664 1379 5730 Γινώσκοντες,
1434 5664 1618 5734 φησὶν,
1648 5665 1810 5734 ἔχειν
1838 5666 1975 5721 ἐαυ-

1115 324 1170 379 s.
1203 321 1486 380 JOANNIS
1515 317 2003 377 cnm'sosmm
2042 315 2363 374 ARCIIIEP.
2405 318 2951 378 CONSTANTINOP.

3548 317 3571 372 l
3587 315 3654 373 50

2081 433 2206 500 τοῖς
2241 433 2570 501 κρείσσονα
2602 431 2861 501 ὕπαρξιν
2894 433 2965 486 ἐν
2986 429 3266 499 οὐρανοῖς
3304 427 3404 483 καὶ
3436 426 3677 498 μένουο,

2050 532 2214 569 παν.
2240 517 2307 569 Τί
2327 518 2462 580 ἐστι,
2493 516 2857 582 Μένουσαν;
2883 516 3128 586 βεϐαίαν,
3154 515 3254 585 οὑχ
3279 518 3453 575 οὕτως
3486 511 3657 568 ἀπολ-

2076 600 2315 672 λυμένην
2339 601 2529 672 ὥσπερ
2552 601 2779 672 ταύτην.

2140 768 2212 839 β’.
2230 762 2363 824 Εῖτα
2396 768 2693 834 ἐπαινέσας
2722 767 2941 834 αὐτοὺς,
2970 768 3124 838 φησί·
3152 767 3247 833 Μὴ
3283 762 3398 821 οὖν
3429 765 3659 820 ἀποϐά-

2075 855 2223 918 Αητε
2252 851 2370 920 τὴν
2403 854 2749 922 παρρησίαν
2776 850 2966 921 ὑμῶν,
3019 851 3157 917 ἥτις
3194 850 3316 916 ἔχει
3352 851 3657 917 μισθαπο-

2075 933 2295 987 δοσίαν
2316 934 2614 1003 μεγάλην.
2657 935 2722 989 Τί
2748 933 2962 1002 λέγεις;
3012 933 3127 986 Οὐκ
3183 927 3361 995 εἶπεν,
3398 932 3480 984 ὅτι
3523 932 3660 983 Ἀπ-

2074 1017 2302 1070 εὸάλετε
2324 1016 2424 1086 τὴν
2456 1018 2771 1089 παρρησίαν
2798 1019 2974 1089 ὑμῶν.
3004 1018 3097 1069 καὶ
3127 1013 3534 1084 ἀνακτήσασοε,
3569 1013 3661 1066 ἵνα

2079 1099 2152 1167 μὴ
2185 1098 2659 1170 ἀπαγορεύσωσιν·
2683 1100 2821 1160 ἀλλ’,
2852 1101 2934 1153 ὅτι
2968 1101 3162 1169 Ἔχετε
3194 1096 3385 1167 αὐτὴν,
3429 1096 3501 1165 μὴ
3521 1096 3660 1148 ἀπο-

2076 1182 2305 1250 ϐάλητε·
2342 1181 2370 1234 ὃ
2414 1182 2613 1251 μᾶλλον
2645 1183 2843 1244 αὐτοὺς
2901 1182 3274 1252 ἐψυχαγώγει,
3333 1178 3427 1232 καὶ
3483 1177 3661 1230 ἐποίει

2080 1266 2374 1337 ῥωσθῆναι.
2407 1266 2525 1319 Ὀτι
2553 1266 2707 1335 ἔχετε
2739 1265 2929 1336 αὐτὴν,
2958 1267 3112 1336 φησί·
3147 1264 3209 1317 τὸ
3242 1265 3341 1332 μὲν
3363 1263 3473 1332 γὰρ
3525 1262 3661 1313 ἀπο-

2077 1347 2273 1418 ϐληθὲν
2301 1349 2718 1417 ἀνακτήσασθαι
2766 1349 2951 1414 πάλιν,
2992 1348 3239 1416 καμάτου
3267 1346 3438 1397 δεῖται
3476 1343 3659 1397 πλείο-

2075 1450 2188 1499 νος,
2221 1433 2284 1486 τὸ
2311 1432 2368 1486 δὲ
2403 1432 2767 1502 κατεχόμενον
2797 1433 2868 1502 μὴ
2909 1430 3191 1489 ἀπολέσαι,
3226 1430 3325 1500 οὑχ
3353 1427 3515 1481 οὕτω.
3551 1429 3657 1479 Γα-

2074 1517 2269 1580 λάταις
2323 1516 2381 1569 δέ
2422 1516 2485 1568 τὸ
2542 1516 2783 1569 ἐναντίον
2831 1514 3074 1587 γράφεις·
3112 1514 3319 1565 Τεκνία
3357 1528 3500 1576 μου,
3535 1508 3646 1574 οὓς

2075 1600 2265 1653 πάλιν
2289 1598 2501 1660 ὠδίνω,
2525 1593 2783 1667 ἄχριςοῦ
2807 1595 3090 1666 μορφωθῇ
3116 1595 3368 1664 Χριστὸς
3388 1594 3457 1646 ἐν
3488 1592 3655 1661 ὑμῖν·

2075 1683 2434 1746 καλείκότως.
2479 1682 2709 1735 Ἐκεῖνοι
2738 1681 2836 1751 μὲν
2853 1681 2963 1751 γὰρ
2996 1680 3332 1749 ὑπτιώτερον
3365 1676 3654 1736 διέκειντο.

2076 1766 2197 1820 ὃθεν
2226 1766 2409 1829 αὐτοῖς
2437 1765 2545 1819 ἔδει
2588 1764 3035 1834 πληκτικωτέρου
3064 1762 3223 1830 λόγου
3245 1778 3258 1792 ·
3286 1754 3432 1814 οὗτοι
3451 1759 3506 1812 δὲ
3561 1777 3655 1828 μι-

2077 1849 2479 1920 κροψυχότερον
2501 1888 2517 1913 ,
2549 1848 2698 1920 [196]
2729 1846 2852 1901 ὅθεν
2884 1844 3429 1919 θεραπευτικωτέρου
3450 1842 3655 1912 μᾶλλον

2076 1934 2309 1989 ἐδέοντο.
2336 1933 2429 2004 Μὴ
2485 1933 2796 2003 ἀποϐάλητε
2833 1929 2948 1998 οῦν,
2981 1931 3136 2001 φησὶ,
3185 1929 3285 2001 τὴν
3336 1927 3657 1999 παρρησίαν

2080 2018 2255 2089 ὑμῶν.
2279 2017 2443 2070 ’Ὥστε
2475 2017 2533 2070 ἐν
2551 2016 2837 2089 παρρησίᾳ
2861 2012 3002 2087 ἦσαν
3032 2014 3199 2083 πολλῇ
3230 2012 3367 2083 πρὸς
3387 2011 3478 2064 τὸν
3496 2011 3654 2063 Θεόν.

2079 2102 2242 2167 Ἤτις
2273 2102 2423 2171 ἔχει,
2463 2102 2620 2172 φησὶ,
2681 2098 3176 2169 μισθαποδοσίαν
3224 2097 3522 2165 μεγάλην.
3590 2092 3660 2146 Τί

2076 2188 2193 2240 ἐστι
2225 2185 2423 2252 τοῦτο;
2455 2185 2591 2239 Τότε
2618 2185 2759 2238 αὑτά
2793 2182 3101 2254 ληψόμεθα,
3136 2181 3321 2251 φησίν.
3348 2178 3582 2240 Οὐκοῦν,
3606 2178 3657 2230 εί

2077 2269 2222 2323 κατά
2247 2268 2309 2323 τὸ
2361 2268 2554 2340 μέλλον
2593 2269 2900 2327 ἀπόκειται,
2946 2266 3005 2320 οὑ
3061 2265 3141 2318 δεῖ
3188 2262 3423 2317 ἐνταῦθα
3447 2261 3693 2332 ζητεῖν.-

2078 2347 2233 2417 Εἷτα,
2265 2354 2356 2405 ῖνα
2386 2352 2458 2422 μὴ
2489 2369 2572 2415 τις
2607 2352 2756 2422 εἴπῃ,
2801 2350 2933 2404 ’ἰδοὺ
2974 2349 3043 2402 τὰ
3087 2347 3216 2417 παρ’
3267 2345 3426 2416 ἡμῶν
3474 2342 3661 2396 πάντα

2079 2436 2377 2507 ὑπῆρκται,
2400 2434 2489 2486 διὰ
2513 2434 2673 2488 τοῦτο
2713 2424 3013 2503 προέλαϐεν
3034 2424 3235 2493 αὐτοὺς
3261 2430 3356 2482 καὶ
3383 2430 3450 2498 τῇ
3474 2426 3661 2479 αὑτῶν

2081 2517 2369 2587 ὑπολήψει·
2404 2514 2690 2587 μονονουχὶ
2747 2515 2907 2567 τοῦτο
2951 2513 3161 2582 λέγων·
3192 2514 3254 2566 Εἰ
3312 2512 3370 2563 ἐν
3406 2511 3663 2581 οὐρανοῖς

2079 2601 2374 2669 γινώσκετε
2405 2600 2551 2670 ἔχειν
2572 2598 2806 2670 ὓπαρξιν
2837 2598 3156 2670 κρείσσονα,
3215 2596 3383 2666 μηδὲν
3414 2591 3657 2646 ἐνταῦθα

2078 2684 2292 2753 ζητεῖτε
2321 2700 2335 2713 ο
2363 2683 2649 2751 ὑπομονῆς
2685 2683 2794 2752 γὰρ
2826 2681 2978 2751 ἔχετε
3010 2680 3219 2753 χρείαν,
3238 2678 3375 2748 κούχὶ
3409 2674 3659 2748 προσθή-

2078 2786 2180 2838 κης
2201 2767 2432 2835 ἀγῶνος,
2458 2766 2545 2819 ἴνα
2593 2767 2652 2818 ἐν
2677 2768 2790 2829 τοῖς
2835 2764 3022 2827 αὑτοῖς
3057 2763 3299 2834 μείνητε,
3336 2761 3425 2815 ἵνα
3457 2760 3530 2831 μὴ
3568 2760 3660 2830 ῥί-

2076 2849 2215 2918 ψητε
2245 2849 2305 2901 τὸ
2335 2846 2696 2919 ἐγχειρισθέν.
2733 2847 2961 2910 Οὐδενὸς
2995 2847 3125 2915 ὑμῖν
3167 2845 3355 2917 ἐτέρου
3400 2843 3502 2905 δεῖ,
3535 2841 3661 2895 ἀλλ’

2076 2932 2108 3003 ἢ
2138 2930 2280 2985 ὥστε
2305 2931 2519 3002 στῆναι,
2537 2931 2612 2994 ὡς
2645 2931 2933 3000 ἑστήκατε,
2959 2929 3048 2982 ἵνα
3099 2928 3237 2999 πρὸς
3269 2927 3332 2980 τὸ
3357 2926 3511 2990 τέλος
3562 2924 3662 2976 ἐλε-

2077 3017 2280 3083 θόντες,
2310 3014 2615 3086 κομίσησθε
2644 3013 2742 3084 τὴν
2770 3010 3124 3083 ἐπαγγελίαν.
3164 3007 3507 3080 ’Υπομονῆς
3542 3008 3664 3076 γὰρ

2076 3101 2264 3170 ἔχετε,
2315 3098 2471 3169 φησὶ,
2531 3097 2761 3167 χρείαν,
2821 3096 2924 3149 ἵνα
2980 3094 3047 3147 τὸ
3096 3094 3332 3163 θέλημα
3359 3092 3467 3146 τοῦ
3500 3088 3660 3145 Θεοῦ

2076 3183 2465 3248 ποιήσαντες,
2506 3180 2845 3248 κομίσησθε
2893 3178 3008 3247 τὴν
3062 3176 3452 3248 ἐπαγγελίαν.
3511 3173 3661 3244 Ἀρα

2077 3266 2193 3328 ἐνὸς
2225 3266 2356 3334 ὑμῖν
2385 3264 2463 3316 δεῖ
2482 3263 2668 3333 μόνου,
2716 3263 2804 3315 ἵνα
2857 3261 3189 3331 ἀναμείνητε
3236 3258 3334 3330 τὴν
3364 3257 3656 3330 μέλλησιν,

2075 3349 2171 3418 οὑχ
2203 3348 2292 3401 ἴνα
2323 3346 2600 3416 ἀθλήσητε
2642 3346 2826 3398 πάλιν.
2876 3344 3020 3415 Πρὸς
3051 3344 3143 3396 τὸν
3192 3342 3454 3410 στέφανον
3490 3339 3661 3392 αὐτόν

2076 3432 2221 3492 ἐστε,
2279 3428 2430 3499 φησὶ,
2484 3429 2611 3491 τοὺς
2662 3426 2880 3495 ἀγῶνας
2936 3429 3147 3489 πάντας
3185 3426 3476 3495 ἠνέγκατε,
3526 3424 3661 3486 τοὺς

2073 3511 2329 3580 δεσμοὺς,
2362 3510 2462 3572 τὰς
2482 3510 2711 3579 θλίψεις,
2743 3509 2810 3561 τὰ
2848 3509 3165 3578 ὑπάρχοντα
3203 3506 3356 3575 ὑμῶν
3391 3504 3616 3576 ἡρπάγη
3638 3521 3658 3535 ·

2074 3595 2126 3647 τί
2170 3590 2296 3659 οῦν;
2345 3593 2489 3665 Πρὸς
2541 3594 2602 3646 τὸ
2660 3591 3070 3660 στεφανωθῆναι
3111 3590 3381 3660 ἑστήκατε
3426 3587 3657 3642 λοιπόν·

2072 3677 2231 3731 τοῦτο
2285 3677 2446 3745 μόνον
2498 3674 2714 3746 φέρετε,
2750 3674 2851 3743 τὴν
2915 3673 3177 3742 μέλλησιν
3210 3672 3305 3726 τοῦ
3358 3670 3653 3739 στεφάνου.

2075 3761 2139 3811 Ὢ
2156 3760 2385 3829 μέγεθος
2413 3758 2843 3829 παρακλήσεωςι
2874 3757 3060 3821 Οὕτως
3093 3758 3291 3821 αὐτοὺς
3320 3754 3653 3827 παρακαλεῖ,

2074 3840 2235 3906 ὠςᾶν
2265 3860 2348 3904 τις
2370 3842 2514 3895 εἴποι
2550 3841 2687 3913 πρὸς
2725 3840 2964 3911 ἀθλητὴν
3009 3840 3219 3904 πάντας
3251 3834 3654 3904 καταϐαλόντα,

2075 3927 2168 3979 καὶ
2215 3926 2427 3994 μηδένα
2474 3927 2669 3994 ¹έχοντα
2725 3924 3157 3995 ἀνταγωνιστὴν,
3216 3919 3337 3976 εἶτα
3388 3921 3657 3992 μέλλοντα

2076 4006 2494 4076 στεφανοῦσθαι,
2514 4009 2609 4061 καὶ
2629 4006 2689 4060 οὑ
2704 4006 2937 4078 φέροντα
2952 4006 3042 4059 τὸν
3066 4006 3257 4076 χρόνον
3274 4006 3500 4068 ἐκεῖνον,
3527 4002 3657 4056 καθ’

2075 4098 2133 4150 ὃν
2162 4099 2189 4150 ὁ
2213 4098 2555 4168 ἀγωνοθέτης
2585 4095 2830 4166 ἔρχεται,
2860 4096 2954 4150 καὶ
2982 4094 3164 4166 τίθησι
3204 4094 3304 4148 ’τὸν
3348 4093 3615 4161 στέφανον
3636 4108 3654 4123 ·

2076 4183 2283 4244 ἐκεῖνος
2302 4181 2359 4233 δὲ
2391 4182 2784 4251 ἀκαρτερήτως
2802 4180 2962 4250 ἔχων,
2985 4179 3131 4232 θέλοι
3154 4177 3393 4245 ἐξελθεῖν
3423 4177 3519 4230 καὶ
3553 4194 3661 4245 φυ-

2075 4268 2216 4333 γεῖν,
2249 4263 2325 4326 ὡς
2353 4264 2426 4336 μὴ
2464 4264 2647 4333 φέρων
2678 4263 2739 4316 τὺ
2768 4262 2916 4332 δίψος
2950 4262 3159 4316 καὶτὸν
3186 4260 3452 4331 φλογμόν.
3481 4259 3660 4313 Τοῦτο

2075 4348 2254 4403 τοίνυν
2271 4348 2433 4410 αὐτὸς
2448 4346 2842 4417 αἰνιττόμενος,
2858 4346 2912 4398 τί
2926 4363 3111 4415 φησιν;
3131 4344 3260 4398 Ἔτι
3273 4344 3490 4414 μικρὸν
3503 4341 3662 4396 ὅσον

2076 4429 2247 4494 ὅσον,
2278 4432 2311 4484 ό
2332 4429 2654 4499 ἐρχόμενος
2679 4429 2831 4497 ἣξει,
2863 4429 2963 4481 καί
2990 4430 3064 4482 οὐ
3106 4427 3348 4496 χρονιεῖ.
3388 4426 3505 4480 Ἵνα
3544 4424 3662 4496 γὰρ

2082 4514 2159 4585 μὴ
2184 4513 2404 4582 λέγωσι,
2451 4513 2560 4566 Καὶ
2585 4513 2715 4566 πότε
2734 4512 2855 4582 ἥξει
2880 4528 2894 4575 ;
2927 4511 3035 4567 ἀπὶ)
3058 4512 3166 4565 τῶν
3198 4509 3433 4582 Γραφῶν
3454 4508 3662 4572 αὐτοὺς

2078 4597 2391 4669 παρακαλεῖ
2418 4614 2431 4627 ·
2458 4597 2553 4649 καὶ
2572 4596 2683 4667 γὰρ
2719 4596 2801 4659 τὸ,
2834 4595 2965 4649 Νῦν
3005 4595 3328 4663 ἐγγύτερον
3383 4590 3557 4661 ’ἡμῶν
3613 4592 3659 4661 ἠ

2078 4681 2362 4746 σωτηρία,
2397 4679 2522 4732 ὅταν
2549 4679 2684 4749 λέγῃ
2708 4677 2964 4747 ἀλλαχοῦ,
2993 4677 3403 4747 παραμυθεῖται
3428 4674 3656 4739 αὐτοὺς,

2079 4762 2154 4826 ὡς
2213 4761 2394 4830 ὀλίγου
2432 4761 2584 4823 ὄντος
2615 4762 2705 4814 τοῦ
2746 4760 3072 4831 λειπομένου
3106 4760 3325 4831 χρόνου.
3351 4759 3462 4812 Καὶ
3492 4757 3657 4810 τοῦτο

2077 4846 2176 4899 οὐκ
2202 4844 2295 4913 ἀφ’
2329 4843 2522 4898 ἐαυτοῦ
2557 4860 2742 4915 φησιν,
2785 4845 2900 4898 ἀλλ’
2929 4844 3037 4897 ἀπὸ
3068 4845 3176 4896 τῶν
3223 4841 3476 4913 Γραφῶν.
3503 4842 3568 4895 Εἰ
3595 4836 3660 4893 δέ

2078 4928 2136 4993 ἐξ
2169 4927 2372 4981 ἐκείνου
2398 4928 2636 4995 ἐλέγετο,
2656 4926 2880 4996 Μικρὸν
2894 4926 3045 4980 ὅσον
3077 4927 3246 4991 ὅσον,
3269 4929 3301 4979 ό
3332 4926 3663 4995 ἐρχόμενος

2078 5010 2233 5077 ἣξει,
2260 5011 2357 5065 καὶ
2379 5013 2450 5065 οὐ
2474 5012 2732 5079 χρονιεῖ·
2762 5010 2917 5079 δῆλον
2938 5011 3020 5063 ὅτι
3045 5008 3140 5062 νῦν
3162 5008 3455 5077 ἐγγύτερός
3485 5009 3659 5062 ἐστιν.

2079 5096 2241 5147 Ὥστε
2269 5094 2442 5148 καὶτὸ
2470 5094 2759 5165 ἀναμένειν
2788 5092 3136 5163 μισθόςὲστιν
3164 5093 3223 5145 οὑ
3252 5092 3467 5161 μικρός.
3507 5091 3570 5144 '0
3597 5089 3667 5141 δὲ

2076 5177 2327 5243 δίκαιος,
2359 5177 2544 5248 φησὶν,
2579 5178 2647 5230 ἐκ
2668 5177 2926 5241 πίστεως
2955 5175 3193 5241 ζήσεται
3214 5190 3228 5204 ·
3255 5172 3353 5228 καί
3381 5173 3490 5226 ἐὰν
3522 5170 3665 5227 ὑπο·

2077 5261 2404 5326 στείληται,
2468 5262 2579 5313 οὐκ
2630 5257 2927 5326 εὐδοκεῖή
2960 5258 3130 5326 ψυχή
3170 5274 3289 5326 μου
3354 5254 3424 5309 ἐν
3475 5254 3660 5319 αὐτῷ.

2077 5344 2306 5412 Μεγάλη
2334 5342 2472 5412 αῦτη
2500 5345 2532 5414 ή
2569 5341 2935 5412 παράκλησις,
2963 5342 3092 5394 ὅταν
3115 5339 3332 5411 δεικνύῃ
3361 5356 3446 5403 τις
3472 5338 3531 5388 τὸ
3553 5341 3661 5389 πᾶν

2077 5424 2533 5496 κατωρθωκότας,
2566 5423 2715 5496 [197]
2736 5424 2830 5478 καὶ
2846 5424 2932 5476 διὰ
2968 5424 3170 5493 μικρᾶς
3201 5422 3480 5496 ρᾳθυμας
3494 5418 3661 5471 ἀπολ-

2078 5507 2274 5570 λύντας
2302 5507 2453 5561 αὑτό.
2496 5506 2691 5576 Ἡμεῖς
2711 5506 2779 5560 δὲ
2801 5508 2912 5560 οὐκ
2950 5499 3136 5574 ἐσμὲν
3170 5501 3525 5568 ὑποςτολῆς
3570 5502 3664 5566 είς

2078 5590 2400 5654 ἀπώλειαν,
2426 5590 2588 5644 ἀλλὰ
2611 5591 2872 5654 πίστεως
2898 5589 2984 5650 εὶς
3010 5589 3405 5655 περιποίησιν
3424 5583 3655 5653 ψυχῆς.

2084 5675 2255 5727 Ἐστι
2298 5672 2364 5725 δὲ
2402 5673 2623 5738 πίστις,
2656 5670 3054 5741 ἐλπιζομένων
3098 5670 3443 5734 ὑπόστασις
3478 5684 3665 5736 σφα,-
