3980 6142
282 395 391 451 H9

269 505 384 545 men
403 493 735 564 sustinuistis,
769 500 864 554 scd
894 500 1116 565 addidit.
1149 503 1417 576 Magnum.
1447 507 1554 563 Nec
1579 508 1714 564 dixit
1744 518 1862 562 ten-

270 584 528 651 tationes,
554 587 651 642 sed
678 599 953 647 certamen
980 635 995 660 ,
1027 594 1170 664 quod
1199 607 1283 651 est
1313 613 1509 654 nomen
1554 601 1782 655 encomii
1810 609 1864 655 et

272 673 489 730 laudum
537 680 917 736 maximarum.
950 684 1149 741 Deinde
1185 688 1344 742 etiam
1381 701 1626 746 recenset
1659 692 1862 761 sigilla-

277 766 748 837 tim,ampliﬁcans
775 776 1094 839 orationem,
1123 786 1178 830 et
1199 779 1399 834 multas
1429 781 1614 834 laudes
1638 780 1860 835 addens.

273 858 601 924 Quomodo?
632 859 700 914 Et
731 863 782 916 in
812 863 973 918 altero
1012 867 1216 934 quidem
1254 870 1543 940 opprobriis
1571 880 1618 924 et
1650 872 1868 924 tribula-

275 950 491 1002 tionibus
520 954 865 1021 spectaculum
892 957 1036 1026 facti.
1063 957 1248 1029 Magna
1281 961 1424 1015 enim
1449 977 1537 1016 res
1565 971 1646 1016 est
1670 977 1866 1032 oppro-

280 1042 474 1104 brium,
495 1051 553 1096 et
578 1042 854 1100 sufﬁciens
875 1049 938 1100 ad
960 1063 1054 1103 cor
1068 1052 1432 1122 pungendum,
1455 1051 1867 1123 pervertenduui

278 1133 542 1200 animum,
575 1147 630 1190 et
656 1137 724 1191 ad
770 1141 964 1194 rationi
1013 1143 1368 1200 oqundeudas
1420 1148 1669 1202 tenebras
1702 1166 1716 1202 :
1745 1148 1867 1204 audi

279 1224 420 1278 enim
463 1227 596 1295 quid
636 1227 780 1283 dicat
810 1232 1066 1300 propheta
1088 1276 1102 1298 ,
1140 1233 1316 1290 Facta:
1341 1225 1459 1291 sunt
1485 1239 1609 1291 mihi
1633 1241 1872 1309 Iacrymat

279 1318 424 1387 panis
449 1317 534 1371 die
558 1335 620 1374 ac
647 1331 813 1386 nocte,
842 1323 962 1376 dum
1007 1325 1194 1380 dicitur
1235 1329 1361 1383 mihi
1398 1332 1642 1400 quotidie,
1677 1332 1774 1386 Ubi
1799 1343 1872 1388 est

279 1408 418 1462 Deus
444 1420 561 1464 tuus
590 1412 608 1482 (
634 1411 780 1467 Ptol.
819 1417 907 1469 41.
959 1418 1056 1487 4)¹ἒ
1081 1427 1135 1474 et
1160 1436 1368 1486 rursus,
1401 1424 1460 1478 Si
1490 1425 1724 1479 inimicus
1749 1427 1874 1480 mihi

279 1502 644 1568 caprobrasset,
673 1507 1025 1560 sustinuissent
1054 1511 1221 1580 utique
1249 1514 1266 1582 (
1293 1511 1436 1567 Psal.
1466 1516 1556 1570 54.
1589 1517 1711 1587 15).
1731 1517 1876 1584 Quo-

283 1593 425 1644 niam
458 1595 601 1646 enim
637 1595 810 1649 inanis
835 1597 1019 1667 gloriae
1046 1615 1229 1656 amore
1257 1604 1460 1659 laborat
1485 1621 1652 1676 genus
1683 1607 1875 1662 huma-

282 1699 431 1744 num,
460 1696 745 1756 propterea
771 1689 931 1744 etiam
963 1693 1030 1746 ab
1063 1693 1164 1749 hoc
1189 1699 1418 1766 capitur.
1452 1698 1562 1754 Nec
1592 1701 1766 1755 solum
1791 1702 1844 1756 di
1863 1733 1878 1746 -

280 1777 378 1840 xit,
407 1779 730 1848 Upprobriis,
751 1783 844 1837 sed
875 1783 925 1838 id
953 1802 1165 1857 quoque
1185 1804 1308 1844 cum
1334 1807 1524 1862 magtta
1550 1795 1875 1861 intentione,

285 1869 648 1937 Spectaculum
685 1875 829 1944 facti.
861 1875 994 1930 Nam
1043 1881 1255 1949 quando
1291 1882 1486 1952 aliquis
1527 1886 1740 1954 quidem
1783 1903 1880 1956 per

293 1976 374 2042 se
413 1964 628 2030 probris
680 1968 990 2034 appetitur,
1023 1980 1106 2023 est
1158 1972 1371 2041 quidem
1423 1975 1704 2030 molestum
1731 2020 1745 2042 ,
1787 1979 1880 2032 sed

286 2054 458 2106 multo
505 2055 706 2124 magis,
736 2058 951 2127 quando
983 2075 1163 2114 coram
1207 2065 1478 2120 omnibus.
1506 2067 1636 2121 Nam
1667 2069 1839 2139 cogita
1867 2112 1881 2136 ,

287 2159 493 2212 qtaeso,
523 2158 782 2216 qttanttun
812 2159 928 2204 erat
954 2152 1174 2219 malum,
1204 2171 1323 2209 cum
1355 2157 1422 2211 ab
1445 2157 1755 2230 humilitate
1779 2161 1880 2216 Ju-

290 2235 440 2290 daica
479 2239 860 2308 deseivissmt,
893 2254 945 2298 et
992 2253 1260 2317 tamquam
1308 2248 1373 2303 ad
1421 2250 1582 2306 vitam
1627 2254 1882 2322 optimam

297 2330 680 2396 transiisseut,
713 2341 768 2387 et
816 2349 904 2390 res
954 2344 1206 2404 paternas
1252 2337 1659 2411 despexissent,
1704 2361 1732 2398 a
1777 2350 1887 2401 suis

293 2421 439 2473 male
468 2422 598 2489 pati,
628 2431 684 2477 et
716 2424 912 2478 nullam
944 2425 1142 2483 habere
1174 2430 1586 2490 defensionem?
1617 2437 1730 2491 Non
1761 2453 1886 2507 pos-

292 2521 437 2573 sum,
463 2510 656 2580 inquit,
679 2512 860 2569 dicere
889 2518 1030 2584 quod
1063 2519 1177 2573 lucc
1202 2523 1416 2590 quidem
1450 2527 1588 2593 passi
1616 2529 1768 2594 estis,
1795 2529 1888 2584 sed

293 2599 584 2666 doluistis;
626 2603 736 2658 imo
764 2620 893 2660 vero
920 2609 1080 2663 etiam
1112 2611 1266 2665 valde
1300 2613 1460 2668 laetati
1492 2619 1642 2672 estis.
1683 2618 1749 2672 Et
1789 2619 1891 2674 hoc

293 2692 621 2760 significavit
640 2736 655 2758 ,
683 2695 868 2752 dicens
887 2740 903 2765 ,
931 2698 996 2753 In
1027 2701 1187 2756 altero
1227 2714 1392 2759 autent
1419 2708 1543 2761 socii
1571 2708 1694 2780 facti
1720 2728 1892 2765 eorunt

297 2783 472 2835 taliter
491 2788 898 2842 conversantium
927 2805 945 2844 :
971 2808 1087 2845 nam
1113 2801 1158 2847 et
1185 2795 1361 2849 vinctis
1385 2801 1636 2868 compassi
1663 2803 1779 2855 estis
1800 2819 1818 2857 .'
1838 2812 1892 2858 et

295 2877 577 2964 apostolos
604 2879 822 2934 adducit
849 2881 901 2964 in
927 2885 1182 2964 medium.
1205 2887 1319 2941 Non
1350 2889 1546 2958 solum,
1573 2893 1762 2964 inquit,
1789 2912 1894 2951 non

291 2965 396 3054 vos
421 2953 602 3017 puduit
631 2965 847 3025 propter
874 2959 1184 3030 familiares,
1210 2965 1302 3021 sed
1330 2953 1555 3027 aliorum
1584 2953 1765 3045 etiam,
1791 2998 1881 3054 qut

294 3043 419 3097 hmc
438 3047 574 3113 passi
601 3058 744 3116 sunt,
761 3051 939 3106 fuistis
966 3056 1116 3110 socii.
1141 3057 1252 3114 lloc
1269 3071 1349 3116 est
1375 3065 1535 3119 etiam
1558 3043 1884 3130 consolantis

293 3136 732 3236 ctpdbortatttis.
771 3141 888 3197 Non
929 3144 1081 3213 dixit,
1114 3147 1286 3206 Fertis
1327 3170 1473 3210 meas
1515 3159 1878 3236 afllictiones,

294 3226 432 3322 mihi
449 3231 580 3283 estis
597 3233 749 3299 socii,
770 3235 862 3288 sed
893 3235 992 3290 hoc
1011 3247 1235 3308 tantum,
1255 3241 1441 3300 Vinctis
1469 3257 1719 3322 compassi
1741 3226 1880 3312 estis:

295 3315 464 3372 Vides
483 3321 626 3390 quod
655 3323 723 3377 de
750 3339 808 3379 se
833 3325 974 3382 dicat
989 3338 1044 3383 et
1069 3331 1135 3386 de
1154 3333 1272 3388 aliis
1294 3338 1482 3392 vinctis
1500 3344 1522 3394 ?
1543 3315 1721 3416 U'sque
1751 3351 1886 3406 adeo

296 3425 407 3462 non
425 3412 744 3469 existimatis
762 3417 970 3472 vincula
993 3437 1112 3477 esse
1129 3428 1360 3497 vmcula,
1385 3433 1476 3487 sed
1500 3412 1766 3509 tamquam
1787 3447 1886 3499 foro

299 3507 382 3554 tes
401 3510 457 3555 et
480 3505 686 3559 strenui
711 3507 928 3563 athleta:
955 3513 1211 3569 stetistis:
1236 3522 1486 3588 quoniam
1510 3505 1811 3588 ttou—soltutt
1834 3537 1887 3591 itt

297 3592 495 3685 vestris
541 3609 647 3649 non
687 3610 824 3667 opus
863 3599 1142 3659 habebatis
1170 3611 1572 3685 consolatione,
1606 3622 1699 3676 sed
1727 3627 1886 3682 etiam

289 3683 436 3738 alios
473 3687 604 3740 estis
642 3691 930 3745 consolati.
973 3692 1040 3747 Et
1070 3700 1302 3766 rapinam
1331 3683 1574 3762 bonorum
1616 3726 1888 3772 vestrorum

289 3788 426 3875 ill-lu.
453 3777 643 3845 gaudio
682 3784 992 3875 suscepistis.
1028 3786 1218 3858 Papa),
1253 3808 1410 3862 quam
1456 3811 1600 3855 certa
1639 3814 1693 3858 et
1736 3808 1890 3875 plena

290 3865 428 3920 fidei
459 3871 773 3937 persuasio!
806 3874 1008 3932 Deinde
1034 3879 1188 3936 affert
1212 3887 1370 3940 etiam
1401 3905 1638 3962 causam,
1665 3865 1768 3954 ttoit
1799 3918 1888 3958 so-

288 3960 407 4012 lum
557 3963 850 4021 adhortans
878 3969 946 4022 ad
973 3976 1264 4030 certamina
1286 4020 1300 4044 ,
1331 3981 1424 4035 sed
1455 3960 1703 4046 etiam—ut
1727 4008 1755 4046 a
1787 3994 1889 4053 fide

295 4063 412 4156 non
448 4050 656 4156 labent.
693 4055 948 4116 \‘identcs
968 4103 982 4126 ,
1014 4064 1218 4135 inquit,
1245 4082 1451 4127 vestras
1477 4076 1688 4135 divitias
1713 4050 1891 4156 diripi,

289 4143 578 4201 tolerastis
602 4165 614 4200 :
639 4161 732 4202 eas
758 4153 899 4205 enim
929 4171 1047 4224 qua:
1074 4161 1309 4216 nondum
1333 4170 1660 4235 apparebant
1689 4143 1893 4235 vidistis

287 4246 574 4306 tamquam
605 4257 726 4310 qua:
755 4259 1078 4314 apparerent
1113 4270 1125 4306 :
1157 4256 1296 4324 quod
1329 4261 1552 4317 sincerre
1579 4279 1695 4323 erat
1723 4271 1841 4328 ﬁdei
1877 4291 1889 4327 :

287 4336 355 4381 et
376 4328 536 4384 factis
569 4333 701 4403 ipsis
729 4351 846 4393 eam
872 4343 1201 4399 ostendistis.
1227 4349 1303 4403 Ac
1331 4367 1517 4422 rapere
1544 4335 1756 4428 quidem
1783 4379 1892 4422 erat

289 4420 534 4478 fortasse
563 4425 834 4484 violentae
861 4447 1048 4488 eorum
1075 4439 1163 4505 qui
1192 4420 1488 4512 rapiebant,
1512 4420 1610 4504 nec
1640 4420 1892 4521 potuisset

286 4514 564 4583 quispiam
616 4519 920 4587 prohibere.
971 4526 1329 4592 Quamobrem
1382 4514 1746 4600 nondum-est
1797 4549 1894 4606 hoc

293 4607 671 4705 r-erSpicuum,
700 4612 840 4680 quod
871 4627 1090 4684 propter
1114 4619 1272 4676 fidem
1305 4629 1444 4694 passi
1471 4634 1602 4688 estis
1629 4639 1910 4705 rapinam-

291 4697 458 4798 Atqui
495 4697 598 4752 hoc
626 4716 841 4772 quoque
869 4716 949 4759 est
977 4713 1315 4779 perspicuum
1349 4736 1361 4770 :
1396 4719 1590 4778 licebat
1637 4697 1780 4784 enim
1807 4775 1821 4798 ,
1852 4736 1896 4788 si

294 4787 614 4844 voluissetis
639 4831 653 4854 ,
685 4807 793 4846 non
827 4797 934 4862 pali
962 4800 1201 4867 rapinam
1231 4846 1245 4870 ,
1277 4807 1319 4859 si
1353 4825 1456 4863 non
1485 4787 1895 4879 credidissetisit

293 4879 396 4979 sed
434 4881 580 4951 quod
621 4893 706 4937 est
745 4885 847 4940 hoc
891 4887 1047 4958 longe
1087 4895 1253 4964 magis
1285 4896 1504 4967 fet-istis,
1537 4921 1729 4979 nempe
1757 4924 1896 4970 utea

294 4969 464 5024 ctiam
503 4971 719 5028 ferrctis
747 4991 868 5030 cum
897 4981 1093 5048 gaudio
1123 4999 1136 5037 :
1168 4988 1307 5054 quod
1339 4991 1554 5059 quidem
1587 4969 1702 5053 erat
1733 4969 1897 5062 tolutn

293 5063 692 5162 appstulicutn,
727 5077 779 5120 et
810 5067 1028 5138 dignum
1060 5077 1267 5144 magnis
1293 5080 1396 5136 illis
1422 5085 1613 5143 animis
1639 5134 1652 5155 ,
1683 5096 1768 5162 qui
1803 5099 1897 5151 fla-

293 5151 480 5255 gella-ti
527 5155 854 5223 gaudebant.
887 5159 1095 5218 Reverti
1120 5179 1236 5222 sunt
1265 5173 1407 5227 enim
1433 5218 1447 5241 ,
1481 5151 1668 5249 inquit,
1698 5151 1732 5238 it
1771 5191 1898 5258 [acie

292 5246 506 5346 concilii
536 5248 815 5346 gaudentes
841 5292 856 5316 ,
884 5257 1020 5322 quod
1051 5258 1192 5329 digni
1220 5264 1320 5316 sint
1347 5266 1505 5323 habiti
1547 5246 1633 5342 qui
1671 5246 1783 5346 pro.
1804 5301 1898 5336 no-

292 5334 438 5441 mine
464 5337 592 5441 Iesu
621 5341 1276 5441 afficerentur-contmnam
1322 5357 1477 5428 (Act.
1524 5334 1576 5420 5'.
1634 5334 1695 5423 4i
1725 5373 1766 5440 ).
1801 5334 1898 5441 Qui

299 5437 489 5521 autem
525 5431 628 5486 fert
655 5449 776 5490 eum
797 5438 1011 5505 gaudio,
1037 5448 1271 5501 ostendit
1293 5466 1351 5505 se
1375 5456 1571 5511 habere
1599 5431 1900 5521 mercedem

299 5518 564 5618 aliquam,
590 5532 644 5577 et
674 5528 816 5594 quod
846 5543 906 5581 ca
937 5545 1042 5584 non
1070 5533 1139 5587 sit
1163 5535 1435 5608 damnum,
1461 5546 1553 5600 sed
1585 5518 1895 5618 proventus.

300 5611 382 5663 Iit
407 5612 556 5678 iliud,
591 5614 930 5687 Suscepistis,
960 5626 1191 5680 ostendit
1224 5611 1786 5697 voluntariattt-eorum
1818 5657 1897 5699 to-

295 5701 608 5806 lerantiam.
639 5706 924 5808 Quomodo
952 5715 1188 5787 elegistis
1215 5733 1267 5778 ct
1297 5732 1609 5800 suscepistis
1633 5736 1654 5787 ?
1691 5736 1891 5808 Cogno-

286 5803 513 5862 κέηται,
543 5796 738 5863 inquit,
771 5816 857 5854 eos
885 5802 1064 5860 [tubere
1089 5809 1141 5862 in
1166 5814 1302 5868 cretis
1327 5796 1587 5877 meliorem
1614 5824 1658 5871 et
1686 5796 1893 5872 numen-

621 5885 893 5950 ΡΑτιιοι..
947 5891 1065 5954 Gtt.
1111 5891 1333 5954 ιχιιι.

1104 397 1167 453 IN
1209 398 1427 455 EPIST.
1471 399 1562 452 Al)
1602 390 1964 451 IIEBRJEOS.
2005 390 2162 446 CAP.
2208 389 2275 449 Χ,
2316 385 2547 444 ιιοδιιι.
2592 382 2732 440 XXI.

3461 382 3564 435 150

1976 517 2071 557 tem
2113 499 2466 556 substantiam.
2510 495 2820 557 Maneutent,
2851 491 2902 547 id
2932 501 3034 554 est,
3065 490 3269 545 ﬁrmant
3295 505 3358 545 ac
3388 490 3557 544 stabi-

1975 599 2104 660 lem,
2133 608 2239 648 non
2267 594 2358 657 ita,
2386 591 2524 645 sicut
2551 588 2686 653 haec,
2717 571 3050 655 pereuntem.

2056 684 2110 741 2.
2159 684 2360 740 Deinde
2399 696 2520 735 cum
2551 695 2645 734 eos
2679 677 2981 740 laudasset,
3026 675 3154 730 dicit
3188 693 3202 729 :
3245 675 3333 732 55.
3382 674 3558 728 Nolite

1972 780 2141 848 itaque
2193 776 2433 828 amittere
2464 771 2823 837 conﬁdentiam
2868 777 3110 835 vestram,
3155 781 3267 835 qua:
3323 781 3558 837 magnam

1975 870 2120 924 habet
2149 865 2621 922 remunerationem.
2653 860 2791 929 Quid
2819 859 2996 914 dicis?
3020 859 3136 914 Non
3163 858 3297 913 dixit
3315 894 3330 920 ,
3359 858 3558 913 Amisi-

1973 961 2070 1016 stis
2095 957 2367 1021 fiduciam,
2400 963 2454 1010 et
2498 967 2682 1007 rursus
2726 949 2985 1021 acquirite
3008 992 3022 1017 ,
3062 965 3131 1004 ne
3159 950 3512 1020 desperarent
3542 971 3556 1014 ;

1974 1054 2066 1109 sed
2092 1095 2106 1121 ,
2136 1051 2386 1113 Habetis,
2415 1063 2483 1102 ne
2504 1045 2757 1099 amittatis
2788 1061 2800 1096 :
2831 1042 2972 1112 qttod
3003 1042 3267 1098 efficiebat
3292 1053 3351 1097 ut
3375 1054 3559 1098 essent
3602 1121 3611 1131 ⁹

1976 1145 2259 1199 firmiores.
2311 1141 2468 1203 Eant,
2515 1136 2725 1206 inquit,
2777 1133 3030 1188 habetis:
3081 1149 3202 1188 nam
3245 1133 3297 1189 id
3341 1135 3557 1204 quidem

1973 1237 2114 1308 quod
2157 1244 2236 1291 est
2281 1232 2533 1287 amissum
2598 1241 2783 1282 rursus
2828 1223 3140 1295 acquirere,
3191 1224 3381 1295 majori
3423 1241 3558 1295 opus

1973 1331 2135 1386 habet
2165 1327 2347 1383 labore
2375 1341 2390 1390 ;
2431 1321 2572 1394 quod
2617 1331 2794 1374 autem
2825 1318 3126 1387 possidetur
3156 1333 3260 1371 tton
3294 1318 3519 1387 perdere
3542 1361 3556 1382 ,
3602 1371 3638 1390 ,ν

1973 1439 2078 1480 non
2128 1422 2220 1476 ita.
2267 1417 2469 1474 Calatis
2515 1423 2690 1468 autem
2741 1411 2869 1466 dicit
2915 1410 3245 1464 contrarium
3295 1408 3555 1476 :Fitt‘oli,
3621 1403 3648 1458 .’

1973 1531 2095 1586 quos
2122 1515 2302 1568 iterum
2331 1509 2585 1580 parturio,
2614 1507 2770 1560 donec
2816 1509 3058 1576 formetur
3088 1503 3139 1555 in
3169 1503 3304 1556 vobis
3331 1501 3559 1557 Christus

1975 1607 2134 1682 (Gal.
2178 1603 2430 1671 4.19);
2478 1610 2532 1656 et
2575 1600 2787 1655 merito.
2838 1597 2970 1651 Nam
3019 1595 3099 1651 illi
3144 1595 3359 1666 quidem
3407 1605 3559 1674 erant

1973 1702 2272 1774 supiniores
2315 1709 2367 1754 et
2393 1696 2756 1767 ignaviores;
2788 1692 2930 1746 unde
2976 1705 3109 1760 opus
3139 1689 3406 1745 habebant
3432 1706 3558 1744 ora-

1974 1793 2119 1848 tione
2147 1806 2265 1862 qua:
2307 1788 2475 1858 magis
2523 1793 2782 1855 pungeret
2813 1801 2826 1836 :
2863 1782 2945 1835 isti
2991 1791 3169 1835 autem
3200 1792 3354 1834 erant
3392 1779 3557 1836 animi

1975 1885 2143 1955 magis
2185 1881 2362 1953 pusilli
2403 1889 2458 1934 ct
2484 1878 2719 1947 ahjecti;
2755 1875 2894 1929 unde
2921 1874 3088 1944 magis
3127 1890 3260 1942 opus
3293 1873 3561 1930 habebant

1975 1976 2221 2032 oratione
2262 1988 2381 2043 qnte
2420 1978 2632 2026 curaret
2669 1984 2731 2023 ac
2761 1975 3051 2022 recrearet.
3082 1965 3255 2020 Nolite
3283 1981 3442 2035 ergo,
3475 1966 3557 2019 in-

1973 2069 2122 2140 quit,
2180 2067 2425 2120 amittere
2475 2061 2853 2118 confidentiam
2909 2068 3164 2115 vestram.
3223 2058 3384 2113 Multa
3431 2074 3560 2129 ergo

1974 2172 2089 2217 erat
2113 2175 2302 2216 corum
2341 2158 2392 2210 itt
2425 2157 2589 2210 Deum
2623 2152 2834 2208 ﬁducia.
2883 2151 3009 2217 Quae
3051 2167 3320 2221 magnam,
3354 2150 3557 2220 inquit,

1975 2253 2119 2306 habet
2157 2248 2627 2304 remunerationem.
2676 2243 2812 2311 Quid
2843 2245 2944 2298 hoc
2985 2252 3066 2298 est
3091 2285 3107 2310 ,
3153 2242 3368 2312 inquit?
3411 2242 3560 2297 Tunc

1975 2345 2062 2398 illa
2109 2343 2464 2412 recipiemus,
2515 2337 2706 2408 inquit.
2757 2336 2898 2405 Ergo
2943 2336 2988 2389 si
3020 2334 3072 2388 in
3119 2333 3298 2388 futuro
3329 2335 3558 2404 reposita

1973 2444 2126 2498 sunt,
2156 2449 2261 2488 non
2287 2441 2501 2500 eportct
2527 2428 2615 2484 ltie
2654 2442 2917 2497 quaerere.
2948 2424 3150 2480 Deinde
3176 2440 3244 2480 ne
3274 2427 3390 2495 quis
3415 2423 3564 2478 dice-

1973 2526 2091 2584 ret,
2138 2515 2278 2573 Ecce
2335 2517 2516 2571 omnia
2561 2517 2716 2571 nobis
2760 2520 2995 2585 praestita
3044 2525 3170 2569 sunt
3211 2531 3224 2568 :
3271 2528 3553 2582 propterea

1973 2621 2066 2660 eos
2093 2609 2482 2677 prwoccupavit
2511 2609 2561 2661 in
2589 2622 2649 2661 ea
2677 2623 2835 2678 quam
2869 2607 2966 2676 ipsi
2992 2605 3259 2660 habebant
3279 2605 3553 2674 Opinione,

1973 2699 2356 2768 propemodum
2397 2701 2580 2755 dicens
2611 2718 2624 2754 :
2655 2701 2698 2754 si
2727 2701 2779 2754 itt
2819 2699 2952 2754 ca-lo
2982 2699 3306 2769 cognoscitis
3338 2713 3432 2751 vos
3461 2695 3556 2751 lia-

1975 2789 2104 2846 bcre
2165 2792 2442 2848 meliorem
2507 2792 2896 2859 substantiam,
2961 2791 3090 2846 nihil
3152 2791 3236 2846 hic
3280 2791 3551 2861 quaerite:

1976 2886 2226 2954 patientia
2270 2886 2413 2940 enim
2456 2886 2608 2940 vobis
2657 2901 2792 2955 epus
2839 2895 2959 2950 est,
3020 2901 3128 2939 tton
3189 2883 3554 2939 additamenta

1973 2978 2315 3043 certaminis,
2369 2989 2428 3032 ut
2470 2978 2522 3032 in
2567 2978 2767 3032 eisdem
2820 2979 3116 3044 maneatis,
3167 2992 3234 3032 ne
3275 2977 3417 3048 quod
3471 2987 3554 3033 est

1976 3069 2125 3123 vobis
2164 3054 2412 3124 traditum
2454 3069 2733 3139 abjieiatis.
2777 3067 2934 3124 Nullo
2963 3070 3069 3123 alio
3109 3068 3261 3123 vobis
3290 3080 3373 3124 est
3397 3084 3569 3146 opus,

1975 3174 2130 3228 quam
2160 3171 2215 3214 ut
2258 3160 2330 3214 ita
2376 3161 2565 3224 stetis,
2612 3169 2667 3214 ut
2711 3159 2972 3222 stetistis,
3027 3168 3084 3213 ιιι
3129 3175 3248 3214 cum
3279 3157 3344 3213 ad
3393 3159 3554 3212 linem

1977 3251 2326 3318 pervcneritis
2351 3292 2365 3315 ,
2407 3250 2679 3319 accipiatis
2709 3250 3141 3320 promissionem.
3175 3250 3267 3304 56.
3304 3249 3558 3304 Patientia

1977 3342 2136 3405 enim,
2184 3340 2386 3413 inquit,
2420 3342 2556 3396 vobis
2591 3341 2876 3396 necessaria
2904 3351 3011 3406 est,
3050 3351 3104 3394 ut
3128 3342 3432 3395 voluntatem
3465 3339 3559 3393 Dei

1977 3435 2253 3501 facientes,
2312 3435 2574 3504 reportetis
2634 3434 3036 3504 promissionem.
3090 3431 3209 3488 Uno
3270 3432 3386 3486 solo
3429 3448 3557 3502 ergo
3631 3418 3633 3420 ﬁ

1980 3527 2131 3580 Vobis
2157 3541 2294 3596 opus
2315 3536 2486 3589 cst,ut
2507 3527 2821 3595 essltcctctis
2849 3524 3158 3580 dilationem
3179 3565 3193 3588 ,
3223 3540 3328 3577 non
3357 3533 3413 3578 ut
3441 3539 3557 3576 rur-

1978 3633 2068 3672 sus
2109 3619 2346 3673 certetis.
2374 3620 2454 3672 Ad
2503 3620 2672 3686 ipsam
2699 3658 2713 3681 ,
2758 3616 2958 3685 inquit,
2998 3615 3108 3685 jam
3147 3614 3366 3669 venistis
3400 3630 3558 3669 coro-

1978 3725 2100 3763 nam
2127 3724 2147 3773 ;
2174 3709 2351 3762 omnia
2379 3709 2574 3762 tulistis
2603 3708 2891 3762 certamina
2913 3747 2928 3773 ,
2957 3707 3189 3774 vincula,
3219 3704 3558 3770 afflictioncs,

1980 3809 2146 3870 raptae
2171 3809 2291 3854 sunt
2326 3808 2517 3853 vestra:
2547 3798 2825 3852 facultates
2859 3815 2872 3850 :
2905 3797 3032 3867 quid
3059 3799 3231 3867 ergo?
3262 3800 3333 3852 De
3363 3810 3560 3852 cancro

1979 3894 2043 3946 ad
2095 3893 2196 3947 hoc
2244 3892 2431 3955 statis,
2483 3899 2538 3943 ιιι
2584 3873 2917 3943 coronemini
2961 3905 2976 3941 :
3021 3887 3125 3942 hoc
3169 3889 3342 3943 solata
3391 3888 3555 3954 ferte,

1979 4001 2193 4041 coronae
2237 3984 2427 4038 futura:
2453 3983 2787 4037 dilationem.
2820 3982 2865 4036 0
2895 3980 3206 4051 magnitudo
3235 3983 3559 4036 consolatio-

1982 4079 2104 4132 nis!
2155 4075 2225 4132 Ut
2261 4076 2305 4130 si
2349 4074 2468 4144 quis
2502 4073 2642 4128 dicat
2680 4073 2894 4126 atltlette
2936 4073 3024 4141 qui
3054 4087 3242 4126 omnes
3272 4072 3562 4142 prostravit

1981 4179 2034 4224 et
2071 4169 2421 4238 expugnavit,
2451 4181 2624 4236 neque
2661 4164 2824 4218 ullum
2858 4163 3020 4220 habet
3044 4161 3409 4218 adversarium
3441 4180 3562 4217 cunt

1981 4279 2086 4332 quo
2107 4262 2379 4326 decertet,
2413 4267 2465 4314 et
2495 4257 2686 4313 deinde
2713 4257 2781 4311 sit
2811 4256 3148 4316 coronandus
3167 4297 3181 4322 ,
3212 4267 3264 4310 ct
3291 4272 3397 4311 non
3429 4255 3582 4338 ferat.

1983 4355 2112 4409 illud
2142 4365 2349 4423 tempus
2375 4367 2480 4422 quo
2509 4353 2652 4405 venit
2680 4350 2998 4418 agonotlteta
3025 4389 3041 4415 ,
3072 4358 3126 4404 et
3153 4350 3378 4419 imponit
3404 4364 3562 4404 coro-

1985 4461 2105 4500 nam
2139 4460 2154 4498 :
2188 4443 2276 4497 ille
2318 4451 2495 4495 autem
2531 4457 2637 4494 nnn
2683 4439 2917 4495 tolerans
2945 4440 3058 4494 vult
3082 4441 3228 4495 exire
3262 4451 3315 4494 et
3345 4439 3560 4509 fugere,

1987 4547 2043 4593 ut
2069 4537 2153 4606 qui
2202 4551 2306 4590 non
2335 4533 2469 4588 ferat
2511 4532 2653 4586 sitim
2681 4541 2734 4587 et
2760 4541 2969 4586 testam.
3001 4531 3117 4601 Ipse
3146 4546 3272 4600 ergo
3302 4531 3405 4585 hoc
3433 4531 3565 4584 sub-

1987 4629 2226 4684 indicatts
2249 4626 2374 4698 quid
2395 4627 2522 4680 dicit
2544 4626 2568 4678 ?
2590 4627 2680 4680 57.
2708 4626 2886 4678 Adhuc
2908 4625 3038 4677 enim
3066 4625 3316 4677 modicum
3337 4623 3568 4691 aliquan-

1987 4722 2274 4790 tulumque,
2323 4719 2407 4788 qui
2455 4728 2690 4772 venturus
2735 4728 2806 4771 est
2851 4718 3044 4782 veniet,
3093 4725 3138 4769 et
3181 4733 3282 4768 non
3321 4716 3562 4769 tardabit.

1986 4814 2118 4869 Nam
2150 4829 2216 4868 ne
2256 4813 2525 4879 dicerent,
2558 4821 2608 4866 ct
2647 4801 2858 4882 quando
2897 4811 3077 4865 veniet
3092 4810 3114 4861 ’ἒ
3143 4825 3236 4864 eos
3266 4810 3571 4864 consolatur

1987 4923 2052 4961 ex
2081 4904 2390 4974 Scripturis.
2429 4902 2640 4958 Etenim
2672 4901 2884 4972 quando
2910 4901 3037 4956 dicit
3063 4901 3226 4965 alibi,
3257 4898 3473 4972 Propior
3500 4911 3571 4953 est

1985 4999 2155 5044 nostra
2179 4990 2334 5044 salus.
2358 4989 2663 5038 consolatur
2688 5002 2804 5046 eos,
2837 4992 3018 5050 utpote
3043 4998 3162 5035 cum
3192 4992 3355 5036 restet
3385 4997 3566 5050 parum

1988 5077 2259 5148 temporis.
2309 5075 2414 5130 Nec
2461 5091 2527 5128 ex
2574 5089 2630 5128 se
2679 5073 2783 5127 hoc
2824 5074 2986 5137 dicit,
3017 5072 3108 5127 sed
3151 5087 3212 5126 ex
3257 5071 3568 5140 Scripturis.

1985 5173 2037 5228 Si
2067 5170 2206 5227 enim
2246 5169 2313 5222 ab
2355 5169 2444 5222 illo
2472 5179 2712 5236 tempore
2757 5166 3066 5231 dicebatur,
3102 5165 3278 5217 Adhuc
3319 5164 3569 5216 modicum

1987 5263 2384 5331 aliquantulum,
2432 5261 2517 5329 qui
2553 5273 2786 5312 venturus
2829 5269 2898 5311 est
2932 5259 3086 5311 veniet
3107 5299 3120 5320 ,
3152 5265 3196 5308 et
3227 5272 3324 5307 non
3354 5256 3571 5306 tardabit

1989 5353 2180 5424 (llam.
2227 5354 2314 5406 15.
2345 5355 2399 5407 ll
2430 5355 2484 5421 ),
2516 5362 2596 5406 est
2639 5351 2978 5420 perspicuum
3011 5347 3149 5417 quod
3178 5363 3316 5400 nunc
3343 5345 3408 5398 sit
3444 5362 3568 5415 pro-
3643 5363 3650 5372 '

1992 5447 2253 5514 pinqnior.
2299 5443 2655 5509 Quamobrem
2694 5452 2747 5494 et
2791 5448 3102 5508 exspectare
3151 5453 3256 5490 non
3299 5452 3459 5506 parva
3492 5445 3574 5489 est

1991 5550 2214 5590 merces.
2237 5535 2326 5588 28.
2348 5535 2523 5586 Justus
2544 5542 2728 5594 autem,
2761 5532 2956 5599 inquit,
2983 5546 3043 5581 ex
3064 5531 3166 5597 [ide
3189 5531 3312 5582 vivet
3333 5547 3350 5584 :
3375 5530 3510 5599 quod
3530 5530 3572 5583 si

1990 5628 2286 5681 subtraxerit
2304 5643 2374 5690 se,
2408 5642 2505 5677 non
2541 5624 2749 5692 placebit
2769 5622 2954 5674 anima:
2975 5635 3111 5672 mete.
3143 5621 3264 5675 Ilaac
3285 5636 3469 5690 magna
3494 5631 3574 5673 est

1989 5719 2314 5782 consolatio,
2347 5732 2465 5770 eum
2498 5715 2740 5768 ostendat
2769 5728 2864 5766 eos
2900 5712 2989 5780 qui
3021 5719 3189 5766 totum
3218 5729 3363 5768 recc
3389 5729 3572 5782 gesse-

1989 5823 2107 5872 runt
2137 5852 2149 5877 ,
2183 5810 2231 5865 id
2277 5811 2445 5879 ipsum
2493 5822 2586 5878 per
2614 5805 2916 5864 socordiam
2959 5803 3226 5860 amittere.
3267 5806 3375 5862 Nos
3409 5816 3574 5859 autem

3186 5888 3261 5949 10
