3980 6142
440 416 536 472 iiii

450 539 549 575 non
580 537 752 574 sumus
783 489 1132 573 subirartionis
1157 520 1253 589 [iiii
1279 521 1330 572 in
1352 522 1705 591 perditionem,
1734 527 1820 578 sed
1843 526 1962 594 ﬁdei
1981 527 2031 598 in

439 614 819 682 ‘acquisitionem
835 615 1035 666 anima.
1051 611 1231 683 (δίψά
1253 613 1299 684 1)
1333 616 1381 669 1.
1403 613 1491 669 Est
1513 627 1675 671 autem
1691 619 1816 687 fides
1835 637 2034 689 speran-

447 706 628 757 tiarnm
652 705 926 758 substantia
946 719 1115 756 rerum
1133 744 1146 768 ,
1171 716 1515 774 argumentum
1538 725 1636 761 non
1660 714 2030 780 apparentium.

444 794 496 846 2.
543 793 610 847 In
658 795 752 846 hac
795 795 929 847 enim
983 795 1322 850 testimonium
1367 801 1664 868 consequuti
1709 811 1826 855 sunt
1869 820 2030 859 senes.

447 889 634 956 l‘apze:
667 887 808 957 quali
849 886 1080 942 dictione
1106 899 1188 944 est
1212 903 1369 955 usus,
1404 890 1589 946 dicens
1611 932 1626 957 ,
1664 891 2033 964 Argumentum

445 996 544 1031 non
570 983 952 1049 apparentium,
977 979 1092 1035 sive
1115 981 1379 1035 convictio
1400 997 1585 1037 eorum
1611 1000 1728 1054 quae
1754 1001 1858 1042 non
1889 988 2033 1044 vide-

447 1069 679 1122 bantur:
711 1078 1084 1140 argumentum
1131 1071 1272 1125 enim
1311 1072 1507 1128 dicitur
1547 1074 1614 1130 de
1655 1076 1720 1131 iis
1748 1093 1867 1148 quas
1909 1089 2035 1137 sunt

446 1159 597 1214 valde
626 1158 954 1216 manifesta‘.
977 1160 1134 1216 Fides
1157 1177 1309 1232 ergo,
1342 1164 1529 1234 inquit,
1559 1176 1642 1221 est
1667 1179 1915 1238 aspectus
1936 1187 2032 1228 eo-

445 1268 563 1306 rum
590 1268 709 1321 qure
738 1268 842 1307 non
870 1263 994 1307 sunt
1017 1253 1314 1320 manifesta,
1333 1264 1386 1310 et
1412 1271 1472 1311 ea
1491 1273 1609 1328 quae
1629 1274 1734 1315 non
1762 1261 2029 1333 videntur,

424 1343 714 1397 deducunt
738 1343 804 1398 ad
835 1344 1082 1398 eumdem
1114 1356 1314 1400 certam
1339 1337 1762 1417 persuasionem,
1781 1352 1846 1408 ad
1871 1370 2031 1424 quam

445 1447 565 1504 quae
587 1435 849 1489 videntur.
869 1435 1053 1505 Neque
1078 1451 1204 1505 ergo
1233 1436 1286 1491 in
1315 1437 1376 1493 iis
1396 1454 1513 1508 qua:
1540 1439 1786 1497 videntur
1815 1443 1940 1499 licet
1969 1446 2032 1500 fi-

445 1528 567 1580 dem
599 1542 704 1580 non
733 1526 947 1593 habere,
975 1536 1136 1597 atque
1166 1545 1367 1594 rursus,
1403 1531 1446 1583 si
1471 1531 1536 1585 de
1564 1531 1628 1586 iis
1653 1550 1771 1603 quae
1799 1552 1903 1590 non
1934 1552 2025 1592 ca-

445 1621 576 1674 dunt
592 1621 690 1675 sub
713 1628 986 1691 aSpectum
1011 1637 1116 1674 non
1137 1623 1368 1690 apertius
1390 1621 1546 1677 fuerit
1567 1628 1794 1695 cuipiam
1807 1642 2031 1696 persua-

426 1726 586 1776 ‘sum,
609 1713 851 1781 quamde
882 1712 945 1765 iis
972 1729 1088 1782 quae
1107 1712 1371 1778 videntur,
1400 1730 1504 1769 non
1536 1725 1709 1783 potest
1734 1733 1853 1775 esse
1873 1721 2025 1778 fides.

443 1801 574 1856 Nam
616 1803 864 1872 quoniam
901 1818 1020 1872 quze
1059 1812 1184 1857 sunt
1223 1805 1280 1858 in
1320 1819 1416 1875 spe
1449 1821 1552 1860 non
1593 1807 1842 1864 videntur
1869 1827 2028 1880 posse

439 1892 776 1957 consistere;
825 1893 956 1947 fides
984 1893 1062 1948 eis
1095 1893 1262 1948 donat
1296 1896 1642 1952 substantiam
1671 1917 1686 1956 :
1737 1901 1818 1954 vel
1851 1903 2026 1970 potius

444 2001 549 2040 non
595 1986 794 2053 donat,
841 1979 934 2042 sed
982 1988 1083 2042 hoc
1124 1989 1295 2058 ipsum
1323 1999 1405 2045 est
1443 2007 1628 2048 eorum
1659 1997 1891 2050 essentia
1923 2014 1936 2053 :
1967 2007 2026 2052 ut

442 2079 671 2146 exempli
717 2093 906 2142 causa,
950 2093 1057 2133 non
1088 2079 1306 2135 advenit
1333 2084 1694 2150 resurrectio,
1738 2102 1908 2158 neque
1946 2095 2030 2143 est

442 2169 494 2221 in
524 2167 815 2222 substantia
838 2211 852 2235 ,
888 2169 938 2223 id
969 2181 1051 2225 est
1082 2185 1187 2225 non
1218 2173 1498 2241 consistit,
1537 2174 1632 2230 sed
1667 2191 1792 2246 spes
1821 2177 1944 2234 facit
1971 2186 2029 2234 ut

425 2267 505 2304 ea
533 2253 784 2307 consistat
814 2256 864 2307 iu
895 2264 1074 2310 nostra
1097 2260 1293 2311 anima.
1323 2258 1437 2314 Hoc
1463 2271 1542 2314 est
1569 2278 1746 2316 rerum
1777 2282 1893 2335 qua:
1909 2281 2031 2337 spe-

444 2353 629 2397 rantur
669 2345 986 2399 subslantia.
1034 2347 1090 2401 Si
1137 2358 1216 2401 est
1257 2363 1384 2418 ergo
1425 2363 1796 2421 argumentum
1839 2371 2029 2412 eorum

445 2429 563 2502 quae
612 2451 715 2489 non
764 2437 1049 2504 videntur,
1093 2438 1220 2514 quid
1251 2455 1313 2494 ea
1341 2441 1500 2497 vultis
1530 2444 1745 2512 videre,
1779 2459 1835 2502 ttt
1860 2464 1891 2502 a
1926 2449 2029 2506 ﬁde

425 2526 700 2581 ‘cxcidutis
720 2536 773 2581 et
795 2542 821 2579 a
842 2527 1047 2597 justitia
1070 2569 1085 2594 ,
1115 2531 1161 2584 si
1188 2531 1400 2600 quidem
1419 2532 1596 2602 justus
1617 2550 1682 2590 ex
1714 2537 1816 2593 fide
1845 2538 2030 2594 vivet?

441 2615 554 2669 ’νος
601 2628 776 2671 autem
824 2623 866 2672 si
906 2634 970 2673 ea
1011 2620 1170 2675 vultis
1214 2622 1432 2689 videre,
1481 2639 1586 2679 non
1630 2628 1759 2682 estis
1800 2631 2031 2700 amplius

446 2707 1018 2779 tideles.»-Laborastis,
1054 2711 1262 2782 inquit,
1294 2714 1613 2772 decertastis
1644 2734 1788 2790 :cgo
1818 2737 2030 2793 quoque

431 2797 546 2850 hoc
564 2798 683 2852 dico
713 2817 725 2852 :
759 2800 850 2854 sed
881 2812 1222 2872 exspectate;
1253 2805 1354 2862 hoc
1383 2808 1523 2862 enim
1552 2819 1634 2864 est
1661 2811 1795 2867 fides
1820 2830 1833 2867 :
1863 2814 2028 2871 nolite

447 2887 752 2942 universum
786 2889 870 2944 hic
897 2907 1162 2959 qumrere.

516 2978 565 3029 5.
598 2978 721 3033 Haec
741 2980 882 3036 dicta
913 2983 1124 3052 quidem
1151 2995 1275 3042 sunt
1301 2988 1366 3044 ad
1392 2990 1681 3062 Hebraeos;
1711 3005 1794 3051 est
1840 3007 2022 3054 autem

441 3073 744 3125 communis
773 3074 1070 3131 admonitio
1101 3079 1260 3134 etiam
1289 3082 1356 3136 ad
1387 3084 1580 3140 multos
1605 3104 1672 3142 ex
1722 3089 1785 3144 iis
1815 3089 1906 3160 q'ui
1937 3091 2025 3148 hic

445 3175 570 3215 sunt
593 3167 1181 3237 congregati.Quonam
1209 3175 1411 3231 modo?
1431 3178 1510 3232 Ad
1532 3194 1624 3234 eos
1655 3182 1744 3251 qui
1771 3193 1897 3238 sunt
1928 3201 2026 3255 pu-

443 3254 547 3308 silli
570 3264 623 3309 et
647 3257 838 3326 abjecti
861 3259 1047 3315 animi.
1081 3262 1212 3318 Nam
1235 3267 1448 3336 quando
1476 3269 1710 3326 viderint
1739 3275 1908 3329 malos
1933 3254 2024 3332 res

445 3360 568 3398 snas
589 3347 724 3401 bene
752 3364 957 3419 gerere,
981 3368 1039 3407 se
1064 3363 1239 3410 autem
1261 3372 1385 3413 suas
1406 3360 1562 3428 male,
1588 3362 1792 3432 dolent,
1817 3367 2026 3423 tristitia

442 3436 750 3493 afficiuntur
766 3450 816 3494 et
832 3456 973 3512 tegre
992 3443 1336 3517 fernnt,quod
1354 3449 1562 3504 illorum
1579 3452 1888 3512 desiderent
1905 3473 2024 3527 sup-

444 3527 659 3594 plicium
684 3540 736 3584 et
765 3531 1041 3600 ultionem,
1065 3545 1117 3591 et
1145 3540 1285 3607 quod
1319 3540 1557 3596 laborum
1587 3558 1802 3600 suorum
1833 3563 2025 3618 exspe-

440 3627 587 3674 ctent
616 3622 940 3678 meroedetu.
975 3626 1155 3681 Adhuc
1181 3631 1313 3683 enim
1339 3632 1591 3687 modicum
1619 3635 2019 3708 aliquantulum,

439 3710 526 3779 qui
543 3721 780 3768 venturus
796 3723 868 3769 est
882 3717 1061 3784 veniet,
1075 3727 1120 3773 et
1142 3737 1241 3775 non
1259 3723 1501 3791 tardabit,
1519 3725 1727 3782 diccbat
1745 3738 1868 3784 tunc
1887 3731 2026 3787 Bau-

436 3803 543 3858 los.
574 3803 639 3860 Et
665 3821 763 3861 nos
784 3820 912 3879 ergo
938 3809 1054 3866 lucc
1076 3811 1319 3869 dicamus
1349 3816 1556 3887 ignavis
1581 3829 1635 3873 et
1662 3822 1980 3878 socordibus
2006 3843 2019 3879 ι

440 3893 670 3951 Omnino
699 3903 799 3954 erit
816 3899 1041 3970 punitio,
1061 3906 1280 3962 omnino
1297 3891 1475 3964 veniet
1491 3909 1626 3980 ;jam
1648 3922 1730 3968 est
1750 3915 1802 3967 in
1827 3914 2027 3972 foribus

437 3993 781 4045 resurrectio.
837 3991 1136 4060 Undenam,
1168 4000 1360 4070 inquit,
1383 4006 1644 4069 constat?
1668 4007 1786 4062 Non
1814 4010 1935 4066 dico
1961 4028 2026 4068 ex

439 4081 750 4149 prephetis:
777 4099 880 4138 non
905 4089 1044 4141 enim
1076 4091 1141 4143 ad
1166 4091 1501 4151 Christianos
1528 4097 1702 4152 solum
1726 4115 1868 4157 nunc
1887 4118 1916 4157 a
1939 4120 2026 4159 me

438 4171 601 4225 verba
621 4172 792 4240 ﬁunt;
815 4171 912 4229 sed
935 4177 1142 4234 etiamsi
1167 4180 1237 4235 sit
1262 4180 1502 4252 Gnaeus,
1527 4187 1740 4244 confido
1769 4192 1943 4261 plane,
1970 4203 2024 4248 et

436 4274 616 4320 certas
638 4268 979 4335 probationes
996 4265 1183 4338 affero,
1199 4282 1388 4331 eteum
1409 4275 1646 4334 docebo:
1668 4285 2022 4353 etqnomodo,

439 4356 585 4411 audi.
609 4355 770 4414 Multa
803 4362 1048 4432 prmdixit
1073 4364 1340 4423 Christus.
1373 4368 1428 4424 Si
1459 4371 1548 4426 illa
1571 4388 1679 4428 non
1702 4389 2022 4446 evenerunt,

441 4462 542 4502 nec
570 4448 684 4506 lure
703 4451 1029 4510 credideris:
1050 4458 1132 4510 sin
1156 4467 1333 4514 autem
1357 4463 1534 4517 omnia
1559 4478 1876 4534 evenerunt,
1897 4471 2023 4540 quid

437 4539 650 4598 dubitas
679 4539 746 4600 de
774 4545 1037 4617 reliquis?
1063 4551 1220 4622 Atqui
1251 4553 1430 4609 minus
1459 4567 1604 4613 esset
1637 4539 1937 4630 probabile,
1978 4565 2022 4620 si

429 4633 568 4688 nihil
616 4640 900 4704 evenisset,
937 4641 1041 4697 illis
1067 4643 1288 4702 credere
1313 4688 1327 4714 ,
1356 4664 1513 4717 quam
1537 4667 1658 4711 cum
1689 4657 1867 4711 omnia
1895 4673 2022 4714 eve-

437 4737 649 4790 nerunt,
665 4727 749 4781 his
765 4745 866 4782 non
886 4727 1124 4789 credere.
1143 4735 1306 4808 Magis
1325 4749 1500 4796 autem
1513 4745 1759 4814 exemplo
1775 4761 1890 4802 rem
1910 4749 2021 4803 red-

421 4817 556 4872 dam
578 4819 934 4876 manifestam.
952 4821 1090 4880 Dixit
1105 4827 1351 4886 Christus
1372 4830 1606 4888 futurum
1625 4843 1682 4889 ut
1697 4849 2018 4906 caperentur

432 4908 799 4982 Jerosolyma,
835 4915 923 4968 tali
952 4919 1293 4988 Captivitate,
1323 4931 1381 4976 ut
1410 4925 1551 4979 nulla
1579 4941 1829 4997 umquam
1857 4929 2016 4986 fuerit

432 5001 728 5067 ejusmodi,
762 5012 817 5058 et
846 5021 906 5060 ea
943 5023 1045 5062 non
1087 5012 1315 5079 amplius
1341 5024 1525 5070 essent
1549 5018 1829 5074 excitanda
1857 5020 2012 5094 (Luc.

440 5093 524 5147 t9.
557 5094 650 5165 44)
676 5114 688 5148 :
713 5105 766 5150 et
791 5097 856 5151 ad
899 5097 1147 5154 effectum
1175 5101 1402 5159 deducta
1432 5116 1516 5161 est
1545 5110 1843 5178 prmdietio.
1870 5093 2013 5170 Dixit

435 5201 679 5255 magnam
709 5189 935 5242 futuram
966 5191 1314 5248 afflictionem
1342 5215 1356 5251 :
1385 5207 1439 5250 et
1465 5199 1664 5252 evenit.
1692 5200 1838 5256 Dixit
1874 5213 2008 5258 tam-

434 5293 590 5341 quam
623 5281 791 5347 siuapi
825 5284 1142 5338 scminatum
1169 5287 1554 5343 extendendam
1599 5306 1720 5348 esse
1748 5295 2004 5362 praedica-

424 5367 630 5422 tionem
678 5369 869 5442 (Marc.
901 5369 1428 5435 I5.?;Matt/t.‘24.2~l
1469 5378 1629 5444 ;Lttc.
1668 5385 1755 5440 15.
1790 5386 1878 5455 19)
1910 5405 1922 5440 :
1952 5397 2005 5443 et

427 5476 547 5514 eam
568 5461 806 5516 videmus
844 5463 1079 5532 quotidie
1111 5474 1276 5519 totum
1304 5471 1485 5523 orbem
1516 5483 1669 5529 teme
1689 5479 1997 5546 pervadere.

429 5551 569 5607 Dixit
597 5553 828 5610 futurum
851 5563 906 5610 ut
928 5556 1015 5626 qui
1046 5567 1268 5625 patrem,
1289 5572 1380 5616 aut
1405 5573 1650 5634 matrem,
1674 5580 1763 5625 aut
1785 5570 1996 5638 fratres,

491 5708 506 5736 ⁸
534 5706 586 5754 In
620 5706 775 5779 Editis
799 5707 976 5781 legitur
994 5711 1637 5786 obsCttra.nioeoInaniﬁ’sta.
1665 5718 1762 5786 S_ed
1783 5726 2005 5786 quoniam

415 5777 472 5843 an
498 5771 700 5843 vetustis
718 5777 768 5817 et
793 5773 1074 5843 posterioris
1101 5776 1191 5843 aevi
1207 5774 1465 5828 Codieihus
1487 5771 1664 5829 lectum
1689 5771 1833 5833 fuerit
1857 5785 2006 5835 numi-

425 5834 562 5891 ιραιι,
589 5834 658 5878 sic
680 5834 1013 5881 incunctanter
1035 5837 1298 5895 posuimus.

1247 402 1300 456 S.
1343 402 1616 459 J().\N\"iS
1642 396 2114 461 CHRYSOSTOMI
2151 397 2461 460 ARCHIEP.
2505 397 3033 463 CONSTANTINOP.

3595 396 3689 452 13'}.

2136 537 2224 581 aut
2274 541 2488 580 sorores
2533 525 2886 594 reliquerint,
2931 533 3108 592 patres
3159 532 3213 578 et
3252 535 3450 579 matres
3478 522 3704 579 habeant

2137 617 2347 684 (.llatt/t.
2379 617 2464 671 19.
2495 616 2584 687 29)
2615 632 2628 669 :
2660 625 2714 670 et
2771 614 2871 667 hoc
2921 615 3162 668 videmus
3208 630 3266 668 re
3320 616 3432 684 ipsa
3476 615 3702 684 impleri.

2137 707 2272 759 Dixit
2293 748 2306 770 ,
2344 706 2407 760 In
2437 703 2625 760 mundo
2654 707 2969 776 aﬂiictionem
3001 706 3282 770 habebitis;
3327 707 3416 760 sed
3441 706 3699 774 conﬁdite,

2132 813 2222 867 ego
2249 798 2340 850 viri
2373 797 2619 850 mundum
2647 795 2826 869 (Joan.
2851 797 2936 851 16.
2961 795 3051 866 '55)
3078 813 3090 861 ;
3122 797 3222 850 hoc
3251 804 3333 850 est
3357 837 3372 860 ,
3413 795 3583 851 Nemo
3611 811 3704 852 vos

2132 891 2405 959 superabit
2431 908 2444 944 :
2477 901 2530 945 et
2553 889 2653 948 hoc
2676 889 2918 945 videmus
2947 889 3122 958 reipsa
3145 890 3407 944 evenisse.
3432 888 3573 942 Dixit
3595 888 3706 942 fore

2125 991 2190 1038 ut
2217 977 2502 1036 inferormn
2526 990 2694 1050 porte
2718 980 2976 1033 adversus
2994 979 3284 1033 Ecclesium
3309 995 3413 1033 non
3436 981 3544 1033 sint
3564 995 3704 1048 pra:-

2130 1075 2371 1128 valiturze
2423 1073 2636 1143 (Matth.
2669 1071 2912 1137 16.18),
2953 1071 3195 1140 quamvis
3240 1073 3702 1140 persequutionetn

2128 1166 2377 1235 patiatur,
2407 1173 2460 1217 et
2483 1163 2751 1234 neminem
2781 1162 3169 1216 exstincturum
3201 1175 3320 1214 esse
3371 1162 3706 1230 pranlicatio-

2128 1272 2248 1310 nem
2281 1273 2295 1307 :
2324 1265 2378 1309 ct
2419 1255 2542 1308 huic
2587 1253 2921 1323 prredictioni
2961 1253 3324 1307 testimonium
3371 1253 3474 1308 fert
3526 1270 3703 1308 rerum

2125 1347 2472 1415 experientia.
2507 1345 2666 1414 Atqui
2717 1354 2839 1398 tunc
2868 1359 2990 1399 cum
3031 1343 3144 1398 lucc
3171 1343 3411 1411 diceret,
3458 1360 3562 1400 nun
3585 1354 3704 1399 erat

2123 1436 2407 1490 admodum
2443 1435 2547 1490 fide
2575 1436 2791 1506 dignus.
2823 1435 3037 1501 Quare?
3061 1435 3320 1502 Quoniam
3350 1437 3525 1490 ontuia
3551 1447 3703 1490 erant

2124 1528 2283 1582 verba
2307 1567 2321 1591 ,
2353 1535 2406 1582 ct
2436 1543 2620 1581 eorum
2651 1543 2769 1597 qum
2809 1525 2951 1580 dicta
2994 1526 3240 1592 fuerunt,
3263 1527 3500 1582 nondum
3533 1530 3700 1581 ullam

2125 1613 2393 1688 prazbebat
2417 1618 2811 1686 proba'iouetn.
2841 1616 3199 1684 Quamobrem
3224 1631 3366 1672 nunc
3381 1627 3506 1672 sunt
3531 1620 3701 1673 mulo

2121 1711 2482 1765 credibiliora.

2194 1804 2343 1871 Quod
2377 1806 2530 1874 linem
2562 1804 2738 1858 mundi
2785 1805 3070 1874 proximum
3088 1803 3356 1864 crediderit
3399 1803 3704 1876 Chrysero-

2121 1913 2253 1949 mus.
2287 1926 2354 1936 ——
2387 1895 2559 1960 Dixit,
2603 1911 2722 1949 cum
2773 1896 3120 1965 prmdicatum
3168 1894 3324 1951 fuerit
3356 1898 3700 1966 Evangelinm

2118 1985 2366 2040 erunibus
2391 1985 2656 2056 gentibus,
2688 1994 2813 2040 tunc
2837 1985 2998 2040 ﬁnem
3025 2000 3146 2041 esse
3190 1995 3470 2040 venturum
3509 1988 3724 2049 (Matth.

2117 2079 2208 2134 21.
2236 2080 2322 2150 Hi)
2360 2097 2372 2133 :
2405 2094 2531 2134 ecce
2573 2079 2638 2133 ad
2670 2079 2827 2133 finem
2865 2082 2974 2148 jam
3007 2079 3366 2149 pervenimus.
3397 2078 3523 2133 Fuit
3551 2081 3699 2134 etaim

2123 2171 2466 2240 przedieatum
2495 2170 2688 2240 majori
2721 2171 2857 2240 parti
2913 2171 3058 2225 orbis
3091 2181 3245 2226 terra:
3277 2189 3291 2226 :
3319 2171 3428 2240 jam
3460 2184 3594 2240 ergo
3620 2173 3703 2226 in-

2117 2269 2222 2316 stat
2243 2260 2384 2315 ﬁnis.
2421 2261 2771 2324 Horreamus,
2803 2277 2835 2314 ο
2865 2257 3064 2316 dilecti.
3089 2261 3223 2328 Quid
3249 2276 3397 2326 vero,
3415 2261 3503 2317 die
3525 2261 3701 2316 mihi?

2107 2350 2182 2405 de
2213 2350 2316 2406 ﬁne
2341 2361 2391 2405 tu
2419 2366 2478 2406 es
2495 2351 2789 2406 sollicitus?
2809 2351 2925 2420 Ipse
2947 2352 3159 2422 quidem
3183 2353 3292 2421 jam
3321 2367 3486 2422 prope
3505 2353 3698 2418 adest;

2125 2425 2540 2494 uniuscujusque
2578 2436 2756 2481 autem
2784 2429 2887 2482 vita
2918 2439 2973 2484 et
3010 2446 3156 2486 mors
3185 2443 3268 2488 est
3298 2436 3657 2506 prnpinquior
3686 2459 3699 2491 :

2117 2513 2243 2568 'Dies
2266 2517 2430 2580 enim,
2463 2517 2655 2586 inquit,
2687 2529 2972 2574 nostrorum
2997 2526 3311 2578 a-nnorumin
3338 2527 3460 2596 ipsis
3489 2540 3706 2596 reputa—

2121 2607 2260 2676 gittta
2281 2609 2400 2661 armi
2420 2612 2498 2672 ,‘st'
2511 2626 2630 2665 vero
2652 2613 2702 2664 in
2723 2615 3080 2683 potentatibus,
3103 2619 3353 2689 octoginta
3370 2621 3509 2675 anni.
3523 2621 3706 2693 Prope

2121 2696 2235 2750 dies
2282 2709 2362 2752 est
2400 2698 2614 2767 iudicii,
2648 2701 2927 2758 timeamus
2955 2705 3188 2763 tandem.
3223 2707 3405 2762 Frater
3433 2727 3534 2764 non
3564 2717 3709 2767 redi-

2123 2791 2230 2850 mit,
2272 2790 2480 2844 rcdimet
2518 2792 2667 2846 homo
2710 2787 2881 2865 (Psal.
2901 2795 2990 2850 89.
3019 2796 3102 2850 10.
3131 2808 3177 2851 et
3221 2799 3312 2854 48.
3337 2801 3433 2870 8)?
3471 2803 3705 2860 Multum

2121 2881 2403 2946 pmnitebit
2429 2897 2524 2936 nos
2565 2883 2714 2949 illic;
2745 2887 2836 2940 sed
2879 2888 2929 2941 in
2961 2900 3132 2945 morte
3157 2893 3333 2949 nullus
3355 2896 3706 2954 conﬁtebitur

2122 2971 2242 3037 ipsi.
2262 2966 2554 3040 Propterea
2585 2975 2730 3041 dicit,
2757 2977 3130 3036 Prtrveniamus
3142 2986 3321 3053 faciem
3348 2989 3458 3057 ejus
3485 2991 3537 3043 in
3571 3009 3707 3046 con-

2120 3062 2333 3132 fessione
2363 3064 2532 3134 (Paul.
2549 3067 2597 3120 6.
2617 3067 2665 3122 6.
2697 3080 2740 3122 et
2760 3070 2850 3125 9i.
2868 3071 2954 3140 2);
2986 3074 3086 3128 hoc
3113 3086 3213 3140 est,
3242 3081 3361 3146 ejus
3383 3082 3703 3140 adventum.

2119 3149 2249 3205 Nam
2280 3153 2364 3209 hic
2393 3156 2606 3225 quidem
2635 3159 2685 3212 id
2707 3161 2847 3229 quod
2879 3162 3161 3219 fecerimus
3185 3208 3201 3232 ,
3235 3169 3342 3223 vim
3365 3169 3547 3237 habet,
3593 3176 3707 3231 illic

2119 3253 2295 3299 autem
2319 3256 2672 3318 nequaquam.
2707 3251 2798 3305 Die
2819 3268 3026 3322 qtueso,
3053 3257 3100 3310 si
3131 3260 3251 3327 quis
3274 3275 3373 3315 nos
3399 3262 3455 3316 in
3476 3265 3706 3322 ardenti

2120 3335 2254 3405 ignis
2299 3337 2512 3394 fornace
2557 3356 2724 3409 parvo
2778 3352 3021 3414 tempore
3057 3354 3327 3419 statuerit,
3363 3370 3467 3410 non
3509 3362 3704 3415 mnia

2119 3427 2498 3483 sustinebimus
2528 3446 2626 3500 pro
2657 3431 2993 3502 liberatione,
3022 3439 3231 3496 etiamsi
3254 3447 3507 3513 pecunias
3524 3463 3707 3522 opma

2120 3525 2227 3569 teat
2257 3516 2579 3585 profundere
2601 3563 2616 3587 ,
2665 3525 2876 3578 etiamsi
2926 3530 3236 3586 servitutem
3265 3535 3450 3592 subire
3469 3539 3494 3591 .?
3521 3516 3711 3605 Quam

2119 3609 2273 3662 multi
2305 3611 2354 3664 in
2403 3627 2591 3681 graves
2622 3618 2840 3671 morbos
2891 3618 3226 3690 inciderunt,
3259 3635 3314 3680 et
3344 3631 3509 3696 parati
3536 3646 3711 3692 erant

2117 3697 2246 3754 dare
2294 3705 2472 3756 omnia
2526 3702 2590 3757 ad
2637 3707 3030 3774 valetudinem,
3075 3715 3118 3766 si
3166 3730 3560 3787 proponeretur
3627 3728 3710 3779 "eis

2118 3792 2306 3861 optio?
2333 3793 2390 3848 Si
2419 3810 2544 3864 ergo
2576 3799 2793 3852 morbus
2815 3799 2963 3854 brevi
2994 3801 3192 3859 durans
3225 3814 3462 3877 tempore
3491 3813 3560 3866 ita
3608 3831 3710 3869 nos

2117 3894 2272 3939 vexat
2297 3894 2351 3940 et
2382 3887 2622 3941 tnolestia
2654 3888 2840 3956 afficit,
2871 3892 2998 3961 quid
3033 3895 3139 3950 illic
3166 3895 3442 3972 faciemus,
3475 3907 3707 3972 quando

2116 3977 2295 4030 nuilus
2323 3977 2420 4031 erit
2453 3993 2578 4032 usus
2606 3975 3153 4068 pten'itentiaz?Qnam
3176 3991 3354 4044 multis
3381 4009 3527 4050 nunc
3557 3999 3704 4068 pleni

2114 4085 2300 4126 sumus
2331 4071 2504 4138 malis,
2530 4082 2584 4126 et
2625 4089 2730 4127 non
2760 4063 3069 4131 sentimus]?
3097 4081 3234 4136 alter
3263 4083 3492 4141 alterum
3538 4086 3701 4145 niur-

2113 4163 2323 4230 d'emus,
2352 4166 2488 4220 alter
2503 4170 2729 4224 alterum
2754 4174 3122 4230 consumimus
3144 4176 3390 4245 iujuriam
3411 4182 3699 4252 facientes,

2113 4268 2448 4322 accusantes,
2473 4258 2883 4327 calumniantes,
2915 4265 3278 4333 proximorum
3302 4272 3530 4341 gloriam
3547 4293 3702 4348 aegre

2115 4346 2364 4403 ferentes.
2395 4347 2462 4404 Et
2506 4353 2625 4407 vide
2658 4369 2768 4408 rem
2818 4371 3032 4425 gravem
3064 4377 3076 4412 :
3121 4377 3246 4415 eum
3277 4365 3507 4421 voluerit
3540 4346 3701 4439 quiis-

2113 4438 2252 4506 piam
2284 4440 2478 4496 ltedere
2506 4447 2732 4512 proximi
2762 4449 3237 4519 existimationem,
3261 4455 3389 4511 dicit
3420 4475 3432 4508 :
3462 4438 3568 4515 Hier
3610 4463 3700 4518 vel

2111 4528 2202 4583 ille
2230 4528 2332 4584 hoc
2354 4531 2487 4586 dixit
2518 4551 2531 4586 :
2561 4533 2719 4602 Deus,
2749 4537 2849 4592 hoc
2871 4540 3000 4594 mihi
3031 4543 3271 4598 condoua
3299 4585 3314 4611 ,
3360 4563 3426 4602 ne
3447 4564 3537 4604 me
3566 4565 3702 4606 eno

2109 4620 2302 4685 mines,
2333 4638 2456 4677 reus
2477 4639 2596 4679 sum
2628 4629 2884 4686 rumoris.
2916 4632 3024 4687 Cur
3050 4650 3178 4705 ergo
3207 4641 3427 4693 omnino
3448 4641 3614 4708 dicis,
3654 4647 3702 4700 si

2114 4726 2220 4764 non
2247 4713 2464 4768 credis?
2493 4731 2590 4771 cur
2615 4715 2754 4776 dicis
2785 4722 2808 4775 ?
2834 4739 2931 4778 cur
2981 4727 3149 4781 multo
3199 4745 3415 4785 rumore
3446 4731 3581 4790 facis
3637 4746 3702 4790 ut

2107 4812 2178 4867 sit
2205 4809 2503 4865 credibile?
2534 4826 2630 4866 cur
2657 4826 2961 4867 sermonem
2991 4813 3304 4868 transmittis
3331 4812 3424 4882 qui
3471 4829 3581 4866 non
3612 4823 3704 4867 est

2107 4902 2304 4957 verus?
2332 4913 2387 4956 tu
2413 4918 2515 4956 non
2531 4902 2724 4970 credis,
2743 4913 2796 4959 et
2821 4905 2985 4958 Deum
3005 4917 3159 4974 rogas
3183 4910 3359 4958 utnon
3379 4904 3657 4958 examinet
3683 4937 3699 4955 .

2106 4992 2224 5049 Noli
2247 5009 2372 5063 ergo
2397 4993 2575 5049 dicere
2596 5037 2611 5061 ,
2643 4994 2733 5049 sed
2758 5003 2890 5060 tace,
2920 5003 2972 5048 et
2999 4994 3064 5048 ab
3094 4995 3236 5048 omni
3260 5002 3410 5048 metu
3432 4994 3700 5049 liberare.

2176 5087 2231 5142 1.
2272 5085 2375 5142 Sed
2406 5088 2584 5142 nescio
2603 5087 2741 5142 unde
2765 5087 2850 5142 hic
2874 5087 3090 5141 morbus
3120 5086 3310 5144 incidit
3337 5087 3388 5141 in
3413 5086 3702 5142 homines:

2106 5193 2291 5234 sumus
2335 5189 2621 5249 nugatores
2647 5221 2661 5243 ,
2714 5181 2764 5233 in
2807 5180 2981 5234 anima
3025 5189 3206 5248 nostra
3241 5179 3370 5234 nihil
3421 5189 3703 5235 remanet.

2106 5271 2244 5327 Audi
2270 5270 2552 5341 quemdam
2578 5271 2873 5339 sapientem
2901 5270 3279 5327 admonentem
3301 5281 3362 5327 ct
3382 5271 3661 5326 dicentem
3687 5289 3703 5325 :

2106 5364 2304 5419 Audisti
2333 5362 2531 5416 verbum
2553 5355 2578 5415 ?
2603 5363 2655 5415 in
2685 5372 2730 5416 te
2760 5364 3006 5416 nioriatttr
3033 5381 3051 5429 ;
3079 5363 3296 5433 conﬁdo,
3327 5380 3428 5418 non
3460 5373 3505 5416 te
3543 5381 3706 5416 runt-

2102 5465 2184 5524 pet
2205 5473 2222 5519 ;
2240 5464 2296 5510 et
2315 5471 2500 5510 rursus
2526 5496 2539 5518 ,
2562 5454 2765 5508 Audiuit
2783 5455 2982 5508 verbum
3002 5457 3275 5521 stnltus,:et
3298 5456 3535 5525 parturiit
3557 5465 3705 5508 tam-

2099 5556 2252 5614 quam
2281 5564 2311 5613 ᾳ
2337 5547 2470 5616 facie
2498 5546 2706 5616 infantis
2724 5562 2781 5600 ea
2801 5562 2913 5616 qua:
2931 5547 3062 5612 parit
3083 5545 3101 5616 (
3126 5545 3283 5600 Eccii.
3311 5546 3396 5602 19.
3429 5545 3515 5600 10.
3556 5545 3578 5599 l
3602 5547 3618 5599 l
3657 5544 3704 5613 ).

2102 5640 2298 5692 Sunuts
2316 5637 2544 5707 prompti
2568 5635 2632 5690 ad
2660 5638 3048 5702 accusationes,
3082 5637 3248 5706 parati
3265 5637 3331 5691 ad
3354 5635 3668 5692 eondemna
3685 5666 3703 5674 -

2105 5733 2296 5786 tiones.
2331 5728 2547 5784 Etiamsi
2580 5728 2783 5797 nullum
2814 5728 2956 5804 aliud
2988 5727 3185 5782 malum
3237 5726 3434 5782 factum
3475 5736 3639 5782 esset
3668 5742 3702 5782 a

2105 5826 2258 5880 nobis
2281 5865 2295 5891 ,
2331 5823 2433 5877 hoc
2477 5821 2606 5877 satis
2636 5831 2780 5879 esset
2810 5821 2875 5877 ad
2923 5835 3022 5878 nos
3049 5820 3352 5888 perdendos
3373 5861 3390 5889 ,
3433 5829 3482 5876 ct
3510 5819 3701 5875 abdu-
