3980 6142
290 296 415 363 ,155
1023 350 1032 357 .

318 390 508 448 cendos
536 388 588 444 in
627 387 928 460 gehennam
958 404 971 439 :
999 384 1100 441 hoc
1146 401 1244 441 nos
1296 388 1531 455 implicat
1570 397 1626 445 ct
1677 388 1898 446 involvnt

320 485 466 539 malis
525 468 1027 536 innumerabilibtns.
1105 477 1173 532 Et
1219 487 1276 531 ut
1331 478 1633 535 accuratius
1680 480 1895 547 discas,

266 568 275 589 ’
319 571 786 642 audiProphetam
832 570 1133 634 dicentem,
1164 568 1358 624 Sedens
1399 575 1639 627 adversus
1684 574 1896 644 fratrem

318 680 449 723 tuum
485 663 772 736 loquebaris
814 660 986 733 (Psal.
1015 661 1099 717 49.
1132 660 1247 732 20).
1278 663 1347 716 At
1373 676 1478 716 non
1501 677 1602 733 ego
1625 702 1640 727 ,
1686 664 1894 735 inquit,

315 762 402 817 sed
443 761 555 816 ille.
587 758 700 813 lmo
740 772 871 814 vero
892 764 957 813 ‘tu
990 774 1003 811 :
1034 756 1078 812 si
1114 767 1168 811 tu
1194 756 1336 813 enim
1367 773 1473 813 non
1500 758 1731 814 dixisses
1754 799 1771 827 ,
1805 759 1897 815 ille

315 870 410 910 non
437 851 735 906 audivisset
764 867 778 904 :
811 847 953 918 quod
980 847 1026 903 si
1054 848 1216 903 etiam
1240 858 1353 903 erat
1381 849 1685 915 auditurus,
1716 850 1812 905 sed
1841 860 1895 906 tu

315 962 411 1002 non
445 945 643 1000 fuisses
664 951 851 998 auctor
878 942 1096 1013 peccati.
1116 940 1250 996 Cum
1275 951 1514 1012 oporteat
1545 943 1773 1011 proximi
1801 943 1895 998 de-

314 1041 430 1095 licta
458 1038 641 1093 velare
667 1044 723 1091 ct
751 1043 934 1105 tegere
960 1073 976 1098 ,
1010 1042 1065 1088 ιιι
1093 1041 1355 1103 praetextu
1391 1032 1673 1102 probitatis
1700 1050 1762 1089 ea
1786 1045 1895 1089 tra-

312 1130 496 1189 ducis?
520 1127 655 1184 ‘Non
701 1142 762 1182 es
795 1132 1076 1181 accusator
1098 1163 1115 1190 ,
1160 1123 1256 1178 sed
1288 1133 1520 1195 nugator
1544 1167 1561 1190 ,
1614 1124 1897 1183 deliruset

319 1223 529 1279 stultus.
561 1219 609 1275 0
631 1217 851 1273 solertia
875 1216 890 1270 !
926 1216 1150 1284 teipsum
1180 1229 1303 1269 cum
1332 1214 1421 1268 illo
1447 1215 1651 1285 pudore
1677 1216 1848 1271 afﬁeis
1872 1258 1888 1284 ,

312 1326 363 1372 et
402 1330 510 1370 non
546 1308 752 1367 sentis?
792 1307 928 1362 Vide
955 1314 1132 1360 autem
1178 1316 1307 1376 quot
1336 1306 1472 1360 mala
1513 1304 1638 1361 hinc
1664 1322 1892 1362 nascan-

314 1420 396 1463 tur
427 1424 442 1462 ε
473 1405 639 1460 Deum
670 1399 872 1464 irritas,
902 1397 1209 1467 proximum
1234 1398 1418 1452 dolore
1442 1398 1634 1465 aflicis,
1684 1409 1735 1455 te
1760 1414 1891 1471 sup-

315 1499 466 1571 plicio
491 1495 784 1552 obnoxium
814 1489 1014 1546 reddis.
1041 1488 1156 1544 Non
1184 1489 1339 1545 audis
1370 1490 1594 1546 Paulum
1619 1491 1889 1549 dicentem

311 1593 377 1647 de
419 1589 594 1645 viduis
631 1585 948 1642 mulieribus
996 1599 1011 1636 :
1066 1582 1185 1638 Non
1238 1582 1405 1637 solum
1444 1594 1616 1639 autent
1668 1587 1888 1653 otiosae,

312 1683 512 1754 inquit,
564 1680 803 1741 discunt,
851 1675 940 1731 sed
968 1684 1014 1730 et
1054 1675 1339 1746 nugatrices
1379 1685 1429 1730 et
1470 1676 1689 1732 curiosis
1715 1720 1731 1747 ,
1780 1679 1886 1734 cir-

317 1780 605 1827 cumeuntes
631 1768 828 1832 domos,
853 1775 900 1819 et
942 1766 1195 1836 loquentes
1218 1780 1330 1836 qua:
1356 1781 1455 1820 non
1483 1766 1622 1821 decet
1647 1768 1724 1838 (1.
1756 1767 1887 1823 Tim.

317 1857 369 1912 5.
398 1856 467 1912 15
489 1858 532 1926 ).
574 1855 934 1926 Quamobrem
964 1857 1125 1915 etiam
1152 1900 1167 1926 ,
1209 1859 1425 1930 quando
1455 1860 1751 1916 credideris
1778 1876 1897 1932 qua:

315 1945 566 2003 dicuntur
592 1948 854 2004 adversus
902 1949 1120 2007 fratrem
1150 1991 1165 2017 ,
1205 1967 1273 2008 ne
1302 1953 1383 2008 sic
1426 1950 1642 2023 quidem
1688 1963 1905 2029 oportet

315 2040 532 2107 dicere,
588 2042 789 2098 nedum
836 2043 884 2099 si
928 2058 1035 2099 non
1068 2044 1280 2100 credas.
1321 2047 1391 2100 At
1439 2045 1583 2116 quod
1635 2055 1783 2102 tuum
1813 2056 1899 2103 est

314 2145 524 2203 semper
550 2143 799 2203 spectas,
832 2134 1028 2191 timens
1050 2151 1119 2191 ne
1147 2142 1203 2192 te
1231 2136 1372 2192 Dens
1402 2137 1715 2193 examinet?
1746 2138 1901 2194 Time

314 2237 440 2293 ergo
485 2240 558 2281 ne
593 2226 666 2281 de
712 2228 820 2282 tuis
870 2228 1024 2299 nugis
1073 2228 1419 2285 examineris.
1465 2230 1561 2285 llic
1606 2232 1748 2286 enim
1791 2248 1900 2290 non

318 2322 465 2382 potes
512 2315 736 2385 dicere,
786 2317 862 2373 Ne
907 2334 993 2375 me
1043 2320 1185 2376 Deus
1233 2321 1501 2376 examinet
1548 2338 1644 2391 pro
1691 2327 1891 2394 nugis:

316 2405 467 2474 plane
481 2407 628 2462 enim
660 2424 747 2463 res
775 2408 887 2479 ipsa
914 2420 992 2467 est
1014 2426 1187 2482 nugm.
1210 2411 1318 2468 Cur
1341 2427 1433 2468 eas
1456 2414 1733 2470 traduxisti
1758 2416 1781 2469 ‘t
1805 2433 1901 2472 cur

317 2499 512 2553 malum
556 2499 941 2570 ampliﬁcasti‘l
986 2502 1089 2558 hoc
1130 2513 1433 2573 nospotest
1471 2505 1724 2575 perdere.
1758 2508 1892 2562 Pru-

315 2603 495 2660 pterea
548 2591 765 2647 dicebat
822 2592 1064 2648 Christus
1095 2635 1112 2662 ,
1162 2594 1336 2651 Nolite
1374 2598 1646 2667 judicare,
1695 2608 1751 2653 ut
1799 2617 1901 2655 non

306 2682 630 2752 judicemim'.
673 2684 778 2740 Sed
837 2700 864 2737 a
897 2685 1050 2740 nobis
1096 2686 1238 2741 nulla
1275 2686 1391 2759 ejus
1428 2688 1656 2745 habetur
1723 2693 1897 2759 ratio,

312 2788 414 2829 nec
457 2790 580 2844 qua:
624 2774 900 2831 Pltarismo
929 2777 1275 2843 acciderunt,
1326 2795 1424 2833 nos
1467 2781 1747 2852 castigant,
1799 2798 1902 2837 nec

312 2866 589 2924 modestos
643 2868 880 2925 reddunt
924 2885 987 2925 ac
1041 2871 1371 2928 moderatos.
1418 2872 1513 2930 ille
1555 2891 1668 2930 rem
1718 2891 1899 2930 veram

312 2958 560 3029 dicebat,
606 2959 729 3016 Non
760 2977 872 3017 sum
915 2963 1042 3016 sicut
1083 2963 1177 3018 iste
1228 2963 1548 3034 publicanus,
1594 2974 1665 3021 et
1690 2966 1902 3023 diccbat

315 3054 461 3110 nullo
508 3054 800 3120 audiente,
870 3063 925 3111 et
976 3055 1072 3111 fuit
1121 3058 1524 3127 condemnatus.
1578 3058 1632 3115 Si
1671 3062 1761 3131 qui
1804 3076 1901 3116 ve-

316 3160 430 3198 rum
474 3145 640 3211 dixit,
702 3147 798 3202 fuit
835 3146 1252 3211 cendemnatus,
1302 3158 1357 3203 ct
1404 3149 1542 3206 dixit
1584 3150 1731 3205 nullo
1795 3168 1892 3207 au-

1774 3240 1919 3252 -ος-

1164 275 1228 331 lN
1269 274 1478 333 EPIST.
1520 275 1615 331 AD
1650 275 2010 333 llEBRAiOS.
2050 276 2203 333 CAP.
2245 278 2334 334 XI.
2375 278 2602 336 llOMlL.
2645 280 2808 339 XXII.

3444 261 3587 353 7154

1975 394 2178 451 diente
2223 412 2239 450 :
2280 395 2370 465 qui
2414 393 2546 451 falsa
2586 394 2739 451 etde
2764 393 2957 466 quibus
2997 408 3101 450 non
3151 404 3278 451 sunt
3317 398 3489 465 certi,
3523 403 3577 455 in

1994 500 2181 541 omnes
2210 494 2387 555 partes
2418 487 2826 555 transmittunt,
2858 487 3001 542 sicut
3032 489 3343 557 nugatriccs
3372 502 3423 544 et
3454 505 3579 544 ver-

1980 576 2141 632 bosa!
2166 577 2418 633 mulieres
2443 619 2459 644 ,
2501 577 2633 648 quid
2662 593 2769 633 non
2799 578 2924 632 mali
2958 580 3274 649 patientur?
3318 580 3445 651 quid
3474 596 3581 637 non

1994 668 2336 723 sustinebunt
2360 669 2385 721 τ
2411 667 2504 723 Ori
2529 678 2718 724 nostro
2742 669 2999 741 deinceps
3025 671 3221 727 ostium
3246 672 3583 742 imponamus

1995 768 2049 816 et
2079 769 2328 815 vectem:
2359 774 2422 814 ex
2456 760 2624 832 nugis
2654 762 2800 815 enim
2832 771 3130 818 nascuntur
3155 763 3293 818 mala
3331 764 3583 821 innume-

1996 849 2183 905 rabilia
2218 866 2233 904 :
2262 858 2579 905 evertuntur
2605 852 2799 905 domus
2820 891 2836 917 ,
2868 851 3276 923 disrumpuntur
3295 856 3541 911 amicitia:
3562 898 3579 925 ,

1988 951 2052 998 et
2079 942 2360 996 innumera
2392 941 2496 996 alia
2530 941 2672 996 mala
2701 941 2968 999 oriuntur.
3016 944 3092 999 De
3132 946 3292 1002 rebus
3319 948 3579 1016 proximi,

1995 1051 2029 1091 ο
2060 1036 2240 1098 Ιιυηιο,
2272 1049 2341 1090 ne
2375 1036 2452 1088 sis
2482 1033 2749 1089 curiosus.
2784 1035 2853 1088 At
2878 1048 2938 1090 es
2973 1035 3191 1106 loquax,
3223 1048 3277 1093 et
3307 1038 3408 1094 hoc
3435 1039 3584 1095 labu-

1995 1144 2082 1185 ras
2109 1127 2281 1183 vitio?
2326 1136 2414 1180 tua
2454 1125 2523 1181 ad
2563 1126 2730 1181 Deum
2771 1124 2994 1198 loquere
3025 1144 3040 1182 :
3071 1128 3149 1184 sic
3177 1145 3284 1184 non
3327 1132 3429 1187 erit
3465 1147 3583 1185 am-

1994 1222 2136 1293 plius
2165 1221 2352 1275 vitium
2383 1233 2482 1274 nec
2509 1218 2925 1288 detrimentum,
2953 1219 3048 1275 scd
3080 1220 3449 1278 commodum.
3484 1224 3581 1280 Dic

1994 1324 2081 1368 tua
2105 1312 2312 1376 amicis,
2340 1319 2396 1366 et
2413 1310 2591 1381 justis,
2619 1320 2673 1365 et
2690 1310 2883 1381 quibus
2928 1310 3172 1373 confidis.
3222 1320 3279 1366 ut
3304 1322 3459 1368 orent
3484 1330 3581 1384 pro

1993 1406 2099 1461 tuis
2130 1404 2387 1474 peccatis.
2408 1402 2466 1457 Si
2493 1417 2614 1473 qua:
2644 1411 2771 1456 sunt
2806 1401 3029 1458 aliorum
3056 1401 3278 1470 dixeris,
3324 1406 3454 1460 nilnl
3491 1407 3585 1461 tibi

2001 1497 2220 1568 prodest
2236 1510 2410 1565 neque
2434 1494 2677 1563 lucraris,
2692 1494 2786 1550 sed
2813 1493 2974 1551 etiam
2991 1496 3132 1565 peris
3151 1511 3167 1552 :
3186 1494 3232 1552 si
3253 1504 3341 1552 tua
3360 1497 3586 1554 Domino

2003 1581 2409 1644 euuutiavcris,
2457 1579 2678 1634 multam
2717 1579 2883 1636 babes
2920 1579 3221 1636 mercedem
3243 1599 3256 1634 :
3280 1579 3405 1636 Dixi
3425 1580 3592 1648 enim,

2002 1672 2197 1745 inquit,
2222 1672 2556 1742 pronuntiabo
2572 1671 2835 1726 aduersum
2856 1688 2934 1726 me
2955 1672 3266 1741 iniquitatem
3291 1688 3453 1727 meam
3482 1671 3594 1727 Do-

1999 1768 2157 1830 mino,
2174 1775 2218 1819 et
2236 1775 2288 1819 tit
2304 1764 2537 1819 remisisti
2553 1764 2860 1834 impietatem
2896 1764 3064 1818 cordis
3092 1764 3205 1817 mei.
3218 1762 3306 1819 Vis
3317 1764 3593 1833 judicare?

2012 1865 2099 1911 tua
2126 1856 2304 1926 jndica
2330 1874 2344 1911 :
2375 1871 2531 1912 nemo
2562 1866 2612 1911 te
2637 1864 2868 1919 accusat,
2920 1855 2964 1911 si
2988 1855 3211 1925 teipsum
3233 1855 3590 1922 condemnes;

2000 1957 2434 2017 accusatautem,
2458 1952 2503 2004 si
2526 1960 2577 2004 te
2593 1965 2700 2003 non
2738 1948 2978 2019 iudices;
3025 1956 3259 2015 accusat,
3282 1936 3333 2003 isi
3366 1948 3590 2018 teipsum

2009 2058 2116 2097 non
2153 2057 2363 2110 arguas;
2392 2051 2625 2107 accusat,
2656 2042 2700 2095 si
2730 2057 2835 2096 non
2863 2041 3066 2097 doleas.
3092 2040 3251 2097 Vides
3286 2041 3589 2113 quempiam

2005 2133 2186 2200 irasci,
2211 2133 2428 2200 irritati,
2454 2143 2544 2187 aut
2570 2132 2767 2203 aliquid
2804 2133 2945 2188 aliud
2993 2132 3169 2188 facere
3214 2147 3378 2202 grave
3402 2126 3467 2187 et
3504 2134 3586 2186 in-

2004 2224 2260 2293 diguum?
2280 2223 2456 2277 statim
2481 2232 2536 2277 tu
2556 2224 2726 2293 cogita
2747 2240 2865 2294 qua:
2882 2232 3005 2278 sunt
3023 2232 3129 2290 tua;
3152 2232 3207 2279 et
3227 2223 3296 2277 ita
3319 2238 3420 2278 nec
3438 2223 3587 2277 illum

2012 2314 2169 2370 valde
2188 2314 2608 2379 condcnmabis;
2629 2323 2729 2368 eta
2756 2321 3093 2383 peccatorum
3120 2328 3286 2368 onere
3310 2322 3361 2368 te
3390 2313 3586 2368 llbera-

2011 2407 2115 2465 bis.
2160 2409 2215 2465 Si
2241 2409 2320 2465 sic
2348 2408 2512 2465 vitam
2553 2419 2791 2465 nostram
2820 2424 3210 2482 componamus
3238 2456 3254 2483 ,
3295 2415 3340 2471 si
3367 2431 3485 2472 eam
3516 2419 3598 2473 s’c

2009 2515 2398 2566 exerceamus,
2443 2501 2488 2557 si
2516 2502 2764 2572 nosipsos
2808 2504 3253 2571 condemnemus,
3296 2523 3402 2562 non
3429 2509 3593 2564 multa

2013 2591 2150 2647 forte
2168 2602 2386 2662 peccata
2415 2592 2782 2661 admittemus,
2806 2595 2975 2651 multa
3002 2605 3182 2652 autem
3205 2597 3346 2653 bona
3373 2610 3427 2655 et
3459 2616 3594 2670 prse-

2009 2684 2153 2739 clara
2184 2683 2466 2763 faciemus,
2486 2685 2531 2739 si
2564 2685 2720 2740 mites
2740 2686 2913 2741 simus
2929 2696 2982 2743 et
3005 2687 3255 2757 modesti,
3279 2698 3333 2745 et
3359 2690 3595 2746 fruemur

2008 2776 2258 2831 omnibus
2299 2793 2419 2847 qua:
2448 2786 2573 2832 sunt
2605 2779 2866 2848 promissa
2896 2780 2961 2836 iis
2989 2780 3085 2851 qui
3115 2781 3278 2837 Deum
3311 2781 3578 2853 diligunt:

2009 2884 2129 2937 qua:
2156 2868 2316 2924 detur
2343 2869 2498 2923 nobis
2522 2869 2775 2925 omnibus
2800 2872 3057 2941 consequi
3085 2913 3102 2940 ,
3149 2874 3316 2942 gratia
3346 2883 3402 2929 ct
3439 2875 3594 2930 beni-

2007 2959 2207 3028 gnitate
2252 2958 2461 3015 Domini
2493 2961 2663 3015 nostri
2692 2960 2819 3016 Iesu
2860 2961 3059 3018 Ghristi
3085 3004 3100 3029 ,
3148 2978 3267 3018 cum
3300 2979 3407 3035 quo
3439 2965 3586 3020 Patri

2012 3067 2117 3105 una
2150 3066 2271 3106 cum
2302 3062 2491 3107 sancto
2521 3053 2719 3122 Spiritu
2750 3055 2817 3108 sit
2842 3055 3031 3124 gloria,
3061 3055 3367 3125 imperium,
3397 3058 3586 3126 honor,

2009 3159 2148 3197 nunc
2177 3152 2231 3196 et
2259 3157 2491 3210 semper,
2525 3152 2576 3197 ct
2608 3144 2659 3197 iit
2692 3145 2888 3198 smeula
2918 3146 3263 3201 surculorum.
3298 3149 3493 3203 Amen.

1933 3242 3598 3270 —————————_—l———t——

1646 3302 1989 3365 HOMILIA
2032 3306 2241 3368 XXII.

329 3431 451 3486 Car.
497 3430 586 3485 11.
634 3443 688 3481 v.
734 3427 790 3483 5.
837 3423 971 3479 Fide
1014 3419 1344 3491 intelligimus
1381 3426 1560 3490 aptata
1589 3432 1694 3470 esse
1724 3412 1915 3469 swrula

402 3524 542 3578 verbo
567 3521 686 3587 Dei,
710 3528 764 3573 ut
786 3533 848 3571 ea:
871 3514 1201 3570 inuisibilibus
1220 3512 1435 3566 visibilia
1459 3510 1635 3579 fierent
1658 3547 1671 3561 .
1698 3507 1750 3561 ὦ.
1780 3503 1912 3558 Fide

403 3613 675 3683 plurimam
702 3608 922 3663 ltostiant
949 3605 1073 3660 Abel
1100 3620 1253 3675 quant
1282 3602 1410 3658 Cain
1436 3600 1614 3655 obtulit
1647 3598 1753 3651 Deo
1778 3636 1795 3661 ,
1827 3611 1918 3665 per

406 3720 557 3774 quant
589 3699 938 3756 testimonium
987 3705 1326 3765 consequutus
1351 3702 1422 3746 est
1453 3708 1557 3744 esse
1587 3690 1756 3757 justus
1779 3727 1794 3753 ,
1844 3695 1919 3739 te-

404 3796 699 3851 stimonium
731 3793 1024 3866 pcrltibente
1073 3787 1362 3843 muneribus
1392 3786 1504 3855 ejus
1547 3782 1655 3838 Deo
1690 3795 1709 3833 ε
1738 3788 1782 3834 et
1827 3792 1917 3849 per

406 3887 549 3941 illam
578 3887 847 3955 defunctus
876 3882 1044 3936 adhuc
1073 3879 1318 3946 loquitur.

401 3981 454 4035 1.
485 3979 562 4052 (a)
593 3977 753 4033 Fides
773 3989 1032 4046 generosa
1053 3982 1107 4029 et
1126 3969 1357 4041 juvenili
1379 3983 1511 4038 Opus
1531 3966 1684 4020 habet
1711 3964 1916 4030 anima,

245 4066 253 4075 ’
326 4085 378 4130 et
428 4090 546 4144 qua:
612 4069 790 4126 omnia
835 4074 1121 4137 exsuperet
1167 4062 1377 4117 sensilia
1405 4102 1420 4126 ,
1464 4068 1519 4114 et
1566 4059 1917 4112 humanarum

322 4169 590 4224 rationum
654 4166 989 4234 pertranseat
1051 4155 1487 4213 imbecillitatem.
1576 4150 1716 4205 Fieri
1769 4148 1914 4204 enim

324 4277 430 4317 nou
470 4267 645 4330 potest
687 4265 746 4311 ut
786 4254 942 4309 aliter
969 4251 1039 4309 sit
1078 4250 1270 4315 fidelis,
1313 4247 1413 4301 nisi
1441 4245 1531 4314 qui
1561 4259 1620 4299 se
1664 4240 1916 4298 extulerit

324 4367 483 4423 supra
522 4364 737 4406 omnem
790 4359 1130 4403 communem
1160 4339 1621 4396 consuetudinem.
1650 4335 1911 4403 Quoniam

320 4461 449 4516 ergo
497 4449 781 4498 evaserant
817 4438 1097 4495 imbecilla:
1127 4436 1476 4491 Hebrteorunt
1490 4432 1699 4496 animae,
1724 4440 1776 4485 et
1798 4444 1912 4485 cus-

323 4546 518 4607 peraut
550 4534 762 4605 quidem
788 4531 977 4599 ,alide,
1011 4545 1043 4584 a
1072 4529 1298 4599 negotiis
1353 4536 1551 4590 autem,
1605 4524 1674 4579 ab
1724 4522 1910 4589 animi,

324 4629 568 4698 inquam,
596 4623 1084 4697 perturbationibus
1103 4630 1155 4678 et
1181 4616 1742 4675 aﬂlictionibuseﬂ‘ccti
1759 4625 1914 4671 erant

322 4700 501 4790 pusilli
542 4727 599 4774 et
654 4716 844 4786 abjecti
909 4714 1095 4780 animi,
1144 4721 1199 4768 ct
1250 4711 1621 4778 labaSCebant,
1682 4711 1908 4780 primum

319 4812 538 4881 quidem
584 4824 679 4865 eos
706 4809 776 4865 ab
807 4807 938 4878 ipsis
967 4806 1273 4863 consolatus
1300 4813 1380 4859 est
1405 4814 1453 4859 ct
1489 4804 1828 4868 exhortatus,
1857 4802 1929 4857 di—

320 4917 453 4958 cens
476 4943 493 4970 ,
527 4899 955 4954 Rsmemoramini
981 4899 1224 4970 pristinos
1253 4900 1359 4954 dies
1390 4916 1409 4955 :
1438 4900 1639 4957 deinde
1662 4917 1695 4956 a
1723 4903 1908 4972 Scrip-

323 5004 470 5060 tura,
500 5007 622 5063 qum
647 4990 817 5056 dicit,
848 4989 1028 5045 Justus
1072 5000 1241 5044 autent
1269 5007 1332 5045 ea:
1361 4992 1465 5060 [ide
1504 4993 1630 5047 vivet
1661 4994 1678 5060 (
1708 4992 1907 5049 llabac.

317 5086 373 5141 2.
409 5086 466 5142 4.
495 5086 515 5154 )
546 5102 562 5138 :
594 5081 789 5139 deinde
809 5097 877 5137 ex
904 5081 1199 5138 rationibus
1222 5082 1427 5147 dicens,
1455 5082 1550 5137 Est
1578 5093 1745 5137 autent
1777 5084 1904 5153 ﬁdes

316 5193 492 5232 rerum
517 5190 635 5246 quia
679 5182 951 5244 sperantur
978 5174 1261 5227 substantia
1284 5215 1299 5241 ,
1347 5184 1706 5245 argumentum
1736 5191 1905 5228 rerum

321 5286 437 5340 qtae
465 5285 567 5323 non
598 5267 849 5321 videntur.
889 5264 1041 5321 Nunc
1066 5275 1241 5319 autem
1272 5282 1458 5322 rursus
1495 5282 1523 5320 a
1575 5266 1871 5336 majoribus
1894 5307 1910 5332 ,

327 5360 538 5432 magnis
563 5359 672 5414 illis
700 5357 828 5412 viris
856 5366 910 5413 ct
939 5356 1341 5412 admirabilibus
1364 5399 1378 5422 ,
1410 5357 1799 5427 propemodum
1826 5357 1914 5409 di-

329 5472 503 5511 cens:
535 5455 597 5511 Si
641 5455 731 5510 ubi
761 5470 872 5525 pra:
903 5453 1125 5524 pedibus
1168 5463 1293 5507 sunt
1334 5451 1471 5507 bona
1498 5493 1514 5519 ,
1551 5467 1739 5506 omnes
1782 5451 1911 5506 salvi

321 5547 547 5604 fuerunt
575 5547 703 5615 lidc,
749 5547 921 5603 multo
947 5546 1116 5617 magis
1137 5561 1254 5601 nos.
1288 5544 1509 5614 Quando
1536 5546 1676 5603 cnim
1706 5561 1912 5602 carum-

378 5683 455 5749 (ιι)
477 5682 672 5737 [nititun
698 5694 787 5746 pro
810 5691 948 5730 more
973 5678 1207 5728 omittitur
1231 5692 1256 5727 ει
1282 5675 1419 5728 (ἶοιὺι

2024 3406 2145 3467 dem
2196 3413 2598 3484 perpessionum
2650 3412 2855 3469 socium
2929 3411 3191 3467 invenerit
3257 3409 3471 3477 anima,
3524 3426 3607 3465 re-

2026 3505 2254 3574 quiescit
2300 3514 2357 3560 ct
2403 3506 2650 3575 respirat.
2699 3504 2811 3561 Hoc
2840 3514 2896 3560 et
2944 3506 2999 3560 in
3026 3505 3131 3560 ﬁde
3160 3513 3213 3559 et
3240 3503 3290 3558 in
3321 3502 3608 3559 amictione

2022 3594 2149 3650 licet
2197 3595 2417 3651 videre:
2450 3596 2516 3652 Ut
2577 3599 2680 3663 sit,
2726 3597 2929 3668 inquit,
2982 3597 3120 3651 vobis
3173 3594 3451 3651 consolatio
3520 3611 3608 3662 per

2021 3702 2133 3741 eam
2156 3703 2268 3757 quia
2296 3696 2364 3741 est
2394 3688 2521 3741 inter
2549 3703 2633 3742 vos
2660 3688 2868 3742 invicem
2917 3686 3071 3755 [idem
3119 3685 3139 3759 (
3162 3686 3311 3740 Ront.
3361 3688 3413 3741 1.
3472 3685 3539 3740 12
3560 3684 3600 3756 ).

2018 3778 2117 3833 Est
2189 3778 2331 3833 enim
2404 3779 2687 3834 admodum
2758 3777 2972 3834 infidele
3042 3792 3213 3848 genus
3279 3778 3606 3842 humanum,

2017 3883 2070 3927 et
2095 3870 2199 3926 sibi
2244 3886 2347 3926 non
2384 3879 2556 3940 potest
2604 3870 2909 3936 confidere,
2955 3879 3011 3926 et
3063 3870 3213 3926 timet
3261 3886 3358 3941 pro
3385 3871 3448 3925 iis
3489 3887 3610 3941 qua:

2016 3963 2237 4033 judicat,
2279 3964 2529 4033 quoniam
2578 3973 2660 4018 est
2709 3978 2897 4032 magna
2941 3962 2990 4019 ci
3031 3978 3160 4017 cura
3203 3961 3273 4018 de
3319 3963 3606 4017 multorum

2020 4053 2291 4124 Opinione.
2324 4049 2463 4116 Quid
2511 4069 2638 4124 ergo
2683 4052 2879 4109 Paulus
2926 4050 3027 4122 (a)!
3079 4051 3185 4105 Eos
3219 4054 3523 4106 consolatur
3557 4065 3610 4107 et

2016 4146 2369 4199 exhortatura
2390 4136 2647 4209 patribus,
2664 4150 2716 4190 et
2740 4143 2893 4189 antea
2906 4132 3054 4187 abtis
3073 4146 3193 4203 quae
3218 4140 3346 4187 sunt
3367 4129 3421 4183 in
3448 4141 3598 4182 eom-

2020 4235 2165 4291 muni
2194 4232 2428 4289 notione.
2455 4229 2588 4285 Nam
2622 4227 2875 4299 quoniam
2906 4225 3038 4281 tich
3065 4222 3554 4296 reprehendebatur
3577 4261 3601 4286 ,

2021 4336 2287 4396 tamquam
2314 4340 2398 4378 res
2423 4336 2541 4393 quae
2567 4318 2780 4390 probari
2804 4327 2855 4372 et
2882 4315 3241 4371 demonstrari
3259 4330 3363 4370 non
3407 4310 3597 4383 possit,

2023 4428 2079 4472 ct
2105 4432 2222 4487 quae
2248 4416 2317 4469 sit
2343 4415 2518 4483 patins
2571 4411 2775 4465 fallacia
2800 4450 2817 4476 ,
2864 4417 3145 4478 propterea
3192 4406 3425 4462 ostendit
3457 4406 3598 4474 quod

2021 4523 2110 4563 res
2153 4507 2397 4560 maritum
2442 4519 2536 4573 per
2582 4502 2740 4557 fidem
2786 4511 2930 4556 recte
2988 4500 3121 4555 ﬁunt
3150 4540 3165 4565 ,
3218 4513 3327 4552 non
3375 4512 3469 4565 per
3514 4510 3600 4549 ra-

2021 4600 2410 4655 tiocinationes.
2438 4597 2505 4653 Et
2529 4593 2808 4668 quomodo
2834 4593 2934 4650 hoc
2959 4592 3210 4657 ostendit,
3241 4591 3327 4645 dic
3373 4589 3599 4658 qurcso?

2021 4691 2152 4745 Fide
2179 4690 2504 4761 intelligimus
2528 4730 2544 4755 ,
2578 4689 2788 4758 inquit,
2824 4695 2999 4755 aptata
3021 4725 3037 4749 ,
3074 4699 3178 4739 esse
3220 4681 3411 4737 stecnla
3454 4682 3600 4733 rerbo

2022 4783 2155 4848 Dei,
2214 4791 2269 4835 ut
2331 4797 2392 4835 ea:
2434 4779 2762 4834 inuisibilibus
2806 4777 3020 4832 visibilia
3064 4775 3261 4844 ﬁerent.
3323 4770 3599 4840 Liquidum

2019 4884 2102 4930 cst
2128 4916 2143 4938 ,
2187 4873 2372 4944 inquit,
2411 4871 2549 4942 quod
2598 4887 2665 4927 ex
2714 4871 2778 4925 iis
2816 4885 2935 4939 quis
2976 4884 3078 4921 non
3121 4875 3245 4921 sunt
3288 4864 3427 4919 Deits
3477 4861 3600 4915 fecit

2022 4983 2218 5036 ριιιμιίη
2241 4973 2365 5020 sunt
2384 4982 2402 5030 ;
2421 4980 2485 5019 ex
2513 4965 2576 5017 iis
2611 4978 2726 5032 qua-
2744 4978 2850 5017 non
2880 4968 3172 5030 apparent,
3203 4971 3265 5012 ea
3291 4969 3409 5025 qua:
3434 4967 3600 5023 appao

2023 5068 2171 5122 rent;
2206 5074 2269 5113 ex
2305 5057 2367 5112 iis
2397 5072 2516 5126 qua:
2556 5070 2661 5108 non
2703 5053 2999 5108 consistunt
3034 5065 3095 5105 ea
3128 5065 3245 5119 qua:
3280 5046 3597 5102 consistunt.

2027 5151 2298 5206 Undenam
2328 5165 2455 5204 vero
2505 5148 2671 5216 liquet
2700 5144 2838 5214 quod
2872 5144 2973 5197 hoc
3008 5142 3172 5197 verbo
3210 5137 3430 5194 iecerit?
3478 5150 3605 5190 nam

2025 5244 2159 5297 ratio
2230 5241 2443 5312 quidem
2493 5239 2622 5293 nihil
2676 5238 2779 5292 tale
2822 5236 3074 5305 suggerit,
3123 5232 3217 5287 scd
3262 5230 3423 5286 etiam
3476 5243 3603 5282 con-

2025 5336 2247 5390 traiium
2273 5334 2413 5404 quod
2446 5348 2512 5387 ex
2539 5329 2919 5400 apparentibus
2948 5327 3050 5381 sint
3080 5341 3142 5379 ea
3173 5339 3291 5392 qua:
3318 5329 3600 5392 apparent.

2025 5432 2310 5502 Propterea
2360 5429 2591 5484 maxime
2622 5421 2929 5497 philosophi
2978 5419 3109 5474 nihil
3161 5432 3280 5471 esse
3309 5416 3492 5470 dicunt
3534 5428 3599 5468 clx

2073 5600 2145 5660 (η)
2170 5598 2242 5645 Ab
2268 5597 2341 5644 his
2364 5592 2528 5644 verbis
2546 5591 2791 5660 hominum
2819 5585 2986 5660 incipit
3004 5583 3143 5660 Colit.
3165 5588 3255 5660 iet
3272 5595 3356 5660 per
3377 5583 3603 5645 paginam

2012 5649 2152 5711 υιιῗιιῐι
2176 5661 2331 5709 omnia
2358 5660 2402 5706 in
2425 5660 2514 5707 isto
2539 5655 2703 5706 codice
2727 5664 2810 5700 sus
2834 5649 2995 5709 deque
3021 5658 3159 5694 versa
3183 5652 3313 5694 sunt.
