3980 6142
394 308 496 364 555

394 415 580 491 nihilo,
617 425 679 474 ιιι
714 418 803 489 (ιιιί
833 403 941 473 sitit
967 417 1248 481 animales.
1278 425 1334 472 et
1363 417 1496 472 nihil
1537 417 1774 473 tribuant
1800 418 1924 475 ﬁdei
1956 437 1968 474 :

392 511 785 576 ponvineuntur
826 519 1007 564 autem
1053 507 1153 578 ipsi
1202 523 1456 578 quoque,
1503 509 1722 579 quando
1768 511 1970 581 aliquid

394 616 641 668 magnum
693 609 746 655 et
793 601 1104 670 praeclarum
1149 599 1404 665 dixerint,
1451 600 1500 655 id
1534 601 1772 656 tribuere
1799 602 1968 656 fidei:

390 701 446 760 ut
474 691 676 753 dicunt,
723 690 862 744 Deus
906 699 989 743 cst
1018 690 1281 760 principio
1324 705 1515 745 carens
1557 701 1611 744 et
1657 691 1921 760 ingenitus
1956 715 1970 744 .-

389 783 522 850 ratip
549 780 692 833 enim
735 795 841 834 non
875 779 976 834 hoc
1023 781 1278 850 suggerit,
1320 781 1413 835 sed
1452 782 1800 837 contrarium.
1831 780 1971 836 Con-

386 872 561 932 sidera
591 879 766 926 autem
795 872 926 944 mihi
956 872 1178 943 multam
1223 873 1434 928 illorum
1465 873 1763 927 stultitiam.
1801 875 1968 929 Deum

386 965 566 1023 dicunt
593 977 714 1018 esse
737 963 855 1018 sine
881 963 1143 1032 principio
1177 982 1189 1017 :
1219 963 1361 1033 quod
1393 973 1474 1018 est
1498 963 1653 1035 longe
1680 963 1971 1020 admirabi-

387 1056 486 1110 lius
517 1071 674 1126 quam
705 1055 847 1126 quod
879 1056 944 1110 sit
991 1071 1055 1110 es
1100 1056 1288 1111 nihilo.
1320 1055 1451 1112 Nam
1495 1057 1678 1113 dicere
1717 1059 1860 1128 quod
1901 1061 1971 1114 sit

384 1154 498 1206 sine
527 1152 807 1223 principio,
854 1151 997 1222 quod
1043 1153 1113 1207 sit
1153 1151 1445 1223 ingenitus,
1493 1154 1632 1221 quod
1681 1169 1853 1224 neque
1901 1169 1968 1210 ex

384 1259 468 1310 se,
499 1259 670 1313 neque
699 1257 767 1314 ex
795 1243 903 1302 alio
929 1228 1250 1312 sitgenitus,
1275 1251 1357 1298 est
1381 1244 1550 1314 magis
1573 1244 1966 1312 incitplieabile,

384 1317 544 1403 quam
576 1334 780 1400 dicere,
812 1334 954 1404 quod
987 1334 1126 1396 Deus
1154 1349 1217 1390 ea
1261 1351 1382 1406 qua:
1411 1347 1535 1399 sunt
1577 1334 1764 1391 fecerit
1792 1351 1856 1391 ex
1886 1339 1971 1392 ni-

387 1423 519 1478 hilo.
548 1423 677 1495 Nam
708 1423 794 1496 hic
817 1424 1033 1496 quidem
1074 1424 1239 1481 multa
1266 1433 1391 1496 sunt
1418 1424 1716 1496 credibilia,
1747 1435 1802 1480 ut
1829 1426 1970 1496 quod

387 1517 575 1588 fecerit
612 1501 842 1587 aliquid,
865 1517 1007 1588 quod
1040 1517 1092 1573 id
1130 1518 1269 1587 quod
1317 1519 1376 1572 llt
1419 1518 1666 1573 habuerit
1712 1519 1921 1573 initium
1954 1559 1968 1580 ,

385 1610 526 1680 quod
557 1611 774 1678 omnino
805 1610 1004 1673 factum
1033 1611 1104 1665 sit
1133 1628 1146 1664 :
1177 1610 1286 1665 illic
1329 1619 1508 1665 autem
1542 1613 1676 1678 luce,
1710 1627 1804 1680 per
1830 1627 1886 1667 se
1915 1620 1972 1666 et

383 1721 476 1759 sua
493 1713 682 1774 sponte
699 1712 798 1769 est,
825 1703 1109 1774 ingenitus,
1132 1719 1307 1774 neque
1323 1703 1532 1758 initium
1569 1703 1766 1769 habuit,
1797 1719 1972 1774 neque

385 1809 618 1868 tempus,
645 1798 780 1867 luce,
809 1796 895 1863 die
917 1796 1070 1870 mihi,
1101 1811 1210 1853 on
1241 1806 1399 1867 egent
1430 1796 1534 1850 fide
1555 1798 1577 1850 ?
1598 1797 1703 1852 Sed
1731 1797 1832 1852 hoc
1863 1812 1970 1853 non

383 1889 560 1962 posuit
589 1888 730 1955 quod
757 1898 841 1950 est
883 1889 1040 1961 longe
1068 1890 1318 1959 amplius.
1350 1890 1446 1946 sed
1489 1890 1635 1960 quod
1664 1891 1858 1953 minus,
1889 1889 1970 1954 di-

380 1990 510 2042 cens
540 1991 554 2031 :
587 1974 722 2031 Fide
749 1977 1078 2048 intelligimus
1103 1988 1282 2050 aptata
1304 1996 1411 2036 esse
1454 1983 1642 2038 alecula
1669 1983 1818 2038 verbo
1843 1982 1964 2046 Dei.

379 2065 804 2138 Umlenamjam,
821 2068 1012 2138 inquit,
1027 2069 1160 2125 dicis
1177 2071 1317 2140 quod
1347 2071 1485 2127 Deus
1509 2073 1674 2129 verbo
1685 2075 1864 2130 omnia
1880 2073 1966 2132 fe-

376 2162 506 2217 cerit
529 2159 552 2212 ?
577 2174 698 2214 cum
726 2159 777 2214 id
808 2161 946 2216 ratio
972 2177 1076 2216 non
1107 2171 1388 2234 suggerat,
1416 2164 1698 2235 nullusque
1736 2167 1967 2224 adfuerit

378 2247 593 2317 quando
645 2249 786 2319 facta
832 2259 976 2314 sunt.
1039 2250 1322 2318 Undenam
1362 2256 1610 2310 constat?
1639 2256 1767 2330 Fide
1799 2277 1810 2312 :
1842 2258 1965 2314 fidei

375 2341 519 2410 enim
537 2356 671 2410 Opus
685 2353 766 2396 est
795 2343 1162 2413 intelligentia.
1183 2344 1308 2400 Ideo
1345 2345 1474 2407 dicit
1504 2366 1518 2402 :
1545 2347 1673 2425 ide
1718 2350 1962 2422 intelligi:

283 2479 305 2486 ,
375 2447 504 2489 ntus.
525 2431 661 2502 Quid
681 2431 785 2487 hoc
805 2433 991 2501 verbo,
1015 2435 1139 2503 ﬁde,
1166 2435 1559 2508 intelligimus?
1585 2441 1739 2508 Quod
1767 2458 1831 2498 ex
1856 2460 1967 2499 non

375 2523 755 2594 apparentibus
784 2524 920 2580 facta
946 2536 1072 2582 sunt
1096 2543 1215 2599 qua:
1246 2543 1507 2602 apparent
1537 2551 1551 2589 :
1581 2534 1681 2600 hoc
1702 2538 1844 2592 enim
1881 2517 1965 2594 est

376 2616 526 2693 fides.
557 2615 688 2691 Cum
715 2629 890 2690 autem
909 2621 1197 2684 dixissetid
1224 2625 1364 2694 quod
1389 2637 1471 2681 est
1490 2642 1792 2693 commune.
1824 2631 1876 2686 id
1895 2632 1962 2690 de

375 2719 574 2770 cu‘tcro
600 2710 767 2780 agitat
817 2713 870 2766 in
893 2720 1155 2787 personis.
1183 2715 1280 2785 Vir
1305 2718 1448 2777 enim
1482 2719 1709 2793 inclytus
1725 2732 1776 2778 et
1796 2725 1964 2796 gloria

294 2802 313 2806 "
376 2799 598 2870 insignis
637 2811 721 2857 est
763 2802 930 2872 instar
973 2807 1120 2864 orbis
1147 2818 1300 2874 terra:
1327 2827 1343 2864 :
1371 2813 1511 2882 quod
1559 2825 1742 2884 postea
1797 2817 1956 2888 etiam

373 2892 749 2959 subindieavit.
787 2895 1072 2967 Postquam
1100 2901 1243 2956 enim
1273 2901 1323 2957 in
1355 2914 1570 2960 centum
1595 2916 1687 2962 aut
1721 2908 1962 2966 ducentis

372 2989 616 3053 personis
647 2987 748 3043 hoc
769 3005 838 3043 ex
859 2990 1090 3047 adverso
1118 2996 1322 3059 statuit,
1353 2997 1547 3054 deinde
1601 3001 1732 3055 vidit
1771 3018 1960 3059 nume—

372 3089 490 3138 rum
513 3078 806 3161 quantitate
835 3095 955 3136 esse
977 3097 1222 3152 paucam,
1251 3085 1463 3142 dicitde
1489 3100 1688 3146 caetero
1717 3109 1732 3146 :
1768 3094 1961 3161 Quibus

371 3167 555 3238 dignus
585 3158 690 3224 noni
713 3182 820 3226 erat
850 3177 1067 3230 mundus
1093 3177 1272 3247 (Hebr.
1297 3182 1380 3235 ll.
1402 3184 1512 3252 58).
1534 3183 1664 3240 Fide
1687 3158 1960 3262 pluritttant

373 3262 588 3321 hostium
609 3264 730 3334 Abel
749 3283 900 3335 quam
927 3267 1054 3337 Cain
1075 3271 1252 3326 obtulit
1286 3273 1409 3342 Deo.
1430 3276 1559 3332 Vide
1588 3287 1770 3334 autem
1799 3298 1958 3351 quem

373 3354 600 3430 primum
625 3358 930 3425 ponit,eum
957 3361 1044 3430 qui
1067 3363 1204 3423 male
1223 3374 1305 3419 est
1329 3382 1534 3442 pll~$llS,
1557 3369 1714 3440 idque
1741 3387 1770 3426 a
1795 3373 1957 3430 fratre

370 3444 504 3498 nihil
533 3446 682 3521 laeso,
714 3448 806 3523 sed
837 3451 928 3505 Dei
952 3466 1110 3508 causa
1129 3454 1298 3511 livore
1323 3469 1540 3524 vexato.
1567 3461 1708 3531 Ergo
1739 3445 1952 3535 propria

369 3547 485 3607 erat
514 3539 748 3608 ipsorum
778 3544 976 3614 passio.
1009 3544 1207 3600 Etenim
1227 3564 1312 3601 vos
1329 3566 1524 3620 quoque
1546 3554 1741 3619 eadem,
1765 3539 1952 3628 inquit,

368 3633 506 3698 passi
546 3633 664 3688 estis
689 3650 721 3687 a
745 3636 917 3690 vestris
943 3637 1301 3698 contribulibus
1331 3640 1404 3714 (Ι.
1431 3641 1606 3700 Tltess.
1635 3645 1690 3701 2.
1727 3647 1834 3720 Η).
1867 3638 1954 3706 Si?

367 3722 476 3804 ptul
499 3725 732 3780 ostendit
748 3725 1089 3798 illusqttoque
1109 3731 1309 3786 invidia
1323 3743 1376 3788 et
1395 3733 1559 3790 livore
1583 3740 1838 3805 torqueri.
1861 3741 1956 3799 llle

367 3815 532 3869 Deum
563 3817 860 3884 honoravit,
885 3832 938 3876 et
963 3831 1202 3901 mortuus
1236 3835 1341 3893 est,
1369 3829 1619 3898 quoniam
1650 3830 1952 3904 honoravit,

366 3917 418 3977 ct
447 3909 680 3964 nondum
700 3923 781 3974 est
809 3925 1126 3986 assequutus
1152 3920 1598 3988 resurrccdonem
1622 3941 1637 3991 ;
1669 3928 1764 3982 sed
1785 3915 1956 3986 mani;

368 3998 791 4071 festumqttidem
813 4004 910 4060 fuit
932 4019 1233 4078 promptum
1251 4014 1495 4072 etalacre
1509 3999 1624 4087 ejus
1656 4023 1816 4076 animi
1850 4005 1955 4081 stu-

367 4092 514 4158 dium
547 4111 560 4146 :
591 4104 644 4149 et
672 4111 794 4163 qua:
835 4097 1001 4163 ipsius
1046 4111 1218 4160 erant.
1243 4103 1381 4158 facta
1423 4117 1578 4172 sunt;
1608 4125 1726 4180 qua:
1773 4125 1950 4171 autcm

369 4200 436 4256 ex
458 4195 606 4252 parte
625 4185 715 4241 Dei
737 4197 879 4252 sunt,
902 4192 1136 4266 nondum
1151 4204 1274 4254 sunt
1291 4197 1340 4249 itt
1357 4212 1480 4252 eum
1498 4202 1954 4263 collata.llostiam

367 4285 548 4328 autem
576 4275 661 4330 hic
683 4277 810 4333 dicit
829 4280 1130 4348 plurimam,
1155 4301 1271 4355 quae
1294 4299 1411 4343 erat
1441 4290 1818 4366 honorabilior,
1837 4315 1955 4367 qute

371 4365 696 4442 praeclarior,
727 4383 846 4438 quae
868 4372 1034 4442 magis
1055 4379 1376 4434 necessaria.
1397 4379 1504 4439 Nec
1534 4399 1838 4456 possumus,
1861 4365 1950 4447 in-

367 4456 501 4524 quit,
533 4458 712 4514 dicere
741 4462 881 4529 quod
915 4479 1020 4518 nou
1057 4465 1213 4522 fuerit
1247 4484 1459 4542 accepta
1493 4493 1506 4529 :
1539 4477 1637 4533 fuit
1676 4480 1818 4536 enim
1865 4498 1957 4542 ac-

367 4558 544 4619 cepta,
563 4559 614 4605 et
631 4550 764 4606 dixit
778 4555 844 4615 ad
862 4555 1014 4621 Cain,
1027 4557 1146 4613 Non
1163 4560 1207 4615 si
1220 4573 1352 4618 recte
1370 4565 1624 4638 obtulerit,
1644 4583 1776 4626 recte
1787 4585 1956 4643 autem

371 4659 468 4696 non
495 4644 724 4700 diviseris
755 4645 908 4716 (Gen.
934 4650 986 4703 4.
1012 4651 1086 4721 7).
1121 4653 1255 4708 Abel
1277 4671 1404 4726 ergo
1428 4665 1482 4712 et
1498 4671 1643 4715 recte
1656 4663 1870 4733 obtulit,
1899 4677 1956 4722 et

371 4745 514 4810 recte
526 4735 723 4790 divisit.
737 4737 840 4792 Sed
861 4748 1034 4796 tamen
1053 4758 1150 4810 pro
1168 4743 1248 4800 his
1265 4763 1363 4816 qua
1373 4764 1546 4803 mnam
1561 4756 1764 4823 accepit
1778 4772 1956 4812 remu-

371 4829 752 4884 nerationem?
783 4831 1003 4898 Occisus
1050 4835 1146 4908 fuit
1174 4851 1201 4888 a
1236 4853 1394 4914 manu
1426 4839 1606 4914 fratris
1632 4861 1647 4908 ;
1677 4855 1729 4910 et
1753 4849 1953 4904 curule-

365 4927 704 4977 -nmattonem
753 4933 911 4988 quam
964 4927 1114 4994 pater
1160 4920 1322 4980 subiit
1371 4932 1590 4989 propter
1647 4930 1956 4989 peccatum,

373 5023 493 5062 eam
537 5007 742 5078 primus
791 5009 1028 5078 suscepit
1069 5009 1246 5078 quise
1293 5020 1438 5064 recte
1488 5019 1749 5079 gesserat,
1801 5019 1852 5064 et
1898 5025 1966 5070 eo

369 5100 613 5165 gravium
632 5110 717 5156 est
740 5115 950 5172 passus,
969 5101 1109 5170 quod
1130 5111 1224 5156 eta
1255 5101 1415 5156 fratre
1442 5111 1495 5156 et
1524 5102 1744 5172 primus.
1767 5102 1830 5156 Et
1848 5101 1963 5156 lucc

373 5203 520 5248 recte
543 5193 726 5262 gessit,
757 5191 823 5247 ad
850 5193 1052 5246 nullum
1086 5193 1498 5268 respiciensmd
1519 5209 1676 5267 quem
1706 5194 1846 5248 enim
1877 5209 1960 5249 re-

374 5284 569 5351 spexit.
589 5293 644 5336 et
665 5284 742 5338 sic
769 5284 933 5348 Deum
961 5283 1285 5338 honoravit?
1311 5284 1376 5338 ad
1403 5294 1604 5354 patrem
1628 5298 1682 5340 et
1699 5285 1960 5341 matrem?

373 5372 466 5427 st-d
500 5374 573 5427 illi
601 5389 695 5442 pro
717 5374 989 5428 l'eueliciis
1015 5390 1136 5428 eum
1170 5374 1465 5430 alieceruut
1511 5377 1854 5434 contumelia.
1893 5380 1962 5431 At

371 5464 439 5517 ad
471 5462 730 5519 fratrem?
758 5467 851 5519 sed
883 5465 998 5533 ipse
1040 5482 1250 5534 quoque
1280 5482 1402 5521 eum
1447 5467 1620 5521 affecit
1651 5469 1960 5537 ignominia.

374 5559 415 5608 Α
451 5571 508 5609 se
539 5557 718 5625 itaque
763 5557 960 5610 bonum
1011 5557 1303 5611 atliuvenit.
1337 5558 1402 5612 Et
1443 5559 1532 5626 qui
1582 5569 1729 5610 tanto
1759 5559 1964 5612 honore

375 5659 493 5701 erat
526 5650 739 5718 dignus,
769 5650 892 5719 quid
921 5650 1158 5722 pulilur?
1192 5649 1535 5704 Interimitur.
1573 5650 1773 5704 Deinde
1804 5650 1960 5702 aliam

377 5741 525 5826 ponit
554 5741 785 5814 laudem,
821 5742 1004 5799 dicens
1040 5761 1048 5795 :
1085 5740 1181 5796 I’er
1213 5759 1366 5814 quant
1421 5743 1754 5796 testimonium
1783 5755 1964 5824 consr-

1147 312 1203 366 S.
1230 309 1507 377 JOANNIS
1543 303 2004 363 CIIRYSOSTOBH
2045 303 2352 357 Al’lClllEl‘.
2395 301 2918 360 CONSTANTINOP.

3559 308 3659 365 156

2079 430 2262 489 qualus
2305 431 2377 476 est
2422 438 2530 477 esse
2561 424 2756 494 justus,
2806 426 3146 483 testimoniuttt
3191 431 3482 498 pet'ltibeute
3526 435 3668 490 donis

2078 515 2191 579 eius
2211 511 2351 578 Deo;
2379 522 2428 568 et
2453 530 2542 584 per
2581 515 2724 568 illam
2751 515 3023 586 defunctus
3062 519 3229 574 adhuc
3257 521 3501 588 loquitur.
3529 524 3653 593 Quo

2077 603 2239 659 modo
2265 613 2441 660 autem
2472 605 2630 661 aliter
2652 622 2865 678 quoque
2890 610 3101 680 accepit
3131 613 3494 669 testimonium
3528 620 3667 687 quod

2073 699 2146 752 sit
2165 697 2342 766 justus
2366 698 2392 752 ?
2421 697 2620 754 Dicitur
2645 700 2784 768 ignis
2805 701 3154 759 descendisse
3181 717 3236 760 ct
3265 713 3667 780 consumpsisse

2072 790 2190 859 ejus
2221 789 2424 846 hostias
2455 809 2468 846 :
2502 807 2624 846 nam
2657 807 2753 861 pro
2782 794 2894 859 illo,
2927 794 3009 849 At!
3036 797 3240 852 Abelem
3268 802 3488 870 aspexit,
3521 813 3568 856 et
3593 807 3660 858 ad

2071 882 2185 951 ejus
2211 883 2468 950 sacriﬁcia
2495 881 2744 940 Dominus
2765 901 2784 939 :
2812 886 2946 941 dixit
2971 888 3209 958 quidam,
3242 889 3306 944 Et
3330 892 3664 968 iueeudit(a).

2070 974 2168 1040 Qui
2217 989 2344 1044 ergo
2374 973 2556 1030 verbis
2603 987 2657 1032 et
2704 977 2860 1034 factis
2898 980 3048 1046 justo
3094 982 3210 1035 tulit
3257 987 3664 1055 testimonium,

2073 1063 2260 1118 videns
2289 1079 2410 1118 eum
2441 1075 2661 1136 propter
2691 1071 2864 1136 ipsuut
2908 1072 2978 1126 de
3009 1072 3185 1127 medio
3232 1075 3526 1145 sublatum,
3561 1096 3666 1135 non

2069 1169 2192 1208 cum
2223 1154 2529 1226 vindicavit,
2555 1157 2648 1212 sed
2675 1159 2818 1213 sivit.

2137 1246 2190 1300 ἓ.
2228 1246 2411 1302 Vestra
2435 1258 2612 1316 autem
2632 1263 2735 1304 non
2757 1250 2827 1304 ita
2851 1266 2910 1306 se
2933 1251 3131 1308 habent
3160 1271 3174 1308 :
3203 1254 3474 1326 quomodo
3495 1261 3661 1326 enim,

2068 1338 2155 1408 qui
2185 1345 2241 1393 et
2267 1338 2554 1408 prephctas
2577 1339 2790 1397 habetis
2815 1353 2868 1397 et
2889 1344 3138 1416 exempla
3163 1358 3216 1401 et
3243 1347 3664 1410 innumerabiles

2065 1428 2460 1484 consolationes
2488 1440 2540 1486 et
2570 1435 2719 1503 signa
2764 1443 2819 1488 et
2869 1432 3008 1490 facta
3060 1439 3362 1494 miracula?
3391 1441 3666 1508 Quamob.

2066 1533 2181 1578 rem
2204 1532 2321 1578 erat
2358 1523 2488 1578 illud
2519 1540 2644 1580 vere
2673 1526 2826 1582 fides.
2859 1527 3114 1596 Qua-nam
3147 1532 3290 1586 enim
3337 1534 3470 1590 vidit
3499 1538 3663 1593 mira-

2064 1614 2209 1679 cula,
2233 1623 2291 1669 ut
2317 1614 2562 1670 crederet
2587 1617 2686 1671 sibi
2711 1616 2943 1674 futuram
2974 1621 3235 1676 bonorqu
3269 1630 3660 1684 remuneratio-

2062 1707 2225 1759 nem?
2251 1721 2428 1760 annon
2471 1721 2538 1762 ex
2585 1708 2695 1762 Sola
2731 1709 2839 1765 (ide
2882 1712 3044 1782 eleg’t
3074 1715 3362 1772 virtutum?
3393 1719 3528 1785 Quid
3577 1733 3664 1777 est

2062 1796 2212 1865 illud,
2245 1798 2310 1851 Et
2338 1815 2428 1861 per
2456 1799 2604 1850 illaut
2631 1800 2902 1856 defunctus
2931 1805 3098 1859 adltttc
3119 1805 3382 1871 loquitur?
3406 1810 3480 1866 Ne
3514 1813 3663 1883 ipsos

2061 1891 2118 1946 iu
2145 1891 2364 1946 multam
2409 1891 2652 1963 injiceret
2678 1899 3133 1964 desperationem,
3181 1905 3415 1956 ostendit
3439 1918 3564 1958 eum
3592 1922 3659 1966 ex

2057 1994 2210 2055 parte
2228 1985 2503 2054 accepisse
2532 1989 3047 2055 compensationem.
3079 1990 3404 2060 Quomodo?
3433 1996 3649 2068 Magna,

2059 2076 2247 2154 inquit,
2277 2075 2393 2148 ejus
2441 2075 2671 2132 habetur
2713 2092 2840 2133 cura
2868 2092 2923 2134 et
2949 2082 3310 2140 coasideratio
3337 2103 3350 2138 :
3376 2085 3478 2142 hoc
3508 2091 3658 2144 enim

2060 2167 2418 2224 subindicavit
2447 2168 2652 2236 dicens,
2685 2168 2752 2224 Et
2779 2169 2947 2225 adhuc
2976 2171 3218 2244 loquitur.
3251 2175 3364 2231 [loc
3388 2189 3492 2245 est,
3525 2195 3656 2235 erm

2054 2261 2296 2330 sustulit,
2329 2262 2423 2317 sed
2456 2277 2564 2317 non
2605 2277 2726 2318 cum
2767 2279 2834 2319 eo
2873 2267 3090 2322 sustulit
3135 2269 3362 2342 gloriam
3394 2282 3445 2326 ct
3475 2272 3657 2329 bouu-

2074 2369 2185 2407 rem
2213 2371 2228 2408 :
2255 2367 2359 2431 non
2388 2363 2466 2424 est
2499 2354 2584 2430 ille
2609 2365 2853 2428 mortuus
2885 2376 2899 2414 :
2929 2375 3028 2415 nec
3055 2377 3150 2418 vos
3177 2378 3304 2432 ergo
3327 2367 3657 2437 moriemini.

2061 2435 2270 2498 Quanto
2295 2437 2438 2490 enim
2465 2438 2710 2510 graviora
2742 2442 2862 2510 quis
2894 2456 3080 2509 passus
3115 2444 3296 2507 fuerit,
3330 2458 3395 2498 eo
3421 2452 3505 2500 est
3535 2435 3656 2498 nta-

2055 2523 2140 2593 jor
2162 2525 2278 2595 ejus
2292 2527 2478 2598 gloria.
2506 2528 2784 2599 Quomodo
2797 2533 2971 2587 adhuc
2997 2533 3266 2604 loquitur?
3280 2535 3392 2591 l-loe
3413 2546 3494 2590 est
3509 2547 3565 2590 et
3589 2538 3659 2592 si-

2055 2631 2217 2685 gnum
2239 2620 2536 2690 vivendi,et
2557 2623 2696 2694 quod
2717 2626 2784 2680 ab
2805 2625 3051 2684 omnibus
3078 2636 3321 2694 canatur,
3339 2629 3392 2683 in
3415 2629 3652 2684 adrnira-

2059 2707 2201 2765 tionc
2237 2711 2494 2772 habeatur
2542 2724 2597 2770 et
2637 2715 2823 2771 beatus
2862 2727 3178 2776 censeatur:
3207 2720 3294 2790 qui
3340 2719 3482 2787 enim
3529 2720 3660 2774 aliis

2058 2801 2612 2876 suadetutsintjusti,
2642 2806 2896 2878 loquitur.
2931 2809 3046 2868 Neu
3091 2820 3292 2866 tantum
3312 2811 3453 2865 enim
3481 2810 3660 2866 efficit

2057 2892 2248 2960 oratio,
2276 2905 2529 2964 quantum
2551 2897 2691 2952 illius
2746 2900 3038 2969 perpessio.
3086 2900 3231 2954 Sicut
3274 2902 3414 2955 enim
3456 2900 3656 2954 ca'lum

2062 2985 2432 3042 tantummodo
2461 3001 2721 3057 apparens
2782 2989 3033 3060 loquitur,
3074 2991 3141 3044 ita
3173 2991 3334 3046 etiam
3373 2991 3480 3060 ille,
3521 2991 3658 3048 dtttn

2059 3071 2284 3130 habetur
2325 3077 2378 3132 in
2437 3078 2714 3134 memoria.
2753 3079 2870 3134 Non
2910 3079 2955 3135 si
2994 3086 3228 3151 scipsum
3287 3083 3659 3157 pra-dicasset.

2059 3181 2164 3239 non
2191 3167 2237 3222 si
2268 3168 2415 3224 mille
2457 3169 2664 3242 linguas
2690 3171 2982 3236 habuisset,
3015 3182 3070 3228 et
3119 3174 3365 3240 vixisset,
3399 3175 3452 3230 in
3501 3185 3658 3232 tanta

2058 3257 2268 3326 fuisset,
2316 3271 2374 3316 ιιι
2405 3278 2545 3318 nunc
2571 3273 2676 3328 est,
2706 3263 3079 3322 admiratione.
3111 3266 3224 3322 lloc
3268 3277 3370 3334 est,
3403 3267 3516 3324 ltu-c
3544 3286 3662 3324 non

2059 3352 2193 3406 liunt
2243 3353 2460 3424 impune
2501 3371 2600 3411 nec
2645 3365 2870 3423 temere,
2902 3374 3004 3414 nec
3048 3369 3398 3430 prmtereunt.
3429 3361 3484 3416 5.
3521 3360 3664 3421 Fide

2060 3445 2237 3502 Euoclt
2265 3449 2542 3503 translatus
2568 3459 2640 3504 est
2666 3491 2680 3513 ,
2728 3467 2790 3504 tte
2816 3451 3003 3506 videret
3042 3464 3252 3508 mortem
3275 3469 3294 3518 ;
3322 3464 3368 3507 et
3394 3471 3492 3509 non
3525 3455 3666 3510 iuve-

2059 3538 2308 3615 ttiebutur,
2341 3541 2460 3611 quia
2486 3541 2599 3594 tulit
2627 3542 2772 3595 illum
2814 3541 3061 3597 Dominus
3094 3559 3112 3598 :
3139 3561 3258 3598 naut
3289 3555 3407 3599 ante
3432 3546 3663 3598 transiri.

2060 3631 2244 3710 tionem
2280 3634 2618 3702 testimonium
2647 3634 2791 3687 habet
2820 3636 2956 3704 quod
2996 3635 3244 3705 placuerit
3274 3635 3404 3690 Deo.
3437 3637 3490 3692 6.
3527 3637 3598 3691 Si
3604 3657 3666 3694 ne

2059 3723 2164 3792 ﬁde
2200 3733 2367 3802 autent
2401 3725 2712 3802 impossibile
2753 3737 2827 3780 est
2857 3727 3057 3796 placere
3089 3726 3196 3782 Deo
3226 3743 3244 3782 :
3273 3729 3476 3783 credere
3517 3731 3660 3786 enim

2060 3824 2255 3883 oportet
2285 3798 2602 3869 accedentem
2627 3816 2695 3869 ad
2726 3816 2886 3871 Deum
2909 3818 3031 3888 quia
3070 3829 3160 3881 est,
3193 3829 3240 3873 et
3285 3822 3662 3894 inquirentibus

2061 3922 2112 3959 se
2140 3917 2485 3977 remuneratur
2516 3909 2591 3976 ﬁt.
2632 3908 2725 3979 llic
2753 3908 3007 3979 majorem
3038 3911 3272 3965 ostendit
3303 3911 3462 3966 ﬁdem
3491 3929 3660 3981 quant

2061 3997 2218 4050 Abel.
2247 3996 2463 4065 Quare?
2513 3997 2778 4066 Quoniam
2824 3999 3034 4054 etiamsi
3077 4010 3196 4070 post
3246 4001 3396 4056 illum
3442 3999 3614 4057 fuerit
3643 4043 3662 4066 ,

2063 4095 2238 4163 tamen
2269 4105 2390 4158 qua:
2414 4089 2464 4142 in
2504 4089 2595 4142 illo
2623 4089 2758 4144 facta
2795 4089 3004 4145 fuerant
3051 4092 3391 4147 sufficiebant
3433 4092 3499 4146 ad
3530 4110 3659 4147 cum

2061 4178 2430 4233 avertendum.
2455 4179 2781 4248 Quomodo?
2810 4181 3161 4236 Prmsciverat
3185 4183 3322 4240 Deus
3345 4183 3488 4254 quod
3508 4195 3662 4240 esset

2063 4270 2327 4340 periturus
2359 4287 2372 4323 :
2405 4269 2539 4325 dixit
2566 4272 2709 4325 enim
2737 4271 2801 4327 ad
2840 4271 2970 4327 Cain
3005 4290 3019 4327 :
3055 4271 3305 4340 Peccasti,
3337 4290 3400 4329 ne
3431 4277 3662 4344 amplius

2061 4361 2332 4430 adjeceris.
2363 4363 2447 4417 Ab
2477 4362 2592 4431 ipso
2623 4364 2718 4417 fuit
2745 4363 3057 4432 honoratus,
3097 4376 3152 4421 et
3195 4367 3367 4437 ipsum
3415 4383 3522 4422 non
3573 4380 3662 4424 est

2063 4451 2223 4505 ultus.
2256 4451 2323 4506 Et
2348 4467 2445 4507 nec
2473 4453 2573 4508 hoc
2601 4469 2722 4508 eum
2761 4455 2942 4525 injecit
2969 4457 3018 4510 in
3046 4457 3273 4528 aliquam
3300 4458 3466 4514 animi
3492 4462 3658 4530 tegrio

2063 4543 2316 4597 tudinem.
2337 4543 2450 4597 Non
2477 4543 2610 4598 dixit
2634 4545 2772 4616 apud
2803 4562 2884 4613 se,
2915 4548 3046 4614 Quis
3113 4563 3241 4603 usus
3292 4561 3377 4606 est
3410 4549 3659 4623 laborum

2060 4643 2113 4688 et
2140 4635 2537 4702 periculorum?
2564 4637 2698 4691 Abel
2715 4636 2878 4691 Deum
2896 4637 3197 4705 honoravit,
3221 4650 3272 4694 et
3300 4641 3349 4695 ei
3374 4655 3528 4710 opem
3550 4660 3658 4696 ttull

2063 4727 2195 4780 tulit.
2215 4728 2278 4781 Ei
2307 4727 2449 4781 enim
2474 4728 2561 4797 qui
2582 4740 2909 4796 excesserat,
2939 4729 3064 4800 quid
3097 4731 3293 4800 profuit
3323 4734 3655 4802 supplicium

2061 4833 2168 4886 quo
2188 4816 2469 4872 damnatus
2497 4818 2806 4874 fuitfrater?
2834 4820 3103 4889 quomodo
3126 4831 3303 4884 autem
3335 4823 3448 4878 fieri
3482 4834 3659 4902 ρυιο.-ι

2063 4920 2117 4962 ιιι
2147 4910 2259 4978 ipse
2295 4911 2418 4966 tnde
2462 4911 2692 4981 aliquam
2739 4914 2999 4984 acceperit
3047 4915 3322 4970 utilitatetn
3345 4917 3367 4970 ?
3390 4916 3659 4971 POIHIIIUS

2061 5017 2182 5055 cum
2200 5018 2388 5072 graves
2403 5003 2615 5058 dedisse
2635 5019 2818 5072 parmis
2839 5023 2850 5058 :
2867 5005 3004 5072 Quid
3021 5005 3087 5060 ad
3108 5021 3231 5060 eum
3254 5009 3441 5076 quiest
3462 5009 3528 5063 de
3550 5024 3660 5064 tne-

2065 5096 2152 5146 dio
2178 5094 2458 5150 sublatus?
2485 5095 2626 5150 Nihil
2662 5097 2768 5152 tale
2799 5113 2897 5151 nec
2921 5097 3074 5164 dixit,
3122 5114 3220 5152 nec
3258 5101 3528 5169 cogitavit.
3558 5101 3653 5153 scd

2066 5187 2149 5240 his
2178 5189 2428 5244 munibus
2467 5189 2839 5258 pra‘termissis
2868 5190 3117 5259 cognovit
3147 5190 3288 5259 quod
3319 5191 3361 5245 si
3380 5202 3461 5246 est
3493 5192 3654 5253 Deus,

2070 5297 2081 5348 ι
2104 5291 2312 5334 tatteest
2326 5283 2483 5334 etiam
2502 5291 2874 5336 remuneratur
2891 5298 2904 5334 :
2923 5297 3242 5353 quamquam
3261 5282 3491 5336 nondum
3510 5285 3658 5351 quit:-

2067 5387 2206 5440 paut
2230 5372 2554 5427 sciebantde
2585 5373 2996 5428 resurrectione.
3028 5374 3276 5430 Siautetn
3301 5374 3368 5430 de
3415 5391 3658 5429 resurre-

2133 5483 2207 5546 (a)
2226 5480 2463 5531 Hebralea
2483 5479 2632 5529 verba
2663 5487 2776 5530 sunt
2797 5486 2912 5540 ιτς-ρ
2928 5485 3058 5539 m
3079 5482 3159 5529 ubi
3178 5481 3476 5530 'l‘lteodolion
3501 5484 3671 5542 vertit,

2072 5565 2132 5604 ut
2155 5566 2353 5620 ικγὺειςεν
2377 5561 2398 5600 t
2429 5561 2538 5620 θεὸςῑ
2567 5560 2614 5600 et
2629 5551 2842 5620 incendit
2883 5559 3037 5620 Deus,
3073 5559 3139 5620 ut
3159 5551 3326 5599 videas
3351 5554 3408 5620 _in
3434 5551 3670 5620 Humidus

2071 5611 2271 5671 nostris,
2293 5613 2416 5679 lien.
2439 5613 2486 5667 i,
2515 5611 2569 5669 ei;
2599 5621 2650 5662 et
2669 5615 2976 5662 conﬁrmatur
3002 5627 3061 5662 ex
3085 5611 3363 5673 Hieronymi
3391 5613 3670 5679 testimonio

2070 5676 2270 5742 ibidem.
2311 5674 2461 5733 Syrus
2497 5682 2661 5725 autem
2703 5681 2850 5727 vertit
2887 5688 2948 5724 ut
2972 5683 3167 5734 “etiam”
3191 5686 3208 5724 at
3236 5687 3335 5734 om,
3383 5682 3430 5725 et
3462 5673 3669 5723 libenter

2072 5751 2215 5798 rice}.
2226 5745 2258 5786 tl
2289 5743 2429 5786 [‘cus.
