3980 6142
307 263 415 322 15⁵1

299 375 477 430 ctione
504 376 631 431 nihil
659 379 835 436 adhuc
856 385 1089 441 sciebam
1112 398 1167 444 et
1202 392 1286 445 hic
1316 393 1565 452 videbant
1589 406 1876 484 contraria,

307 467 386 520 sic
411 466 525 522 Deo
554 469 871 538 placuerunt
897 493 912 530 :
949 492 1150 547 quanto
1172 483 1340 554 magis
1368 488 1503 552 nos?
1533 506 1705 559 neque
1734 466 1875 548 enini

308 559 380 613 illi
407 559 653 615 sciebant
691 561 768 620 de
813 568 1247 634 resurrectione,
1303 587 1478 644 neque
1524 576 1590 630 ad
1644 582 1887 650 exempla

307 659 549 719 poterant
584 654 874 721 respicere.
901 656 1009 711 Iloc
1029 660 1242 726 quidem
1271 663 1445 732 ipsum
1478 665 1605 722 fecit
1632 685 1752 725 eum
1777 674 1890 742 pla-

304 756 420 795 cere
441 781 459 808 ,
493 743 637 811 quod
673 743 806 798 nihil
837 750 1143 817 receperit,
1175 751 1270 807 Dic
1301 755 1432 809 mihi
1462 774 1475 810 :
1509 760 1716 815 sciebat
1740 763 1884 832 quod
1977 777 2022 832 ci

303 831 438 886 Deus
490 841 640 887 esset
703 847 1095 892 remunerator.
1165 841 1483 901 Uudenam?

297 924 532 978 nomium
606 925 937 983 reddiderat.
995 930 1354 997 Quamobrem
1408 939 1510 995 alia

294 1107 403 1162 Etsi
439 1124 572 1179 ergo
596 1126 691 1164 vos
713 1151 731 1176 ,
763 1112 950 1178 inquit,
979 1115 1199 1172 videatis
1226 1134 1320 1174 vos
1346 1121 1432 1176 hic
1462 1123 1590 1178 nihil
1616 1128 1874 1197 recipere,

291 1213 355 1252 ne
385 1199 793 1266 perturbemini.
821 1203 1098 1270 Quomodo
1119 1208 1222 1262 ﬁde
1248 1211 1536 1268 translatus
1554 1216 1877 1276 fuitEnoch?
1968 1199 2158 1306 (βιαιὶι,

285 1289 546 1356 Quoniam
589 1293 949 1350 translationis
973 1311 1129 1353 causa
1160 1299 1260 1356 fuit
1287 1306 1426 1373 quod
1464 1307 1573 1362 Deo
1595 1309 1870 1380 placuerit,

285 1380 425 1450 quod
448 1389 630 1436 autem
672 1382 784 1438 Deo
804 1384 1100 1454 placuerit,
1146 1405 1308 1448 causa
1344 1394 1444 1450 fuit
1477 1397 1630 1454 ﬁdes.
1663 1401 1795 1457 Nam
1825 1406 1871 1460 si

285 1473 597 1529 nescivisset
624 1475 767 1545 quod
807 1489 1127 1549 accepturus
1165 1495 1310 1540 esset
1339 1495 1828 1552 remunerationem
1850 1539 1866 1563 ,

280 1568 552 1636 quomodo
585 1568 694 1624 Deo
718 1569 1048 1639 placuisset?
1077 1575 1205 1630 Sine
1233 1579 1335 1646 fide
1359 1593 1529 1637 autem
1557 1586 1868 1655 impossibile

280 1669 351 1712 est
380 1660 580 1728 placere
616 1659 746 1716 Deo.
792 1663 1110 1731 Quomodo?
1153 1668 1207 1725 Si
1233 1673 1374 1728 enim
1415 1676 1867 1752 credideritquis-

283 1753 416 1818 piam
447 1767 567 1808 esse
595 1753 763 1808 Deum
790 1764 846 1811 et
872 1763 1385 1831 remunerationem,
1447 1769 1534 1824 hic
1559 1775 1862 1831 mercedem

280 1840 523 1910 accipiet,
549 1843 688 1899 llinc
719 1848 902 1902 evenit
949 1859 1006 1904 ut
1037 1851 1146 1906 Deo
1178 1855 1459 1923 placuerit.
1490 1860 1706 1918 Credere
1728 1869 1863 1922 enim

281 1943 467 2001 oportet
492 1935 816 1992 accedentem
850 1938 918 1991 ad
958 1938 1120 1996 Deum
1143 1947 1279 2013 quod
1307 1960 1414 2015 est,
1478 1968 1583 2007 non
1610 1957 1735 2026 quid
1766 1960 1855 2014 sit.

282 2025 380 2080 Sed
401 2028 464 2092 si,
495 2027 562 2082 ad
595 2030 926 2087 credendum
945 2037 1082 2104 quod
1092 2039 1190 2116 sit,
1209 2055 1341 2112 opus
1361 2044 1430 2100 sit
1452 2046 1552 2101 fide
1569 2025 1745 2107 etnon
1769 2061 1855 2108 ra-'

283 2119 529 2186 tionibus;
573 2136 644 2176 an
681 2124 808 2193 quid
833 2125 904 2181 sit
929 2129 1134 2186 ratione
1153 2136 1532 2204 comprehendi
1551 2152 1726 2212 potest
1746 2147 1768 2200 ’ἶ
1786 2147 1855 2214 si,

282 2211 413 2278 quod
428 2214 493 2266 sit
513 2225 904 2283 renumerator,
931 2220 1032 2276 lide
1049 2237 1182 2294 opus
1203 2225 1383 2296 habet,
1424 2241 1477 2286 et
1505 2211 1610 2290 non
1647 2211 1857 2296 rationi-

284 2304 375 2359 bus
391 2324 404 2360 :
420 2309 687 2376 quomodo
700 2326 822 2381 quae
838 2322 961 2367 sunt
972 2319 1217 2373 essentitc
1233 2325 1612 2392 comprehendi
1631 2343 1855 2400 possunt

281 2399 714 2458 ratiocinatione?
761 2421 1005 2476 quaenam
1033 2411 1175 2465 enim
1204 2415 1544 2473 ratiocinatio
1572 2399 1643 2477 ea,
1678 2435 1852 2494 potest

279 2493 524 2562 assequi?
571 2495 789 2565 quidam
849 2500 990 2553 enim
1048 2503 1233 2558 dicunt
1277 2523 1403 2564 casu
1466 2513 1591 2568 ferri
1641 2493 1842 2573 omnia.

279 2579 428 2637 Vides
454 2584 593 2653 quod
622 2587 666 2639 si
695 2587 747 2641 in
778 2591 1028 2644 omnibus
1060 2609 1166 2648 non
1197 2598 1502 2667 credamus,
1535 2619 1641 2659 non
1673 2609 1845 2664 solum

278 2669 326 2724 iu
377 2678 836 2745 remuneratione,
912 2682 1006 2736 sed
1055 2686 1214 2740 etiam
1258 2687 1309 2742 in
1369 2690 1470 2747 hoc
1521 2694 1637 2763 ipso
1700 2700 1842 2768 quod

277 2763 342 2816 sit
391 2765 557 2830 Deus,
624 2780 860 2838 pereunt
951 2775 1106 2830 nobis
1164 2783 1384 2835 omnia?
1452 2784 1603 2841 Multi
1667 2763 1842 2848 autem

276 2869 502 2924 quzerunt
521 2863 794 2932 quomodo
823 2867 1110 2923 translatus
1137 2871 1204 2923 sit
1228 2872 1444 2939 Enoeh,
1468 2886 1521 2930 et
1541 2895 1636 2932 cur
1659 2889 1836 2937 trans-

279 2947 434 3015 latus,
478 2965 530 3007 et
555 2967 656 3008 cur
699 2969 804 3009 nou
851 2969 1092 3015 mortuus
1144 2962 1213 3016 sit
1259 2980 1431 3034 neque
1478 2967 1624 3036 ipse,
1669 2987 1843 3043 neque

279 3038 522 3104 Elias;et
565 3045 610 3099 si
650 3046 824 3102 adhuc
879 3049 1098 3120 vivunt,
1143 3056 1414 3124 quomodo
1456 3059 1667 3128 vivant,
1700 3038 1834 3119 et‘in

278 3140 376 3192 quo
391 3128 582 3186 habitu.
603 3131 710 3188 Sed
732 3137 951 3192 omnino
975 3154 1429 3208 supervacaneum
1453 3153 1533 3198 est
1557 3146 1668 3199 haec
1696 3162 1841 3216 qum-

279 3230 402 3272 rere.
438 3220 567 3277 Nam
615 3225 758 3294 quod
811 3227 901 3282 ille
947 3229 1196 3300 quidem,
1249 3250 1442 3305 nempe
1490 3235 1677 3291 Enoch
1706 3277 1720 3302 ,
1768 3237 1838 3292 sit

277 3310 541 3367 translatus
567 3333 583 3380 ;
639 3316 726 3372 hic
762 3333 890 3374 vero
908 3362 924 3387 ,
966 3338 1157 3392 nempe
1180 3325 1324 3380 Elias
1344 3368 1359 3391 ,
1386 3327 1457 3382 sit
1485 3337 1793 3398 assumptus
1819 3369 1834 3393 ,

277 3398 509 3460 dixerunt
554 3405 852 3478 Scriptura:
885 3430 900 3468 :
929 3414 1015 3468 tibi
1058 3425 1236 3471 autem
1277 3419 1424 3486 sint,
1483 3429 1536 3475 et
1565 3420 1838 3490 quomodo

271 3492 387 3560 sint,
413 3513 514 3553 non
534 3501 715 3557 itidem
743 3504 1056 3579 adjecerunt
1078 3525 1091 3561 :
1113 3525 1217 3563 non
1236 3511 1462 3579 amplius
1489 3512 1630 3566 enim
1651 3511 1839 3566 dicunt

251 3599 411 3652 quam
436 3607 554 3660 qute
579 3604 703 3648 sunt
730 3599 1051 3652 necessaria.
1077 3599 1208 3653 Nam
1234 3601 1345 3656 haec
1370 3602 1583 3672 quidem
1609 3604 1835 3658 transla-

264 3674 330 3731 tio
369 3676 501 3734 l'acta
531 3681 630 3738 fuit
676 3686 856 3739 statim
891 3688 959 3740 ab
992 3690 1248 3757 exordio;
1297 3702 1354 3746 ut
1385 3694 1613 3747 humana
1644 3704 1830 3749 natura

236 3782 402 3836 .spem
452 3775 760 3844 acciperet,
807 3779 950 3847 quod
1005 3789 1059 3834 et
1107 3797 1255 3837 mors
1303 3783 1720 3850 dissolveretur,
1781 3795 1837 3840 ct

223 3859 442 3920 ,diaboli
519 3868 760 3935 tyrannis
814 3869 1087 3926 deleretur
1132 3889 1147 3926 :
1189 3874 1366 3944 quod,
1419 3876 1632 3946 inquam
1687 3893 1835 3932 mors

246 3951 634 4009 disstilveretur
687 3975 702 4011 :
769 3960 1060 4016 translatus
1135 3964 1278 4018 enim
1346 3965 1444 4019 luit
1512 3982 1617 4022 non
1691 3983 1833 4022 mor-

215 4049 401 4107 -tnns,
458 4043 556 4098 sed
602 4061 669 4100 ne
725 4048 931 4104 videret
974 4060 1219 4106 mortem.
1267 4054 1552 4124 Propterea
1589 4057 1830 4125 addidit,

212 4129 410 4196 ,V’ivus
473 4143 561 4190 est
639 4139 961 4204 translatus,
1027 4143 1148 4211 quia
1224 4144 1426 4212 placuit
1481 4147 1610 4201 Deo.
1683 4149 1833 4204 Sicut

245 4228 578 4297 cuimpater
605 4230 866 4300 quispiam
896 4233 1129 4288 minatus
1152 4234 1261 4289 ﬁlio
1285 4277 1300 4302 ,
1343 4239 1457 4292 vult
1479 4239 1692 4308 quidem
1720 4252 1832 4296 sta-

244 4318 336 4370 tim
366 4319 545 4373 miuas
573 4323 855 4378 remittere
877 4365 893 4388 ,
925 4325 1138 4394 quando
1166 4327 1325 4382 fuerit
1353 4332 1619 4396 minatus;
1664 4335 1829 4389 susti:

241 4421 330 4464 net
380 4422 562 4466 autem
619 4425 674 4469 et
711 4425 1022 4472 constanter
1074 4421 1347 4488 perdurat,
1373 4434 1431 4478 ut
1458 4426 1668 4482 interim
1701 4445 1829 4484 eum

243 4506 463 4573 castiget
493 4515 550 4560 et
576 4506 900 4577 admoneat,
942 4513 1164 4568 stabiles
1190 4525 1244 4569 ct
1298 4516 1478 4572 ﬁrmas
1506 4520 1688 4575 sincns
1716 4538 1832 4576 ma-

246 4611 369 4651 nere
396 4597 570 4653 minas
597 4615 613 4664 ;
650 4600 722 4653 ita
753 4603 914 4656 etiam
944 4603 1120 4672 Deus,
1151 4623 1299 4662 more
1331 4609 1440 4663 lere
1468 4611 1692 4665 dixerim
1724 4615 1824 4667 hu-

248 4705 436 4752 mano,
472 4706 581 4745 non
613 4693 886 4759 sustinuit,
916 4697 1010 4752 sed
1038 4699 1217 4753 statim
1249 4702 1480 4756 ostendit
1514 4705 1652 4773 quod
1683 4721 1830 4760 mors

249 4783 310 4835 sit
336 4783 537 4837 soluta.
595 4785 663 4839 Et
694 4787 921 4854 primum
965 4790 1093 4845 sinit
1124 4807 1244 4847 esse
1275 4794 1402 4862 justi
1435 4806 1692 4861 mortem,
1736 4815 1829 4867 per

249 4875 406 4927 ﬁlium
435 4876 628 4930 volens
661 4886 866 4934 terrere
889 4889 1113 4948 patrem.
1145 4882 1341 4938 Volens
1370 4887 1511 4939 enim
1540 4889 1826 4942 ostendere

247 4967 379 5033 quod
413 4981 604 5022 revera
635 4977 716 5023 est
744 4971 894 5024 lirma
939 4981 994 5027 et
1019 4975 1225 5028 stabilis
1253 4980 1513 5032 sententia
1539 5027 1550 5042 ,
1581 4997 1684 5034 non
1714 4992 1827 5036 sta-

249 5060 334 5110 tim
378 5059 551 5113 malos
578 5099 593 5121 ,
636 5060 729 5115 sed
759 5063 920 5116 etiam
965 5080 1086 5119 eum
1115 5068 1202 5136 qui
1236 5069 1334 5137 ipsi
1368 5070 1566 5138 placuit
1597 5075 1828 5142 subjecit

247 5153 503 5221 supplicio
525 5195 540 5217 ,
574 5152 788 5208 beatum
813 5197 828 5218 ,
856 5158 1106 5227 inquam,
1139 5161 1282 5213 ἱ11ιιιιι
1308 5163 1531 5217 Λϋριοιιι
1569 5183 1580 5218 :
1611 5176 1663 5220 et
1696 5183 1832 5236 pene

247 5246 415 5299 statim
446 5256 570 5314 post
598 5246 748 5300 illum
781 5251 1056 5304 transtulit
1086 5251 1267 5306 Euoch
1299 5255 1586 5310 viventem.
1628 5259 1692 5312 Et
1726 5277 1828 5315 non

246 5335 382 5388 illum
427 5336 750 5400 suscitavit,
792 5354 858 5392 ne
892 5341 1137 5407 protinus
1189 5343 1411 5398 nimium
1464 5348 1829 5415 coiilidercnl;

246 5428 330 5480 sed
359 5427 501 5482 hunc
549 5430 820 5482 transtulit
853 5430 1157 5498 viventem;
1207 5449 1300 5502 per
1344 5436 1564 5493 Abelem
1606 5441 1825 5509 quidem

249 5526 482 5585 terrens,
538 5535 634 5587 per
664 5519 808 5575 hunc
849 5534 1027 5577 autem
1064 5525 1199 5580 dans
1226 5529 1402 5582 zelum
1428 5541 1483 5585 et
1527 5535 1830 5590 aemulatio-

152 5661 162 5672 ,
250 5625 363 5663 nem
385 5619 441 5662 ut
483 5611 597 5664 Deo
628 5611 921 5679 placerent.
955 5616 1076 5681 Quo
1105 5617 1162 5669 ﬁt
1193 5628 1249 5672 ut
1281 5619 1389 5674 Deo
1414 5639 1518 5675 non
1546 5625 1788 5688 placeant
1815 5671 1827 5693 ,

249 5699 326 5767 qui
350 5696 530 5755 omnia
563 5714 690 5756 casu
745 5704 826 5774 agi
881 5715 932 5760 ct
989 5705 1111 5763 ferri
1143 5709 1344 5776 dicimt,
1379 5718 1431 5764 et
1482 5724 1583 5762 non
1633 5723 1820 5780 exspe-

979 279 1051 336 ΙΝ
1082 281 1299 340 EPIST.
1339 286 1434 343 AD
1473 287 1828 352 ﬂEBR/EOS.
1871 297 2024 358 CAP.
2067 305 2158 362 XI.
2201 310 2431 372 HOMlL.
2478 317 2644 377 XXII.

3455 325 3562 384 153

1983 414 2132 462 ctant
2161 425 2684 492 remunerationem,
2735 434 2794 480 ut
2820 435 2873 484 et
2900 439 3108 503 gentes.
3162 435 3230 489 lis
3279 438 3422 492 enim
3470 443 3562 510 qui

1979 499 2152 569 ipsum
2179 505 2452 575 inquirunt
2481 527 2578 582 per
2604 531 2769 587 opera
2799 530 2854 577 et
2878 499 3241 595 cognitionem
3271 540 3353 585 est
3381 499 3561 588 reuiu-

1981 605 2201 650 ucrator
2231 598 2328 671 (a).

2051 688 2107 741 5.
2134 689 2266 744 Cum
2309 707 2439 764 ergo
2465 695 2726 757 habemus
2752 718 3235 778 remuneratorem,
3267 715 3442 769 omnia
3474 715 3557 771 l‘ao

2027 793 2202 847 amus,
2225 797 2292 837 ne
2321 785 2590 852 privemur
2611 795 2853 851 mercede
2870 813 2986 867 qum
3012 801 3168 856 datur
3184 803 3254 858 ob
3271 807 3516 862 virtutem
3539 826 3553 864 :

1536 849 1689 905 Abeli
1738 855 1881 908 enim
1973 876 2054 922 cst
2080 871 2220 924 enim
2243 875 2422 930 multis
2451 885 2877 952 prosequendum
2916 891 3163 963 lacrymis
3187 896 3346 951 talem
3373 899 3554 968 despi-

1566 947 1877 968 -..-_-_-..-.

1565 947 1878 1013 suggerebat
1970 975 2063 1016 cer

297 1017 466 1082 ratio,
526 1017 662 1073 ﬁdes
703 1029 887 1076 autem
939 1026 1208 1079 contraria
1264 1028 1330 1082 iis
1375 1047 1494 1099 qua:
1540 1035 1877 1094 videbantur.

2064 979 2094 1018 e
2116 971 2624 1030 remunerationem.
2643 976 2713 1032 Ut
2733 981 2874 1035 enim
2894 983 2957 1037 iis
2973 986 3059 1054 qui
3086 987 3258 1056 ipsum
3277 1003 3550 1060 quierunt,

1977 1063 2060 1107 est
2105 1057 2347 1115 redditor
2372 1067 2670 1130 mercedis,
2701 1069 2770 1123 ita
2801 1072 2885 1136 iis,
2925 1079 3015 1144 qui
3056 1078 3226 1146 ipsum
3261 1057 3364 1137 non
3407 1057 3552 1153 qum;

1969 1156 2126 1212 runt,
2167 1154 2540 1222 contrarium;
2620 1159 2880 1229 Quaerite,
2933 1166 3135 1236 inquit,
3192 1181 3241 1225 et
3291 1174 3550 1230 invenietis

2186 1241 2238 1294 7.
2265 1243 2343 1313 7).
2376 1245 2659 1314 Quomodo
2683 1263 2860 1308 autem
2893 1267 3068 1324 potest
3099 1260 3325 1317 inveniri
3360 1265 3548 1320 Domi-

1965 1332 2101 1385 nus?
2127 1331 2309 1404 Cogita
2339 1341 2611 1408 quomodo
2651 1345 2920 1402 invenitur
2946 1364 3136 1405 aurum
3161 1378 3178 1418 ι
3211 1369 3332 1409 cum
3363 1357 3546 1412 multis

1961 1418 2254 1480 laboribus.
2285 1425 2555 1496 Manibus,
2585 1434 2776 1505 inquit,
2807 1439 2931 1492 meis
2959 1449 3106 1494 noctu
3132 1453 3308 1496 contra
3329 1461 3464 1512 eum,
3498 1457 3546 1501 et

1961 1528 2060 1567 non
2085 1530 2198 1569 sum
2226 1515 2464 1588 deceptus
2482 1509 2678 1594 '(Psal.
2707 1528 2796 1583 76.
2823 1529 2902 1600 5).
2933 1529 3047 1586 Hoc
3073 1542 3154 1588 est
3176 1573 3193 1599 ,
3225 1536 3366 1590 sicut
3393 1509 3544 1606 quaa-

1962 1605 2132 1663 rimus
2157 1609 2301 1679 quod
2331 1615 2508 1682 periit,
2529 1616 2600 1670 ita
2621 1618 2785 1674 Deum
2813 1637 3140 1691 quaeramus.
3159 1627 3351 1681 Annon
3377 1638 3540 1684 totam

1961 1709 2194 1756 mentem
2232 1703 2357 1760 illuc
2383 1711 2788 1768 convertimus?
2829 1730 3007 1770 annon
3037 1732 3226 1774 omnes
3269 1723 3540 1776 exainina-

1958 1789 2120 1843 inus?
2143 1805 2320 1847 annon
2342 1810 2566 1866 peregre
2590 1799 3011 1868 proﬁciscimur?
3049 1822 3227 1862 annon
3262 1811 3536 1879 pecuniam

1957 1883 2309 1950 pollicemur?
2358 1887 2422 1943 Ut
2448 1895 2680 1963 exempli
2702 1911 2862 1951 causa
2884 1938 2899 1960 ,
2929 1899 2972 1952 si
3003 1902 3224 1969 perierit
3253 1905 3406 1960 nobis
3433 1907 3535 1960 ali-

1955 1973 2078 2039 quis
2119 1973 2260 2030 ﬁlius
2281 2017 2297 2044 ,
2343 1980 2469 2049 quid
2497 1997 2603 2036 non
2628 1986 2833 2055 agimus
2857 1989 2881 2042 ?
2931 2005 3090 2060 quam
3119 2001 3314 2048 terram
3334 2037 3349 2060 ,
3392 1998 3534 2066 quod

1956 2081 2106 2124 mare.
2134 2086 2240 2126 non
2267 2072 2512 2130 abimus?
2565 2093 2742 2133 annon
2772 2083 3028 2150 pecunias
3049 2125 3065 2150 ,
3119 2094 3173 2139 et
3212 2085 3400 2141 domos
3420 2131 3435 2154 ,
3481 2101 3534 2144 et

1952 2162 2132 2216 omnia
2160 2163 2389 2234 denique
2411 2167 2565 2238 hujus
2595 2171 2903 2228 inventione
2928 2177 3222 2245 posteriora
3248 2178 3534 2235 ducimus?

1951 2261 2008 2308 et
2033 2255 2076 2308 si
2104 2254 2467 2314 invenerimus
2492 2302 2506 2322 ,
2555 2261 2857 2318 detincmus
2880 2307 2896 2329 ,
2938 2269 3356 2338 constringimus
3377 2313 3390 2331 ,
3424 2287 3530 2326 non

1949 2345 2322 2416 relinquimus.
2377 2347 2445 2406 Et
2473 2354 2752 2422 qttrcsituri
2783 2357 2960 2410 omnia
3008 2361 3246 2427 gerimus
3297 2364 3529 2417 utinve-

1950 2438 2159 2493 niamus
2183 2439 2232 2493 id
2255 2441 2394 2510 quod
2421 2445 2675 2511 quteritur
2701 2462 2716 2501 :
2745 2457 2945 2516 quanto
2964 2450 3130 2519 magis
3158 2451 3206 2503 id
3232 2453 3282 2506 in
3314 2453 3422 2508 Deo
3449 2465 3531 2510 est

1948 2530 2276 2600 faciendum,
2307 2551 2426 2590 eum
2475 2538 2766 2607 qtucrcndo
2802 2549 3066 2610 tamquam
3091 2544 3286 2614 aliquid
3325 2563 3391 2602 ex
3439 2565 3530 2603 ne.

1947 2626 2228 2681 cessariis!
2281 2628 2387 2682 imo
2414 2644 2541 2685 vero
2571 2646 2674 2685 non
2725 2631 2830 2698 ita,
2872 2634 2965 2688 sed
3013 2637 3179 2690 multo
3201 2640 3387 2708 magis.
3423 2641 3527 2695 Sed

1946 2718 2197 2784 quoniam
2234 2733 2420 2774 sumus
2469 2721 2760 2787 imbecilli,
2814 2725 3006 2778 saltem
3059 2727 3199 2782 sicut
3244 2740 3298 2783 tu
3329 2734 3526 2799 qua-ris

1950 2810 2202 2875 pecunias
2235 2818 2352 2866 tuas
2373 2852 2388 2878 ,
2411 2823 2502 2868 aut
2531 2814 2718 2880 lilium,
2752 2831 2932 2886 qurere
2967 2819 3151 2874 Deum.
3209 2821 3312 2876 Pro
3338 2839 3402 2878 co
3427 2839 3521 2878 an-

1949 2914 2054 2952 non
2088 2903 2480 2973 peregrinaris?
2527 2920 2706 2961 annon
2738 2923 2833 2978 pro
2875 2910 3116 2978 pecuniis
3142 2927 3203 2968 es
3229 2913 3517 2983 aliquando

1949 2994 2174 3052 peregre
2204 2987 2512 3054 prolectus?
2537 3007 2715 3046 annon
2762 2995 2941 3049 omnia
2981 2998 3190 3051 curiose
3225 3003 3524 3058 scrutaris?

1946 3087 2122 3128 annon
2164 3077 2378 3146 quando
2430 3081 2735 3147 inveneris,
2779 3093 2904 3140 tunc
2943 3087 3204 3144 conﬁdis?
3255 3090 3516 3162 Quini-ue,

1945 3162 2152 3234 inquit,
2205 3177 2253 3220 et
2297 3169 2557 3226 invenietis
2585 3173 2798 3244 (Matth.
2835 3176 2888 3230 7.
2915 3177 2992 3248 7).
3041 3179 3170 3233 Nam
3217 3196 3336 3250 quae
3376 3198 3524 3254 quae-

1943 3265 2155 3321 runtur,
2183 3272 2370 3328 magna
2397 3272 2553 3329 egent
2578 3264 2930 3321 sollicitudine
2952 3308 2968 3331 ,
3023 3269 3074 3323 in
3105 3268 3217 3325 Deo
3243 3273 3475 3327 maxime
3500 3291 3513 3327 :

1943 3347 2107 3402 multa
2174 3352 2316 3404 enim
2379 3363 2503 3409 sunt
2573 3372 2692 3426 qua:
2758 3359 3085 3428 prohibent,
3145 3365 3312 3420 multa
3382 3378 3509 3423 sunt

1941 3451 2062 3505 quas
2104 3439 2383 3496 oﬁ'undunt
2430 3446 2712 3515 tenebras,
2763 3451 2928 3503 multa
2965 3462 3089 3506 sunt
3133 3469 3253 3523 quis
3298 3470 3518 3512 sensum

1943 3540 2184 3585 nostrum
2224 3544 2427 3589 arcent.
2451 3537 2602 3592 Sicut
2644 3539 2788 3593 enim
2834 3542 2916 3595 sol
2955 3553 3038 3597 est
3074 3544 3425 3614 manifestus,
3471 3557 3530 3604 et

1942 3623 2189 3677 omnibus
2221 3625 2271 3678 in
2309 3627 2485 3682 medio
2516 3633 2866 3700 proponitur,
2894 3649 2994 3690 nec
3035 3651 3168 3705 opus
3197 3647 3282 3693 cst
3311 3648 3371 3694 ut
3399 3655 3524 3696 eum

1942 3729 2244 3783 quaeramus
2274 3733 2289 3781 ;
2320 3719 2400 3772 sin
2432 3730 2610 3776 autem
2641 3739 2737 3779 nos
2768 3725 2911 3794 ipsos
2935 3726 3281 3796 inl'odiamus,
3309 3733 3524 3789 etiamsi

1941 3807 2120 3860 omnia
2152 3807 2514 3876 invertamus,
2554 3815 2723 3868 multo
2752 3817 2934 3873 labore
2982 3821 3137 3875 nobis
3174 3839 3308 3892 opus
3348 3836 3431 3880 est
3467 3838 3524 3882 ut

1940 3897 2106 3952 solem
2123 3899 2420 3956 intueamur
2441 3922 2455 3958 :
2473 3904 2543 3957 ita
2572 3905 2657 3958 hic
2679 3922 2910 3978 quoque,
2933 3910 2977 3963 si
3008 3911 3059 3964 in
3086 3913 3346 3981 profundo
3370 3919 3528 3972 mala-

1909 4004 1914 4010 ·
1941 4005 2054 4043 rum
2085 3992 2448 4060 cupiditatum,
2471 3996 2517 4050 si
2543 3997 2594 4050 in
2614 3998 2846 4054 tenebris
2875 4001 3036 4056 animi
3072 4008 3526 4072 perturbationum

1941 4090 1995 4134 et
2021 4097 2196 4136 rerum
2241 4100 2362 4153 qua:
2381 4088 2445 4140 ad
2468 4086 2606 4142 hanc
2627 4089 2784 4144 vitam
2817 4095 3082 4161 pertinent
3134 4112 3232 4152 nos
3279 4100 3528 4155 inl'oderi-

1940 4188 2080 4238 mus,
2114 4174 2200 4228 vix
2220 4190 2428 4231 sursum
2450 4180 2756 4248 aspicimus,
2776 4183 2859 4237 vix
2885 4200 2982 4238 nos
3007 4187 3278 4256 erigimus.
3309 4191 3406 4258 Qui
3438 4203 3519 4247 est

1940 4265 2148 4320 inferne
2175 4267 2425 4335 infossus,
2445 4286 2550 4341 quo
2576 4275 2744 4343 magis
2763 4290 2974 4330 sursum
3003 4281 3294 4348 aspexerit,
3319 4296 3385 4337 eo
3412 4300 3525 4337 ma-

1938 4359 2020 4428 gis
2056 4361 2205 4414 venit
2255 4363 2322 4415 ad
2379 4365 2571 4419 solem.
2619 4366 2902 4422 Pulverem
2951 4385 3079 4440 ergo
3137 4372 3474 4431 excutiamus
3505 4417 3521 4435 .

1938 4450 2093 4504 nobis
2111 4452 2406 4521 impositam
2435 4455 2710 4526 caliginem
2735 4459 3120 4531 perfringamus
3144 4481 3157 4517 τ
3182 4464 3345 4519 densa
3371 4478 3451 4520 est
3471 4477 3524 4522 ct

1898 4573 1902 4575 »
1939 4543 2257 4611 constipata,
2283 4553 2454 4600 etnon
2477 4547 2602 4602 sinit
2629 4563 2725 4603 nos
2741 4565 2950 4606 sursum
2967 4555 3228 4622 aspicere.
3245 4555 3523 4621 Quomodo

1939 4642 2146 4694 autem,
2181 4635 2367 4706 inquit,
2398 4638 2743 4709 perfringitur
2789 4657 2850 4696 ea
2879 4643 3082 4697 nubes?
3131 4644 3184 4698 Si
3233 4650 3520 4700 attraxeri-

1893 4756 1898 4760 -
1939 4741 2059 4779 mus
2085 4725 2263 4781 radios
2309 4730 2561 4798 spiritalis
2589 4732 2718 4786 solis
2743 4773 2760 4799 ,
2811 4734 2941 4787 solis
2971 4733 3214 4803 justitim,
3260 4737 3302 4789 si
3334 4752 3521 4793 manus

1939 4817 2004 4871 ad
2026 4821 2212 4874 Ciclutn
2244 4822 2551 4878 attollamus
2577 4842 2589 4878 :
2624 4825 2874 4889 Elevatio,
2902 4827 3088 4894 inquit,
3111 4844 3350 4880 manuum
3379 4847 3515 4882 mert—

1939 4927 2052 4963 rum
2088 4911 2391 4979 sacri/icium
2442 4916 2771 4983 vespertinum
2812 4916 2983 4985 (Psnl.
3016 4916 3142 4971 MO.
3173 4918 3231 4982 2)
3263 4936 3274 4971 :
3304 4920 3348 4972 si
3395 4936 3514 4974 cum

1947 5003 2192 5055 manibus
2237 5015 2467 5058 tuentem
2513 5021 2726 5076 quoque
2773 5008 3140 5063 sustollamus.
3187 5008 3349 5063 Scitis
3401 5026 3513 5079 qum

1939 5095 2081 5160 dico,
2132 5111 2228 5149 vos
2256 5097 2343 5166 qui
2386 5099 2648 5167 mysteriis
2679 5100 2807 5154 estis
2845 5100 3030 5153 initiati
3057 5119 3071 5153 :
3101 5099 3322 5154 fortasse
3352 5117 3511 5171 agno-

1885 5215 1888 5218 ~
1938 5188 2086 5242 scitis
2125 5188 2266 5256 quod
2308 5188 2505 5242 dictum
2532 5197 2634 5253 est,
2667 5190 2964 5259 perspicitis
2990 5190 3131 5260 quod
3161 5191 3316 5244 tacite
3345 5192 3509 5245 innui.

1941 5279 2162 5332 Sursum
2192 5280 2433 5332 tollamus
2456 5290 2684 5333 nostram
2703 5281 3098 5349 cogitationem.
3117 5281 3244 5335 Novi
3266 5298 3362 5351 ego
3391 5285 3532 5338 mu'-

1880 5406 1883 5411 ι
1942 5380 2022 5424 tos
2038 5373 2180 5426 viros
2206 5387 2234 5424 a
2257 5384 2390 5426 terra
2409 5371 2518 5427 fere
2537 5372 2848 5442 pendentes,
2864 5383 2916 5428 et
2937 5374 3070 5428 ultra
3092 5373 3305 5429 modum
3330 5390 3518 5428 manus

1941 5464 2314 5527 extendentes,
2361 5475 2414 5518 ct
2457 5480 2598 5532 a‘gre
2639 5463 2869 5517 ferentes
2911 5464 3050 5534 quod
3082 5481 3182 5518 non
3212 5467 3376 5534 possit
3408 5465 3520 5521 ιίιιιί

1941 5567 1999 5612 ιιι
2024 5557 2129 5610 sint
2161 5560 2210 5610 in
2247 5572 2369 5611 aere
2401 5557 2644 5621 sublimo,
2694 5563 2747 5610 ct
2771 5557 2837 5611 ita
2863 5565 3138 5626 precantes
3173 5574 3292 5611 cum
3317 5575 3504 5628 magna

2013 5657 2088 5715 (η)
2114 5657 2163 5704 ln
2189 5657 2304 5723 inec
2329 5659 2474 5705 vch
2512 5657 2690 5707 desinit
2722 5657 2932 5708 humilia.
2973 5659 3033 5709 Ει
3064 5660 3280 5723 qumdam
3305 5664 3355 5711 in
3389 5660 3527 5714 Coll.

1951 5732 2025 5765 mu
2043 5734 2069 5767 c
2095 5718 2284 5767 confusa
2313 5727 2357 5767 ct
2385 5723 2619 5781 permixta
2646 5729 2772 5770 sunt.
