3980 6142
354 368 380 390 [1

319 371 410 427 iiii

320 495 375 547 in
402 491 775 558 hereditatem;
819 503 866 548 et
903 495 1025 548 exiit
1053 497 1279 552 nesciens
1304 515 1402 570 quo
1427 500 1538 555 iret.
1567 503 1623 558 9.
1663 504 1794 560 Fide
1821 499 1916 560 de?

319 593 543 637 moratus
568 595 642 637 est
669 584 722 638 in
753 595 886 638 terra
916 574 1321 656 repromissionis
1351 601 1607 662 tamquam
1637 595 1688 649 in
1719 597 1907 666 aliena,

317 675 367 728 in
395 675 584 728 casulis
627 675 906 730 habitando
940 693 1054 730 cum
1094 677 1247 733 Isaac
1285 689 1333 734 et
1373 680 1534 736 Jacob
1571 685 1908 743 coheredibus:

318 766 724 834 repromissionis
750 767 995 836 ejusdem.
1024 768 1192 836 Quem
1216 771 1356 826 enim
1387 773 1539 841 vidit,
1563 774 1649 831 dic
1675 777 1825 845 mihi,
1851 791 1906 834 ut

314 873 428 910 eum
458 857 854 912 :emularetur?
882 869 1085 927 patrem
1136 860 1321 918 habuit
1359 864 1610 934 geutilem
1651 879 1704 922 et
1737 869 1906 923 idolo-

315 947 518 1015 latratu,
554 965 660 1002 non
694 947 939 1004 audierat
975 951 1284 1021 prophetas,
1329 956 1602 1012 nesciebat
1631 974 1737 1028 quo
1778 959 1900 1017 iret.

311 1039 435 1093 Nam
463 1041 718 1109 quoniam
757 1040 823 1095 ad
860 1056 952 1097 eos
977 1043 1312 1113 aspiciebant
1341 1047 1430 1116 qui
1462 1048 1805 1106 crediderant
1834 1069 1899 1108 ex

309 1130 547 1186 llebra-is
572 1173 587 1198 ,
635 1140 692 1186 ut
734 1133 826 1202 qui
864 1133 1000 1188 bona
1045 1137 1418 1206 percepissent
1460 1139 1895 1209 innumerabilia,

306 1223 541 1278 ostendit
575 1223 718 1294 quod
745 1225 921 1280 nullus
948 1226 1121 1282 adhuc
1151 1229 1439 1301 quidquam
1471 1235 1758 1306 acceperit,
1798 1240 1896 1294 sed

302 1330 489 1370 omnes
533 1317 641 1370 sint
669 1333 696 1370 a
731 1318 950 1387 praemio
984 1320 1272 1388 immunes,
1305 1332 1360 1378 et
1399 1325 1576 1380 nullus
1607 1328 1895 1386 adhuc-ul-

303 1408 404 1461 lam
448 1406 698 1463 habuerit
732 1412 1243 1468 remunerationem.
1287 1413 1502 1471 Excidit
1545 1418 1633 1473 ille
1661 1428 1714 1476 et
1742 1435 1772 1476 a
1801 1438 1894 1492 pa-

301 1501 397 1554 tria
428 1511 482 1556 et
510 1519 537 1556 a
570 1502 753 1570 domo,
799 1514 854 1561 et
898 1507 1027 1561 exiit
1067 1507 1316 1564 nesciens
1356 1526 1462 1581 quo
1498 1512 1618 1568 iret.
1657 1515 1722 1569 Et
1763 1513 1893 1586 quid

299 1592 489 1645 mirum
521 1594 564 1648 si
600 1595 732 1664 ipse,
767 1611 886 1651 cuin
912 1597 1026 1662 ejus
1052 1615 1266 1669 quoque
1291 1616 1474 1657 semen
1500 1604 1580 1661 sic
1601 1604 1889 1663 habitarit?

299 1683 495 1741 Videas
526 1688 740 1757 quidem
771 1700 916 1745 certe
948 1706 1051 1744 non
1082 1691 1287 1762 impleri
1313 1696 1746 1764 promissionem,
1776 1716 1880 1756 nou

299 1777 565 1849 elanguit;
599 1779 730 1834 dixit
760 1782 901 1837 enim
937 1800 950 1836 :
987 1771 1098 1836 Tibi
1119 1783 1248 1838 dabo
1271 1787 1619 1855 terram/iane,
1640 1799 1685 1843 et
1704 1793 1886 1847 semini

293 1882 373 1926 tuo
401 1870 555 1941 (Cen.
593 1872 678 1926 12.
698 1873 779 1942 7).
808 1873 949 1927 Vidit
979 1872 1145 1929 ﬁlium
1184 1876 1292 1930 illic
1319 1875 1670 1948 habitantem,
1701 1891 1755 1934 et
1784 1897 1881 1938 ne-

289 1979 382 2031 pus
407 1980 598 2020 rursus
623 1979 682 2020 se
712 1965 842 2026 vidit
870 1965 1193 2022 habitantem
1241 1968 1293 2022 in
1325 1969 1520 2036 aliena,
1553 1979 1606 2025 et
1659 1986 1763 2027 non
1797 1983 1880 2029 est

291 2056 552 2109 turbatus.
592 2054 726 2110 Nam
764 2057 906 2127 quod
933 2056 998 2111 ad
1024 2058 1297 2113 Abraham
1330 2059 1546 2130 quidem
1575 2062 1788 2130 attinet,
1822 2064 1874 2120 id

288 2145 378 2200 luit
420 2148 550 2199 satis
595 2159 1037 2215 consentaneum,
1081 2158 1266 2219 utpote
1305 2150 1447 2220 quod
1477 2152 1761 2220 promissio
1789 2155 1858 2209 ad

287 2235 525 2289 effectum
558 2247 744 2306 postea
788 2246 933 2292 esset
978 2238 1294 2294 deducenda
1325 2240 1377 2294 in
1418 2255 1616 2310 genere
1662 2243 1867 2313 ipsius;

292 2327 612 2389 quamquam
652 2323 751 2392 ipsi
798 2339 1011 2395 quoque
1057 2327 1256 2382 dictum
1301 2337 1403 2395 est,
1445 2331 1565 2386 Tibi
1608 2345 1654 2388 et
1690 2333 1875 2391 semini

293 2417 370 2460 tuo
401 2426 420 2463 :
447 2427 576 2477 non,
612 2413 714 2468 Per
743 2430 926 2470 semen
960 2426 1105 2471 tutnn
1138 2418 1252 2483 tibi,
1285 2419 1400 2484 sed,
1448 2419 1565 2476 Tibi
1597 2433 1645 2475 et
1690 2421 1876 2475 semini

293 2510 372 2554 tuo
399 2518 419 2555 :
447 2512 500 2558 et
528 2519 631 2560 nec
668 2505 804 2576 ipse,
856 2523 955 2563 nec
997 2508 1162 2573 Isaac,
1211 2526 1310 2565 nec
1337 2510 1502 2566 Jacob
1529 2510 1710 2581 adepti
1750 2521 1875 2566 sunt

294 2595 722 2662 promissionem.
778 2598 911 2653 Nam
962 2599 1049 2656 hic
1093 2601 1308 2670 quidem
1364 2603 1612 2658 mercede
1666 2603 1870 2665 serviit,

291 2686 418 2742 alius
448 2704 580 2743 vero
609 2700 689 2744 est
716 2692 987 2761 expulsus,
1022 2693 1158 2748 alius
1185 2708 1312 2748 vero
1350 2694 1510 2748 etiam
1553 2693 1745 2749 timens
1775 2709 1871 2748 ex-

289 2779 452 2845 cidit;
482 2791 538 2835 et
567 2781 669 2835 alia
702 2783 916 2853 quidem
949 2784 1092 2839 bello
1136 2786 1298 2855 cepit,
1328 2785 1428 2841 alia
1459 2794 1636 2842 autem
1680 2785 1874 2856 periis-

287 2879 426 2937 sent,
460 2871 564 2924 nisi
607 2873 701 2927 Dei
738 2875 837 2943 ipsi
883 2875 1143 2931 adfuisset
1171 2876 1425 2931 auxilium
1454 2875 1551 2950 (a).
1583 2877 1873 2948 Propterea

289 2962 412 3016 dicit
445 2982 457 3016 :
491 2964 620 3017 Cum
650 2955 920 3020 heredibus
942 2967 1165 3036 ejusdem
1198 2968 1565 3038 promissionis.
1593 2967 1708 3023 Non
1735 2968 1872 3037 ipse,

290 3057 477 3125 inquit,
523 3058 691 3124 solus,
725 3059 819 3114 sed
860 3061 1020 3115 etiam
1052 3063 1168 3130 ejus
1199 3060 1444 3117 heredes.
1489 3061 1694 3117 Deinde
1730 3060 1870 3116 aliud

287 3163 350 3201 ex
379 3149 543 3203 dictis
580 3150 777 3206 clarius
815 3152 1075 3217 enuntiat,
1122 3153 1349 3208 dicens:
1380 3153 1542 3208 Juxta
1582 3154 1734 3222 ﬁdem
1781 3152 1870 3208 de-

285 3240 441 3306 functi
484 3252 604 3296 sunt
649 3261 821 3298 omnes
862 3245 948 3299 isti
994 3263 1094 3300 non
1139 3247 1359 3316 acceptis
1402 3246 1875 3318 repromissionibus

287 3331 434 3403 (Gen.
457 3334 541 3388 12.
567 3334 652 3404 l3)
667 3335 876 3405 .Operte
899 3339 1125 3407 pretium
1137 3352 1219 3394 est
1237 3339 1322 3394 hic
1342 3339 1447 3394 duo
1469 3354 1728 3409 quzerere,
1744 3354 1876 3410 quo-

288 3425 444 3478 modo
481 3441 604 3480 cum
647 3426 841 3481 dixerit
867 3429 1006 3500 quod
1042 3430 1308 3484 transtulit
1336 3430 1542 3497 Enoch,
1575 3441 1631 3485 ut
1662 3446 1765 3485 non
1795 3432 1874 3485 vi-

283 3517 434 3571 deret
481 3525 735 3583 mortem,
777 3529 831 3574 et
885 3536 988 3574 non
1044 3521 1436 3588 inveniebatur,
1494 3523 1623 3578 dicit
1663 3523 1868 3577 :Juxta

281 3593 431 3676 ﬁdem
475 3611 702 3681 defuncti
745 3623 861 3667 sunt
891 3629 1062 3668 omnes
1091 3614 1193 3670 isti.
1225 3615 1293 3669 Et
1323 3631 1528 3680 rursus,
1559 3631 1678 3671 cum
1717 3616 1867 3672 dixe-

282 3702 371 3764 rit,
405 3701 529 3756 Non
562 3704 780 3773 acceptis
812 3706 1249 3775 promissionibus,
1293 3706 1421 3762 dicit
1448 3707 1559 3762 Noe
1599 3708 1870 3778 accepisse

281 3793 587 3849 mercedem
620 3793 844 3850 salutem
872 3796 1063 3852 domus
1091 3812 1223 3862 suae,
1255 3811 1306 3854 et
1337 3799 1519 3853 Enoch
1549 3813 1668 3854 esse
1699 3808 1871 3854 trans-

281 3884 468 3950 latum,
504 3896 560 3942 et
601 3887 736 3941 Abel
779 3887 954 3943 adhuc
993 3889 1157 3959 loqui,
1203 3899 1256 3944 et
1285 3890 1552 3944 Abraham
1587 3891 1862 3960 accepisse

281 3986 502 4043 terram,
557 3986 614 4032 et.
654 3978 827 4033 dicit:
861 3979 1021 4034 Juxta
1064 3982 1219 4049 fidem
1263 3982 1492 4053 defuncti
1539 3977 1869 4038 sunt'omnes

278 4069 377 4134 isti,
409 4087 514 4123 non
549 4071 767 4140 acceptis
811 4072 1248 4142 promissionibus.
1289 4073 1426 4140 Quid
1474 4088 1603 4144 ergo
1639 4073 1752 4128 vult
1779 4073 1864 4127 di-

276 4173 399 4214 cere
416 4159 441 4211 ?
461 4159 696 4215 Necesse
721 4168 804 4214 est
826 4161 1053 4230 primum
1081 4162 1310 4228 solvere,
1339 4162 1532 4218 deinde
1550 4158 1864 4219 secundum.

276 4254 436 4310 Juxta
477 4256 634 4324 fidem
677 4257 863 4309 mortui
904 4265 1041 4323 sunt,
1073 4257 1267 4327 inquit,
1309 4273 1481 4311 omnes
1517 4258 1619 4311 isti.
1658 4257 1864 4325 Omnes,

271 4362 379 4402 non
408 4348 665 4417 quoniam
694 4362 880 4402 omnes
926 4357 1048 4402 sunt
1080 4348 1294 4412 mortui,
1340 4348 1435 4403 sed
1480 4349 1730 4418 quoniam
1772 4349 1867 4404 illo

273 4447 498 4508 excepto
510 4453 702 4493 omnes
722 4438 808 4493 isti
833 4449 958 4493 sunt
975 4440 1194 4504 mortui,
1208 4453 1345 4509 quos
1359 4438 1561 4491 scimus
1578 4451 1697 4490 esse
1711 4450 1858 4490 mor-

276 4539 416 4584 tuos.
441 4529 578 4583 Illud
600 4531 932 4592 autemJVon
949 4533 1173 4601 acceptis
1195 4527 1747 4599 promissionibus,est
1765 4542 1856 4582 ve-

273 4635 385 4675 rum
407 4639 420 4675 :
442 4635 552 4674 non
573 4619 673 4674 hoc
689 4619 829 4674 enim
849 4619 1079 4674 futurum
1111 4621 1415 4675 enuntiabat
1431 4619 1541 4675 Noe
1555 4619 1860 4690 promissio.

338 4712 392 4766 2.
435 4712 585 4780 Quas
617 4720 794 4765 autem
831 4711 962 4764 dicit
998 4710 1417 4781 promissiones?
1460 4712 1604 4765 Isaac
1639 4709 1854 4780 quidem

274 4814 318 4857 et
345 4804 512 4859 Jaco‘b
544 4811 867 4870 acceperunt
893 4811 1045 4856 terrae
1070 4801 1488 4872 promissioues;
1513 4801 1623 4856 Noe
1650 4809 1857 4866 autem,

277 4885 402 4940 Abel
453 4893 508 4937 et
536 4883 727 4939 Euoch
769 4898 1025 4954 quasnam
1069 4895 1391 4955 acceperunt
1433 4887 1863 4955 promissiones?

276 4981 374 5033 Aut
399 4993 533 5048 ergo
577 4977 706 5032 dicit
749 4977 817 5032 de
863 4979 944 5032 his
978 4978 1144 5032 tribus
1180 4997 1191 5031 :
1226 4989 1314 5032 aut
1348 4979 1392 5033 si
1426 4980 1585 5033 etiam
1627 4980 1692 5033 de
1735 4978 1858 5043 illis,

276 5085 376 5124 non
408 5071 511 5125 hoc
538 5079 656 5124 erat
702 5070 1010 5139 promissio,
1060 5071 1200 5139 quod
1243 5072 1375 5125 Abel
1423 5071 1517 5125 fuit
1556 5073 1764 5126 habitus
1809 5069 1859 5126 in

276 5163 661 5223 admiratione.
733 5163 876 5232 quod
936 5163 1122 5217 Euoch
1190 5164 1291 5218 fuit
1346 5165 1651 5230 translatus,
1717 5166 1857 5234 quod

276 5265 523 5310 servatus
575 5257 669 5308 fuit
700 5254 853 5319 Noe;
885 5255 978 5310 sed
1029 5256 1143 5309 lnnc
1191 5256 1406 5326 quidem
1458 5257 1535 5311 eis
1567 5268 1858 5312 evenerunt

278 5357 492 5415 propter
512 5329 790 5412 virtutem,
824 5355 975 5400 erant
998 5356 1176 5400 autem
1203 5347 1416 5416 quidam
1446 5356 1631 5418 gustus
1654 5349 1860 5402 futuro-

277 5450 413 5492 rum.
445 5437 588 5492 Deus
627 5438 771 5492 enim
815 5453 935 5491 cum
973 5437 1174 5491 videret
1198 5440 1266 5491 ab
1299 5439 1451 5492 initio
1478 5453 1647 5508 genus
1670 5438 1859 5492 huma-

278 5544 399 5584 num
430 5545 566 5599 opus
593 5529 796 5584 habere
825 5537 880 5582 ut
910 5529 974 5582 ad
1005 5530 1122 5596 ejus
1149 5540 1362 5597 captum
1396 5545 1452 5584 se
1482 5528 1859 5583 accommoda-

275 5631 375 5688 ret,
407 5638 515 5676 non
561 5624 733 5676 solum
784 5620 980 5684 futura,
1011 5620 1104 5674 sed
1151 5630 1204 5675 et
1247 5636 1366 5687 quae
1410 5621 1494 5676 hic
1537 5629 1660 5675 sunt
1706 5621 1858 5676 nobis

322 5816 395 5879 (Δ)
416 5814 509 5865 llic
533 5813 695 5876 incipit
717 5807 917 5859 humilia
936 5819 1071 5868 xxtu,
1088 5807 1136 5855 in
1160 5806 1334 5857 Codice
1354 5805 1486 5857 Colb.

1098 370 1161 426 IN
1205 372 1414 428 EPIST.
1455 376 1546 430 AD
1585 376 1944 436 ΠΕΒΒᾸΞΟΞ.
1988 381 2140 438 (ἋΡ.
2187 384 2274 441 XI.
2319 388 2550 448 HOMIL.
2593 394 2783 453 XXIII.

3494 402 3593 460 162

2007 502 2217 557 donat:
2255 514 2310 557 ut
2355 506 2497 574 quod
2543 507 2790 563 Christus
2835 508 3047 566 dicebat
3101 512 3381 583 discipulis
3423 533 3436 570 :
3488 517 3590 583 Qui

2004 593 2197 646 dimisit
2237 595 2435 660 domos,
2482 607 2570 649 aut
2603 603 2809 667 fratres,
2856 611 2943 654 aut
2985 619 3202 669 sorores,
3246 616 3334 658 ant
3373 619 3588 676 patrem,

2002 693 2092 736 aut
2118 693 2347 750 matrem,
2377 690 2668 756 centnpt'um
2691 692 2918 760 accipiet,
2947 706 2994 746 et
3021 695 3172 748 vitam
3197 707 3437 752 teter-nant
3467 716 3588 768 pos-

2000 774 2179 827 sidebit
2208 773 2422 845 (Matth.
2457 778 2544 832 t9.
2583 779 2731 849 29);
2775 791 2830 836 et
2859 799 3065 850 rursus,
3117 787 3341 853 Qum-ite
3379 806 3590 860 regnum

2003 864 2118 930 Dei,
2163 876 2210 918 et
2254 869 2360 921 lucc
2403 872 2574 924 omnia
2613 873 2921 942 adjicientur
2957 879 3092 932 vobis
3130 879 3344 948 (Matth.
3375 883 3428 938 6.
3472 885 3584 951 55).

2004 958 2162 1012 Vides
2192 958 2304 1014 haec
2329 962 2487 1015 etiam
2519 964 2569 1017 in
2599 975 2749 1032 parte
2770 971 3095 1024 accessionis
3120 975 3186 1027 ab
3207 989 3272 1028 eo
3299 989 3418 1030 esse
3441 976 3583 1043 data,

2004 1065 2069 1104 ne
2108 1051 2506 1122 defatigemur?
2537 1054 2666 1109 Nam
2699 1067 2757 1111 ut
2787 1059 3027 1127 athleta‘,
3062 1063 3222 1116 etiam
3255 1067 3469 1136 quando
3495 1068 3588 1122 de-

2001 1152 2242 1210 certant,
2287 1146 2532 1200 fruuntur
2574 1147 2788 1217 quidem
2829 1154 3124 1219 curatione,
3163 1157 3260 1211 sed
3307 1174 3411 1213 non
3464 1169 3586 1214 tunc

1999 1235 2144 1286 omni
2203 1235 2386 1303 requie
2427 1245 2484 1290 et
2529 1238 2856 1295 relaxatione
2900 1242 3163 1311 fruuntur,
3212 1248 3448 1304 viventes
3487 1253 3586 1306 sub

1995 1327 2131 1394 lege,
2165 1325 2257 1379 sed
2290 1338 2470 1394 posma
2491 1326 2737 1384 fruuntur
2762 1333 3007 1389 universa
3039 1353 3052 1389 :
3083 1337 3164 1392 sic
3197 1339 3336 1394 Deus
3373 1356 3584 1411 qualus

1996 1433 2099 1470 non
2148 1417 2237 1470 dat
2273 1416 2358 1472 hic
2403 1427 2461 1472 ut
2520 1420 2687 1476 simus
2727 1425 3011 1494 participes
3055 1429 3228 1483 omnis
3279 1431 3474 1500 quietis
3529 1443 3585 1487 et

1994 1509 2356 1562 relaxationis.
2401 1508 2532 1562 Nam
2576 1510 2664 1566 hic
2704 1516 2863 1569 etiam
2907 1517 2998 1572 dat
3048 1520 3282 1588 quidem,
3322 1532 3379 1577 at
3418 1534 3580 1580 totam

1993 1601 2400 1670 promissionem
2429 1603 2479 1655 in
2516 1602 2752 1662 futurum
2794 1613 3104 1668 reservavit.
3134 1613 3200 1668 Et
3226 1617 3364 1685 quod
3397 1634 3483 1673 res
3510 1620 3579 1674 ita

1992 1693 2081 1758 sit,
2111 1693 2398 1752 declaravit
2433 1701 2514 1756 his
2543 1703 2719 1758 verbis
2743 1721 2756 1756 :
2785 1705 2890 1758 Sed
2928 1723 3012 1760 eas
3040 1724 3070 1758 a
3110 1709 3257 1780 longe
3286 1713 3580 1780 aspicientes

1991 1793 2038 1836 et
2086 1785 2380 1843 salutantes.
2431 1791 2526 1847 llic
2579 1795 2860 1864 mysticum
2901 1798 3168 1868 quidpiam
3226 1803 3526 1858 subindicat
3557 1843 3573 1870 ,

1993 1889 2186 1944 nempe
2215 1879 2352 1947 quod
2383 1895 2704 1950 acceperunt
2730 1886 2905 1940 omnia
2946 1904 3063 1957 qmc
3102 1890 3170 1946 de
3225 1892 3411 1948 futuris
3438 1896 3574 1949 dicta

1989 1974 2130 2029 sunt,
2159 1966 2225 2022 de
2248 1972 2654 2041 resurreCtioue,
2674 1975 2742 2029 de
2765 1992 2927 2046 regno
2947 1980 3220 2046 cal-lorum,
3243 1982 3310 2036 de
3339 1984 3477 2050 aliis,
3507 1987 3578 2045 de

1987 2057 2178 2126 quibus
2196 2060 2458 2129 Christus,
2492 2081 2614 2121 eum
2662 2070 2913 2136 venisset,
2959 2074 3576 2141 praedicavit:hasenim

1987 2146 2115 2201 dicit
2145 2152 2548 2217 promissiones.
2589 2158 2695 2212 Aut
2724 2159 2825 2213 hoc
2851 2161 2997 2228 dicit,
3029 2174 3120 2218 aut
3156 2167 3296 2235 quod
3333 2183 3427 2225 eas
3454 2174 3575 2244 qui—

1989 2237 2111 2292 dem
2159 2256 2265 2296 non
2312 2259 2652 2315 acceperunt,
2693 2261 2840 2306 certa
2868 2263 3045 2308 autem
3095 2255 3164 2312 de
3192 2259 3272 2313 eis
3316 2274 3574 2334 concepta

1987 2329 2178 2386 ﬁducia
2233 2349 2614 2406 excesserunt;
2665 2342 2777 2397 sola
2814 2354 3008 2400 autem
3040 2347 3142 2402 lidc
3162 2359 3370 2408 certam
3391 2356 3460 2411 de
3497 2359 3576 2412 eis

1983 2432 2356 2492 conceperant
2408 2427 2677 2498 ﬁduciam,
2738 2436 2924 2501 procul
2967 2451 3059 2491 eas
3107 2439 3372 2511 videntes,
3406 2448 3576 2518 inquit

1995 2523 2191 2578 nempe
2234 2523 2360 2569 ante
2412 2527 2641 2586 quatuor
2678 2525 3052 2590 generationes
3097 2542 3112 2582 :
3161 2548 3282 2586 nam
3331 2546 3451 2603 post
3498 2547 3575 2592 tot

1984 2604 2354 2667 generationes
2392 2607 2747 2662 ascenderunt
2778 2624 2845 2665 ex
2874 2610 3126 2684 Egypte.
3159 2614 3226 2670 Et
3253 2619 3533 2673 salutantes
3555 2649 3570 2675 ν

1982 2690 2171 2761 inquit,
2200 2702 2247 2746 et
2276 2694 2451 2749 laetati.
2480 2696 2611 2752 Tam
2639 2709 2784 2754 certa
2813 2701 2880 2756 de
2922 2699 3054 2772 ipsis
3082 2715 3200 2759 erat
3226 2708 3312 2763 eis
3339 2724 3565 2778 persua-

1980 2783 2082 2848 sio,
2115 2794 2172 2839 ut
2200 2800 2293 2840 eas
2328 2789 2490 2843 etiam
2520 2791 2818 2847 salutarent
2851 2810 2865 2846 :
2895 2808 2924 2847 a
2955 2797 3268 2867 metaphora
3307 2804 3566 2871 navigan.

1981 2876 2109 2929 tium
2140 2878 2287 2944 dicit,
2319 2889 2373 2934 et
2401 2885 2584 2951 procul
2632 2884 2924 2942 videntium
2966 2891 3211 2946 civitates
3251 2908 3383 2963 quas
3428 2896 3570 2949 desi-

1980 2966 2189 3034 derant,
2241 2985 2377 3040 quas
2429 2973 2736 3044 priusquam
2789 2977 2840 3031 in
2891 2979 3034 3049 ipsas
3074 2981 3301 3052 ingressi
3347 2985 3567 3052 fuerint,

1979 3061 2384 3128 compellatione
2404 3074 2586 3134 captas
2605 3067 2706 3121 sibi
2732 3071 3050 3126 attribuunt.
3080 3073 3166 3128 10.
3195 3074 3567 3144 Exspectabam

1979 3152 2131 3215 enim,
2181 3153 2370 3223 inquit,
2419 3159 2750 3226 fundamenta
2794 3165 3056 3219 habentem
3097 3169 3379 3235 civitatem,
3421 3173 3570 3242 cujus

1977 3244 2164 3312 artifex
2183 3255 2228 3298 et
2249 3248 2482 3302 conditor
2508 3249 2669 3305 Deus.
2703 3253 2861 3310 Vides
2884 3258 3024 3326 quod
3053 3259 3202 3323 illud,
3227 3262 3564 3332 Acceperunt,

1977 3344 2056 3389 est
2083 3349 2392 3407 exspectare
2424 3352 2474 3396 et
2511 3343 2576 3398 de
2613 3345 2691 3400 eis
2721 3348 3029 3406 conlidere?
3056 3351 3110 3406 Si
3137 3369 3264 3424 ergo
3296 3357 3567 3411 conlidere

1975 3437 2057 3482 est
2082 3431 2373 3500 accepisse,
2408 3435 2566 3488 nobis
2601 3452 2811 3508 quoque
2840 3440 2962 3496 licet
2992 3443 3256 3513 accipere.
3282 3446 3372 3500 lsti
3395 3449 3565 3516 enim,

1973 3521 2073 3574 etsi
2106 3521 2170 3574 iis
2197 3538 2304 3576 non
2336 3533 2459 3579 sunt
2488 3528 2662 3595 potiti,
2693 3529 2963 3586 deSiderio
2993 3543 3167 3588 tamen
3200 3551 3290 3589 eas
3319 3548 3564 3592 contem-

1973 3609 2279 3679 plabantur.
2321 3613 2431 3668 Cur
2479 3625 2657 3672 autem
2708 3620 2821 3675 haec
2869 3622 3045 3676 ﬁunt?
3084 3623 3152 3678 Ut
3199 3641 3297 3680 nos
3346 3627 3559 3696 pudeat,

1972 3702 2112 3770 quod
2158 3703 2232 3757 illi
2279 3705 2516 3774 quidem,
2551 3722 2671 3761 cum
2705 3711 3149 3778 promittereutur
3192 3731 3311 3784 qua:
3350 3721 3557 3774 suntin

1973 3799 2135 3856 terra,
2163 3809 2267 3848 non
2298 3797 2665 3862 attendebaut,
2705 3800 2798 3853 sed
2832 3800 3062 3855 futuram
3103 3805 3372 3863 civitatem
3412 3826 3558 3879 qua:~

1971 3881 2159 3936 rebaut
2190 3900 2203 3936 :
2239 3886 2395 3939 nobis
2424 3896 2602 3941 autem
2644 3889 2783 3943 Deus
2809 3904 3006 3961 susque
3027 3892 3202 3965 deque
3227 3897 3295 3953 de
3324 3915 3556 3970 superna

1971 3973 2203 4043 loquitur
2226 3977 2463 4041 civitate,
2495 3987 2548 4032 et
2589 3993 2706 4033 eam
2742 3995 2864 4048 qua:
2897 3990 2981 4035 est
3006 3982 3093 4039 hic
3121 3989 3432 4056 qua-rimus.
3466 3991 3559 4044 Di-

1969 4066 2046 4119 xit
2087 4067 2163 4122 eis
2197 4087 2209 4121 :
2239 4067 2386 4124 Dabo
2415 4071 2550 4124 vobis
2592 4088 2704 4140 ante
2752 4083 2872 4127 sunt
2912 4075 2964 4130 in
2998 4080 3234 4146 presenti
3258 4097 3278 4134 τ
3307 4084 3557 4151 quoniam

1967 4168 2146 4214 autem
2173 4160 2322 4228 vidit,
2368 4163 2450 4218 vel
2485 4165 2661 4233 potius
2689 4167 2944 4236 quoniam
2972 4172 3182 4240 seipsos
3210 4174 3560 4230 ostenderunt

1967 4249 2156 4320 dignos
2200 4268 2320 4308 esse
2362 4255 2677 4324 majoribus,
2726 4269 2850 4316 tunc
2892 4277 2999 4317 non
3031 4265 3261 4335 amplius
3290 4267 3416 4322 sinit
3443 4268 3559 4324 ha‘c

1965 4340 2228 4410 accipere,
2273 4343 2368 4398 sed
2414 4345 2508 4401 illa
2554 4348 2796 4418 majora;
2850 4353 3039 4408 volens
3079 4356 3234 4410 nobis
3273 4357 3558 4414 ostendere

1965 4431 2105 4499 quod
2138 4431 2280 4503 digni
2313 4444 2442 4491 Suut
2464 4438 2777 4508 majoribus,
2815 4444 2986 4512 utqui
3019 4445 3288 4500 noluerint
3319 4448 3401 4502 his
3442 4452 3559 4504 alli-

1967 4521 2076 4589 gari
2113 4538 2125 4572 :
2161 4531 2217 4575 ut
2242 4522 2287 4580 si
2319 4528 2438 4595 quis
2467 4529 2784 4600 intelligenti
2814 4534 3158 4602 polliceretur
3181 4539 3425 4606 puerilia,
3451 4557 3554 4596 non

1967 4619 2024 4664 ut
2071 4613 2316 4685 accipiat,
2367 4619 2461 4674 sed
2494 4621 2610 4689 ejus
2656 4626 2950 4680 ostendens
2998 4626 3414 4696 philosophiam,
3467 4632 3556 4686 illo

1967 4714 2180 4772 petente
2212 4709 2435 4779 majora.
2470 4713 2579 4768 lloc
2606 4716 2748 4770 enim
2777 4728 2856 4772 est
2883 4720 3217 4774 ostendentis
3244 4723 3383 4791 quod
3410 4732 3556 4778 tanto

1965 4797 2144 4852 studio
2170 4799 2510 4856 abstinebant
2539 4819 2567 4857 a
2603 4814 2763 4870 terra,
2795 4821 2851 4862 ut
2883 4825 2982 4864 nec
3015 4827 3134 4878 qua:
3175 4812 3440 4868 dabantur
3466 4831 3555 4872 ac-

1967 4890 2229 4959 ciperent.
2282 4893 2571 4964 Propterea
2623 4914 2752 4969 ergo
2809 4903 3078 4973 accipiunt
3132 4915 3397 4972 nepotes;
3453 4909 3552 4978 ipsi

1966 4983 2106 5036 enim
2139 4994 2286 5038 erant
2325 4985 2469 5056 digni
2497 5000 2657 5044 terra.
2686 4992 2819 5058 Quid
2849 5005 2930 5049 est
2965 5006 3163 5063 autem,
3201 4999 3554 5056 Fundamenta

1967 5075 2224 5130 habentem
2254 5078 2545 5132 civitatem?
2573 5082 2685 5138 hmo
2716 5087 2856 5139 enim
2885 5103 2987 5140 non
3013 5100 3136 5143 sunt
3168 5090 3507 5146 fundamenta
3531 5096 3553 5146 Υ

1965 5167 2077 5221 Νοιι
2121 5179 2243 5223 sunt
2286 5171 2329 5224 si
2372 5175 2712 5230 conferantur
2759 5195 2876 5231 cum
2912 5180 3032 5234 illis.
3081 5181 3238 5250 anns
3279 5185 3463 5252 artifex
3495 5198 3542 5238 et

1965 5262 2194 5314 conditor
2223 5274 2291 5316 est
2343 5263 2494 5317 Deus.
2543 5267 2715 5336 Papze,
2757 5271 2909 5338 quale
2947 5282 3028 5326 est
3072 5275 3369 5328 cncomium
3414 5276 3552 5332 illius

1965 5352 2229 5405 civitatis?
2280 5355 2364 5407 ll.
2427 5355 2556 5410 Fide
2618 5369 2662 5410 et
2709 5364 2820 5426 ipsa
2863 5359 3015 5416 Sara.
3063 5365 3198 5432 Apte
3248 5365 3333 5418 hic
3390 5370 3551 5433 erepit

1965 5440 2028 5493 ad
2087 5442 2340 5510 pudorem
2402 5447 2857 5514 suibunlendum,
2905 5451 3164 5518 siquidem
3211 5459 3553 5522 apparuerint

1958 5533 2117 5586 animi
2175 5536 2341 5604 magis
2404 5537 2575 5605 pusilli
2617 5547 2670 5590 et
2713 5535 2904 5603 abjecti
2960 5554 3118 5605 quam
3164 5541 3370 5593 mulier.
3429 5540 3534 5596 Sed

1960 5625 2153 5679 dixerit
2198 5628 2788 5696 quispiam:Quomodo
2825 5629 2992 5682 lidelis
3029 5647 3144 5700 qua:
3176 5633 3331 5686 risit?
3379 5634 3533 5689 llisus

1957 5718 2169 5786 quidem
2221 5730 2364 5773 certe
2409 5732 2488 5775 est
2532 5737 2593 5775 ex
2646 5718 3034 5786 incredulitate,
3080 5733 3249 5777 metus
3297 5734 3468 5778 autem
3501 5743 3531 5781 a

1959 5809 2059 5864 lide
2091 5827 2101 5864 :
2135 5811 2312 5867 dicere
2338 5813 2500 5882 enim,
2531 5812 2648 5866 Non
2678 5811 2766 5865 risi
2797 5809 2947 5880 (Gen.
2982 5814 3066 5870 18.
3094 5818 3200 5887 15),
3235 5817 3425 5872 factum
3449 5832 3531 5872 est
