3980 6142
380 378 479 434 165

383 506 413 545 a
440 487 568 545 ﬁde.
596 484 878 556 t‘rOptcrca
896 472 1731 550 crgo,exinauitaincredulitate,
1750 469 1957 538 ingres-

383 594 439 634 sa
480 586 562 633 cst
600 575 754 631 ﬁdes.
771 573 899 628 Fide
924 572 972 626 et
992 572 1107 639 ipsa
1132 570 1267 624 Sara
1288 567 1519 620 uirtutem
1556 564 1608 616 in
1633 561 1954 629 conceptione

383 671 584 725 seminis
623 667 835 736 accepit,
884 666 1035 719 etiarn
1090 669 1271 732 pra-ter
1308 669 1500 729 tempus
1552 656 1715 711 evntis
1746 655 1953 725 peperit.

382 761 519 828 Quid
564 769 663 823 est,
692 758 755 812 In
794 756 1118 826 carceptioue
1158 751 1405 808 uotiuis?
1430 749 1506 804 Ad
1518 763 1708 805 semen
1725 747 1962 802 retinen-

382 854 508 907 dum
539 868 561 910 :r
579 851 645 906 ad
676 846 1067 917 susceptionem
1096 844 1347 899 virtutem
1381 840 1605 909 accepit.
1635 853 1759 906 qum
1788 845 1961 891 morte

383 944 570 998 affecta
619 948 757 1006 erat,
786 953 907 1010 quae
952 933 1377 1004 Sterilis.Duplex
1398 932 1538 987 enim
1556 938 1676 985 erat
1694 927 1958 987 defectus.

386 1050 524 1089 unus
551 1032 765 1103 quidem
787 1046 853 1084 ex
872 1038 1150 1097 tempore;
1180 1038 1368 1080 revera
1399 1022 1540 1076 enim
1568 1028 1959 1081 consenuerat;

386 1126 520 1179 alter
549 1139 577 1177 a
603 1130 823 1184 natura;
866 1126 989 1195 erat
1007 1116 1152 1173 enim
1191 1114 1412 1171 sterilis.
1454 1111 1543 1168 η.
1590 1111 1806 1180 Propter
1827 1106 1962 1179 quod

386 1219 537 1273 etiam
572 1216 636 1271 ab
654 1231 761 1270 ωηο
798 1212 895 1268 orti
922 1219 1037 1267 sunt
1064 1225 1255 1273 attines,
1276 1220 1535 1275 tamquam
1574 1205 1742 1260 sidera
1762 1202 1879 1258 caeli
1911 1202 1966 1257 in

388 1309 779 1370 multitudinem,
812 1315 863 1360 st
896 1305 1025 1360 sicut
1044 1318 1206 1357 mna
1240 1316 1359 1371 quae
1400 1307 1474 1354 est
1510 1297 1583 1352 ad
1622 1313 1771 1352 oram
1812 1295 1968 1349 maris

388 1397 785 1459 innumerabilis.
818 1395 1034 1464 Propter
1058 1395 1209 1464 quod,
1234 1390 1427 1460 inquit,
1455 1389 1604 1444 etiam
1636 1403 1703 1443 es:
1728 1398 1832 1441 uno
1867 1384 1967 1440 orti

391 1498 506 1543 sunt
524 1503 722 1542 omnes.
747 1485 862 1541 Non
890 1485 1018 1539 dicit
1036 1483 1214 1540 solum
1240 1494 1364 1537 eam
1396 1481 1647 1551 genuisse
1670 1518 1690 1544 ,
1720 1475 1816 1532 sed
1854 1485 1967 1531 tam

393 1578 682 1633 multorum
713 1576 874 1631 inisse
912 1583 1158 1639 matrem,
1206 1583 1335 1643 quot
1352 1587 1464 1651 nec
1505 1569 1738 1627 fmautdi
1779 1569 1915 1624 uteri
1951 1585 1966 1622 :

396 1672 674 1738 Tamquam
699 1668 865 1722 sidera
895 1665 1044 1740 (Gott.
1075 1666 1163 1722 13.
1188 1665 1302 1736 1-6),
1321 1663 1515 1735 inquit.
1539 1661 1820 1732 Quomodo
1840 1675 1969 1732 ergo

394 1777 488 1827 eos
515 1770 660 1831 saepe
682 1770 951 1824 annuerat,
997 1756 1205 1813 etiamsi
1248 1755 1441 1811 dixerit
1468 1773 1483 1810 :
1512 1753 1969 1823 Quemadmodum

392 1869 502 1908 non
534 1851 956 1908 numerabantur
990 1848 1169 1904 sidera
1206 1849 1326 1904 (xuii
1357 1865 1371 1902 :
1403 1849 1472 1901 ita
1519 1861 1621 1901 nec
1661 1861 1845 1902 semen
1888 1858 1975 1898 ve-

386 1953 587 1997 strum.
613 1942 726 1997 Aut
754 1941 884 1996 dicit
912 1954 1006 2009 per
1029 1939 1379 2011 hyperbolen,
1400 1947 1501 1991 aut
1524 1947 1746 2008 prapter
1769 1951 1862 1992 eos
1878 1935 1972 2007 qui

388 2047 605 2103 semper
613 2032 717 2088 sibi
725 2029 1420 2121 succedimuliniusquippe
1435 2028 1627 2084 domus
1638 2026 1869 2098 majores
1883 2042 1975 2081 nu-

387 2127 588 2179 merari
600 2119 1001 2194 possunt,verbi
1021 2123 1188 2192 gratia
1204 2121 1365 2191 huius
1381 2122 1465 2177 vel
1486 2120 1647 2187 illius;
1666 2119 1969 2188 hicautetn,

401 2215 489 2270 ubi
518 2231 685 2287 genus
700 2214 831 2269 iilud
851 2228 1081 2268 numero
1108 2213 1278 2269 stellis
1302 2222 1662 2282 comparatur,
1692 2227 1797 2267 non
1825 2212 1971 2267 item.

463 2307 517 2360 δ.
551 2306 708 2360 Tales
726 2316 859 2360 suta
900 2304 996 2359 Dei
1038 2304 1482 2375 pollicitatione.
1508 2312 1623 2358 tam
1642 2304 1895 2372 expedita
1921 2311 1980 2358 et

394 2404 503 2450 tam
522 2395 599 2449 ad
621 2394 919 2465 patrandum
945 2395 1118 2450 [acilia
1142 2407 1272 2450 sunt
1296 2395 1384 2450 Dei
1396 2395 1684 2464 promissa.
1710 2394 1770 2449 Si
1799 2402 1976 2450 autem

388 2501 515 2553 qua:
533 2485 875 2543 additamenti
892 2486 1008 2542 loco
1026 2486 1288 2555 protrusit.
1314 2495 1440 2541 sunt
1466 2484 1602 2541 adeo
1614 2484 1977 2554 admirabilia,

388 2575 816 2646 Immin“
842 2576 1521 2648 umididueqjusmodi
1546 2587 1702 2633 erunt
1718 2578 1833 2644 illa,
1850 2578 1981 2649 qui-

388 2667 499 2721 .hua
527 2667 796 2725 haecum
825 2669 1193 2725 additamenta
1227 2685 1300 2725 ex
1337 2668 1816 2741 superabtmdaotia
1859 2669 1981 2740 (si)!

385 2747 523 2815 Quid
543 2763 673 2818 ergo
684 2750 1000 2808 beatiusest
1026 2753 1095 2811 iis
1123 2754 1213 2824 qui
1236 2766 1595 2826 assequuntur
1610 2760 1636 2811 1'
1656 2759 1783 2830 quid
1801 2759 1947 2818 nise

379 2840 495 2894 rius
510 2840 575 2894 iis
589 2841 806 2912 quinon
826 2855 1178 2915 assequuntur
1193 2846 1217 2901 ?
1230 2845 1285 2903 Si
1297 2847 1442 2903 enim
1468 2848 1589 2918 ejus
1602 2850 1695 2920 qui
1711 2859 1795 2906 est
1816 2866 1848 2906 e
1862 2866 1934 2921 ipa
1947 2879 1967 2894 -

386 2932 486 2987 tria
513 2933 917 3005 ejecmsomnes
928 2936 1346 3004 miserentuuget
1371 2938 1462 3009 qui
1486 2940 1666 2996 antisit
1686 2941 1965 2997 heredita-

382 3031 496 3079 tem
527 3024 737 3080 videtur
753 3027 1003 3082 omnibus
1020 3028 1338 3085 miserabilis
1358 3032 1482 3102 :qui
1500 3047 1531 3085 a
1551 3031 1965 3092 carloexciditet

382 3132 415 3171 a
440 3117 596 3172 bonis
620 3133 741 3187 quae
767 3119 1025 3175 iiliesuot
1049 3122 1280 3192 reposita
1308 3162 1324 3187 ,
1359 3138 1517 3194 quam
1547 3125 1728 3180 multis
1750 3125 1957 3193 :plorari

382 3208 545 3264 debet
567 3209 859 3282 lacrymis?
880 3212 997 3266 imo
1016 3227 1146 3268 vero
1172 3227 1272 3269 nec
1291 3215 1495 3285 placari
1517 3232 1531 3281 ;
1556 3215 1799 3285 ploratur
1814 3216 1961 3271 testim

376 3298 645 3370 quispiam
673 3301 889 3371 quando
913 3302 1119 3374 aliquid
1139 3304 1197 3359 ei
1224 3304 1502 3372 acciderit,
1530 3306 1684 3376 cujus
1712 3307 1829 3377 ipse
1846 3322 1962 3363 non

379 3400 463 3471 est
490 3407 650 3448 causa
672 3409 688 3458 ;
710 3393 933 3462 quando
957 3404 1136 3450 autem
1160 3395 1330 3451 libero
1356 3410 1455 3451 suo
1478 3399 1700 3452 arbitrio
1716 3399 1958 3466 .seipsum

384 3482 517 3537 vitio
535 3483 802 3552 quispiam
832 3482 1119 3548 dediderit,
1151 3499 1257 3539 non
1285 3485 1559 3557 laorytnis,
1583 3485 1679 3542 sed
1709 3489 1961 3543 lamenta—

381 3572 616 3628 tionibus
638 3582 806 3644 atque
830 3574 980 3629 luctu
1000 3583 1134 3631 tunc
1157 3576 1263 3632 erit
1295 3575 1512 3647 dignus.
1536 3576 1671 3633 Nam
1703 3578 1963 3635 Dominus

373 3680 589 3735 quoque
614 3673 795 3720 noster
814 3664 979 3721 Jesus
1004 3664 1251 3723 Christus
1280 3666 1601 3737 Jerusalem,
1623 3668 1752 3725 licet
1797 3668 1959 3740 impie

374 3772 437 3813 se
452 3769 732 3828 gerentem
751 3799 770 3824 ,
795 3759 937 3815 lusit
954 3768 1017 3815 et
1043 3760 1214 3817 ﬂevit.
1590 3834 1591 3837 η

374 3884 380 3895 ι
444 3848 582 3914 Quot
612 3850 850 3921 (argutis
871 3850 1034 3922 digna
1056 3851 1348 3922 futurorum
1375 3852 1623 3908 bonorum
1644 3852 1964 3907 amissio.—

377 3939 861 3998 lnnumerabili-bus
905 3957 1093 3998 revera
1130 3943 1448 4014 ejulatibus,
1481 3943 1961 3999 innumerabiiibus

370 4030 852 4086 lamentationibus
895 4031 1043 4102 digni
1091 4047 1297 4089 sumus.
1351 4034 1408 4090 Si
1466 4034 1750 4090 universus
1809 4034 1959 4089 orbis

371 4129 554 4185 «torrat,
582 4130 641 4175 et
668 4121 894 4190 lapides,
921 4132 975 4177 et
1000 4123 1181 4192 ligna,
1204 4134 1269 4178 et
1296 4125 1522 4180 arbores
1541 4164 1561 4190 ,
1599 4134 1654 4178 et
1698 4124 1827 4180 fera:
1849 4165 1866 4190 ,
1906 4134 1965 4179 et

367 4225 526 4275 aves,
552 4220 625 4277 et,
653 4222 711 4267 ut
731 4212 906 4267 semel
928 4213 1134 4277 dicam,
1162 4223 1306 4268 totus
1325 4216 1472 4271 orbis
1494 4225 1674 4280 terrm,
1705 4230 1836 4278 voce
1864 4230 1960 4269 ac-

367 4311 533 4372 cepta
570 4317 668 4357 nos
688 4302 887 4359 deﬂeat
930 4306 1021 4374 qui
1050 4320 1084 4360 a
1115 4306 1269 4362 bouis
1296 4308 1400 4362 illis
1418 4307 1726 4364 excidimus
1745 4348 1761 4376 ,
1788 4308 1960 4375 nihil,

362 4403 436 4447 ,ιη
462 4409 560 4463 par
589 4403 679 4447 est
699 4434 715 4458 ,
743 4393 965 4451 deﬂebit
1006 4396 1092 4453 vel
1131 4396 1533 4455 lamentabitur.
1577 4399 1708 4454 Nam
1730 4416 1850 4470 qua:
1874 4399 1960 4454 di-

378 4484 533 4538 cendi
567 4483 799 4539 facultas
824 4524 840 4550 ,
884 4500 1009 4555 qua:
1046 4486 1399 4554 intelligentia
1438 4489 1646 4558 poterit
1691 4491 1962 4558 explicare

361 4575 523 4631 .illam
559 4576 948 4632 beatitudinem
980 4586 1043 4633 et
1070 4577 1321 4634 virtutem
1366 4580 1549 4644 illam,
1589 4580 1960 4652 voluptatem,

360 4668 623 4737 glorians,
654 4669 921 4735 laetitiam,
946 4669 1312 4739 splendorem.
1343 4671 1472 4738 Qum
1492 4672 1667 4726 oculus
1687 4690 1785 4726 non
1809 4673 1959 4737 cidit,

377 4758 576 4829 intjuit,
603 4775 720 4829 quc
763 4760 903 4815 auris
931 4776 1040 4816 non
1079 4760 1309 4828 audiuit,
1346 4771 1393 4815 et
1421 4761 1474 4815 in
1502 4777 1590 4814 cor
1616 4762 1835 4818 hontiut's
1860 4778 1963 4817 non

374 4851 734 4917 ascendet-mu,
760 4867 877 4922 qua
898 4853 1208 4924 .prteptn'auit
1228 4851 1366 4907 Deus
1394 4852 1458 4907 iis
1485 4852 1572 4924 qui
1599 4852 1820 4924 diligunt
1846 4870 1961 4916 eum

353 4941 457 5011 .(l.
485 4940 606 4996 Cor.
630 4941 690 4996 2.
724 4943 824 5014 9)?
852 4942 1131 5000 Non-dixit
1155 4943 1332 4999 solum
1357 4958 1716 5014 exsuperare,
1745 4944 1838 4999 sed
1859 4957 1962 5000 nec

346 5035 543 5088 .uliutn
575 5049 827 5103 umquam
866 5035 1197 5093 intellexisse
1220 5051 1343 5107 qua
1362 5037 1508 5091 Deus
1537 5042 1746 5106 paravit
1775 5036 1842 5093 iis
1856 5036 1959 5107 qui

376 5124 551 5194 ipsum
570 5124 819 5196 diligunt.
852 5124 1162 5197 Cujusmodi
1193 5127 1341 5182 enim
1374 5127 1512 5182 bona
1540 5135 1958 5181 consentaneum

375 5225 460 5273 est
477 5231 607 5272 esse
624 5232 694 5273 ea
725 5233 845 5289 qua:
873 5218 1015 5274 Deus
1048 5229 1322 5290 praeparat
1366 5228 1424 5274 et
1454 5217 1708 5274 instruit?
1732 5217 1786 5274 Si
1809 5217 1962 5274 enim

375 5320 497 5362 cum
526 5322 626 5362 nos
657 5308 891 5374 fecisset,
916 5309 1106 5365 statim
1137 5310 1282 5365 nulla
1309 5326 1369 5366 re
1394 5308 1571 5365 adhuc
1601 5324 1639 5364 a
1678 5308 1837 5364 nobis
1857 5323 1957 5380 pe-

352 5408 545 5462 racta,
582 5408 725 5454 tanta
755 5410 838 5456 est
861 5402 1465 5473 iargitugparadisum,
1496 5416 1616 5457 cum
1645 5402 1762 5471 ipso
1786 5401 1958 5456 collo-

380 5482 734 5551 quutionetn,
796 5478 1250 5534 immortalitatem
1296 5486 1381 5535 est
1440 5478 1750 5549 pollicitus,
1798 5483 1964 5535 vitam

383 5569 593 5625 beatam
622 5579 676 5624 et
702 5584 733 5624 a
768 5570 914 5625 curis
952 5569 1175 5625 liberam
1206 5587 1218 5624 :
1249 5570 1313 5625 iis
1352 5568 1442 5641 qui
1476 5579 1582 5624 tam
1622 5570 1785 5624 multa
1819 5567 1962 5625 l‘ece-

478 5797 552 5856 (a)
570 5796 664 5847 Hic
685 5797 862 5849 desinit
882 5799 1075 5852 ltomilia
1101 5801 1332 5856 vicesima
1352 5800 1501 5855 tertia
1522 5799 1575 5849 in
1598 5799 1774 5853 t‘otlirr
1792 5801 1929 5859 foll).

652 345 688 374 ⁴
1116 368 1170 427 s.
1210 362 1484 422 MANle
1522 352 1997 416 ettavsostout
2061 348 2374 411 ARCl-liEP.
2416 343 2946 408 CONSTANTINOP.

3549 344 3651 402 Hii

2065 477 2229 535 runt,
2257 434 2505 541 qui/adeo
2528 474 2746 522 strenue
2765 464 3118 520 decertarunt
3143 468 3197 515 et
3217 474 3314 533 pro
3338 454 3459 530 ipso
3485 459 3649 514 susti-

2066 570 2319 629 nuerunt,
2335 560 2467 633 quid
2492 577 2596 615 non
2636 557 2897 612 donabit?
2927 555 3213 625 Unigcnito
3242 568 3339 624 pro
3366 552 3519 606 nobis
3546 566 3652 607 non

2067 654 2330 725 pepercit,
2356 666 2674 724 germanum
2701 664 2764 704 ac
2791 646 3069 719 preprium
3098 644 3291 700 Filiqu
3316 655 3536 715 propter
3556 658 3656 698 nos

2068 745 2134 801 ad
2166 754 2394 801 mortem
2423 742 2611 798 dedit:
2640 742 2684 796 si
2718 754 2815 796 nos
2842 754 2964 795 cum
3009 736 3212 793 inimici
3241 751 3503 796 essemus,
3538 734 3657 789 tali-

2069 838 2168 892 bus
2192 834 2436 906 dignatus
2458 843 2541 890 est
2582 834 2759 897 bonis,
2786 846 3019 903 quonam
3068 844 3168 885 nos
3208 844 3320 883 non
3350 826 3657 898 dignabitur

2069 926 2156 997 qui
2189 925 2315 980 l‘acti
2359 940 2544 980 sumus
2592 922 2796 978 amici?
2828 935 3074 992 quamam
3121 934 3228 974 non
3275 920 3655 990 impertietnr,

2068 1033 2192 1073 cum
2233 1033 2334 1074 nos
2374 1017 2474 1072 sibi
2524 1014 2926 1071 reconciliartt?
2984 1013 3078 1069 Est
3115 1026 3275 1085 supra
3313 1009 3527 1065 modum
3576 1010 3659 1066 di-

2067 1125 2185 1179 ves,
2216 1119 2273 1167 et
2310 1108 2581 1166 desiderat
2621 1117 2676 1165 et
2700 1106 2883 1164 studet
2927 1115 3166 1183 nostram
3209 1105 3419 1176 assequi
3464 1103 3655 1159 amici-

2068 1205 2201 1261 tiam
2229 1219 2243 1256 :
2269 1217 2373 1259 nos
2396 1212 2581 1261 autem
2608 1216 2679 1258 ne
2705 1202 2790 1258 vel
2822 1201 3091 1257 tantillum
3122 1186 3440 1266 studemus,
3463 1215 3499 1254 ο
3520 1198 3660 1255 dile—

2073 1302 2144 1357 cti
2175 1320 2190 1357 :
2221 1299 2346 1371 quid
2377 1298 2499 1355 dico
2518 1338 2538 1364 ,
2566 1312 2677 1354 non
2707 1296 3032 1353 studemus?
3078 1296 3332 1351 nolumus
3359 1297 3515 1365 plane
3540 1294 3659 1364 ejus

2075 1391 2213 1447 bona
2238 1389 2489 1461 assequi,
2533 1400 2593 1444 ut
2617 1388 2739 1463 vult
2780 1390 2917 1459 ipse.
2948 1386 3103 1456 Quod
3143 1395 3321 1444 autem
3363 1385 3656 1441 admodum

2068 1483 2200 1540 velit
2248 1482 2301 1537 id
2342 1481 2484 1553 quod
2531 1480 2660 1537 fecit
2701 1481 2952 1537 ostendit.
3002 1480 3135 1535 Nam
3184 1494 3285 1535 nos
3322 1478 3536 1551 quidem
3563 1493 3662 1549 pro

2072 1575 2226 1631 nobis
2270 1574 2400 1646 ipsis
2446 1573 2533 1628 vix
2574 1587 2764 1643 parum
2801 1573 2915 1629 auri
2963 1571 3324 1642 despicimus;
3381 1572 3497 1641 ipse
3549 1585 3648 1625 au—

2089 1675 2197 1722 tem
2228 1681 2324 1735 pro
2349 1664 2502 1719 nobis
2525 1664 2685 1719 etiam
2728 1678 2887 1718 suum
2914 1662 3062 1717 dedit
3103 1661 3319 1718 Filium.
3348 1660 3577 1717 Utamur
3604 1670 3665 1715 ut

2075 1765 2285 1826 Oportet
2310 1755 2405 1811 Dei
2444 1754 2732 1811 dilectione
2756 1794 2772 1819 ,
2807 1753 3048 1808 fruamur
3074 1752 3192 1823 ejus
3234 1751 3470 1808 amicitia
3500 1768 3516 1805 :
3556 1749 3664 1806 Vas

2079 1847 2245 1912 enim,
2275 1845 2479 1917 inquit,
2505 1845 2654 1900 amici
2679 1846 2774 1899 mei
2800 1845 2937 1905 estis,
2957 1844 3008 1897 si
3026 1844 3235 1915 faciatis
3253 1858 3370 1914 qua
3390 1843 3502 1896 dico
3521 1844 3664 1898 vobis

2072 1938 2252 2007 (Joon.
2284 1938 2370 1993 15.
2403 1937 2513 2008 l4).
2548 1936 2707 2007 Papa:
2730 1977 2747 2003 ,
2774 1934 3020 1990 inimicos
3040 1934 3131 2005 qui
3157 1932 3365 1988 inﬁnito
3388 1933 3563 2004 spatio
3591 1932 3665 1987 ab

2070 2046 2138 2087 eo
2165 2039 2320 2087 erant.
2338 2029 2614 2101 disjnncti,
2640 2043 2777 2099 quos
2804 2027 3298 2099 incomparabiliter
3320 2027 3377 2082 in
3408 2025 3665 2082 omnibus

2070 2122 2468 2185 antecellebat,
2500 2132 2556 2178 et
2598 2120 2727 2176 fecit
2769 2129 2824 2175 et
2849 2119 3062 2174 vocavit
3089 2117 3339 2174 amicos?
3366 2116 3504 2185 Quid
3530 2132 3666 2187 ergo

2069 2233 2177 2272 non
2201 2225 2292 2272 est
2327 2231 2355 2271 a
2380 2215 2543 2272 nobis
2571 2212 2820 2269 lubenter
2844 2211 3157 2284 patiendum
3200 2226 3301 2283 pro
3345 2210 3446 2267 hac
3474 2212 3667 2267 amici-

2076 2306 2193 2363 tia?
2241 2308 2313 2361 At
2351 2321 2453 2362 nos
2494 2320 2598 2375 pro
2646 2303 2925 2359 hominum
2968 2303 3205 2358 amicitia
3247 2304 3392 2372 stupe
3421 2301 3666 2373 pericula

2071 2399 2319 2464 adimus;
2343 2411 2444 2469 pro
2479 2397 2576 2452 Dei
2607 2406 2785 2451 autem
2804 2395 3044 2450 amicitia
3094 2410 3196 2451 nec
3239 2395 3498 2465 pecunias
3529 2409 3667 2466 pro-

2067 2487 2357 2545 fundimus.
2380 2487 2592 2543 Revera
2618 2486 2763 2541 luctu
2791 2487 2964 2556 dignm
2987 2495 3111 2540 sunt
3138 2500 3227 2540 res
3249 2493 3469 2553 nostrai,
3494 2485 3653 2541 luem

2075 2578 2412 2651 etiacryntis
2448 2586 2509 2634 et
2552 2576 2933 2653 ejttlationibus
2975 2584 3035 2633 et
3079 2576 3552 2633 lamentationibus
3601 2586 3669 2633 et

2072 2672 2313 2742 planctu.
2340 2670 2385 2727 Α
2413 2683 2511 2741 spe
2528 2675 2714 2724 nostra
2737 2667 3036 2723 excidimus
3056 2709 3074 2734 ,
3103 2682 3133 2722 a
3161 2675 3342 2723 nostra
3371 2667 3669 2726 altitudine

2074 2761 2266 2832 dejecti
2295 2774 2503 2825 sumus,
2530 2759 2627 2815 Dei
2653 2758 2855 2815 honore
2885 2756 3085 2829 indigni
3124 2758 3472 2829 apparuimus
3493 2799 3509 2825 ,
3556 2759 3674 2813 im-

2066 2869 2330 2910 memores
2347 2853 2621 2924 etingrati
2640 2853 2913 2909 evasimus
2942 2860 2997 2908 et
3025 2851 3151 2908 mali
3175 2853 3334 2908 etiam
3357 2860 3477 2923 post
3492 2850 3676 2909 bene-

2068 2946 2206 3009 licia,
2233 2944 2388 3000 bonis
2406 2944 2654 2999 omnibus
2679 2959 2775 3000 nos
2797 2942 3045 3014 Spoliavit
3069 2942 3312 2999 diabolus
3340 2961 3354 2998 :
3380 2943 3470 3013 qui
3512 2943 3675 3016 digni

2072 3031 2341 3086 fueramus
2358 3030 2522 3086 habiti
2555 3040 2612 3085 nt
2632 3044 2873 3086 essemus
2901 3028 3015 3094 ﬁlii,
3032 3028 3223 3083 fratres
3248 3037 3304 3083 et
3328 3025 3665 3095 coheredes,

2066 3119 2134 3172 ab
2162 3119 2527 3189 ejusinimicis
2556 3120 2688 3176 nihil
2720 3119 3013 3175 diﬂ‘crimus
3036 3160 3052 3186 ,
3080 3119 3167 3190 qui
3214 3118 3385 3197 ipsum
3414 3119 3672 3175 afﬁciunt

2067 3211 2410 3266 contumelia.
2434 3212 2688 3280 Qumnam
2710 3212 2812 3267 erit
2837 3210 2993 3267 nobis
3011 3211 3079 3266 de
3098 3218 3294 3266 caetero
3313 3211 3613 3266 consolatio
3641 3210 3668 3265 ἲ

2070 3300 2185 3371 Ipse
2208 3318 2304 3358 nos
2332 3303 2540 3359 vocavit
2563 3303 2629 3357 ad
2651 3303 2838 3359 caelum
2863 3321 2878 3368 ;
2908 3318 3006 3358 nos
3049 3302 3294 3373 nosipsos
3318 3300 3673 3359 delrudimus

2070 3392 2122 3447 in
2144 3391 2798 3460 gehennam.Exsecratio
2846 3404 2899 3451 et
2946 3395 3303 3462 mendacium,
3353 3393 3558 3451 l'urtum
3597 3406 3672 3452 et

2068 3481 2384 3539 adulterium
2396 3485 2650 3541 diffusum
2662 3495 2749 3542 est
2765 3501 2925 3556 super
2937 3496 3129 3541 terram
3148 3505 3160 3542 :
3178 3486 3267 3541 alii
3296 3485 3510 3557 quidem
3525 3502 3639 3541 san
3650 3517 3674 3529 -

2068 3577 2281 3647 guinem
2309 3579 2535 3634 miscent
2560 3579 2836 3650 sanguine,
2864 3581 2952 3635 alii
2982 3589 3156 3636 autem
3176 3597 3262 3636 res
3290 3590 3483 3652 gerunt
3506 3580 3678 3637 deleo

2068 3670 2239 3726 riores
2277 3672 2555 3741 sanguine.
2584 3671 2729 3726 Multi
2758 3686 2827 3727 ex
2872 3671 2936 3726 iis
2966 3672 3055 3742 qui
3087 3671 3275 3741 injuria
3305 3671 3612 3727 afficiuntur
3652 3713 3671 3739 ,

2071 3766 2220 3820 multi
2264 3767 2354 3837 qui
2370 3781 2472 3836 per
2487 3766 2764 3821 avaritiam
2788 3766 3168 3823 detrimentum
3192 3765 3486 3836 patiuntur,
3507 3765 3673 3821 mille

2068 3868 2272 3914 mortes
2292 3859 2468 3929 magis
2482 3867 2674 3929 optant
2693 3874 2849 3929 quam
2879 3858 2991 3914 haec
3014 3858 3146 3930 pati,
3174 3866 3227 3913 et
3253 3857 3351 3913 nisi
3380 3855 3474 3912 Dei
3498 3859 3674 3914 timo—

2062 3965 2182 4005 rem
2236 3950 2388 4006 veriti
2414 3959 2616 4016 essent,
2658 3950 2758 4005 sibi
2790 3960 3023 4005 mortem
3067 3948 3473 4013 conscivissent,
3520 3950 3674 4005 adeo

2070 4042 2293 4112 cupiunt
2313 4052 2539 4098 mortem
2565 4042 2663 4097 sibi
2694 4041 2907 4097 aﬂ'erre.
2928 4041 3118 4095 Annon
3160 4047 3285 4094 sunt
3330 4040 3444 4093 hmo
3474 4039 3672 4109 pejora

2061 4134 2358 4204 sanguine?
2407 4133 2508 4189 Hei
2540 4134 2664 4188 mihi
2708 4134 2899 4198 anima,
2921 4130 3338 4187 dicebatdolens
3370 4131 3669 4200 prOpheta,

2073 4226 2222 4295 periit
2236 4226 2313 4279 uir
2336 4226 2449 4294 pius
2475 4242 2506 4278 η
2536 4235 2754 4291 terra,et
2779 4225 2833 4278 in
2855 4224 3138 4279 hominibus
3164 4239 3263 4277 non
3293 4231 3363 4276 est
3391 4222 3477 4291 qui
3500 4222 3673 4290 faciat

2064 4316 2260 4370 bona»:
2280 4314 2470 4386 (Mica.
2499 4317 2551 4370 7.
2573 4315 2652 4384 ‘2).
2677 4314 2827 4370 Nunc
2840 4325 3016 4369 autem
3035 4327 3132 4368 nos
3152 4326 3361 4383 quoque
3382 4310 3449 4365 de
3471 4310 3672 4368 nobis-

2066 4405 2208 4475 ipsis
2224 4408 2459 4475 primum
2482 4404 2585 4460 hoc
2604 4405 2973 4460 clamabitnus.
2998 4401 3104 4460 Sed
3131 4402 3197 4457 ad
3213 4402 3675 4458 lamentationem

2076 4513 2172 4553 vos
2192 4497 2322 4554 mihi
2350 4497 2485 4554 ferte
2512 4513 2690 4569 opem.
2721 4496 2989 4553 Fortassis
3014 4497 3231 4569 quidam
3257 4496 3675 4564 abominantur,

2072 4600 2127 4646 et
2150 4589 2365 4657 rident;
2403 4599 2625 4661 propter
2672 4590 2775 4647 hoc
2822 4599 3001 4647 autem
3050 4588 3376 4645 intendenda
3430 4595 3516 4643 est
3583 4589 3679 4644 lac

2064 4684 2351 4751 .mentatio,
2391 4683 2534 4754 quod
2564 4685 2699 4740 adeo
2728 4684 2950 4739 furimus
2976 4692 3027 4739 et
3052 4681 3355 4753 desipimus
3382 4691 3437 4737 et
3466 4698 3567 4738 nos
3598 4696 3680 4739 ne

2072 4772 2252 4829 furere
2294 4773 2511 4844 quidem
2555 4775 2794 4840 scimus,
2840 4775 2935 4830 sed
2983 4783 3206 4845 promer
3235 4788 3355 4845 qum
3383 4783 3680 4843 oporteret

2064 4879 2174 4919 nos
2192 4879 2436 4935 gemere,
2461 4865 2721 4921 ridemus.
2754 4864 3064 4931 Revelatur,
3093 4880 3123 4918 ο
3153 4865 3325 4929 homo,
3350 4865 3433 4918 ira
3458 4881 3487 4918 e
3506 4865 3676 4930 ca’lo,

2058 4942 2225 5028 super
2243 4973 2440 5012 omnem
2454 4958 2767 5027 impietatem
2789 4967 2835 5012 et
2852 4958 3161 5028 injustitt'aut
3186 4957 3448 5011 hominum
3478 4953 3651 5027 (Rom
3663 4996 3681 5012 .

2074 5052 2128 5105 i.
2161 5050 2272 5121 18).
2305 5048 2442 5104 Deus
2471 5050 2745 5121 Manifesta
2765 5049 2943 5103 veniet.
2968 5047 3113 5118 Ignis
3137 5058 3256 5101 ante
3275 5048 3444 5118 ipsum
3473 5064 3672 5119 prtere-

2070 5141 2191 5204 ἀει,
2219 5150 2265 5193 et
2293 5140 2431 5194 circa
2463 5155 2584 5193 eum
2615 5148 2884 5209 tempestas
2913 5138 3103 5192 valida.
3135 5135 3283 5208 Ignis
3311 5138 3361 5191 in
3383 5148 3680 5208 conspectu

2068 5233 2184 5303 ejus
2222 5231 2420 5285 ardebit
2456 5240 2505 5285 et
2550 5230 2886 5300 inﬂammath
2924 5230 2979 5284 t'n
3020 5229 3235 5282 circuitu
3274 5228 3506 5283 inimicos
3548 5229 3682 5297 ejus

2071 5324 2251 5395 (Petti.
2283 5323 2375 5379 49.
2403 5324 2457 5378 5.
2484 5333 2531 5379 et
2556 5323 2645 5379 96.
2671 5321 2754 5393 5).
2782 5322 2911 5378 Dies
2929 5318 3133 5375 Domini
3155 5331 3410 5390 tamquam
3436 5320 3680 5376 clibanus

2071 5419 2259 5473 ardens
2284 5416 2443 5490 (Mat.
2470 5417 2527 5471 4.
2557 5416 2631 5487 1).
2664 5412 2732 5470 Ει
2775 5427 2937 5468 neruo
2968 5413 3081 5467 haec
3126 5423 3306 5468 mente
3329 5413 3535 5483 agitat,
3564 5412 3683 5468 sed

2040 5510 2244 5580 .magis
2270 5524 2433 5580 quam
2480 5506 2681 5562 {abuite
2724 5504 3025 5575 despicatui
3078 5503 3346 5558 habentur
3390 5517 3479 5558 res
3521 5500 3682 5558 adeo

2070 5601 2381 5658 horrendte.
2406 5599 2514 5668 Qui
2544 5597 2745 5663 audiat,
2779 5611 2939 5652 nemo
2967 5602 3088 5658 est;
3120 5595 3209 5664 qui
3253 5603 3432 5650 autem
3482 5590 3684 5649 rident

2074 5705 2131 5753 et
2149 5695 2497 5760 subsannant,
2520 5706 2726 5747 omnes.
2749 5691 3005 5758 Qmenam
3027 5687 3242 5743 dabitur
3261 5688 3415 5744 nobis
3440 5688 3519 5742 via
3549 5701 3681 5755 qua

2081 5805 2183 5849 nos
2244 5786 2627 5861 expediamus?
2664 5784 2941 5843 Undenam
3014 5783 3345 5839 inveniemus
3392 5779 3626 5833 salutem
3653 5776 3684 5829 τ
