3980 6142
344 321 446 382 165

334 430 602 492 Periimus,
631 420 934 491 consumpti
959 434 1163 482 sumus,
1202 417 1434 473 ludibrio
1459 428 1554 469 nos
1576 415 1772 469 habent
1794 413 1893 466 iui-

333 520 529 585 mici,et
546 531 645 571 nos
662 516 990 570 subsannant
1009 521 1064 566 et
1086 520 1272 580 gentes
1293 521 1347 563 et
1371 508 1660 561 dmntnttes.

402 611 453 666 ι.
478 610 732 678 Ingentes
751 606 980 677 spiritus
999 617 1144 659 nunc
1168 601 1399 670 suscipit
1420 594 1688 659 diabolus,
1706 594 1903 666 gloria-

305 766 312 772 _
333 709 422 755 tur
433 709 483 754 et
498 699 816 761 essultat,et
831 696 1345 751 laetatur.Pudoreet
1361 691 1579 746 tristitia
1598 687 1905 742 alliciuntur

335 791 499 861 angeli
522 791 724 861 quibus
738 804 837 843 nos
853 784 1249 844 sumuserediti
1265 802 1280 838 :
1297 788 1549 838 nemoest
1568 779 1661 850 qtti
1678 791 1905 832 conver-

334 881 683 942 tatur,omnia
698 888 903 933 temere
917 886 1047 932 sunt
1063 880 1467 945 consumpta,et
1482 888 1580 927 nos
1596 870 1749 926 vobis
1758 869 1907 925 vide-

334 988 454 1027 mur
474 968 1070 1040 nugari.0pportununt
1086 975 1332 1022 estnunc
1348 976 1563 1034 quoque
1581 973 1777 1015 vocare
1792 972 1906 1013 ete-

334 1058 462 1121 luni,
479 1058 739 1127 quoniam
759 1071 918 1110 nemo
934 1064 1018 1110 est
1033 1055 1125 1125 qui
1160 1053 1365 1117 audiat,
1385 1050 1571 1107 testari
1593 1050 1858 1105 elementa
1884 1064 1903 1105 :

331 1149 480 1214 Audi,
503 1147 706 1210 catum,
720 1154 767 1200 et
778 1144 986 1199 auribus
998 1144 1218 1211 percipe,
1234 1153 1389 1207 terra,
1404 1141 1641 1212 quoniam
1657 1138 1906 1195 Dominus

330 1250 397 1294 est
420 1240 659 1309 loquutus
692 1234 848 1305 (Isai.
896 1237 949 1291 1.
975 1235 1053 1305 2).
1086 1234 1240 1298 Date,
1286 1233 1539 1304 porrigite
1562 1247 1797 1295 manum,
1817 1231 1907 1302 qui

332 1330 564 1385 nondum
580 1330 710 1383 estis
734 1328 932 1394 obruti,
948 1310 1011 1381 iis
1025 1326 1115 1397 qui
1135 1326 1404 1397 perierunt
1430 1325 1499 1379 ab
1524 1324 1801 1389 ebrietate,
1818 1324 1907 1395 qui

331 1421 442 1475 sani
468 1421 605 1476 estis
630 1418 993 1474 laborantibus
1018 1457 1034 1481 ,
1078 1417 1169 1487 qui
1199 1415 1385 1485 sapitis
1432 1414 1730 1472 furentibus
1754 1454 1771 1479 ,
1816 1413 1908 1483 qui

331 1512 483 1566 statis
519 1512 587 1565 iis
619 1511 709 1579 qui
748 1509 1223 1577 circumaguntur:
1254 1519 1444 1571 nemo,
1470 1505 1716 1568 obsecro,
1749 1504 1908 1574 quid-

328 1619 489 1673 quam
528 1603 777 1673 praeferat
804 1601 962 1656 saluti
1001 1599 1160 1654 amici
1186 1616 1201 1655 :
1229 1607 1284 1653 et
1308 1598 1609 1668 objurgatio
1635 1604 1692 1651 et
1724 1612 1907 1665 repre-

331 1695 522 1749 hensio
547 1708 713 1747 unum
744 1693 916 1746 solum
962 1699 1195 1760 spectet,
1239 1704 1435 1759 nempe
1461 1691 1580 1756 ejus
1609 1688 1909 1742 utilitatem.

329 1785 555 1853 Quando
575 1784 738 1839 febris
761 1782 975 1845 invasit,
1002 1781 1162 1841 etiam
1191 1780 1330 1834 servi
1359 1781 1638 1848 imperium
1661 1780 1912 1833 obtinent

330 1876 378 1930 in
396 1873 810 1929 dominosNam
827 1872 1038 1943 quando
1052 1872 1138 1925 illa
1156 1872 1367 1941 quidem
1386 1880 1536 1940 urget
1553 1870 1781 1925 animam
1794 1886 1917 1926 con-

331 1966 727 2030 tnrbans,adcst
742 1975 918 2020 autem
938 1979 1125 2034 agmen
1146 1964 1732 2033 maneipiorum,nullus
1745 1964 1914 2033 legem

328 2058 575 2128 agnoscit
589 2057 908 2112 dominicam
938 2057 991 2109 in
1008 2055 1206 2110 damno
1217 2055 1438 2111 domini.
1455 2054 1916 2125 Nos,qu:eso,con-

329 2156 602 2203 vertamus
627 2166 643 2201 :
669 2148 805 2201 bella
827 2146 1152 2216 quotidiana,
1176 2144 1596 2214 subtnersiones,
1613 2145 1919 2201 innumera-

328 2239 458 2294 biles
494 2239 841 2294 circumcirca
884 2238 1164 2305 interitus,
1192 2245 1248 2291 et
1290 2237 1366 2292 ira
1411 2236 1504 2291 Dei
1543 2251 1641 2294 nos
1684 2239 1921 2309 undique

330 2330 647 2384 circumdat.
668 2327 775 2384 Nos
789 2339 966 2385 autem
995 2344 1180 2384 sumus
1204 2342 1393 2385 omnes
1415 2337 1521 2383 tam
1539 2331 1792 2396 securi,et
1812 2340 1919 2385 tam

328 2430 473 2475 metu
496 2420 675 2485 vacui,
709 2432 867 2489 quam
892 2420 939 2475 si
978 2421 1089 2476 Deo
1118 2421 1446 2490 placeremus
1475 2438 1488 2472 :
1517 2436 1703 2479 omnes
1731 2439 1920 2479 manus

329 2525 591 2580 paramus
622 2510 690 2564 ad
718 2510 870 2579 plura
910 2510 1153 2566 habenda
1197 2524 1297 2582 per
1327 2510 1631 2575 avaritiam,
1664 2527 1825 2568 nemo
1851 2513 1919 2566 ad

328 2616 480 2669 opem
516 2600 1021 2664 ferendam;omncs
1032 2599 1098 2655 ad
1115 2616 1375 2672 rapinam,
1399 2617 1555 2657 nemo
1574 2602 1640 2658 ad
1660 2602 1923 2657 defensio-

327 2708 444 2745 netn
462 2710 481 2745 :
508 2692 876 2760 unusquisque
890 2692 1122 2745 studium
1142 2706 1296 2746 suum
1310 2694 1456 2763 ponit
1474 2693 1742 2762 quomodo
1764 2693 1924 2748 facul-

327 2789 459 2836 tates
476 2796 613 2837 suas
632 2782 819 2836 reddat
832 2782 1138 2851 ampliores,
1156 2798 1310 2838 nemo
1328 2786 1593 2853 quomodo
1616 2802 1772 2857 opem
1789 2787 1925 2843 ferat

325 2886 498 2940 egeno
525 2890 540 2927 :
560 2873 924 2943 unusquisque
947 2882 1029 2929 est
1055 2873 1209 2928 valde
1232 2874 1485 2931 sollicitus
1510 2877 1776 2943 quomodo
1812 2880 1923 2934 suis

326 2965 486 3019 addat
512 2965 777 3033 pecuniis,
802 2979 961 3020 nemo
981 2966 1248 3035 quomodo
1267 2981 1415 3022 suam
1445 2978 1620 3023 servet
1646 2969 1876 3024 animant
1904 2988 1917 3022 :

326 3073 460 3112 unus
481 3073 681 3112 omnes
711 3066 857 3112 tenet
894 3066 1089 3124 metus,
1108 3058 1184 3113 Ne
1212 3059 1399 3126 simus,
1416 3060 1604 3130 inquit,
1622 3076 1918 3131 pauperes;

320 3149 387 3188 ne
436 3146 629 3194 autem
659 3140 713 3193 in
741 3144 1039 3212 gehennam
1086 3146 1377 3205 incidamus
1397 3192 1412 3217 ,
1443 3167 1601 3209 nemo
1626 3156 1841 3225 angitur
1862 3166 1919 3215 et

318 3225 611 3284 horrescit.
645 3230 767 3286 Haec
786 3233 943 3303 digna
971 3245 1095 3291 sunt
1120 3240 1604 3309 lamentationibus,
1620 3243 1733 3302 lure
1757 3263 1916 3304 accu-

317 3318 553 3384 satione,
577 3320 694 3375 bare
722 3324 1154 3391 reprehensione.
1187 3327 1291 3385 Sed
1312 3330 1429 3387 hare
1456 3335 1695 3389 nolebam
1712 3336 1914 3407 dicere,

312 3414 503 3462 Verum
548 3408 709 3464 dolor
752 3427 839 3467 me
874 3416 1021 3485 cogit
1051 3433 1065 3468 :
1101 3417 1395 3487 ignoscite;
1436 3424 1581 3493 cogit
1618 3440 1705 3480 me
1741 3426 1916 3482 luctus

314 3496 480 3552 multa
515 3496 706 3554 dicere
728 3516 848 3570 qute
880 3504 1148 3560 nolebam.
1180 3508 1349 3565 Video
1375 3526 1565 3581 graves
1593 3516 1786 3582 minas,
1818 3530 1911 3572 ca-

318 3587 623 3645 lamitatem
650 3593 740 3648 cui
777 3592 953 3650 afferri
990 3612 1096 3651 non
1143 3609 1316 3669 potest
1358 3605 1683 3671 consolatio,
1709 3609 1912 3677 majora

316 3692 412 3733 nos
454 3694 799 3750 occuparunt
837 3688 978 3742 mala
1011 3705 1170 3758 quant
1210 3702 1268 3746 ut
1309 3698 1477 3763 possit
1506 3696 1731 3753 inveniri
1765 3700 1911 3754 sola-

315 3765 477 3832 tium;
519 3770 804 3838 periimus.
831 3773 958 3839 Quis
985 3777 1123 3832 dabit
1152 3782 1308 3850 capiti
1345 3800 1453 3838 meo
1481 3802 1685 3853 aquam,
1716 3799 1763 3843 et
1792 3806 1912 3843 ocuo

312 3855 373 3909 iis
400 3861 533 3914 meis
563 3861 758 3930 [autem
784 3866 1127 3937 Iacrymarum
1160 3871 1294 3942 (λετ.
1324 3875 1375 3931 9.
1413 3878 1486 3945 1),
1517 3888 1573 3932 ut
1610 3881 1912 3938 lamentor?

313 3945 593 4017 Fleamus,
620 3968 655 4005 ο
676 3952 877 4021 dilecti,
911 3957 1152 4027 fleamus,
1183 3963 1610 4033 ingemiscamus.
1641 3969 1778 4026 Sunt
1802 3972 1908 4029 for-

315 4044 454 4134 lasse
475 4041 701 4134 quidam
729 4046 819 4114 qui
845 4046 1031 4102 dicunt
1058 4069 1070 4104 :
1098 4051 1234 4106 Nihil
1257 4055 1400 4110 aliud
1429 4059 1581 4113 nobis
1600 4061 1729 4116 dicit
1747 4079 1905 4134 quam

313 4125 767 4202 lamentationes,
796 4136 928 4192 nihil
951 4138 1098 4196 aliud
1127 4159 1287 4213 quam
1311 4148 1486 4203 ﬂetus.
1515 4150 1721 4209 Nollem
1742 4125 1905 4219 {cre-

1106 306 1169 363 ΙΝ
1207 302 1424 363 EPIST.
1467 304 1557 361 Al)
1594 295 1955 359 llElllLEOS.
1997 293 2151 355 CAP.
2197 293 2285 351 Xl.
2333 293 2559 350 llOlllL.
2605 293 2792 353 XXIV.

3479 304 3581 359 Nili

2006 403 2150 472 dite,
2182 406 2377 460 nollem
2399 444 2413 469 ,
2443 404 2536 460 sed
2570 404 2755 462 laudes
2783 405 3033 475 persequi
3061 415 3117 460 et
3143 407 3418 474 eneontia;
3452 422 3594 469 nunc

2006 508 2184 553 autem
2225 507 2308 553 est
2348 497 2541 553 horum
2574 508 2803 568 tempus.
2834 496 2948 552 Non
2974 509 3058 553 est
3091 514 3287 571 grave,
3318 516 3352 554 ο
3375 500 3585 565 dilecti,

2011 593 2322 658 lamentari,
2352 592 2445 646 sed
2491 592 2665 646 facere
2702 607 2821 661 qua:
2859 600 2984 647 sunt
3009 592 3165 663 digna
3198 593 3591 647 lamentationi-

2010 686 2109 739 bus
2139 702 2151 739 :
2183 699 2290 739 non
2321 693 2402 739 est
2429 684 2782 738 aversandttm
2810 683 3031 751 deﬂere,
3060 684 3155 740 sed
3198 699 3260 740 ea
3291 700 3449 753 agere
3475 699 3596 754 qua:

2008 788 2135 832 sunt
2172 777 2330 845 digna
2374 776 2610 830 ﬂetibus.
2650 776 2726 832 Ne
2770 778 3048 846 puniaris,
3074 787 3128 833 et
3165 792 3272 835 non
3304 778 3498 849 lugeo;
3531 793 3598 832 ne

2011 869 2261 922 tnoriarls
2281 908 2296 932 ,
2338 877 2395 923 et
2435 883 2541 922 non
2570 867 2765 923 deﬂeo.
2793 869 2898 924 Sed
2927 871 2972 924 si
2997 885 3194 940 corpus
3217 871 3432 942 quidem
3453 871 3600 940 jacet

2012 971 2304 1027 mortuum,
2333 974 2523 1016 omnes
2550 959 2784 1016 hortaris
2811 970 2872 1016 ut
2895 964 3396 1029 commisereantur,
3423 973 3477 1020 et
3502 979 3600 1019 eos

2011 1053 2102 1123 qui
2131 1052 2236 1108 non
2266 1053 2448 1123 lugent
2476 1067 2636 1107 vocas
2675 1052 3129 1111 immisericordes
3156 1072 3170 1107 :
3205 1065 3463 1123 pereunte
3498 1070 3599 1111 an-

2014 1153 2121 1200 teni
2161 1144 2338 1199 anima
2368 1143 2524 1213 jubes
2558 1159 2666 1197 non
2708 1144 2928 1213 lugere?
2960 1144 3063 1200 Sed
3093 1160 3198 1199 non
3239 1161 3454 1217 possunt
3481 1162 3602 1205 esse

2015 1245 2163 1307 pater
2197 1236 2242 1291 si
2289 1249 2393 1291 non
2424 1234 2582 1290 ﬂeam
2616 1250 2630 1288 :
2662 1243 2813 1303 pater
2838 1249 2956 1291 sum
2986 1250 3171 1293 amans
3199 1247 3256 1292 et
3284 1238 3599 1297 benevolus.

2013 1326 2209 1382 Audite
2234 1325 2505 1396 quomodo
2530 1325 2726 1381 clamet
2757 1324 2953 1380 Paulus
2976 1367 2991 1389 ,
3025 1325 3204 1397 Filioli
3224 1369 3239 1391 ,
3266 1344 3392 1398 quos
3419 1331 3603 1384 iterum

2014 1418 2245 1488 periurio
2263 1416 2408 1486 (Gal.
2432 1416 2486 1470 4.
2512 1415 2625 1485 19).
2651 1414 2906 1481 Qumnant
2932 1425 3102 1471 mater
3130 1420 3433 1486 parturiens
3453 1436 3605 1489 atque

2014 1512 2236 1567 acerbas
2266 1524 2425 1565 voces
2450 1509 2611 1563 mittit
2636 1517 2797 1578 atque
2823 1508 2949 1564 ille?
2972 1507 3184 1567 Utinam
3209 1510 3398 1569 liceret
3426 1511 3606 1567 videre

2017 1604 2188 1673 ipsum
2232 1601 2479 1655 ardorem
2523 1601 2749 1664 mentis,
2779 1610 2835 1655 et
2863 1600 3076 1659 videres
3110 1603 3252 1671 quod
3285 1605 3455 1674 magis
3480 1620 3606 1663 uror

2016 1712 2174 1768 quam
2194 1696 2396 1765 quaevis
2416 1695 2623 1758 mulier,
2643 1703 2698 1748 et
2717 1694 2917 1763 qumvis
2938 1695 3111 1764 puella
3127 1711 3247 1766 quze
3270 1697 3605 1752 immaturam

2019 1807 2171 1861 passa
2196 1801 2277 1845 est
2298 1789 2631 1844 viduitatem.
2657 1787 2770 1841 Non
2796 1788 2867 1841 ita
2889 1788 3033 1857 luget
3052 1788 3138 1842 illa
3161 1803 3313 1843 suum
3332 1791 3604 1855 maritum,

2021 1898 2195 1952 neque
2222 1888 2373 1951 pater
2401 1880 2568 1934 lilium
2594 1920 2609 1943 ,
2639 1886 2696 1932 ut
2734 1892 2837 1948 ego
2878 1878 3017 1933 hanc
3050 1894 3169 1947 qttzc
3206 1888 3289 1933 est
3330 1881 3467 1948 apud
3510 1897 3607 1935 nos

2021 1973 2437 2030 multitudinem.
2458 1970 2566 2025 Nec
2587 1969 2787 2024 nullum
2812 1968 2966 2024 video
2990 1969 3307 2039 profectum,
3332 1981 3607 2026 vertuntur

2021 2066 2198 2122 omnia
2242 2064 2293 2117 in
2339 2062 2636 2116 calumnias
2677 2069 2733 2114 ct
2766 2060 3170 2117 criminationes
3203 2078 3218 2116 :
3246 2063 3426 2118 nullus
3453 2052 3605 2118 suum

1998 2176 2005 2177 ’
2034 2168 2180 2224 ducit
2216 2179 2337 2221 esse
2374 2162 2607 2218 oﬂlcium
2644 2169 2700 2213 ut
2737 2160 2848 2213 Deo
2876 2158 3107 2229 placeat;
3139 2155 3234 2212 sed
3261 2156 3327 2210 de
3359 2155 3493 2220 hoc,
3525 2153 3609 2208 in-

2030 2260 2176 2333 quit,
2206 2266 2262 2312 ct
2288 2255 2359 2311 de
2399 2255 2494 2309 illo
2531 2253 2671 2307 male
2700 2252 2941 2307 dicamus
2968 2266 2982 2302 :
3013 2250 3102 2303 ille
3126 2259 3210 2304 est
3243 2248 3494 2317 indignus
3517 2263 3607 2317 qui

2031 2352 2103 2406 sit
2123 2348 2351 2404 clericus
2370 2385 2387 2411 ,
2421 2344 2508 2398 hic
2532 2342 2755 2410 turpiter
2787 2341 2915 2394 vivit
2941 2351 2996 2395 et
3025 2340 3324 2393 inhoneste.
3352 2339 3483 2393 Cum
3513 2338 3609 2391 de-

2029 2443 2281 2493 beremus
2309 2434 2446 2488 mala
2488 2441 2669 2486 nostra
2710 2431 2921 2499 lugere,
2952 2428 3087 2483 alios
3117 2427 3454 2497 jndicamus,
3486 2441 3607 2481 cum

2027 2542 2130 2584 nec
2154 2525 2369 2597 quando
2403 2522 2584 2578 mundi
2615 2537 2799 2576 sumus
2835 2535 2866 2574 a
2906 2522 3137 2590 peccatis
3160 2518 3477 2573 deberemus
3506 2518 3608 2572 hoc

2027 2618 2223 2675 ﬁtcere.
2256 2617 2380 2684 Quis
2399 2616 2533 2669 enim
2554 2624 2603 2667 te
2621 2612 2857 2666 discernit
2870 2612 2897 2664 .9
2920 2610 3092 2679 inquit
3113 2625 3130 2670 ;
3156 2610 3279 2676 quid
3305 2609 3457 2663 habes
3474 2610 3607 2676 quod

2026 2729 2129 2766 non
2154 2710 2387 2781 accepisti
2403 2710 2429 2764 .’
2452 2709 2497 2763 si
2533 2715 2701 2760 autem
2743 2705 2981 2773 accepisti
2999 2745 3014 2768 ,
3041 2703 3164 2774 quid
3190 2703 3427 2773 gloriaris
3461 2704 3606 2771 quasi

2026 2821 2127 2858 non
2152 2802 2403 2871 acceperis
2434 2799 2511 2870 (l.
2539 2798 2656 2852 Cor.
2684 2797 2738 2851 4.
2769 2796 2868 2865 7)?
2900 2795 2978 2850 Tu
3013 2805 3193 2849 autem
3233 2794 3360 2863 quid
3397 2793 3606 2862 iudicas

2025 2897 2242 2951 fratrem
2270 2904 2439 2955 tuum,
2463 2905 2582 2944 eum
2613 2889 2725 2958 ipse
2751 2888 2825 2941 sis
2856 2887 3045 2955 plenus
3070 2885 3221 2939 malis
3248 2884 3605 2939 innumerabi-

2024 2986 2207 3041 libus?
2233 2982 2457 3052 Quando
2486 2981 2712 3041 dixeris,
2747 2979 2838 3033 Ille
2867 2987 2948 3032 est
2993 2978 3161 3029 malus
3189 2983 3244 3029 et
3274 2975 3603 3044 perniciosus

2023 3089 2078 3135 et
2101 3078 2415 3138 sceleratus,
2443 3075 2510 3128 de
2534 3083 2586 3127 te
2614 3072 2807 3141 cogita,
2829 3081 2884 3124 et
2904 3079 2991 3123 tua
3012 3068 3292 3137 diligenter
3320 3067 3526 3137 inquire
3548 3077 3603 3120 et

2013 3168 2284 3235 examina,
2311 3176 2366 3222 et
2391 3176 2442 3222 te
2467 3165 2749 3236 paenitebit
2776 3178 2963 3218 eorum
2995 3177 3115 3233 quae
3142 3160 3342 3217 dixisti.
3372 3159 3487 3213 Non
3511 3166 3595 3213 est

2012 3262 2178 3325 enim,
2212 3275 2318 3314 non
2342 3266 2425 3314 est
2460 3258 2562 3311 ulla
2592 3256 2713 3311 talis
2739 3255 3065 3320 adhortatio,
3095 3254 3268 3324 qualis
3293 3260 3378 3308 est
3406 3265 3593 3321 pecca-

2016 3362 2192 3407 torum
2238 3349 2560 3407 recordatio.
2602 3348 2659 3403 Si
2701 3347 2816 3402 harc
2851 3348 2960 3402 duo
2985 3346 3126 3417 apud
3158 3359 3256 3399 nos
3280 3356 3554 3397 versemus
3576 3382 3591 3405 ,

2011 3443 2308 3514 poterimus
2346 3440 2602 3510 consequi
2645 3439 2785 3494 bona
2831 3438 3091 3507 promissa
3113 3475 3131 3502 ,
3171 3432 3463 3505 poterimus
3495 3447 3593 3485 nos

2013 3535 2304 3592 emundare
2344 3544 2400 3589 et
2438 3535 2744 3603 ahstergerc
2774 3548 2786 3583 :
2814 3530 2985 3584 solum
3025 3528 3076 3582 id
3119 3527 3275 3581 nobis
3313 3525 3492 3579 veniat
3536 3524 3588 3576 in

2014 3636 2279 3689 mentem,
2318 3635 2373 3678 et
2404 3623 2471 3677 de
2504 3622 2604 3677 hac
2637 3636 2696 3675 re
2724 3620 2890 3673 simus
2916 3616 3159 3678 solliciti,
3187 3630 3220 3669 ο
3244 3613 3442 3667 dilecti.
3488 3611 3582 3664 llic

2012 3718 2291 3773 doleamus
2316 3717 2515 3777 animo,
2542 3728 2609 3767 ne
2636 3712 2747 3766 illic
2773 3710 3053 3764 doleamus
3077 3705 3356 3775 supplicio,
3380 3703 3474 3757 sed
3499 3702 3588 3755 bo-

2014 3810 2097 3862 nis
2136 3806 2376 3860 fruamur
2418 3803 2666 3867 aeternis,
2711 3801 2798 3854 ubi
2836 3798 2966 3868 fugit
3007 3796 3180 3866 dolor,
3220 3795 3393 3848 luctus
3421 3802 3474 3845 et
3501 3807 3594 3860 ge-

2015 3899 2208 3960 mitus,
2250 3904 2311 3948 ut
2352 3894 2487 3948 bona
2531 3902 2925 3958 consequamur
2960 3893 3159 3940 atcrna
3196 3898 3316 3953 qum
3359 3888 3591 3935 montem

2014 3994 2336 4057 exsuperant
2378 3983 2697 4045 humanam,
2728 3979 2779 4033 in
2813 3978 3026 4033 Christo
3061 3974 3186 4029 Jesu
3230 3971 3456 4027 Domino
3490 3985 3591 4023 nu-

2015 4087 2172 4133 stro:
2206 4077 2304 4146 ipsi
2331 4075 2400 4129 sit
2427 4073 2597 4144 gloria
2626 4072 2678 4125 in
2707 4069 2901 4125 stet-uia
2928 4066 3262 4122 saeculorum.
3304 4064 3497 4118 Antea.

1651 4382 1994 4447 HOMILIA
2042 4386 2272 4451 XXIV.

322 4517 448 4573 (In.
474 4520 570 4574 11.
605 4531 661 4570 v.
693 4514 779 4568 l5.
809 4512 971 4567 Juxta
997 4511 1150 4578 fidem
1179 4508 1409 4579 defuncti
1444 4514 1562 4560 sunt
1599 4521 1769 4559 omnes
1799 4506 1902 4569 isti,

389 4628 493 4665 non
525 4609 746 4678 acceptis
770 4601 1259 4673 repromissionibus,
1289 4600 1379 4654 sed
1417 4615 1451 4653 α
1477 4601 1627 4669 longe
1652 4615 1738 4652 eas
1764 4599 1906 4667 aspi-

390 4702 582 4753 cientes
633 4707 681 4750 et
724 4696 1017 4756 salutantes,
1067 4702 1115 4746 et
1151 4692 1442 4756 conﬁtentes
1488 4688 1622 4760 quod
1659 4689 1909 4759 peregrini

389 4803 510 4847 sunt
536 4801 583 4844 et
613 4790 832 4858 hospites
856 4802 1009 4856 super
1035 4795 1240 4838 terram.
1282 4783 1368 4837 14.
1405 4782 1503 4848 Qui
1532 4782 1663 4834 enim
1690 4786 1794 4834 haec
1824 4780 1907 4832 di-

386 4893 529 4948 cunt,
560 4881 851 4951 significant
875 4894 929 4932 se
944 4876 1162 4947 patriam
1198 4875 1471 4945 inquirere.
1505 4873 1592 4926 15.
1628 4871 1693 4924 Et
1723 4872 1766 4924 si
1789 4871 1904 4939 qui-

386 4978 508 5030 dem
543 4974 705 5043 ipsius
735 4969 1075 5024 meminissent
1122 4965 1185 5019 de
1222 4982 1323 5034 qua
1366 4964 1613 5025 exierunt,
1662 4963 1908 5015 habebant

386 5066 567 5133 utique
594 5073 792 5128 tempus
814 5056 1130 5111 revertendi:
1161 5056 1245 5109 16.
1282 5070 1415 5107 nunc
1455 5062 1622 5106 autem
1653 5053 1907 5104 meliorem

391 5165 668 5227 appetunt,
722 5154 774 5206 id
827 5161 899 5205 est
940 5149 1208 5203 anienem.
1260 5146 1387 5200 Ideo
1432 5162 1530 5197 non
1578 5143 1908 5213 confunditur

393 5251 535 5303 Deus
558 5248 723 5302 uocari
746 5244 885 5298 Deus
901 5258 1078 5296 eorum
1099 5257 1117 5293 :
1145 5241 1339 5310 paravit
1360 5239 1490 5292 enim
1515 5238 1616 5291 illis
1636 5237 1903 5289 civitatem.

393 5344 447 5397 1.
484 5341 564 5411 (η)
602 5340 780 5393 Prima
817 5344 898 5391 est
931 5334 1119 5397 virtus,
1151 5343 1310 5400 atque
1341 5328 1474 5382 adeo
1507 5327 1751 5380 universa
1792 5325 1901 5377 vir-

325 5445 428 5500 tus,
459 5448 585 5488 esse
613 5433 668 5485 in
696 5428 798 5484 hoc
843 5426 1042 5481 nntndo
1083 5424 1343 5491 hospitem
1371 5430 1424 5476 et
1451 5421 1816 5489 peregrinum,
1849 5428 1904 5472 et

391 5632 466 5693 (α)
491 5629 619 5681 lnitii
662 5627 874 5693 homile
894 5627 1141 5690 vigesima:
1165 5634 1348 5688 quartae
1368 5632 1470 5676 tres
1509 5627 1695 5688 paginae
1720 5627 1911 5677 deside-

338 5691 503 5743 rantur
530 5694 577 5742 in
598 5692 773 5744 Codice
794 5691 929 5738 f‘nlh.

651 5784 920 5845 PATuOL.
975 5785 1091 5847 (in.
1141 5790 1364 5852 LXlll.

2017 4525 2138 4563 eum
2168 4510 2232 4564 iis
2273 4526 2392 4579 qua:
2422 4511 2508 4565 hic
2535 4525 2658 4566 sunt
2685 4512 2847 4567 rebus
2886 4522 2940 4567 et
2969 4513 3196 4581 negotiis
3227 4512 3356 4567 nihil
3399 4512 3595 4567 habere

2013 4616 2317 4665 cmumune,
2355 4601 2447 4655 sed
2476 4602 2540 4657 ab
2565 4603 2643 4657 eis
2676 4604 2911 4671 pendere
2939 4613 3206 4672 tamquam
3236 4604 3303 4657 ab
3332 4604 3591 4666 externis,

2014 4694 2152 4747 sicut
2178 4694 2316 4748 beati
2350 4695 2425 4747 illi
2453 4694 2699 4763 discipuli
2741 4694 2809 4749 de
2851 4694 3046 4764 quibus
3076 4694 3204 4746 dicit
3237 4711 3248 4746 :
3279 4693 3595 4747 Circuieraut

2011 4785 2063 4836 iu
2083 4784 2296 4846 metatis,
2319 4786 2372 4837 in
2396 4784 2605 4855 pellibus
2621 4786 2866 4854 caprinis,
2892 4794 3109 4854 egentes,
3131 4785 3431 4849 angustiati,
3459 4780 3591 4852 ami-

2011 4875 2099 4936 cti,
2152 4873 2331 4943 quibus
2375 4874 2560 4941 dignus
2601 4890 2700 4926 non
2743 4883 2850 4926 erat
2889 4873 3106 4924 mundus
3132 4870 3319 4940 (Hebr.
3355 4873 3440 4926 11.
3469 4870 3586 4939 37).

2012 4971 2183 5033 Atque
2212 4964 2284 5017 illi
2314 4964 2527 5032 quidem
2557 4963 2808 5018 dicebant
2850 4977 2908 5017 sc
2935 4979 3054 5017 esse
3090 4962 3326 5030 hospites
3353 4971 3406 5015 et
3437 4976 3593 5028 pere-

2012 5056 2191 5125 grinos
2239 5073 2252 5105 :
2313 5055 2508 5108 Paulus
2554 5063 2730 5107 autem
2776 5053 2902 5107 dicit
2955 5055 3111 5123 longe
3160 5053 3285 5122 quid
3339 5053 3584 5121 amplius.

2012 5147 2126 5201 Non
2170 5147 2309 5199 enim
2374 5162 2432 5199 se
2475 5161 2594 5200 esse
2632 5146 2765 5203 dixit
2816 5145 3075 5213 hospitem
3115 5154 3168 5198 et
3222 5146 3586 5213 peregrinum,

2011 5237 2102 5290 sed
2136 5236 2335 5290 mundo
2366 5246 2656 5301 mortuum,
2690 5246 2744 5289 et
2789 5236 2888 5291 sibi
2932 5235 3225 5289 mundum:
3262 5234 3393 5287 lli/ii
3420 5235 3586 5297 enim,

2014 5328 2203 5397 inquit,
2236 5328 2455 5380 mundus
2494 5327 2768 5395 cruci/ints
2799 5334 2892 5389 est,
2936 5334 2983 5378 et
3011 5342 3100 5395 ego
3138 5325 3326 5377 mundo
3353 5323 3489 5394 (Gul.
3529 5324 3584 5378 6.

2016 5420 2125 5489 li).
2156 5418 2258 5473 Sed
2294 5435 2389 5471 nos
2419 5420 2501 5473 hic
2540 5420 2715 5472 omnia
2759 5418 2992 5486 gerimus
3022 5427 3289 5485 tamquam
3335 5417 3501 5477 cives,
3534 5424 3587 5468 et

2019 5514 2171 5580 plane
2200 5514 2435 5564 viventes
2477 5520 2533 5565 nt
2567 5512 2711 5565 cives
2740 5527 2752 5561 :
2782 5518 2838 5563 et
2863 5506 3004 5577 quod
3024 5506 3153 5573 justi
3181 5517 3331 5560 erant
3360 5505 3581 5565 mundo,

2014 5620 2205 5674 nempe
2254 5606 2488 5676 hospites
2531 5620 2585 5660 et
2634 5607 2848 5670 mortui,
2891 5619 2987 5659 nos
3024 5606 3125 5659 hoc
3168 5620 3355 5660 sumus
3401 5605 3535 5659 catlo
3570 5623 3584 5660 :

2013 5695 2153 5765 quod
2186 5707 2359 5751 autem
2392 5708 2543 5751 erant
2576 5699 2647 5751 illi
2679 5698 2808 5749 ca'lo
2850 5696 3088 5750 viventes
3130 5706 3185 5752 et
3224 5697 3293 5750 ibi
3324 5695 3593 5752 rationem

3159 5803 3220 5861 ll
