  <div class='ocr_page' id='page_1' title='image "/cluster/home/n/w/nwhite01/storage/ocr_20150623/63/mdp.39015008641394/171.png"; bbox 0 0 3980 6142; ppageno 0'>
   <div class='ocr_carea' id='block_1_1' title="bbox 298 198 317 240">
    <p class='ocr_par' dir='ltr' id='par_1_1' title="bbox 298 198 317 240">
     <span class='ocr_line' id='line_1_1' title="bbox 298 198 317 240; baseline 0 0"><span class='ocrx_word' id='word_1_1' title='bbox 298 198 317 240; x_wconf 73' lang='lat' dir='ltr'><strong>&#39;t</strong></span> 
     </span>
    </p>
   </div>
   <div class='ocr_carea' id='block_1_2' title="bbox 358 286 457 356">
    <p class='ocr_par' dir='ltr' id='par_1_2' title="bbox 358 286 457 356">
     <span class='ocr_line' id='line_1_2' title="bbox 358 286 457 356; baseline 0.02 -2"><span class='ocrx_word' id='word_1_2' title='bbox 358 286 457 356; x_wconf 71' lang='lat' dir='ltr'><strong>tot</strong></span> 
     </span>
    </p>
   </div>
   <div class='ocr_carea' id='block_1_3' title="bbox 342 391 1933 461">
    <p class='ocr_par' dir='ltr' id='par_1_3' title="bbox 342 391 1933 461">
     <span class='ocr_line' id='line_1_3' title="bbox 342 391 1933 461; baseline 0.001 -16"><span class='ocrx_word' id='word_1_3' title='bbox 342 394 561 453; x_wconf 82' lang='lat' dir='ltr'><strong>vivendi</strong></span> <span class='ocrx_word' id='word_1_4' title='bbox 612 396 972 461; x_wconf 73' lang='lat' dir='ltr'><strong>insumentes,</strong></span> <span class='ocrx_word' id='word_1_5' title='bbox 1019 394 1119 448; x_wconf 92' lang='lat' dir='ltr'><strong>hoc</strong></span> <span class='ocrx_word' id='word_1_6' title='bbox 1163 408 1261 449; x_wconf 90' lang='lat' dir='ltr'><strong>nos</strong></span> <span class='ocrx_word' id='word_1_7' title='bbox 1306 408 1489 449; x_wconf 92' lang='lat' dir='ltr'><strong>sumus</strong></span> <span class='ocrx_word' id='word_1_8' title='bbox 1530 391 1750 448; x_wconf 89' lang='lat' dir='ltr'><strong>mundo.</strong></span> <span class='ocrx_word' id='word_1_9' title='bbox 1798 393 1933 447; x_wconf 83' lang='lat' dir='ltr'><strong>Pro-</strong></span> 
     </span>
    </p>
   </div>
   <div class='ocr_carea' id='block_1_4' title="bbox 348 486 1925 558">
    <p class='ocr_par' dir='ltr' id='par_1_4' title="bbox 348 486 1925 558">
     <span class='ocr_line' id='line_1_4' title="bbox 348 486 1925 558; baseline 0 -18"><span class='ocrx_word' id='word_1_10' title='bbox 348 496 532 555; x_wconf 87' lang='lat' dir='ltr'><strong>pterea</strong></span> <span class='ocrx_word' id='word_1_11' title='bbox 574 488 768 543; x_wconf 99' lang='lat' dir='ltr'><strong>mortui</strong></span> <span class='ocrx_word' id='word_1_12' title='bbox 812 502 1018 551; x_wconf 90' lang='lat' dir='ltr'><strong>sunms,</strong></span> <span class='ocrx_word' id='word_1_13' title='bbox 1051 486 1173 558; x_wconf 90' lang='lat' dir='ltr'><strong>quia</strong></span> <span class='ocrx_word' id='word_1_14' title='bbox 1204 501 1321 542; x_wconf 90' lang='lat' dir='ltr'><strong>eam</strong></span> <span class='ocrx_word' id='word_1_15' title='bbox 1355 501 1481 542; x_wconf 86' lang='lat' dir='ltr'><strong>vere</strong></span> <span class='ocrx_word' id='word_1_16' title='bbox 1506 502 1624 557; x_wconf 68' lang='lat' dir='ltr'><strong>quae</strong></span> <span class='ocrx_word' id='word_1_17' title='bbox 1654 495 1737 542; x_wconf 91' lang='lat' dir='ltr'><strong>est</strong></span> <span class='ocrx_word' id='word_1_18' title='bbox 1763 486 1925 541; x_wconf 88' lang='lat' dir='ltr'><strong>vitam</strong></span> 
     </span>
    </p>
   </div>
   <div class='ocr_carea' id='block_1_5' title="bbox 346 578 1926 650">
    <p class='ocr_par' dir='ltr' id='par_1_5' title="bbox 346 578 1926 650">
     <span class='ocr_line' id='line_1_5' title="bbox 346 578 1926 650; baseline -0.001 -16"><span class='ocrx_word' id='word_1_19' title='bbox 346 578 747 650; x_wconf 84' lang='lat' dir='ltr'><strong>abnegavimus,</strong></span> <span class='ocrx_word' id='word_1_20' title='bbox 796 588 851 633; x_wconf 94' lang='lat' dir='ltr'><strong>et</strong></span> <span class='ocrx_word' id='word_1_21' title='bbox 900 578 1035 633; x_wconf 89' lang='lat' dir='ltr'><strong>hanc</strong></span> <span class='ocrx_word' id='word_1_22' title='bbox 1076 579 1424 649; x_wconf 91' lang='lat' dir='ltr'><strong>temporalem</strong></span> <span class='ocrx_word' id='word_1_23' title='bbox 1464 578 1722 648; x_wconf 78' lang='lat' dir='ltr'><strong>elegimus</strong></span> <span class='ocrx_word' id='word_1_24' title='bbox 1755 596 1767 633; x_wconf 92' lang='lat'>:</span> <span class='ocrx_word' id='word_1_25' title='bbox 1798 593 1926 648; x_wconf 82' lang='lat' dir='ltr'><strong>pro-</strong></span> 
     </span>
    </p>
   </div>
   <div class='ocr_carea' id='block_1_6' title="bbox 346 669 1931 739">
    <p class='ocr_par' dir='ltr' id='par_1_6' title="bbox 346 669 1931 739">
     <span class='ocr_line' id='line_1_6' title="bbox 346 669 1931 739; baseline -0.001 -15"><span class='ocrx_word' id='word_1_26' title='bbox 346 680 529 739; x_wconf 84' lang='lat' dir='ltr'><strong>pterea</strong></span> <span class='ocrx_word' id='word_1_27' title='bbox 557 671 719 725; x_wconf 86' lang='lat' dir='ltr'><strong>Deum</strong></span> <span class='ocrx_word' id='word_1_28' title='bbox 752 670 1100 737; x_wconf 88' lang='lat' dir='ltr'><strong>irritavimus,</strong></span> <span class='ocrx_word' id='word_1_29' title='bbox 1125 669 1266 739; x_wconf 91' lang='lat' dir='ltr'><strong>quod</strong></span> <span class='ocrx_word' id='word_1_30' title='bbox 1297 684 1416 725; x_wconf 91' lang='lat' dir='ltr'><strong>cum</strong></span> <span class='ocrx_word' id='word_1_31' title='bbox 1449 670 1602 725; x_wconf 92' lang='lat' dir='ltr'><strong>nobis</strong></span> <span class='ocrx_word' id='word_1_32' title='bbox 1631 678 1775 724; x_wconf 86' lang='lat' dir='ltr'><strong>esset</strong></span> <span class='ocrx_word' id='word_1_33' title='bbox 1799 684 1931 739; x_wconf 83' lang='lat' dir='ltr'><strong>pro-</strong></span> 
     </span>
    </p>
   </div>
   <div class='ocr_carea' id='block_1_7' title="bbox 344 759 1926 830">
    <p class='ocr_par' dir='ltr' id='par_1_7' title="bbox 344 759 1926 830">
     <span class='ocr_line' id='line_1_7' title="bbox 344 759 1926 830; baseline 0.001 -16"><span class='ocrx_word' id='word_1_34' title='bbox 344 761 576 830; x_wconf 86' lang='lat' dir='ltr'><strong>positum</strong></span> <span class='ocrx_word' id='word_1_35' title='bbox 607 760 710 815; x_wconf 92' lang='lat' dir='ltr'><strong>frui</strong></span> <span class='ocrx_word' id='word_1_36' title='bbox 747 760 811 814; x_wconf 91' lang='lat' dir='ltr'><strong>iis</strong></span> <span class='ocrx_word' id='word_1_37' title='bbox 839 775 958 829; x_wconf 78' lang='lat' dir='ltr'><strong>qua:</strong></span> <span class='ocrx_word' id='word_1_38' title='bbox 983 770 1110 814; x_wconf 93' lang='lat' dir='ltr'><strong>sunt</strong></span> <span class='ocrx_word' id='word_1_39' title='bbox 1137 760 1192 815; x_wconf 90' lang='lat' dir='ltr'><strong>in</strong></span> <span class='ocrx_word' id='word_1_40' title='bbox 1229 759 1397 824; x_wconf 71' lang='lat' dir='ltr'><strong>cadis,</strong></span> <span class='ocrx_word' id='word_1_41' title='bbox 1430 775 1498 815; x_wconf 91' lang='lat' dir='ltr'><strong>ne</strong></span> <span class='ocrx_word' id='word_1_42' title='bbox 1525 759 1594 813; x_wconf 88' lang='lat' dir='ltr'><strong>ab</strong></span> <span class='ocrx_word' id='word_1_43' title='bbox 1621 759 1685 815; x_wconf 92' lang='lat' dir='ltr'><strong>iis</strong></span> <span class='ocrx_word' id='word_1_44' title='bbox 1709 759 1926 830; x_wconf 80' lang='lat' dir='ltr'><strong>quidem</strong></span> 
     </span>
    </p>
   </div>
   <div class='ocr_carea' id='block_1_8' title="bbox 343 850 1927 921">
    <p class='ocr_par' dir='ltr' id='par_1_8' title="bbox 343 850 1927 921">
     <span class='ocr_line' id='line_1_8' title="bbox 343 850 1927 921; baseline 0.001 -16"><span class='ocrx_word' id='word_1_45' title='bbox 343 866 463 921; x_wconf 80' lang='lat' dir='ltr'><strong>qua:</strong></span> <span class='ocrx_word' id='word_1_46' title='bbox 489 859 615 905; x_wconf 88' lang='lat' dir='ltr'><strong>sunt</strong></span> <span class='ocrx_word' id='word_1_47' title='bbox 639 850 693 905; x_wconf 91' lang='lat' dir='ltr'><strong>in</strong></span> <span class='ocrx_word' id='word_1_48' title='bbox 725 861 865 906; x_wconf 89' lang='lat' dir='ltr'><strong>terra</strong></span> <span class='ocrx_word' id='word_1_49' title='bbox 899 851 1145 905; x_wconf 88' lang='lat' dir='ltr'><strong>volumus</strong></span> <span class='ocrx_word' id='word_1_50' title='bbox 1171 850 1483 916; x_wconf 87' lang='lat' dir='ltr'><strong>discedere;</strong></span> <span class='ocrx_word' id='word_1_51' title='bbox 1516 851 1610 906; x_wconf 88' lang='lat' dir='ltr'><strong>sed</strong></span> <span class='ocrx_word' id='word_1_52' title='bbox 1633 867 1739 907; x_wconf 90' lang='lat' dir='ltr'><strong>non</strong></span> <span class='ocrx_word' id='word_1_53' title='bbox 1771 866 1927 907; x_wconf 88' lang='lat' dir='ltr'><strong>secus</strong></span> 
     </span>
    </p>
   </div>
   <div class='ocr_carea' id='block_1_9' title="bbox 343 943 1928 1015">
    <p class='ocr_par' dir='ltr' id='par_1_9' title="bbox 343 943 1928 1015">
     <span class='ocr_line' id='line_1_9' title="bbox 343 943 1928 1015; baseline 0.001 -17"><span class='ocrx_word' id='word_1_54' title='bbox 343 959 406 998; x_wconf 89' lang='lat' dir='ltr'><strong>ac</strong></span> <span class='ocrx_word' id='word_1_55' title='bbox 447 943 663 1015; x_wconf 86' lang='lat' dir='ltr'><strong>quidam</strong></span> <span class='ocrx_word' id='word_1_56' title='bbox 696 959 915 999; x_wconf 87' lang='lat' dir='ltr'><strong>vermes</strong></span> <span class='ocrx_word' id='word_1_57' title='bbox 942 959 973 998; x_wconf 84' lang='lat' dir='ltr'><strong>a</strong></span> <span class='ocrx_word' id='word_1_58' title='bbox 1019 944 1245 999; x_wconf 91' lang='lat' dir='ltr'><strong>terrain</strong></span> <span class='ocrx_word' id='word_1_59' title='bbox 1275 952 1492 1008; x_wconf 89' lang='lat' dir='ltr'><strong>terram,</strong></span> <span class='ocrx_word' id='word_1_60' title='bbox 1539 952 1595 999; x_wconf 88' lang='lat' dir='ltr'><strong>et</strong></span> <span class='ocrx_word' id='word_1_61' title='bbox 1636 958 1821 998; x_wconf 85' lang='lat' dir='ltr'><strong>rursus</strong></span> <span class='ocrx_word' id='word_1_62' title='bbox 1859 944 1928 999; x_wconf 91' lang='lat' dir='ltr'><strong>ab</strong></span> 
     </span>
    </p>
   </div>
   <div class='ocr_carea' id='block_1_10' title="bbox 344 1036 1926 1106">
    <p class='ocr_par' dir='ltr' id='par_1_10' title="bbox 344 1036 1926 1106">
     <span class='ocr_line' id='line_1_10' title="bbox 344 1036 1926 1106; baseline 0 -16"><span class='ocrx_word' id='word_1_63' title='bbox 344 1036 447 1092; x_wconf 88' lang='lat' dir='ltr'><strong>hac</strong></span> <span class='ocrx_word' id='word_1_64' title='bbox 474 1037 525 1091; x_wconf 92' lang='lat' dir='ltr'><strong>in</strong></span> <span class='ocrx_word' id='word_1_65' title='bbox 556 1036 699 1092; x_wconf 84' lang='lat' dir='ltr'><strong>illam</strong></span> <span class='ocrx_word' id='word_1_66' title='bbox 731 1036 1183 1106; x_wconf 82' lang='lat' dir='ltr'><strong>circumagimur;</strong></span> <span class='ocrx_word' id='word_1_67' title='bbox 1227 1045 1283 1091; x_wconf 86' lang='lat' dir='ltr'><strong>et</strong></span> <span class='ocrx_word' id='word_1_68' title='bbox 1310 1036 1465 1106; x_wconf 87' lang='lat' dir='ltr'><strong>plane</strong></span> <span class='ocrx_word' id='word_1_69' title='bbox 1493 1050 1561 1090; x_wconf 89' lang='lat' dir='ltr'><strong>ne</strong></span> <span class='ocrx_word' id='word_1_70' title='bbox 1593 1050 1779 1105; x_wconf 90' lang='lat' dir='ltr'><strong>parum</strong></span> <span class='ocrx_word' id='word_1_71' title='bbox 1804 1036 1926 1106; x_wconf 85' lang='lat' dir='ltr'><strong>qui-</strong></span> 
     </span>
    </p>
   </div>
   <div class='ocr_carea' id='block_1_11' title="bbox 343 1126 1928 1198">
    <p class='ocr_par' dir='ltr' id='par_1_11' title="bbox 343 1126 1928 1198">
     <span class='ocr_line' id='line_1_11' title="bbox 343 1126 1928 1198; baseline -0.001 -15"><span class='ocrx_word' id='word_1_72' title='bbox 343 1130 467 1184; x_wconf 87' lang='lat' dir='ltr'><strong>dem</strong></span> <span class='ocrx_word' id='word_1_73' title='bbox 495 1129 745 1184; x_wconf 89' lang='lat' dir='ltr'><strong>volumus</strong></span> <span class='ocrx_word' id='word_1_74' title='bbox 774 1143 1074 1198; x_wconf 80' lang='lat' dir='ltr'><strong>emergere,</strong></span> <span class='ocrx_word' id='word_1_75' title='bbox 1098 1143 1273 1197; x_wconf 89' lang='lat' dir='ltr'><strong>neque</strong></span> <span class='ocrx_word' id='word_1_76' title='bbox 1309 1142 1407 1181; x_wconf 91' lang='lat' dir='ltr'><strong>nos</strong></span> <span class='ocrx_word' id='word_1_77' title='bbox 1435 1142 1463 1180; x_wconf 91' lang='lat' dir='ltr'><strong>a</strong></span> <span class='ocrx_word' id='word_1_78' title='bbox 1492 1128 1652 1182; x_wconf 87' lang='lat' dir='ltr'><strong>rebus</strong></span> <span class='ocrx_word' id='word_1_79' title='bbox 1681 1126 1928 1183; x_wconf 79' lang='lat' dir='ltr'><strong>humanis</strong></span> 
     </span>
    </p>
   </div>
   <div class='ocr_carea' id='block_1_12' title="bbox 343 1217 1927 1287">
    <p class='ocr_par' dir='ltr' id='par_1_12' title="bbox 343 1217 1927 1287">
     <span class='ocr_line' id='line_1_12' title="bbox 343 1217 1927 1287; baseline 0.001 -15"><span class='ocrx_word' id='word_1_80' title='bbox 343 1219 634 1285; x_wconf 84' lang='lat' dir='ltr'><strong>abducere,</strong></span> <span class='ocrx_word' id='word_1_81' title='bbox 666 1217 764 1273; x_wconf 90' lang='lat' dir='ltr'><strong>sed</strong></span> <span class='ocrx_word' id='word_1_82' title='bbox 790 1218 952 1273; x_wconf 91' lang='lat' dir='ltr'><strong>veluti</strong></span> <span class='ocrx_word' id='word_1_83' title='bbox 993 1232 1022 1271; x_wconf 90' lang='lat' dir='ltr'><strong>a</strong></span> <span class='ocrx_word' id='word_1_84' title='bbox 1051 1217 1281 1287; x_wconf 89' lang='lat' dir='ltr'><strong>quodam</strong></span> <span class='ocrx_word' id='word_1_85' title='bbox 1309 1228 1531 1271; x_wconf 90' lang='lat' dir='ltr'><strong>veterno</strong></span> <span class='ocrx_word' id='word_1_86' title='bbox 1559 1227 1611 1271; x_wconf 89' lang='lat' dir='ltr'><strong>et</strong></span> <span class='ocrx_word' id='word_1_87' title='bbox 1654 1231 1848 1271; x_wconf 90' lang='lat' dir='ltr'><strong>somno</strong></span> <span class='ocrx_word' id='word_1_88' title='bbox 1873 1227 1927 1273; x_wconf 92' lang='lat' dir='ltr'><strong>et</strong></span> 
     </span>
    </p>
   </div>
   <div class='ocr_carea' id='block_1_13' title="bbox 343 1309 1922 1379">
    <p class='ocr_par' dir='ltr' id='par_1_13' title="bbox 343 1309 1922 1379">
     <span class='ocr_line' id='line_1_13' title="bbox 343 1309 1922 1379; baseline -0.001 -14"><span class='ocrx_word' id='word_1_89' title='bbox 343 1311 605 1366; x_wconf 88' lang='lat' dir='ltr'><strong>ebrietate</strong></span> <span class='ocrx_word' id='word_1_90' title='bbox 627 1310 825 1375; x_wconf 86' lang='lat' dir='ltr'><strong>obruti,</strong></span> <span class='ocrx_word' id='word_1_91' title='bbox 848 1309 1278 1379; x_wconf 90' lang='lat' dir='ltr'><strong>obstupeseimus</strong></span> <span class='ocrx_word' id='word_1_92' title='bbox 1298 1310 1409 1363; x_wconf 88' lang='lat' dir='ltr'><strong>visa</strong></span> <span class='ocrx_word' id='word_1_93' title='bbox 1438 1309 1922 1379; x_wconf 82' lang='lat' dir='ltr'><strong>apprehendentes.</strong></span> 
     </span>
    </p>
   </div>
   <div class='ocr_carea' id='block_1_14' title="bbox 344 1402 1931 1473">
    <p class='ocr_par' dir='ltr' id='par_1_14' title="bbox 344 1402 1931 1473">
     <span class='ocr_line' id='line_1_14' title="bbox 344 1402 1931 1473; baseline -0.001 -14"><span class='ocrx_word' id='word_1_94' title='bbox 344 1404 413 1459; x_wconf 86' lang='lat' dir='ltr'><strong>Et</strong></span> <span class='ocrx_word' id='word_1_95' title='bbox 440 1404 581 1458; x_wconf 86' lang='lat' dir='ltr'><strong>sicut</strong></span> <span class='ocrx_word' id='word_1_96' title='bbox 607 1402 640 1456; x_wconf 90' lang='lat' dir='ltr'><strong>ii</strong></span> <span class='ocrx_word' id='word_1_97' title='bbox 666 1403 758 1473; x_wconf 87' lang='lat' dir='ltr'><strong>qui</strong></span> <span class='ocrx_word' id='word_1_98' title='bbox 784 1403 934 1457; x_wconf 85' lang='lat' dir='ltr'><strong>suavi</strong></span> <span class='ocrx_word' id='word_1_99' title='bbox 962 1411 1214 1457; x_wconf 89' lang='lat' dir='ltr'><strong>tenentur</strong></span> <span class='ocrx_word' id='word_1_100' title='bbox 1240 1417 1451 1467; x_wconf 89' lang='lat' dir='ltr'><strong>somno,</strong></span> <span class='ocrx_word' id='word_1_101' title='bbox 1494 1417 1600 1457; x_wconf 92' lang='lat' dir='ltr'><strong>non</strong></span> <span class='ocrx_word' id='word_1_102' title='bbox 1629 1402 1803 1458; x_wconf 91' lang='lat' dir='ltr'><strong>solum</strong></span> <span class='ocrx_word' id='word_1_103' title='bbox 1832 1417 1931 1457; x_wconf 83' lang='lat' dir='ltr'><strong>no-</strong></span> 
     </span>
    </p>
   </div>
   <div class='ocr_carea' id='block_1_15' title="bbox 345 1492 1927 1563">
    <p class='ocr_par' dir='ltr' id='par_1_15' title="bbox 345 1492 1927 1563">
     <span class='ocr_line' id='line_1_15' title="bbox 345 1492 1927 1563; baseline 0.002 -16"><span class='ocrx_word' id='word_1_104' title='bbox 345 1502 457 1560; x_wconf 92' lang='lat' dir='ltr'><strong>ctu,</strong></span> <span class='ocrx_word' id='word_1_105' title='bbox 486 1492 579 1547; x_wconf 89' lang='lat' dir='ltr'><strong>sed</strong></span> <span class='ocrx_word' id='word_1_106' title='bbox 606 1493 766 1547; x_wconf 89' lang='lat' dir='ltr'><strong>etiam</strong></span> <span class='ocrx_word' id='word_1_107' title='bbox 801 1507 926 1547; x_wconf 91' lang='lat' dir='ltr'><strong>cum</strong></span> <span class='ocrx_word' id='word_1_108' title='bbox 955 1493 1127 1563; x_wconf 87' lang='lat' dir='ltr'><strong>ipsum</strong></span> <span class='ocrx_word' id='word_1_109' title='bbox 1157 1507 1316 1547; x_wconf 89' lang='lat' dir='ltr'><strong>mane</strong></span> <span class='ocrx_word' id='word_1_110' title='bbox 1343 1492 1642 1559; x_wconf 83' lang='lat' dir='ltr'><strong>advenerit,</strong></span> <span class='ocrx_word' id='word_1_111' title='bbox 1673 1503 1727 1549; x_wconf 91' lang='lat' dir='ltr'><strong>et</strong></span> <span class='ocrx_word' id='word_1_112' title='bbox 1749 1493 1927 1550; x_wconf 90' lang='lat' dir='ltr'><strong>clarus</strong></span> 
     </span>
    </p>
   </div>
   <div class='ocr_carea' id='block_1_16' title="bbox 340 1581 1927 1654">
    <p class='ocr_par' dir='ltr' id='par_1_16' title="bbox 340 1581 1927 1654">
     <span class='ocr_line' id='line_1_16' title="bbox 340 1581 1927 1654; baseline 0.002 -17"><span class='ocrx_word' id='word_1_113' title='bbox 340 1581 508 1638; x_wconf 73' lang='lat' dir='ltr'><strong>fuerit</strong></span> <span class='ocrx_word' id='word_1_114' title='bbox 533 1583 670 1647; x_wconf 91' lang='lat' dir='ltr'><strong>dies,</strong></span> <span class='ocrx_word' id='word_1_115' title='bbox 695 1584 877 1653; x_wconf 90' lang='lat' dir='ltr'><strong>jacent</strong></span> <span class='ocrx_word' id='word_1_116' title='bbox 901 1584 956 1638; x_wconf 92' lang='lat' dir='ltr'><strong>in</strong></span> <span class='ocrx_word' id='word_1_117' title='bbox 987 1584 1167 1646; x_wconf 86' lang='lat' dir='ltr'><strong>lecto;</strong></span> <span class='ocrx_word' id='word_1_118' title='bbox 1201 1597 1301 1637; x_wconf 91' lang='lat' dir='ltr'><strong>nec</strong></span> <span class='ocrx_word' id='word_1_119' title='bbox 1324 1598 1418 1637; x_wconf 90' lang='lat' dir='ltr'><strong>eos</strong></span> <span class='ocrx_word' id='word_1_120' title='bbox 1448 1583 1610 1652; x_wconf 88' lang='lat' dir='ltr'><strong>pudet</strong></span> <span class='ocrx_word' id='word_1_121' title='bbox 1649 1583 1927 1654; x_wconf 81' lang='lat' dir='ltr'><strong>indulgere</strong></span> 
     </span>
    </p>
   </div>
   <div class='ocr_carea' id='block_1_17' title="bbox 345 1673 1928 1744">
    <p class='ocr_par' dir='ltr' id='par_1_17' title="bbox 345 1673 1928 1744">
     <span class='ocr_line' id='line_1_17' title="bbox 345 1673 1928 1744; baseline 0.001 -17"><span class='ocrx_word' id='word_1_122' title='bbox 345 1673 626 1744; x_wconf 85' lang='lat' dir='ltr'><strong>voluptati,</strong></span> <span class='ocrx_word' id='word_1_123' title='bbox 681 1681 733 1728; x_wconf 90' lang='lat' dir='ltr'><strong>et</strong></span> <span class='ocrx_word' id='word_1_124' title='bbox 773 1683 986 1743; x_wconf 88' lang='lat' dir='ltr'><strong>tempus</strong></span> <span class='ocrx_word' id='word_1_125' title='bbox 1031 1673 1287 1744; x_wconf 89' lang='lat' dir='ltr'><strong>operaudi</strong></span> <span class='ocrx_word' id='word_1_126' title='bbox 1338 1683 1392 1727; x_wconf 91' lang='lat' dir='ltr'><strong>et</strong></span> <span class='ocrx_word' id='word_1_127' title='bbox 1444 1674 1690 1728; x_wconf 87' lang='lat' dir='ltr'><strong>studendi</strong></span> <span class='ocrx_word' id='word_1_128' title='bbox 1749 1673 1928 1729; x_wconf 87' lang='lat' dir='ltr'><strong>facere</strong></span> 
     </span>
    </p>
   </div>
   <div class='ocr_carea' id='block_1_18' title="bbox 347 1762 1925 1835">
    <p class='ocr_par' dir='ltr' id='par_1_18' title="bbox 347 1762 1925 1835">
     <span class='ocr_line' id='line_1_18' title="bbox 347 1762 1925 1835; baseline 0 -16"><span class='ocrx_word' id='word_1_129' title='bbox 347 1772 557 1832; x_wconf 89' lang='lat' dir='ltr'><strong>tempus</strong></span> <span class='ocrx_word' id='word_1_130' title='bbox 573 1762 758 1818; x_wconf 87' lang='lat' dir='ltr'><strong>somni</strong></span> <span class='ocrx_word' id='word_1_131' title='bbox 789 1763 1065 1818; x_wconf 67' lang='lat' dir='ltr'><strong>el&#39;inertire</strong></span> <span class='ocrx_word' id='word_1_132' title='bbox 1091 1778 1150 1817; x_wconf 90' lang='lat' dir='ltr'><strong>ac</strong></span> <span class='ocrx_word' id='word_1_133' title='bbox 1176 1763 1515 1818; x_wconf 89' lang='lat' dir='ltr'><strong>bebetudinis</strong></span> <span class='ocrx_word' id='word_1_134' title='bbox 1541 1782 1554 1819; x_wconf 91' lang='lat'><strong>:</strong></span> <span class='ocrx_word' id='word_1_135' title='bbox 1578 1764 1647 1818; x_wconf 91' lang='lat' dir='ltr'><strong>ita</strong></span> <span class='ocrx_word' id='word_1_136' title='bbox 1669 1780 1767 1819; x_wconf 91' lang='lat' dir='ltr'><strong>nos</strong></span> <span class='ocrx_word' id='word_1_137' title='bbox 1787 1780 1925 1835; x_wconf 79' lang='lat' dir='ltr'><strong>quo-</strong></span> 
     </span>
    </p>
   </div>
   <div class='ocr_carea' id='block_1_19' title="bbox 343 1841 1927 1925">
    <p class='ocr_par' dir='ltr' id='par_1_19' title="bbox 343 1841 1927 1925">
     <span class='ocr_line' id='line_1_19' title="bbox 343 1841 1927 1925; baseline 0.001 -16"><span class='ocrx_word' id='word_1_138' title='bbox 343 1870 447 1923; x_wconf 91' lang='lat' dir='ltr'><strong>que</strong></span> <span class='ocrx_word' id='word_1_139' title='bbox 476 1841 567 1910; x_wconf 73' lang='lat' dir='ltr'><strong>die</strong></span> <span class='ocrx_word' id='word_1_140' title='bbox 591 1855 1071 1925; x_wconf 84' lang='lat' dir='ltr'><strong>appropinquante,</strong></span> <span class='ocrx_word' id='word_1_141' title='bbox 1104 1864 1261 1909; x_wconf 90' lang='lat' dir='ltr'><strong>nocte</strong></span> <span class='ocrx_word' id='word_1_142' title='bbox 1288 1855 1630 1924; x_wconf 89' lang='lat' dir='ltr'><strong>procedente,</strong></span> <span class='ocrx_word' id='word_1_143' title='bbox 1660 1854 1769 1910; x_wconf 91' lang='lat' dir='ltr'><strong>imo</strong></span> <span class='ocrx_word' id='word_1_144' title='bbox 1798 1871 1927 1913; x_wconf 87' lang='lat' dir='ltr'><strong>vero</strong></span> 
     </span>
    </p>
   </div>
   <div class='ocr_carea' id='block_1_20' title="bbox 342 1944 1923 2019">
    <p class='ocr_par' dir='ltr' id='par_1_20' title="bbox 342 1944 1923 2019">
     <span class='ocr_line' id='line_1_20' title="bbox 342 1944 1923 2019; baseline 0.003 -21"><span class='ocrx_word' id='word_1_145' title='bbox 342 1945 429 2000; x_wconf 82' lang='lat' dir='ltr'><strong>die</strong></span> <span class='ocrx_word' id='word_1_146' title='bbox 456 1944 781 2017; x_wconf 77' lang='lat' dir='ltr'><strong>(Operamini</strong></span> <span class='ocrx_word' id='word_1_147' title='bbox 816 1946 980 2010; x_wconf 89' lang='lat' dir='ltr'><strong>enim,</strong></span> <span class='ocrx_word' id='word_1_148' title='bbox 1029 1945 1221 2015; x_wconf 82' lang='lat' dir='ltr'><strong>inquit,</strong></span> <span class='ocrx_word' id='word_1_149' title='bbox 1254 1945 1376 1999; x_wconf 83' lang='lat' dir='ltr'><strong>dum</strong></span> <span class='ocrx_word' id='word_1_150' title='bbox 1417 1956 1491 2000; x_wconf 79' lang='lat' dir='ltr'><strong>est</strong></span> <span class='ocrx_word' id='word_1_151' title='bbox 1518 1946 1625 2001; x_wconf 84' lang='lat' dir='ltr'><strong>dies</strong></span> <span class='ocrx_word' id='word_1_152' title='bbox 1657 1945 1837 2019; x_wconf 80' lang='lat' dir='ltr'><strong>[Joan.</strong></span> <span class='ocrx_word' id='word_1_153' title='bbox 1866 1946 1923 2003; x_wconf 87' lang='lat'><strong>9.</strong></span> 
     </span>
    </p>
   </div>
   <div class='ocr_carea' id='block_1_21' title="bbox 342 2034 1922 2108">
    <p class='ocr_par' dir='ltr' id='par_1_21' title="bbox 342 2034 1922 2108">
     <span class='ocr_line' id='line_1_21' title="bbox 342 2034 1922 2108; baseline 0.001 -19"><span class='ocrx_word' id='word_1_154' title='bbox 342 2034 397 2108; x_wconf 62' lang='grc' dir='ltr'><strong>Δ]</strong></span> <span class='ocrx_word' id='word_1_155' title='bbox 419 2036 436 2105; x_wconf 86' lang='lat'><strong>)</strong></span> <span class='ocrx_word' id='word_1_156' title='bbox 456 2077 471 2102; x_wconf 94' lang='lat'><strong>,</strong></span> <span class='ocrx_word' id='word_1_157' title='bbox 513 2037 691 2091; x_wconf 80' lang='lat' dir='ltr'><strong>omnia</strong></span> <span class='ocrx_word' id='word_1_158' title='bbox 720 2034 945 2091; x_wconf 79' lang='lat' dir='ltr'><strong>facimus</strong></span> <span class='ocrx_word' id='word_1_159' title='bbox 982 2034 1109 2106; x_wconf 62' lang='lat' dir='ltr'><strong>qua:</strong></span> <span class='ocrx_word' id='word_1_160' title='bbox 1141 2046 1266 2090; x_wconf 90' lang='lat' dir='ltr'><strong>sunt</strong></span> <span class='ocrx_word' id='word_1_161' title='bbox 1305 2037 1478 2092; x_wconf 90' lang='lat' dir='ltr'><strong>noctis</strong></span> <span class='ocrx_word' id='word_1_162' title='bbox 1504 2077 1519 2102; x_wconf 91' lang='lat'><strong>,</strong></span> <span class='ocrx_word' id='word_1_163' title='bbox 1551 2036 1882 2092; x_wconf 89' lang='lat' dir='ltr'><strong>dormientes</strong></span> <span class='ocrx_word' id='word_1_164' title='bbox 1907 2078 1922 2101; x_wconf 88' lang='lat'><strong>,</strong></span> 
     </span>
    </p>
   </div>
   <div class='ocr_carea' id='block_1_22' title="bbox 342 2126 1928 2196">
    <p class='ocr_par' dir='ltr' id='par_1_22' title="bbox 342 2126 1928 2196">
     <span class='ocr_line' id='line_1_22' title="bbox 342 2126 1928 2196; baseline 0.001 -15"><span class='ocrx_word' id='word_1_165' title='bbox 342 2127 549 2181; x_wconf 88' lang='lat' dir='ltr'><strong>somnia</strong></span> <span class='ocrx_word' id='word_1_166' title='bbox 592 2128 857 2196; x_wconf 83' lang='lat' dir='ltr'><strong>videntes,</strong></span> <span class='ocrx_word' id='word_1_167' title='bbox 902 2126 1029 2182; x_wconf 88' lang='lat' dir='ltr'><strong>visis</strong></span> <span class='ocrx_word' id='word_1_168' title='bbox 1069 2127 1418 2195; x_wconf 90' lang='lat' dir='ltr'><strong>delieiautes;</strong></span> <span class='ocrx_word' id='word_1_169' title='bbox 1463 2137 1518 2182; x_wconf 93' lang='lat' dir='ltr'><strong>ct</strong></span> <span class='ocrx_word' id='word_1_170' title='bbox 1559 2129 1726 2182; x_wconf 91' lang='lat' dir='ltr'><strong>clausi</strong></span> <span class='ocrx_word' id='word_1_171' title='bbox 1772 2130 1928 2186; x_wconf 89' lang='lat' dir='ltr'><strong>nobis</strong></span> 
     </span>
    </p>
   </div>
   <div class='ocr_carea' id='block_1_23' title="bbox 340 2218 1927 2289">
    <p class='ocr_par' dir='ltr' id='par_1_23' title="bbox 340 2218 1927 2289">
     <span class='ocr_line' id='line_1_23' title="bbox 340 2218 1927 2289; baseline 0.003 -19"><span class='ocrx_word' id='word_1_172' title='bbox 340 2228 465 2272; x_wconf 91' lang='lat' dir='ltr'><strong>sunt</strong></span> <span class='ocrx_word' id='word_1_173' title='bbox 492 2220 633 2273; x_wconf 90' lang='lat' dir='ltr'><strong>oculi</strong></span> <span class='ocrx_word' id='word_1_174' title='bbox 660 2218 855 2274; x_wconf 87' lang='lat' dir='ltr'><strong>mentis</strong></span> <span class='ocrx_word' id='word_1_175' title='bbox 886 2229 949 2272; x_wconf 85' lang='lat' dir='ltr'><strong>et</strong></span> <span class='ocrx_word' id='word_1_176' title='bbox 978 2219 1240 2288; x_wconf 85' lang='lat' dir='ltr'><strong>corporis,</strong></span> <span class='ocrx_word' id='word_1_177' title='bbox 1275 2233 1551 2288; x_wconf 86' lang='lat' dir='ltr'><strong>perperam</strong></span> <span class='ocrx_word' id='word_1_178' title='bbox 1580 2219 1849 2289; x_wconf 85' lang='lat' dir='ltr'><strong>loquimur</strong></span> <span class='ocrx_word' id='word_1_179' title='bbox 1872 2232 1927 2276; x_wconf 91' lang='lat' dir='ltr'><strong>et</strong></span> 
     </span>
    </p>
   </div>
   <div class='ocr_carea' id='block_1_24' title="bbox 343 2308 1923 2381">
    <p class='ocr_par' dir='ltr' id='par_1_24' title="bbox 343 2308 1923 2381">
     <span class='ocr_line' id='line_1_24' title="bbox 343 2308 1923 2381; baseline 0.003 -20"><span class='ocrx_word' id='word_1_180' title='bbox 343 2317 544 2365; x_wconf 82' lang='lat' dir='ltr'><strong>temere</strong></span> <span class='ocrx_word' id='word_1_181' title='bbox 568 2310 855 2379; x_wconf 69' lang='lat' dir='ltr'><strong>gari-imus,</strong></span> <span class='ocrx_word' id='word_1_182' title='bbox 883 2318 939 2363; x_wconf 89' lang='lat' dir='ltr'><strong>et</strong></span> <span class='ocrx_word' id='word_1_183' title='bbox 966 2309 1011 2362; x_wconf 93' lang='lat' dir='ltr'><strong>si</strong></span> <span class='ocrx_word' id='word_1_184' title='bbox 1041 2310 1160 2378; x_wconf 88' lang='lat' dir='ltr'><strong>quis</strong></span> <span class='ocrx_word' id='word_1_185' title='bbox 1191 2308 1507 2377; x_wconf 81' lang='lat' dir='ltr'><strong>profundam</strong></span> <span class='ocrx_word' id='word_1_186' title='bbox 1536 2310 1688 2365; x_wconf 87' lang='lat' dir='ltr'><strong>nobis</strong></span> <span class='ocrx_word' id='word_1_187' title='bbox 1717 2311 1923 2381; x_wconf 83' lang='lat' dir='ltr'><strong>plagam</strong></span> 
     </span>
    </p>
   </div>
   <div class='ocr_carea' id='block_1_25' title="bbox 343 2399 1924 2468">
    <p class='ocr_par' dir='ltr' id='par_1_25' title="bbox 343 2399 1924 2468">
     <span class='ocr_line' id='line_1_25' title="bbox 343 2399 1924 2468; baseline 0.002 -15"><span class='ocrx_word' id='word_1_188' title='bbox 343 2400 613 2465; x_wconf 79' lang='lat' dir='ltr'><strong>inﬂixeril,</strong></span> <span class='ocrx_word' id='word_1_189' title='bbox 636 2416 703 2454; x_wconf 89' lang='lat' dir='ltr'><strong>ne</strong></span> <span class='ocrx_word' id='word_1_190' title='bbox 724 2400 986 2455; x_wconf 87' lang='lat' dir='ltr'><strong>sentimus</strong></span> <span class='ocrx_word' id='word_1_191' title='bbox 1006 2399 1242 2468; x_wconf 89' lang='lat' dir='ltr'><strong>quidem,</strong></span> <span class='ocrx_word' id='word_1_192' title='bbox 1273 2399 1481 2454; x_wconf 91' lang='lat' dir='ltr'><strong>etiamsi</strong></span> <span class='ocrx_word' id='word_1_193' title='bbox 1509 2408 1719 2454; x_wconf 83' lang='lat' dir='ltr'><strong>uestras</strong></span> <span class='ocrx_word' id='word_1_194' title='bbox 1738 2415 1924 2457; x_wconf 86' lang='lat' dir='ltr'><strong>omnes</strong></span> 
     </span>
    </p>
   </div>
   <div class='ocr_carea' id='block_1_26' title="bbox 341 2490 1921 2562">
    <p class='ocr_par' dir='ltr' id='par_1_26' title="bbox 341 2490 1921 2562">
     <span class='ocr_line' id='line_1_26' title="bbox 341 2490 1921 2562; baseline -0.001 -15"><span class='ocrx_word' id='word_1_195' title='bbox 341 2492 624 2562; x_wconf 89' lang='lat' dir='ltr'><strong>diripuerit</strong></span> <span class='ocrx_word' id='word_1_196' title='bbox 641 2492 941 2560; x_wconf 85' lang='lat' dir='ltr'><strong>facultates,</strong></span> <span class='ocrx_word' id='word_1_197' title='bbox 963 2491 1173 2546; x_wconf 84' lang='lat' dir='ltr'><strong>etiamsi</strong></span> <span class='ocrx_word' id='word_1_198' title='bbox 1200 2490 1370 2559; x_wconf 90' lang='lat' dir='ltr'><strong>ipsam</strong></span> <span class='ocrx_word' id='word_1_199' title='bbox 1392 2490 1609 2546; x_wconf 89' lang='lat' dir='ltr'><strong>domum</strong></span> <span class='ocrx_word' id='word_1_200' title='bbox 1622 2493 1886 2548; x_wconf 82' lang='lat' dir='ltr'><strong>exusserit</strong></span> <span class='ocrx_word' id='word_1_201' title='bbox 1908 2512 1921 2547; x_wconf 89' lang='lat'><strong>:</strong></span> 
     </span>
    </p>
   </div>
   <div class='ocr_carea' id='block_1_27' title="bbox 341 2580 1920 2651">
    <p class='ocr_par' dir='ltr' id='par_1_27' title="bbox 341 2580 1920 2651">
     <span class='ocr_line' id='line_1_27' title="bbox 341 2580 1920 2651; baseline 0.003 -15"><span class='ocrx_word' id='word_1_202' title='bbox 341 2583 451 2636; x_wconf 89' lang='lat' dir='ltr'><strong>imo</strong></span> <span class='ocrx_word' id='word_1_203' title='bbox 482 2598 612 2638; x_wconf 89' lang='lat' dir='ltr'><strong>vero</strong></span> <span class='ocrx_word' id='word_1_204' title='bbox 651 2598 718 2638; x_wconf 91' lang='lat' dir='ltr'><strong>ne</strong></span> <span class='ocrx_word' id='word_1_205' title='bbox 743 2592 1114 2651; x_wconf 77' lang='lat' dir='ltr'><strong>exspectamus</strong></span> <span class='ocrx_word' id='word_1_206' title='bbox 1140 2580 1353 2650; x_wconf 85' lang='lat' dir='ltr'><strong>quidem</strong></span> <span class='ocrx_word' id='word_1_207' title='bbox 1382 2593 1438 2635; x_wconf 90' lang='lat' dir='ltr'><strong>ut</strong></span> <span class='ocrx_word' id='word_1_208' title='bbox 1462 2582 1549 2636; x_wconf 88' lang='lat' dir='ltr'><strong>alii</strong></span> <span class='ocrx_word' id='word_1_209' title='bbox 1579 2582 1680 2637; x_wconf 93' lang='lat' dir='ltr'><strong>hoc</strong></span> <span class='ocrx_word' id='word_1_210' title='bbox 1707 2584 1920 2651; x_wconf 84' lang='lat' dir='ltr'><strong>faciant,</strong></span> 
     </span>
    </p>
   </div>
   <div class='ocr_carea' id='block_1_28' title="bbox 344 2672 1925 2743">
    <p class='ocr_par' dir='ltr' id='par_1_28' title="bbox 344 2672 1925 2743">
     <span class='ocr_line' id='line_1_28' title="bbox 344 2672 1925 2743; baseline 0.004 -16"><span class='ocrx_word' id='word_1_211' title='bbox 344 2673 438 2729; x_wconf 85' lang='lat' dir='ltr'><strong>sed</strong></span> <span class='ocrx_word' id='word_1_212' title='bbox 461 2673 560 2743; x_wconf 84' lang='lat' dir='ltr'><strong>ipsi</strong></span> <span class='ocrx_word' id='word_1_213' title='bbox 584 2673 685 2728; x_wconf 91' lang='lat' dir='ltr'><strong>hoc</strong></span> <span class='ocrx_word' id='word_1_214' title='bbox 698 2672 941 2740; x_wconf 85' lang='lat' dir='ltr'><strong>facimus,</strong></span> <span class='ocrx_word' id='word_1_215' title='bbox 966 2687 1063 2729; x_wconf 89' lang='lat' dir='ltr'><strong>nos</strong></span> <span class='ocrx_word' id='word_1_216' title='bbox 1091 2672 1326 2742; x_wconf 87' lang='lat' dir='ltr'><strong>quotidie</strong></span> <span class='ocrx_word' id='word_1_217' title='bbox 1351 2683 1644 2743; x_wconf 82' lang='lat' dir='ltr'><strong>pungentes</strong></span> <span class='ocrx_word' id='word_1_218' title='bbox 1663 2686 1716 2730; x_wconf 91' lang='lat' dir='ltr'><strong>et</strong></span> <span class='ocrx_word' id='word_1_219' title='bbox 1736 2676 1925 2734; x_wconf 75' lang='lat' dir='ltr'><strong>ferien-</strong></span> 
     </span>
    </p>
   </div>
   <div class='ocr_carea' id='block_1_29' title="bbox 340 2762 1919 2835">
    <p class='ocr_par' dir='ltr' id='par_1_29' title="bbox 340 2762 1919 2835">
     <span class='ocr_line' id='line_1_29' title="bbox 340 2762 1919 2835; baseline 0.009 -22"><span class='ocrx_word' id='word_1_220' title='bbox 340 2768 441 2824; x_wconf 86' lang='lat' dir='ltr'><strong>tes,</strong></span> <span class='ocrx_word' id='word_1_221' title='bbox 467 2762 690 2831; x_wconf 89' lang='lat' dir='ltr'><strong>turpiter</strong></span> <span class='ocrx_word' id='word_1_222' title='bbox 710 2772 767 2818; x_wconf 91' lang='lat' dir='ltr'><strong>et</strong></span> <span class='ocrx_word' id='word_1_223' title='bbox 786 2765 1034 2820; x_wconf 85' lang='lat' dir='ltr'><strong>indecore</strong></span> <span class='ocrx_word' id='word_1_224' title='bbox 1059 2766 1316 2835; x_wconf 85' lang='lat' dir='ltr'><strong>jacemes,</strong></span> <span class='ocrx_word' id='word_1_225' title='bbox 1343 2770 1592 2826; x_wconf 92' lang='lat' dir='ltr'><strong>etuudati</strong></span> <span class='ocrx_word' id='word_1_226' title='bbox 1610 2771 1754 2829; x_wconf 91' lang='lat' dir='ltr'><strong>omni</strong></span> <span class='ocrx_word' id='word_1_227' title='bbox 1778 2769 1919 2827; x_wconf 87' lang='lat' dir='ltr'><strong>bona</strong></span> 
     </span>
    </p>
   </div>
   <div class='ocr_carea' id='block_1_30' title="bbox 337 2850 1918 2935">
    <p class='ocr_par' dir='ltr' id='par_1_30' title="bbox 337 2850 1918 2935">
     <span class='ocr_line' id='line_1_30' title="bbox 337 2850 1918 2935; baseline 0.012 -33"><span class='ocrx_word' id='word_1_228' title='bbox 337 2850 753 2917; x_wconf 80' lang='lat' dir='ltr'><strong>existimatione,</strong></span> <span class='ocrx_word' id='word_1_229' title='bbox 779 2862 835 2908; x_wconf 91' lang='lat' dir='ltr'><strong>et</strong></span> <span class='ocrx_word' id='word_1_230' title='bbox 863 2855 1031 2924; x_wconf 89' lang='lat' dir='ltr'><strong>turpia</strong></span> <span class='ocrx_word' id='word_1_231' title='bbox 1063 2867 1242 2912; x_wconf 79' lang='lat' dir='ltr'><strong>nostra</strong></span> <span class='ocrx_word' id='word_1_232' title='bbox 1292 2873 1456 2929; x_wconf 87' lang='lat' dir='ltr'><strong>opera</strong></span> <span class='ocrx_word' id='word_1_233' title='bbox 1501 2877 1673 2933; x_wconf 88' lang='lat' dir='ltr'><strong>neque</strong></span> <span class='ocrx_word' id='word_1_234' title='bbox 1704 2864 1801 2935; x_wconf 91' lang='lat' dir='ltr'><strong>ipsi</strong></span> <span class='ocrx_word' id='word_1_235' title='bbox 1834 2873 1918 2921; x_wconf 87' lang='lat' dir='ltr'><strong>te-</strong></span> 
     </span>
    </p>
   </div>
   <div class='ocr_carea' id='block_1_31' title="bbox 339 2944 1917 3021">
    <p class='ocr_par' dir='ltr' id='par_1_31' title="bbox 339 2944 1917 3021">
     <span class='ocr_line' id='line_1_31' title="bbox 339 2944 1917 3021; baseline 0.012 -28"><span class='ocrx_word' id='word_1_236' title='bbox 339 2949 544 3009; x_wconf 81' lang='lat' dir='ltr'><strong>gentes,</strong></span> <span class='ocrx_word' id='word_1_237' title='bbox 593 2957 763 3012; x_wconf 91' lang='lat' dir='ltr'><strong>neque</strong></span> <span class='ocrx_word' id='word_1_238' title='bbox 793 2944 915 2999; x_wconf 87' lang='lat' dir='ltr'><strong>aliis</strong></span> <span class='ocrx_word' id='word_1_239' title='bbox 943 2945 1045 3001; x_wconf 89' lang='lat' dir='ltr'><strong>hoc</strong></span> <span class='ocrx_word' id='word_1_240' title='bbox 1071 2947 1248 3004; x_wconf 87' lang='lat' dir='ltr'><strong>facere</strong></span> <span class='ocrx_word' id='word_1_241' title='bbox 1286 2953 1688 3021; x_wconf 88' lang='lat' dir='ltr'><strong>permittentes;</strong></span> <span class='ocrx_word' id='word_1_242' title='bbox 1739 2956 1917 3012; x_wconf 61' lang='lat' dir='ltr'><strong>sedrin</strong></span> 
     </span>
    </p>
   </div>
   <div class='ocr_carea' id='block_1_32' title="bbox 337 3027 1919 3115">
    <p class='ocr_par' dir='ltr' id='par_1_32' title="bbox 337 3027 1919 3115">
     <span class='ocr_line' id='line_1_32' title="bbox 337 3027 1919 3115; baseline 0.011 -30"><span class='ocrx_word' id='word_1_243' title='bbox 337 3032 515 3087; x_wconf 88' lang='lat' dir='ltr'><strong>media</strong></span> <span class='ocrx_word' id='word_1_244' title='bbox 558 3034 888 3103; x_wconf 90' lang='lat' dir='ltr'><strong>turpitudine</strong></span> <span class='ocrx_word' id='word_1_245' title='bbox 913 3046 968 3092; x_wconf 89' lang='lat' dir='ltr'><strong>et</strong></span> <span class='ocrx_word' id='word_1_246' title='bbox 1005 3037 1068 3092; x_wconf 91' lang='lat' dir='ltr'><strong>iis</strong></span> <span class='ocrx_word' id='word_1_247' title='bbox 1096 3040 1184 3108; x_wconf 93' lang='lat' dir='ltr'><strong>qui</strong></span> <span class='ocrx_word' id='word_1_248' title='bbox 1216 3040 1415 3107; x_wconf 77' lang='lat' dir='ltr'><strong>vident,</strong></span> <span class='ocrx_word' id='word_1_249' title='bbox 1449 3052 1503 3097; x_wconf 89' lang='lat' dir='ltr'><strong>et</strong></span> <span class='ocrx_word' id='word_1_250' title='bbox 1531 3027 1604 3100; x_wconf 84' lang='lat' dir='ltr'><strong>iis</strong></span> <span class='ocrx_word' id='word_1_251' title='bbox 1640 3046 1727 3115; x_wconf 89' lang='lat' dir='ltr'><strong>qui</strong></span> <span class='ocrx_word' id='word_1_252' title='bbox 1764 3060 1919 3103; x_wconf 82' lang='lat' dir='ltr'><strong>acce-</strong></span> 
     </span>
    </p>
   </div>
   <div class='ocr_carea' id='block_1_33' title="bbox 339 3121 1919 3194">
    <p class='ocr_par' dir='ltr' id='par_1_33' title="bbox 339 3121 1919 3194">
     <span class='ocr_line' id='line_1_33' title="bbox 339 3121 1919 3194; baseline 0.012 -19"><span class='ocrx_word' id='word_1_253' title='bbox 339 3121 476 3177; x_wconf 91' lang='lat' dir='ltr'><strong>dunt</strong></span> <span class='ocrx_word' id='word_1_254' title='bbox 505 3124 762 3193; x_wconf 88' lang='lat' dir='ltr'><strong>propositi</strong></span> <span class='ocrx_word' id='word_1_255' title='bbox 790 3126 856 3181; x_wconf 88' lang='lat' dir='ltr'><strong>ad</strong></span> <span class='ocrx_word' id='word_1_256' title='bbox 883 3128 1045 3182; x_wconf 88' lang='lat' dir='ltr'><strong>risum</strong></span> <span class='ocrx_word' id='word_1_257' title='bbox 1068 3140 1121 3184; x_wconf 89' lang='lat' dir='ltr'><strong>et</strong></span> <span class='ocrx_word' id='word_1_258' title='bbox 1139 3130 1206 3184; x_wconf 86' lang='lat' dir='ltr'><strong>ad</strong></span> <span class='ocrx_word' id='word_1_259' title='bbox 1237 3131 1463 3188; x_wconf 87' lang='lat' dir='ltr'><strong>ludibria</strong></span> <span class='ocrx_word' id='word_1_260' title='bbox 1491 3136 1919 3194; x_wconf 86' lang='lat' dir='ltr'><strong>innumerabilia.</strong></span> 
     </span>
    </p>
   </div>
   <div class='ocr_carea' id='block_1_34' title="bbox 336 3211 1915 3298">
    <p class='ocr_par' dir='ltr' id='par_1_34' title="bbox 336 3211 1915 3298">
     <span class='ocr_line' id='line_1_34' title="bbox 336 3211 1915 3298; baseline 0.012 -33"><span class='ocrx_word' id='word_1_261' title='bbox 336 3211 565 3268; x_wconf 79' lang='lat' dir='ltr'><strong>Nescitis</strong></span> <span class='ocrx_word' id='word_1_262' title='bbox 607 3215 751 3284; x_wconf 87' lang='lat' dir='ltr'><strong>ipsos</strong></span> <span class='ocrx_word' id='word_1_263' title='bbox 788 3233 1005 3287; x_wconf 90' lang='lat' dir='ltr'><strong>quoque</strong></span> <span class='ocrx_word' id='word_1_264' title='bbox 1053 3221 1224 3275; x_wconf 90' lang='lat' dir='ltr'><strong>malos</strong></span> <span class='ocrx_word' id='word_1_265' title='bbox 1273 3222 1500 3280; x_wconf 85' lang='lat' dir='ltr'><strong>irridere</strong></span> <span class='ocrx_word' id='word_1_266' title='bbox 1542 3241 1636 3281; x_wconf 89' lang='lat' dir='ltr'><strong>eos</strong></span> <span class='ocrx_word' id='word_1_267' title='bbox 1687 3243 1915 3298; x_wconf 92' lang='lat' dir='ltr'><strong>quorum</strong></span> 
     </span>
    </p>
   </div>
   <div class='ocr_carea' id='block_1_35' title="bbox 335 3305 1917 3389">
    <p class='ocr_par' dir='ltr' id='par_1_35' title="bbox 335 3305 1917 3389">
     <span class='ocr_line' id='line_1_35' title="bbox 335 3305 1917 3389; baseline 0.013 -33"><span class='ocrx_word' id='word_1_268' title='bbox 335 3317 460 3359; x_wconf 88' lang='lat' dir='ltr'><strong>sunt</strong></span> <span class='ocrx_word' id='word_1_269' title='bbox 493 3305 651 3360; x_wconf 91' lang='lat' dir='ltr'><strong>iidem</strong></span> <span class='ocrx_word' id='word_1_270' title='bbox 707 3323 907 3374; x_wconf 90' lang='lat' dir='ltr'><strong>mores,</strong></span> <span class='ocrx_word' id='word_1_271' title='bbox 952 3320 1007 3365; x_wconf 91' lang='lat' dir='ltr'><strong>et</strong></span> <span class='ocrx_word' id='word_1_272' title='bbox 1048 3326 1142 3367; x_wconf 89' lang='lat' dir='ltr'><strong>eos</strong></span> <span class='ocrx_word' id='word_1_273' title='bbox 1172 3312 1466 3370; x_wconf 83' lang='lat' dir='ltr'><strong>damnare?</strong></span> <span class='ocrx_word' id='word_1_274' title='bbox 1507 3317 1638 3372; x_wconf 90' lang='lat' dir='ltr'><strong>Nam</strong></span> <span class='ocrx_word' id='word_1_275' title='bbox 1666 3322 1917 3389; x_wconf 90' lang='lat' dir='ltr'><strong>quoniam</strong></span> 
     </span>
    </p>
   </div>
   <div class='ocr_carea' id='block_1_36' title="bbox 339 3393 1919 3474">
    <p class='ocr_par' dir='ltr' id='par_1_36' title="bbox 339 3393 1919 3474">
     <span class='ocr_line' id='line_1_36' title="bbox 339 3393 1919 3474; baseline 0.013 -28"><span class='ocrx_word' id='word_1_276' title='bbox 339 3393 482 3450; x_wconf 89' lang='lat' dir='ltr'><strong>Deus</strong></span> <span class='ocrx_word' id='word_1_277' title='bbox 509 3395 696 3452; x_wconf 85' lang='lat' dir='ltr'><strong>indidit</strong></span> <span class='ocrx_word' id='word_1_278' title='bbox 723 3401 875 3455; x_wconf 88' lang='lat' dir='ltr'><strong>nobis</strong></span> <span class='ocrx_word' id='word_1_279' title='bbox 892 3401 1168 3470; x_wconf 89' lang='lat' dir='ltr'><strong>judicium,</strong></span> <span class='ocrx_word' id='word_1_280' title='bbox 1195 3406 1335 3474; x_wconf 89' lang='lat' dir='ltr'><strong>quod</strong></span> <span class='ocrx_word' id='word_1_281' title='bbox 1354 3407 1663 3463; x_wconf 87' lang='lat' dir='ltr'><strong>labefactari</strong></span> <span class='ocrx_word' id='word_1_282' title='bbox 1691 3420 1745 3465; x_wconf 93' lang='lat' dir='ltr'><strong>et</strong></span> <span class='ocrx_word' id='word_1_283' title='bbox 1766 3429 1919 3467; x_wconf 84' lang='lat' dir='ltr'><strong>nunt-</strong></span> 
     </span>
    </p>
   </div>
   <div class='ocr_carea' id='block_1_37' title="bbox 336 3490 1916 3566">
    <p class='ocr_par' dir='ltr' id='par_1_37' title="bbox 336 3490 1916 3566">
     <span class='ocr_line' id='line_1_37' title="bbox 336 3490 1916 3566; baseline 0.013 -29"><span class='ocrx_word' id='word_1_284' title='bbox 336 3499 493 3552; x_wconf 89' lang='lat' dir='ltr'><strong>quam</strong></span> <span class='ocrx_word' id='word_1_285' title='bbox 535 3490 805 3558; x_wconf 90' lang='lat' dir='ltr'><strong>corrumpi</strong></span> <span class='ocrx_word' id='word_1_286' title='bbox 839 3500 1036 3559; x_wconf 88' lang='lat' dir='ltr'><strong>potest,</strong></span> <span class='ocrx_word' id='word_1_287' title='bbox 1071 3494 1276 3549; x_wconf 90' lang='lat' dir='ltr'><strong>etiamsi</strong></span> <span class='ocrx_word' id='word_1_288' title='bbox 1318 3496 1542 3566; x_wconf 81' lang='lat' dir='ltr'><strong>ingressi</strong></span> <span class='ocrx_word' id='word_1_289' title='bbox 1577 3500 1830 3556; x_wconf 88' lang='lat' dir='ltr'><strong>fuerimus</strong></span> <span class='ocrx_word' id='word_1_290' title='bbox 1862 3505 1916 3558; x_wconf 92' lang='lat' dir='ltr'><strong>in</strong></span> 
     </span>
    </p>
   </div>
   <div class='ocr_carea' id='block_1_38' title="bbox 344 3575 1918 3663">
    <p class='ocr_par' dir='ltr' id='par_1_38' title="bbox 344 3575 1918 3663">
     <span class='ocr_line' id='line_1_38' title="bbox 344 3575 1918 3663; baseline 0.017 -37"><span class='ocrx_word' id='word_1_291' title='bbox 344 3575 515 3644; x_wconf 85' lang='lat' dir='ltr'><strong>ipsum</strong></span> <span class='ocrx_word' id='word_1_292' title='bbox 567 3578 682 3633; x_wconf 88' lang='lat' dir='ltr'><strong>vitii</strong></span> <span class='ocrx_word' id='word_1_293' title='bbox 736 3580 1056 3649; x_wconf 86' lang='lat' dir='ltr'><strong>profundum</strong></span> <span class='ocrx_word' id='word_1_294' title='bbox 1091 3602 1104 3634; x_wconf 91' lang='lat'><strong>:</strong></span> <span class='ocrx_word' id='word_1_295' title='bbox 1136 3584 1254 3640; x_wconf 88' lang='lat' dir='ltr'><strong>ideo</strong></span> <span class='ocrx_word' id='word_1_296' title='bbox 1295 3595 1349 3641; x_wconf 90' lang='lat' dir='ltr'><strong>et</strong></span> <span class='ocrx_word' id='word_1_297' title='bbox 1396 3589 1493 3657; x_wconf 88' lang='lat' dir='ltr'><strong>ipsi</strong></span> <span class='ocrx_word' id='word_1_298' title='bbox 1542 3592 1665 3645; x_wconf 89' lang='lat' dir='ltr'><strong>mali</strong></span> <span class='ocrx_word' id='word_1_299' title='bbox 1715 3595 1918 3663; x_wconf 84' lang='lat' dir='ltr'><strong>seipsos</strong></span> 
     </span>
    </p>
   </div>
   <div class='ocr_carea' id='block_1_39' title="bbox 335 3667 1919 3750">
    <p class='ocr_par' dir='ltr' id='par_1_39' title="bbox 335 3667 1919 3750">
     <span class='ocr_line' id='line_1_39' title="bbox 335 3667 1919 3750; baseline 0.015 -30"><span class='ocrx_word' id='word_1_300' title='bbox 335 3667 725 3737; x_wconf 82' lang='lat' dir='ltr'><strong>condemnant;</strong></span> <span class='ocrx_word' id='word_1_301' title='bbox 756 3684 810 3727; x_wconf 91' lang='lat' dir='ltr'><strong>et</strong></span> <span class='ocrx_word' id='word_1_302' title='bbox 852 3674 896 3728; x_wconf 89' lang='lat' dir='ltr'><strong>si</strong></span> <span class='ocrx_word' id='word_1_303' title='bbox 926 3676 1190 3745; x_wconf 87' lang='lat' dir='ltr'><strong>quispiam</strong></span> <span class='ocrx_word' id='word_1_304' title='bbox 1219 3693 1315 3734; x_wconf 91' lang='lat' dir='ltr'><strong>eos</strong></span> <span class='ocrx_word' id='word_1_305' title='bbox 1344 3679 1395 3734; x_wconf 92' lang='lat' dir='ltr'><strong>id</strong></span> <span class='ocrx_word' id='word_1_306' title='bbox 1426 3683 1570 3750; x_wconf 91' lang='lat' dir='ltr'><strong>quod</strong></span> <span class='ocrx_word' id='word_1_307' title='bbox 1609 3693 1734 3739; x_wconf 90' lang='lat' dir='ltr'><strong>sunt</strong></span> <span class='ocrx_word' id='word_1_308' title='bbox 1762 3702 1919 3744; x_wconf 85' lang='lat' dir='ltr'><strong>voca-</strong></span> 
     </span>
    </p>
   </div>
   <div class='ocr_carea' id='block_1_40' title="bbox 337 3758 1921 3836">
    <p class='ocr_par' dir='ltr' id='par_1_40' title="bbox 337 3758 1921 3836">
     <span class='ocr_line' id='line_1_40' title="bbox 337 3758 1921 3836; baseline 0.015 -26"><span class='ocrx_word' id='word_1_309' title='bbox 337 3758 490 3826; x_wconf 75' lang='lat' dir='ltr'><strong>verit,</strong></span> <span class='ocrx_word' id='word_1_310' title='bbox 526 3776 620 3815; x_wconf 91' lang='lat' dir='ltr'><strong>eos</strong></span> <span class='ocrx_word' id='word_1_311' title='bbox 651 3762 830 3831; x_wconf 87' lang='lat' dir='ltr'><strong>pudet,</strong></span> <span class='ocrx_word' id='word_1_312' title='bbox 884 3780 1026 3836; x_wconf 78' lang='lat' dir='ltr'><strong>:rgre</strong></span> <span class='ocrx_word' id='word_1_313' title='bbox 1068 3767 1264 3835; x_wconf 88' lang='lat' dir='ltr'><strong>ferunt,</strong></span> <span class='ocrx_word' id='word_1_314' title='bbox 1297 3778 1352 3825; x_wconf 92' lang='lat' dir='ltr'><strong>et</strong></span> <span class='ocrx_word' id='word_1_315' title='bbox 1403 3787 1515 3827; x_wconf 88' lang='lat' dir='ltr'><strong>rem</strong></span> <span class='ocrx_word' id='word_1_316' title='bbox 1569 3789 1685 3830; x_wconf 90' lang='lat' dir='ltr'><strong>eam</strong></span> <span class='ocrx_word' id='word_1_317' title='bbox 1738 3776 1921 3834; x_wconf 87' lang='lat' dir='ltr'><strong>dicunt</strong></span> 
     </span>
    </p>
   </div>
   <div class='ocr_carea' id='block_1_41' title="bbox 335 3854 1920 3931">
    <p class='ocr_par' dir='ltr' id='par_1_41' title="bbox 335 3854 1920 3931">
     <span class='ocr_line' id='line_1_41' title="bbox 335 3854 1920 3931; baseline 0.014 -27"><span class='ocrx_word' id='word_1_318' title='bbox 335 3854 457 3905; x_wconf 86' lang='lat' dir='ltr'><strong>esse</strong></span> <span class='ocrx_word' id='word_1_319' title='bbox 499 3855 907 3910; x_wconf 78' lang='lat' dir='ltr'><strong>contumeliam.</strong></span> <span class='ocrx_word' id='word_1_320' title='bbox 956 3858 1049 3923; x_wconf 84' lang='lat' dir='ltr'><strong>Ita,</strong></span> <span class='ocrx_word' id='word_1_321' title='bbox 1105 3860 1149 3914; x_wconf 90' lang='lat' dir='ltr'><strong>si</strong></span> <span class='ocrx_word' id='word_1_322' title='bbox 1200 3876 1306 3916; x_wconf 88' lang='lat' dir='ltr'><strong>non</strong></span> <span class='ocrx_word' id='word_1_323' title='bbox 1348 3861 1521 3931; x_wconf 81' lang='lat' dir='ltr'><strong>factis,</strong></span> <span class='ocrx_word' id='word_1_324' title='bbox 1557 3868 1732 3922; x_wconf 79' lang='lat' dir='ltr'><strong>verbis</strong></span> <span class='ocrx_word' id='word_1_325' title='bbox 1773 3883 1920 3926; x_wconf 89' lang='lat' dir='ltr'><strong>certe</strong></span> 
     </span>
    </p>
   </div>
   <div class='ocr_carea' id='block_1_42' title="bbox 335 3944 1917 4023">
    <p class='ocr_par' dir='ltr' id='par_1_42' title="bbox 335 3944 1917 4023">
     <span class='ocr_line' id='line_1_42' title="bbox 335 3944 1917 4023; baseline 0.014 -28"><span class='ocrx_word' id='word_1_326' title='bbox 335 3944 688 4001; x_wconf 89' lang='lat' dir='ltr'><strong>condemnant</strong></span> <span class='ocrx_word' id='word_1_327' title='bbox 719 3964 838 4017; x_wconf 70' lang='lat' dir='ltr'><strong>qum</strong></span> <span class='ocrx_word' id='word_1_328' title='bbox 870 3950 1067 4005; x_wconf 90' lang='lat' dir='ltr'><strong>faciunt</strong></span> <span class='ocrx_word' id='word_1_329' title='bbox 1098 3968 1191 4021; x_wconf 89' lang='lat' dir='ltr'><strong>per</strong></span> <span class='ocrx_word' id='word_1_330' title='bbox 1215 3957 1620 4023; x_wconf 86' lang='lat' dir='ltr'><strong>conscientiam,</strong></span> <span class='ocrx_word' id='word_1_331' title='bbox 1653 3961 1759 4014; x_wconf 93' lang='lat' dir='ltr'><strong>imo</strong></span> <span class='ocrx_word' id='word_1_332' title='bbox 1789 3978 1917 4017; x_wconf 90' lang='lat' dir='ltr'><strong>vero</strong></span> 
     </span>
    </p>
   </div>
   <div class='ocr_carea' id='block_1_43' title="bbox 337 4034 1919 4107">
    <p class='ocr_par' dir='ltr' id='par_1_43' title="bbox 337 4034 1919 4107">
     <span class='ocr_line' id='line_1_43' title="bbox 337 4034 1919 4107; baseline 0.013 -21"><span class='ocrx_word' id='word_1_333' title='bbox 337 4034 498 4088; x_wconf 89' lang='lat' dir='ltr'><strong>etiam</strong></span> <span class='ocrx_word' id='word_1_334' title='bbox 530 4037 706 4090; x_wconf 86' lang='lat' dir='ltr'><strong>factis.</strong></span> <span class='ocrx_word' id='word_1_335' title='bbox 753 4039 887 4094; x_wconf 91' lang='lat' dir='ltr'><strong>Cum</strong></span> <span class='ocrx_word' id='word_1_336' title='bbox 919 4043 1060 4095; x_wconf 90' lang='lat' dir='ltr'><strong>enim</strong></span> <span class='ocrx_word' id='word_1_337' title='bbox 1092 4043 1393 4100; x_wconf 90' lang='lat' dir='ltr'><strong>clanculum</strong></span> <span class='ocrx_word' id='word_1_338' title='bbox 1425 4057 1476 4103; x_wconf 90' lang='lat' dir='ltr'><strong>et</strong></span> <span class='ocrx_word' id='word_1_339' title='bbox 1511 4049 1561 4102; x_wconf 90' lang='lat' dir='ltr'><strong>in</strong></span> <span class='ocrx_word' id='word_1_340' title='bbox 1602 4053 1811 4107; x_wconf 86' lang='lat' dir='ltr'><strong>occulto</strong></span> <span class='ocrx_word' id='word_1_341' title='bbox 1838 4053 1919 4107; x_wconf 83' lang='lat' dir='ltr'><strong>fa-</strong></span> 
     </span>
    </p>
   </div>
   <div class='ocr_carea' id='block_1_44' title="bbox 339 4125 1917 4212">
    <p class='ocr_par' dir='ltr' id='par_1_44' title="bbox 339 4125 1917 4212">
     <span class='ocr_line' id='line_1_44' title="bbox 339 4125 1917 4212; baseline 0.013 -36"><span class='ocrx_word' id='word_1_342' title='bbox 339 4125 510 4190; x_wconf 88' lang='lat' dir='ltr'><strong>ciunt,</strong></span> <span class='ocrx_word' id='word_1_343' title='bbox 539 4130 821 4182; x_wconf 66' lang='lat' dir='ltr'><strong>sententi-.13</strong></span> <span class='ocrx_word' id='word_1_344' title='bbox 839 4146 995 4199; x_wconf 90' lang='lat' dir='ltr'><strong>quam</strong></span> <span class='ocrx_word' id='word_1_345' title='bbox 1018 4132 1084 4186; x_wconf 88' lang='lat' dir='ltr'><strong>de</strong></span> <span class='ocrx_word' id='word_1_346' title='bbox 1110 4148 1166 4187; x_wconf 89' lang='lat' dir='ltr'><strong>re</strong></span> <span class='ocrx_word' id='word_1_347' title='bbox 1198 4135 1398 4189; x_wconf 87' lang='lat' dir='ltr'><strong>habent</strong></span> <span class='ocrx_word' id='word_1_348' title='bbox 1422 4139 1711 4193; x_wconf 77' lang='lat' dir='ltr'><strong>maximum</strong></span> <span class='ocrx_word' id='word_1_349' title='bbox 1735 4142 1917 4212; x_wconf 60' lang='lat' dir='ltr'><strong>prole.</strong></span> 
     </span>
    </p>
   </div>
   <div class='ocr_carea' id='block_1_45' title="bbox 339 4217 1919 4298">
    <p class='ocr_par' dir='ltr' id='par_1_45' title="bbox 339 4217 1919 4298">
     <span class='ocr_line' id='line_1_45' title="bbox 339 4217 1919 4298; baseline 0.013 -30"><span class='ocrx_word' id='word_1_350' title='bbox 339 4224 465 4269; x_wconf 88' lang='lat' dir='ltr'><strong>runt</strong></span> <span class='ocrx_word' id='word_1_351' title='bbox 487 4217 762 4272; x_wconf 90' lang='lat' dir='ltr'><strong>indicium.</strong></span> <span class='ocrx_word' id='word_1_352' title='bbox 793 4219 989 4275; x_wconf 73' lang='lat' dir='ltr'><strong>Vitium</strong></span> <span class='ocrx_word' id='word_1_353' title='bbox 1021 4224 1163 4278; x_wconf 89' lang='lat' dir='ltr'><strong>enim</strong></span> <span class='ocrx_word' id='word_1_354' title='bbox 1195 4234 1278 4279; x_wconf 86' lang='lat' dir='ltr'><strong>est</strong></span> <span class='ocrx_word' id='word_1_355' title='bbox 1307 4225 1440 4282; x_wconf 88' lang='lat' dir='ltr'><strong>adeo</strong></span> <span class='ocrx_word' id='word_1_356' title='bbox 1467 4231 1830 4298; x_wconf 89' lang='lat' dir='ltr'><strong>manifestum,</strong></span> <span class='ocrx_word' id='word_1_357' title='bbox 1862 4244 1919 4289; x_wconf 93' lang='lat' dir='ltr'><strong>nt</strong></span> 
     </span>
    </p>
   </div>
   <div class='ocr_carea' id='block_1_46' title="bbox 336 4306 1920 4390">
    <p class='ocr_par' dir='ltr' id='par_1_46' title="bbox 336 4306 1920 4390">
     <span class='ocr_line' id='line_1_46' title="bbox 336 4306 1920 4390; baseline 0.014 -33"><span class='ocrx_word' id='word_1_358' title='bbox 336 4319 525 4359; x_wconf 84' lang='lat' dir='ltr'><strong>omnes</strong></span> <span class='ocrx_word' id='word_1_359' title='bbox 554 4306 670 4375; x_wconf 88' lang='lat' dir='ltr'><strong>ejus</strong></span> <span class='ocrx_word' id='word_1_360' title='bbox 699 4308 805 4362; x_wconf 91' lang='lat' dir='ltr'><strong>sint</strong></span> <span class='ocrx_word' id='word_1_361' title='bbox 831 4321 1187 4379; x_wconf 87' lang='lat' dir='ltr'><strong>accusatores,</strong></span> <span class='ocrx_word' id='word_1_362' title='bbox 1217 4315 1377 4370; x_wconf 90' lang='lat' dir='ltr'><strong>etiam</strong></span> <span class='ocrx_word' id='word_1_363' title='bbox 1401 4318 1432 4371; x_wconf 92' lang='lat' dir='ltr'><strong>ii</strong></span> <span class='ocrx_word' id='word_1_364' title='bbox 1454 4321 1542 4389; x_wconf 93' lang='lat' dir='ltr'><strong>qui</strong></span> <span class='ocrx_word' id='word_1_365' title='bbox 1570 4320 1741 4390; x_wconf 91' lang='lat' dir='ltr'><strong>ipsum</strong></span> <span class='ocrx_word' id='word_1_366' title='bbox 1766 4338 1920 4378; x_wconf 85' lang='lat' dir='ltr'><strong>usur-</strong></span> 
     </span>
    </p>
   </div>
   <div class='ocr_carea' id='block_1_47' title="bbox 340 4404 1917 4473">
    <p class='ocr_par' dir='ltr' id='par_1_47' title="bbox 340 4404 1917 4473">
     <span class='ocr_line' id='line_1_47' title="bbox 340 4404 1917 4473; baseline 0.017 -27"><span class='ocrx_word' id='word_1_367' title='bbox 340 4404 465 4462; x_wconf 88' lang='lat' dir='ltr'><strong>pant</strong></span> <span class='ocrx_word' id='word_1_368' title='bbox 490 4412 502 4447; x_wconf 87' lang='lat'><strong>:</strong></span> <span class='ocrx_word' id='word_1_369' title='bbox 535 4404 677 4450; x_wconf 86' lang='lat' dir='ltr'><strong>tanta</strong></span> <span class='ocrx_word' id='word_1_370' title='bbox 705 4407 880 4453; x_wconf 87' lang='lat' dir='ltr'><strong>autem</strong></span> <span class='ocrx_word' id='word_1_371' title='bbox 928 4416 1015 4456; x_wconf 89' lang='lat' dir='ltr'><strong>res</strong></span> <span class='ocrx_word' id='word_1_372' title='bbox 1043 4412 1126 4456; x_wconf 89' lang='lat' dir='ltr'><strong>est</strong></span> <span class='ocrx_word' id='word_1_373' title='bbox 1154 4405 1344 4470; x_wconf 89' lang='lat' dir='ltr'><strong>virtus,</strong></span> <span class='ocrx_word' id='word_1_374' title='bbox 1388 4418 1444 4463; x_wconf 91' lang='lat' dir='ltr'><strong>ut</strong></span> <span class='ocrx_word' id='word_1_375' title='bbox 1484 4410 1535 4463; x_wconf 91' lang='lat' dir='ltr'><strong>in</strong></span> <span class='ocrx_word' id='word_1_376' title='bbox 1564 4411 1917 4473; x_wconf 85' lang='lat' dir='ltr'><strong>admiratione</strong></span> 
     </span>
    </p>
   </div>
   <div class='ocr_carea' id='block_1_48' title="bbox 340 4486 1919 4566">
    <p class='ocr_par' dir='ltr' id='par_1_48' title="bbox 340 4486 1919 4566">
     <span class='ocr_line' id='line_1_48' title="bbox 340 4486 1919 4566; baseline 0.018 -28"><span class='ocrx_word' id='word_1_377' title='bbox 340 4486 596 4543; x_wconf 87' lang='lat' dir='ltr'><strong>habeatur</strong></span> <span class='ocrx_word' id='word_1_378' title='bbox 613 4488 773 4544; x_wconf 85' lang='lat' dir='ltr'><strong>etiam</strong></span> <span class='ocrx_word' id='word_1_379' title='bbox 799 4490 1016 4558; x_wconf 84' lang='lat' dir='ltr'><strong>abillis,</strong></span> <span class='ocrx_word' id='word_1_380' title='bbox 1042 4496 1131 4564; x_wconf 91' lang='lat' dir='ltr'><strong>qui</strong></span> <span class='ocrx_word' id='word_1_381' title='bbox 1155 4511 1271 4552; x_wconf 89' lang='lat' dir='ltr'><strong>eam</strong></span> <span class='ocrx_word' id='word_1_382' title='bbox 1296 4514 1400 4556; x_wconf 90' lang='lat' dir='ltr'><strong>non</strong></span> <span class='ocrx_word' id='word_1_383' title='bbox 1422 4504 1761 4561; x_wconf 73' lang='lat' dir='ltr'><strong>mmulantur.</strong></span> <span class='ocrx_word' id='word_1_384' title='bbox 1789 4509 1919 4566; x_wconf 77' lang='lat' dir='ltr'><strong>Nan;</strong></span> 
     </span>
    </p>
   </div>
   <div class='ocr_carea' id='block_1_49' title="bbox 336 4580 1912 4667">
    <p class='ocr_par' dir='ltr' id='par_1_49' title="bbox 336 4580 1912 4667">
     <span class='ocr_line' id='line_1_49' title="bbox 336 4580 1912 4667; baseline 0.015 -36"><span class='ocrx_word' id='word_1_385' title='bbox 336 4585 392 4632; x_wconf 84' lang='lat' dir='ltr'><strong>et</strong></span> <span class='ocrx_word' id='word_1_386' title='bbox 413 4587 677 4634; x_wconf 89' lang='lat' dir='ltr'><strong>scortator</strong></span> <span class='ocrx_word' id='word_1_387' title='bbox 707 4580 942 4637; x_wconf 84' lang='lat' dir='ltr'><strong>laudabit</strong></span> <span class='ocrx_word' id='word_1_388' title='bbox 968 4589 1374 4655; x_wconf 90' lang='lat' dir='ltr'><strong>temperantiam</strong></span> <span class='ocrx_word' id='word_1_389' title='bbox 1412 4603 1466 4646; x_wconf 90' lang='lat' dir='ltr'><strong>et</strong></span> <span class='ocrx_word' id='word_1_390' title='bbox 1507 4596 1912 4667; x_wconf 57' lang='lat' dir='ltr'><strong>continentem,</strong></span> 
     </span>
    </p>
   </div>
   <div class='ocr_carea' id='block_1_50' title="bbox 337 4673 1915 4747">
    <p class='ocr_par' dir='ltr' id='par_1_50' title="bbox 337 4673 1915 4747">
     <span class='ocr_line' id='line_1_50' title="bbox 337 4673 1915 4747; baseline 0.015 -23"><span class='ocrx_word' id='word_1_391' title='bbox 337 4679 391 4724; x_wconf 94' lang='lat' dir='ltr'><strong>et</strong></span> <span class='ocrx_word' id='word_1_392' title='bbox 411 4685 603 4727; x_wconf 86' lang='lat' dir='ltr'><strong>avarus</strong></span> <span class='ocrx_word' id='word_1_393' title='bbox 626 4673 1006 4731; x_wconf 87' lang='lat' dir='ltr'><strong>condemnabit</strong></span> <span class='ocrx_word' id='word_1_394' title='bbox 1032 4677 1382 4747; x_wconf 85' lang='lat' dir='ltr'><strong>injustitiam;</strong></span> <span class='ocrx_word' id='word_1_395' title='bbox 1426 4693 1479 4738; x_wconf 91' lang='lat' dir='ltr'><strong>et</strong></span> <span class='ocrx_word' id='word_1_396' title='bbox 1509 4685 1796 4745; x_wconf 89' lang='lat' dir='ltr'><strong>iracundus</strong></span> <span class='ocrx_word' id='word_1_397' title='bbox 1823 4693 1915 4746; x_wconf 88' lang='lat' dir='ltr'><strong>ad-</strong></span> 
     </span>
    </p>
   </div>
   <div class='ocr_carea' id='block_1_51' title="bbox 336 4761 1920 4840">
    <p class='ocr_par' dir='ltr' id='par_1_51' title="bbox 336 4761 1920 4840">
     <span class='ocr_line' id='line_1_51' title="bbox 336 4761 1920 4840; baseline 0.013 -25"><span class='ocrx_word' id='word_1_398' title='bbox 336 4761 618 4818; x_wconf 80' lang='lat' dir='ltr'><strong>mirabitur</strong></span> <span class='ocrx_word' id='word_1_399' title='bbox 662 4765 995 4833; x_wconf 85' lang='lat' dir='ltr'><strong>patientiam,</strong></span> <span class='ocrx_word' id='word_1_400' title='bbox 1038 4777 1094 4823; x_wconf 88' lang='lat' dir='ltr'><strong>et</strong></span> <span class='ocrx_word' id='word_1_401' title='bbox 1138 4771 1461 4840; x_wconf 83' lang='lat' dir='ltr'><strong>vituperabit</strong></span> <span class='ocrx_word' id='word_1_402' title='bbox 1507 4777 1792 4835; x_wconf 89' lang='lat' dir='ltr'><strong>simultatis</strong></span> <span class='ocrx_word' id='word_1_403' title='bbox 1845 4784 1920 4838; x_wconf 80' lang='lat' dir='ltr'><strong>\i-</strong></span> 
     </span>
    </p>
   </div>
   <div class='ocr_carea' id='block_1_52' title="bbox 336 4853 1909 4942">
    <p class='ocr_par' dir='ltr' id='par_1_52' title="bbox 336 4853 1909 4942">
     <span class='ocr_line' id='line_1_52' title="bbox 336 4853 1909 4942; baseline 0.015 -39"><span class='ocrx_word' id='word_1_404' title='bbox 336 4853 488 4942; x_wconf 84' lang='lat' dir='ltr'><strong>tium,</strong></span> <span class='ocrx_word' id='word_1_405' title='bbox 535 4862 590 4908; x_wconf 92' lang='lat' dir='ltr'><strong>et</strong></span> <span class='ocrx_word' id='word_1_406' title='bbox 618 4853 849 4911; x_wconf 87' lang='lat' dir='ltr'><strong>lascivus</strong></span> <span class='ocrx_word' id='word_1_407' title='bbox 891 4857 1184 4916; x_wconf 86' lang='lat' dir='ltr'><strong>lasciviam.</strong></span> <span class='ocrx_word' id='word_1_408' title='bbox 1217 4862 1496 4928; x_wconf 80' lang='lat' dir='ltr'><strong>Quomodo</strong></span> <span class='ocrx_word' id='word_1_409' title='bbox 1536 4881 1681 4938; x_wconf 80' lang='lat' dir='ltr'><strong>ergo.</strong></span> <span class='ocrx_word' id='word_1_410' title='bbox 1718 4870 1909 4942; x_wconf 85' lang='lat' dir='ltr'><strong>inquit,</strong></span> 
     </span>
    </p>
   </div>
   <div class='ocr_carea' id='block_1_53' title="bbox 340 4940 1914 5020">
    <p class='ocr_par' dir='ltr' id='par_1_53' title="bbox 340 4940 1914 5020">
     <span class='ocr_line' id='line_1_53' title="bbox 340 4940 1914 5020; baseline 0.017 -27"><span class='ocrx_word' id='word_1_411' title='bbox 340 4940 455 4995; x_wconf 71' lang='lat' dir='ltr'><strong>luce</strong></span> <span class='ocrx_word' id='word_1_412' title='bbox 497 4945 762 5013; x_wconf 84' lang='lat' dir='ltr'><strong>usurpat?</strong></span> <span class='ocrx_word' id='word_1_413' title='bbox 790 4946 867 5000; x_wconf 80' lang='lat' dir='ltr'><strong>Ex</strong></span> <span class='ocrx_word' id='word_1_414' title='bbox 912 4946 1078 5004; x_wconf 84' lang='lat' dir='ltr'><strong>multa</strong></span> <span class='ocrx_word' id='word_1_415' title='bbox 1126 4953 1392 5018; x_wconf 87' lang='lat' dir='ltr'><strong>socordia,</strong></span> <span class='ocrx_word' id='word_1_416' title='bbox 1424 4970 1545 5010; x_wconf 91' lang='lat' dir='ltr'><strong>cum</strong></span> <span class='ocrx_word' id='word_1_417' title='bbox 1589 4967 1764 5015; x_wconf 86' lang='lat' dir='ltr'><strong>tamen</strong></span> <span class='ocrx_word' id='word_1_418' title='bbox 1793 4940 1914 5020; x_wconf 14' lang='lat' dir='ltr'><strong>inoo</strong></span> 
     </span>
    </p>
   </div>
   <div class='ocr_carea' id='block_1_54' title="bbox 334 5034 1915 5122">
    <p class='ocr_par' dir='ltr' id='par_1_54' title="bbox 334 5034 1915 5122">
     <span class='ocr_line' id='line_1_54' title="bbox 334 5034 1915 5122; baseline 0.015 -37"><span class='ocrx_word' id='word_1_419' title='bbox 334 5046 455 5087; x_wconf 86' lang='lat' dir='ltr'><strong>esse</strong></span> <span class='ocrx_word' id='word_1_420' title='bbox 480 5034 677 5089; x_wconf 90' lang='lat' dir='ltr'><strong>bonum</strong></span> <span class='ocrx_word' id='word_1_421' title='bbox 702 5036 1022 5105; x_wconf 87' lang='lat' dir='ltr'><strong>judicavcrit</strong></span> <span class='ocrx_word' id='word_1_422' title='bbox 1052 5058 1066 5093; x_wconf 90' lang='lat'><strong>:</strong></span> <span class='ocrx_word' id='word_1_423' title='bbox 1095 5041 1293 5112; x_wconf 71' lang='lat' dir='ltr'><strong>alioqui</strong></span> <span class='ocrx_word' id='word_1_424' title='bbox 1316 5059 1438 5101; x_wconf 87' lang='lat' dir='ltr'><strong>eum</strong></span> <span class='ocrx_word' id='word_1_425' title='bbox 1465 5047 1542 5103; x_wconf 89' lang='lat' dir='ltr'><strong>rei</strong></span> <span class='ocrx_word' id='word_1_426' title='bbox 1569 5064 1671 5103; x_wconf 90' lang='lat' dir='ltr'><strong>non</strong></span> <span class='ocrx_word' id='word_1_427' title='bbox 1700 5053 1915 5122; x_wconf 84' lang='lat' dir='ltr'><strong>puduis-</strong></span> 
     </span>
    </p>
   </div>
   <div class='ocr_carea' id='block_1_55' title="bbox 333 5131 1890 5213">
    <p class='ocr_par' dir='ltr' id='par_1_55' title="bbox 333 5131 1890 5213">
     <span class='ocr_line' id='line_1_55' title="bbox 333 5131 1890 5213; baseline 0.013 -34"><span class='ocrx_word' id='word_1_428' title='bbox 333 5134 434 5186; x_wconf 83' lang='lat' dir='ltr'><strong>set,</strong></span> <span class='ocrx_word' id='word_1_429' title='bbox 467 5140 644 5195; x_wconf 86' lang='lat' dir='ltr'><strong>neque</strong></span> <span class='ocrx_word' id='word_1_430' title='bbox 670 5137 918 5198; x_wconf 80' lang='lat' dir='ltr'><strong>negasset</strong></span> <span class='ocrx_word' id='word_1_431' title='bbox 944 5131 1379 5191; x_wconf 83' lang='lat' dir='ltr'><strong>alio&#39;accusante.</strong></span> <span class='ocrx_word' id='word_1_432' title='bbox 1410 5137 1559 5194; x_wconf 78' lang='lat' dir='ltr'><strong>Multi</strong></span> <span class='ocrx_word' id='word_1_433' title='bbox 1585 5141 1746 5197; x_wconf 87' lang='lat' dir='ltr'><strong>etiam</strong></span> <span class='ocrx_word' id='word_1_434' title='bbox 1781 5162 1890 5213; x_wconf 80' lang='lat' dir='ltr'><strong>pra:</strong></span> 
     </span>
    </p>
   </div>
   <div class='ocr_carea' id='block_1_56' title="bbox 333 5217 1908 5294">
    <p class='ocr_par' dir='ltr' id='par_1_56' title="bbox 333 5217 1908 5294">
     <span class='ocr_line' id='line_1_56' title="bbox 333 5217 1908 5294; baseline 0.016 -27"><span class='ocrx_word' id='word_1_435' title='bbox 333 5217 595 5285; x_wconf 79' lang='lat' dir='ltr'><strong>occupati,</strong></span> <span class='ocrx_word' id='word_1_436' title='bbox 629 5231 751 5274; x_wconf 92' lang='lat' dir='ltr'><strong>eum</strong></span> <span class='ocrx_word' id='word_1_437' title='bbox 781 5220 1016 5278; x_wconf 88' lang='lat' dir='ltr'><strong>dedecus</strong></span> <span class='ocrx_word' id='word_1_438' title='bbox 1042 5238 1149 5279; x_wconf 87' lang='lat' dir='ltr'><strong>non</strong></span> <span class='ocrx_word' id='word_1_439' title='bbox 1191 5225 1411 5294; x_wconf 89' lang='lat' dir='ltr'><strong>ferrent,</strong></span> <span class='ocrx_word' id='word_1_440' title='bbox 1446 5242 1506 5286; x_wconf 89' lang='lat' dir='ltr'><strong>se</strong></span> <span class='ocrx_word' id='word_1_441' title='bbox 1530 5231 1861 5290; x_wconf 86' lang='lat' dir='ltr'><strong>suffocarunt</strong></span> <span class='ocrx_word' id='word_1_442' title='bbox 1896 5257 1908 5292; x_wconf 93' lang='lat'><strong>:</strong></span> 
     </span>
    </p>
   </div>
   <div class='ocr_carea' id='block_1_57' title="bbox 331 5313 1911 5386">
    <p class='ocr_par' dir='ltr' id='par_1_57' title="bbox 331 5313 1911 5386">
     <span class='ocr_line' id='line_1_57' title="bbox 331 5313 1911 5386; baseline 0.011 -18"><span class='ocrx_word' id='word_1_443' title='bbox 331 5322 536 5368; x_wconf 88' lang='lat' dir='ltr'><strong>tantum</strong></span> <span class='ocrx_word' id='word_1_444' title='bbox 559 5313 712 5369; x_wconf 91' lang='lat' dir='ltr'><strong>nobis</strong></span> <span class='ocrx_word' id='word_1_445' title='bbox 740 5315 877 5370; x_wconf 89' lang='lat' dir='ltr'><strong>inest</strong></span> <span class='ocrx_word' id='word_1_446' title='bbox 908 5316 1118 5373; x_wconf 75' lang='lat' dir='ltr'><strong>honesti</strong></span> <span class='ocrx_word' id='word_1_447' title='bbox 1144 5329 1199 5374; x_wconf 93' lang='lat' dir='ltr'><strong>et</strong></span> <span class='ocrx_word' id='word_1_448' title='bbox 1222 5320 1403 5377; x_wconf 90' lang='lat' dir='ltr'><strong>decori</strong></span> <span class='ocrx_word' id='word_1_449' title='bbox 1427 5326 1811 5384; x_wconf 90' lang='lat' dir='ltr'><strong>testimonium.</strong></span> <span class='ocrx_word' id='word_1_450' title='bbox 1837 5329 1911 5386; x_wconf 85' lang='lat' dir='ltr'><strong>Ita</strong></span> 
     </span>
    </p>
   </div>
   <div class='ocr_carea' id='block_1_58' title="bbox 326 5405 1912 5489">
    <p class='ocr_par' dir='ltr' id='par_1_58' title="bbox 326 5405 1912 5489">
     <span class='ocr_line' id='line_1_58' title="bbox 326 5405 1912 5489; baseline 0.014 -33"><span class='ocrx_word' id='word_1_451' title='bbox 326 5419 444 5473; x_wconf 76' lang='lat' dir='ltr'><strong>qua:</strong></span> <span class='ocrx_word' id='word_1_452' title='bbox 480 5405 617 5459; x_wconf 91' lang='lat' dir='ltr'><strong>bona</strong></span> <span class='ocrx_word' id='word_1_453' title='bbox 648 5415 791 5471; x_wconf 88' lang='lat' dir='ltr'><strong>sunt,</strong></span> <span class='ocrx_word' id='word_1_454' title='bbox 822 5406 940 5476; x_wconf 88' lang='lat' dir='ltr'><strong>ipso</strong></span> <span class='ocrx_word' id='word_1_455' title='bbox 969 5409 1084 5464; x_wconf 91' lang='lat' dir='ltr'><strong>sole</strong></span> <span class='ocrx_word' id='word_1_456' title='bbox 1125 5411 1509 5482; x_wconf 86' lang='lat' dir='ltr'><strong>splendidiora,</strong></span> <span class='ocrx_word' id='word_1_457' title='bbox 1556 5426 1610 5471; x_wconf 88' lang='lat' dir='ltr'><strong>et</strong></span> <span class='ocrx_word' id='word_1_458' title='bbox 1637 5433 1757 5489; x_wconf 75' lang='lat' dir='ltr'><strong>qua:</strong></span> <span class='ocrx_word' id='word_1_459' title='bbox 1786 5432 1912 5478; x_wconf 91' lang='lat' dir='ltr'><strong>sunt</strong></span> 
     </span>
    </p>
   </div>
   <div class='ocr_carea' id='block_1_59' title="bbox 324 5498 1477 5561">
    <p class='ocr_par' dir='ltr' id='par_1_59' title="bbox 324 5498 1477 5561">
     <span class='ocr_line' id='line_1_59' title="bbox 324 5498 1477 5561; baseline 0.009 -10"><span class='ocrx_word' id='word_1_460' title='bbox 324 5498 401 5551; x_wconf 79' lang='lat' dir='ltr'><strong>eis</strong></span> <span class='ocrx_word' id='word_1_461' title='bbox 427 5498 719 5560; x_wconf 86' lang='lat' dir='ltr'><strong>contraria,</strong></span> <span class='ocrx_word' id='word_1_462' title='bbox 743 5509 868 5552; x_wconf 89' lang='lat' dir='ltr'><strong>sunt</strong></span> <span class='ocrx_word' id='word_1_463' title='bbox 894 5501 1131 5555; x_wconf 90' lang='lat' dir='ltr'><strong>omnium</strong></span> <span class='ocrx_word' id='word_1_464' title='bbox 1162 5501 1477 5561; x_wconf 75' lang='lat' dir='ltr'><strong>fmdissima.</strong></span> 
     </span>
    </p>
   </div>
   <div class='ocr_carea' id='block_1_60' title="bbox 390 5587 1900 5672">
    <p class='ocr_par' dir='ltr' id='par_1_60' title="bbox 390 5587 1900 5672">
     <span class='ocr_line' id='line_1_60' title="bbox 390 5587 1900 5672; baseline 0.013 -33"><span class='ocrx_word' id='word_1_465' title='bbox 390 5588 442 5639; x_wconf 74' lang='lat'><strong>9..</strong></span> <span class='ocrx_word' id='word_1_466' title='bbox 458 5587 705 5658; x_wconf 77' lang='lat' dir='ltr'><strong>Hospites</strong></span> <span class='ocrx_word' id='word_1_467' title='bbox 722 5598 776 5644; x_wconf 89' lang='lat' dir='ltr'><strong>et</strong></span> <span class='ocrx_word' id='word_1_468' title='bbox 795 5592 1056 5661; x_wconf 75' lang='lat' dir='ltr'><strong>peregrini</strong></span> <span class='ocrx_word' id='word_1_469' title='bbox 1073 5604 1223 5648; x_wconf 89' lang='lat' dir='ltr'><strong>erant</strong></span> <span class='ocrx_word' id='word_1_470' title='bbox 1238 5598 1423 5650; x_wconf 90' lang='lat' dir='ltr'><strong>sancti.</strong></span> <span class='ocrx_word' id='word_1_471' title='bbox 1444 5596 1723 5664; x_wconf 86' lang='lat' dir='ltr'><strong>Quomodo</strong></span> <span class='ocrx_word' id='word_1_472' title='bbox 1736 5611 1786 5657; x_wconf 90' lang='lat' dir='ltr'><strong>et</strong></span> <span class='ocrx_word' id='word_1_473' title='bbox 1799 5620 1900 5672; x_wconf 86' lang='lat' dir='ltr'><strong>qua</strong></span> 
     </span>
    </p>
   </div>
   <div class='ocr_carea' id='block_1_61' title="bbox 320 5678 1899 5764">
    <p class='ocr_par' dir='ltr' id='par_1_61' title="bbox 320 5678 1899 5764">
     <span class='ocr_line' id='line_1_61' title="bbox 320 5678 1899 5764; baseline 0.016 -35"><span class='ocrx_word' id='word_1_474' title='bbox 320 5678 562 5735; x_wconf 68' lang='lat' dir='ltr'><strong>ratione?</strong></span> <span class='ocrx_word' id='word_1_475' title='bbox 592 5681 678 5736; x_wconf 90' lang='lat' dir='ltr'><strong>ubi</strong></span> <span class='ocrx_word' id='word_1_476' title='bbox 707 5685 989 5740; x_wconf 86' lang='lat' dir='ltr'><strong>conlitctur</strong></span> <span class='ocrx_word' id='word_1_477' title='bbox 1019 5685 1286 5743; x_wconf 79' lang='lat' dir='ltr'><strong>Abraham</strong></span> <span class='ocrx_word' id='word_1_478' title='bbox 1329 5704 1385 5746; x_wconf 90' lang='lat' dir='ltr'><strong>se</strong></span> <span class='ocrx_word' id='word_1_479' title='bbox 1422 5706 1539 5749; x_wconf 86' lang='lat' dir='ltr'><strong>esse</strong></span> <span class='ocrx_word' id='word_1_480' title='bbox 1566 5691 1826 5764; x_wconf 85' lang='lat' dir='ltr'><strong>hospitem</strong></span> <span class='ocrx_word' id='word_1_481' title='bbox 1846 5706 1899 5754; x_wconf 88' lang='lat' dir='ltr'><strong>et</strong></span> 
     </span>
    </p>
   </div>
   <div class='ocr_carea' id='block_1_62' title="bbox 1073 285 2854 359">
    <p class='ocr_par' dir='ltr' id='par_1_62' title="bbox 1073 285 2854 359">
     <span class='ocr_line' id='line_1_62' title="bbox 1073 285 2854 359; baseline -0.01 -1"><span class='ocrx_word' id='word_1_482' title='bbox 1073 304 1130 359; x_wconf 90' lang='lat' dir='ltr'><strong>S.</strong></span> <span class='ocrx_word' id='word_1_483' title='bbox 1167 298 1441 356; x_wconf 75' lang='lat' dir='ltr'><strong>JOAN‘NIS</strong></span> <span class='ocrx_word' id='word_1_484' title='bbox 1475 293 1940 352; x_wconf 69' lang='lat' dir='ltr'><strong>CHRYSOSTOMI</strong></span> <span class='ocrx_word' id='word_1_485' title='bbox 1977 292 2287 349; x_wconf 67' lang='lat' dir='ltr'><strong>ARCIIIEP.</strong></span> <span class='ocrx_word' id='word_1_486' title='bbox 2327 285 2854 346; x_wconf 76' lang='lat' dir='ltr'><strong>CONSTANTINOP.</strong></span> 
     </span>
    </p>
   </div>
   <div class='ocr_carea' id='block_1_63' title="bbox 3518 284 3619 342">
    <p class='ocr_par' dir='ltr' id='par_1_63' title="bbox 3518 284 3619 342">
     <span class='ocr_line' id='line_1_63' title="bbox 3518 284 3619 342; baseline 0.02 -4"><span class='ocrx_word' id='word_1_487' title='bbox 3518 284 3619 342; x_wconf 69' lang='grc'><strong>168</strong></span> 
     </span>
    </p>
   </div>
   <div class='ocr_carea' id='block_1_64' title="bbox 2053 380 3634 461">
    <p class='ocr_par' dir='ltr' id='par_1_64' title="bbox 2053 380 3634 461">
     <span class='ocr_line' id='line_1_64' title="bbox 2053 380 3634 461; baseline -0.006 -16"><span class='ocrx_word' id='word_1_488' title='bbox 2053 389 2382 461; x_wconf 79' lang='lat' dir='ltr'><strong>peregrinum</strong></span> <span class='ocrx_word' id='word_1_489' title='bbox 2402 386 2426 440; x_wconf 87' lang='lat'><strong>?</strong></span> <span class='ocrx_word' id='word_1_490' title='bbox 2446 385 2694 441; x_wconf 83' lang='lat' dir='ltr'><strong>Fortasse</strong></span> <span class='ocrx_word' id='word_1_491' title='bbox 2721 382 2934 453; x_wconf 88' lang='lat' dir='ltr'><strong>quidem</strong></span> <span class='ocrx_word' id='word_1_492' title='bbox 2959 380 3072 450; x_wconf 88' lang='lat' dir='ltr'><strong>ipse</strong></span> <span class='ocrx_word' id='word_1_493' title='bbox 3099 394 3309 451; x_wconf 87' lang='lat' dir='ltr'><strong>quoque</strong></span> <span class='ocrx_word' id='word_1_494' title='bbox 3324 388 3404 435; x_wconf 89' lang='lat' dir='ltr'><strong>est</strong></span> <span class='ocrx_word' id='word_1_495' title='bbox 3429 384 3634 436; x_wconf 77' lang='lat' dir='ltr'><strong>confes-</strong></span> 
     </span>
    </p>
   </div>
   <div class='ocr_carea' id='block_1_65' title="bbox 2047 473 3635 553">
    <p class='ocr_par' dir='ltr' id='par_1_65' title="bbox 2047 473 3635 553">
     <span class='ocr_line' id='line_1_65' title="bbox 2047 473 3635 553; baseline -0.005 -15"><span class='ocrx_word' id='word_1_496' title='bbox 2047 498 2179 550; x_wconf 90' lang='lat' dir='ltr'><strong>sus;</strong></span> <span class='ocrx_word' id='word_1_497' title='bbox 2211 482 2382 553; x_wconf 89' lang='lat' dir='ltr'><strong>palam</strong></span> <span class='ocrx_word' id='word_1_498' title='bbox 2413 479 2467 535; x_wconf 90' lang='lat' dir='ltr'><strong>id</strong></span> <span class='ocrx_word' id='word_1_499' title='bbox 2516 477 2793 534; x_wconf 85' lang='lat' dir='ltr'><strong>confessus</strong></span> <span class='ocrx_word' id='word_1_500' title='bbox 2836 485 2919 530; x_wconf 89' lang='lat' dir='ltr'><strong>est</strong></span> <span class='ocrx_word' id='word_1_501' title='bbox 2947 483 3122 529; x_wconf 89' lang='lat' dir='ltr'><strong>autem</strong></span> <span class='ocrx_word' id='word_1_502' title='bbox 3149 473 3328 539; x_wconf 84' lang='lat' dir='ltr'><strong>David,</strong></span> <span class='ocrx_word' id='word_1_503' title='bbox 3379 483 3436 527; x_wconf 93' lang='lat' dir='ltr'><strong>ut</strong></span> <span class='ocrx_word' id='word_1_504' title='bbox 3463 475 3635 543; x_wconf 82' lang='lat' dir='ltr'><strong>quivis</strong></span> 
     </span>
    </p>
   </div>
   <div class='ocr_carea' id='block_1_66' title="bbox 2046 565 3633 635">
    <p class='ocr_par' dir='ltr' id='par_1_66' title="bbox 2046 565 3633 635">
     <span class='ocr_line' id='line_1_66' title="bbox 2046 565 3633 635; baseline -0.009 -3"><span class='ocrx_word' id='word_1_505' title='bbox 2046 576 2195 635; x_wconf 86' lang='lat' dir='ltr'><strong>novit</strong></span> <span class='ocrx_word' id='word_1_506' title='bbox 2224 592 2238 629; x_wconf 88' lang='lat'><strong>:</strong></span> <span class='ocrx_word' id='word_1_507' title='bbox 2271 573 2393 628; x_wconf 89' lang='lat' dir='ltr'><strong>audi</strong></span> <span class='ocrx_word' id='word_1_508' title='bbox 2420 571 2567 626; x_wconf 90' lang='lat' dir='ltr'><strong>illum</strong></span> <span class='ocrx_word' id='word_1_509' title='bbox 2597 569 2862 624; x_wconf 87' lang='lat' dir='ltr'><strong>dicentem</strong></span> <span class='ocrx_word' id='word_1_510' title='bbox 2893 585 2906 620; x_wconf 90' lang='lat'><strong>:</strong></span> <span class='ocrx_word' id='word_1_511' title='bbox 2935 565 3191 633; x_wconf 82' lang='lat' dir='ltr'><strong>Quoniam</strong></span> <span class='ocrx_word' id='word_1_512' title='bbox 3214 566 3410 618; x_wconf 83' lang='lat' dir='ltr'><strong>aduena</strong></span> <span class='ocrx_word' id='word_1_513' title='bbox 3438 580 3551 618; x_wconf 78' lang='lat' dir='ltr'><strong>sum</strong></span> <span class='ocrx_word' id='word_1_514' title='bbox 3583 575 3633 620; x_wconf 78' lang='lat' dir='ltr'><strong>et</strong></span> 
     </span>
    </p>
   </div>
   <div class='ocr_carea' id='block_1_67' title="bbox 2042 654 3630 739">
    <p class='ocr_par' dir='ltr' id='par_1_67' title="bbox 2042 654 3630 739">
     <span class='ocr_line' id='line_1_67' title="bbox 2042 654 3630 739; baseline -0.009 -15"><span class='ocrx_word' id='word_1_515' title='bbox 2042 668 2360 739; x_wconf 77' lang='lat' dir='ltr'><strong>peregrinus,</strong></span> <span class='ocrx_word' id='word_1_516' title='bbox 2385 665 2516 719; x_wconf 80' lang='lat' dir='ltr'><strong>sicut</strong></span> <span class='ocrx_word' id='word_1_517' title='bbox 2539 676 2711 715; x_wconf 80' lang='lat' dir='ltr'><strong>omnes</strong></span> <span class='ocrx_word' id='word_1_518' title='bbox 2738 668 2905 728; x_wconf 79' lang='lat' dir='ltr'><strong>patres</strong></span> <span class='ocrx_word' id='word_1_519' title='bbox 2944 657 3039 710; x_wconf 80' lang='lat' dir='ltr'><strong>mei</strong></span> <span class='ocrx_word' id='word_1_520' title='bbox 3062 654 3183 728; x_wconf 79' lang='lat' dir='ltr'><strong>(Ps.</strong></span> <span class='ocrx_word' id='word_1_521' title='bbox 3226 655 3316 711; x_wconf 78' lang='lat'><strong>58.</strong></span> <span class='ocrx_word' id='word_1_522' title='bbox 3349 656 3462 724; x_wconf 80' lang='lat' dir='ltr'><strong>l5).</strong></span> <span class='ocrx_word' id='word_1_523' title='bbox 3497 655 3630 711; x_wconf 82' lang='lat' dir='ltr'><strong>Nam</strong></span> 
     </span>
    </p>
   </div>
   <div class='ocr_carea' id='block_1_68' title="bbox 2040 745 3627 829">
    <p class='ocr_par' dir='ltr' id='par_1_68' title="bbox 2040 745 3627 829">
     <span class='ocr_line' id='line_1_68' title="bbox 2040 745 3627 829; baseline -0.007 -16"><span class='ocrx_word' id='word_1_524' title='bbox 2040 761 2131 829; x_wconf 91' lang='lat' dir='ltr'><strong>qui</strong></span> <span class='ocrx_word' id='word_1_525' title='bbox 2153 757 2462 813; x_wconf 86' lang='lat' dir='ltr'><strong>habitabant</strong></span> <span class='ocrx_word' id='word_1_526' title='bbox 2479 753 2535 808; x_wconf 88' lang='lat' dir='ltr'><strong>in</strong></span> <span class='ocrx_word' id='word_1_527' title='bbox 2548 748 2931 814; x_wconf 84' lang='lat' dir='ltr'><strong>tabernaculis,</strong></span> <span class='ocrx_word' id='word_1_528' title='bbox 2955 745 3044 819; x_wconf 88' lang='lat' dir='ltr'><strong>qui</strong></span> <span class='ocrx_word' id='word_1_529' title='bbox 3063 746 3287 818; x_wconf 88' lang='lat' dir='ltr'><strong>pecunia</strong></span> <span class='ocrx_word' id='word_1_530' title='bbox 3305 745 3465 801; x_wconf 87' lang='lat' dir='ltr'><strong>etiam</strong></span> <span class='ocrx_word' id='word_1_531' title='bbox 3482 761 3627 802; x_wconf 87' lang='lat' dir='ltr'><strong>eme-</strong></span> 
     </span>
    </p>
   </div>
   <div class='ocr_carea' id='block_1_69' title="bbox 2040 838 3628 919">
    <p class='ocr_par' dir='ltr' id='par_1_69' title="bbox 2040 838 3628 919">
     <span class='ocr_line' id='line_1_69' title="bbox 2040 838 3628 919; baseline -0.009 -12"><span class='ocrx_word' id='word_1_532' title='bbox 2040 854 2168 907; x_wconf 90' lang='lat' dir='ltr'><strong>bant</strong></span> <span class='ocrx_word' id='word_1_533' title='bbox 2192 848 2458 919; x_wconf 90' lang='lat' dir='ltr'><strong>sepulcra,</strong></span> <span class='ocrx_word' id='word_1_534' title='bbox 2486 843 2727 914; x_wconf 88' lang='lat' dir='ltr'><strong>hospites</strong></span> <span class='ocrx_word' id='word_1_535' title='bbox 2765 842 2946 909; x_wconf 89' lang='lat' dir='ltr'><strong>utique</strong></span> <span class='ocrx_word' id='word_1_536' title='bbox 2983 847 3036 893; x_wconf 90' lang='lat' dir='ltr'><strong>et</strong></span> <span class='ocrx_word' id='word_1_537' title='bbox 3066 838 3330 908; x_wconf 79' lang='lat' dir='ltr'><strong>peregrini</strong></span> <span class='ocrx_word' id='word_1_538' title='bbox 3358 847 3533 902; x_wconf 87' lang='lat' dir='ltr'><strong>erant,</strong></span> <span class='ocrx_word' id='word_1_539' title='bbox 3570 847 3628 893; x_wconf 94' lang='lat' dir='ltr'><strong>ut</strong></span> 
     </span>
    </p>
   </div>
   <div class='ocr_carea' id='block_1_70' title="bbox 2037 929 3624 1016">
    <p class='ocr_par' dir='ltr' id='par_1_70' title="bbox 2037 929 3624 1016">
     <span class='ocr_line' id='line_1_70' title="bbox 2037 929 3624 1016; baseline -0.011 -16"><span class='ocrx_word' id='word_1_540' title='bbox 2037 945 2127 1016; x_wconf 89' lang='lat' dir='ltr'><strong>qui</strong></span> <span class='ocrx_word' id='word_1_541' title='bbox 2175 958 2244 998; x_wconf 88' lang='lat' dir='ltr'><strong>ne</strong></span> <span class='ocrx_word' id='word_1_542' title='bbox 2283 940 2544 995; x_wconf 89' lang='lat' dir='ltr'><strong>haberent</strong></span> <span class='ocrx_word' id='word_1_543' title='bbox 2569 934 2784 1004; x_wconf 88' lang='lat' dir='ltr'><strong>quidem</strong></span> <span class='ocrx_word' id='word_1_544' title='bbox 2830 931 2918 986; x_wconf 91' lang='lat' dir='ltr'><strong>ubi</strong></span> <span class='ocrx_word' id='word_1_545' title='bbox 2962 943 3091 985; x_wconf 91' lang='lat' dir='ltr'><strong>suos</strong></span> <span class='ocrx_word' id='word_1_546' title='bbox 3128 929 3439 998; x_wconf 86' lang='lat' dir='ltr'><strong>sepelirent.</strong></span> <span class='ocrx_word' id='word_1_547' title='bbox 3485 929 3624 997; x_wconf 84' lang='lat' dir='ltr'><strong>Quid</strong></span> 
     </span>
    </p>
   </div>
   <div class='ocr_carea' id='block_1_71' title="bbox 2038 1019 3621 1108">
    <p class='ocr_par' dir='ltr' id='par_1_71' title="bbox 2038 1019 3621 1108">
     <span class='ocr_line' id='line_1_71' title="bbox 2038 1019 3621 1108; baseline -0.015 -15"><span class='ocrx_word' id='word_1_548' title='bbox 2038 1036 2203 1108; x_wconf 71' lang='lat' dir='ltr'><strong>ergo?</strong></span> <span class='ocrx_word' id='word_1_549' title='bbox 2231 1032 2549 1089; x_wconf 81' lang='lat' dir='ltr'><strong>dicebantne</strong></span> <span class='ocrx_word' id='word_1_550' title='bbox 2592 1041 2651 1083; x_wconf 87' lang='lat' dir='ltr'><strong>se</strong></span> <span class='ocrx_word' id='word_1_551' title='bbox 2695 1039 2816 1079; x_wconf 89' lang='lat' dir='ltr'><strong>esse</strong></span> <span class='ocrx_word' id='word_1_552' title='bbox 2846 1020 3083 1092; x_wconf 84' lang='lat' dir='ltr'><strong>hospites</strong></span> <span class='ocrx_word' id='word_1_553' title='bbox 3114 1028 3320 1075; x_wconf 85' lang='lat' dir='ltr'><strong>tantum</strong></span> <span class='ocrx_word' id='word_1_554' title='bbox 3362 1019 3414 1073; x_wconf 85' lang='lat' dir='ltr'><strong>in</strong></span> <span class='ocrx_word' id='word_1_555' title='bbox 3442 1019 3621 1078; x_wconf 69' lang='lat' dir='ltr'><strong>Palas-</strong></span> 
     </span>
    </p>
   </div>
   <div class='ocr_carea' id='block_1_72' title="bbox 2036 1110 3620 1193">
    <p class='ocr_par' dir='ltr' id='par_1_72' title="bbox 2036 1110 3620 1193">
     <span class='ocr_line' id='line_1_72' title="bbox 2036 1110 3620 1193; baseline -0.012 -9"><span class='ocrx_word' id='word_1_556' title='bbox 2036 1126 2218 1185; x_wconf 78' lang='lat' dir='ltr'><strong>stina?</strong></span> <span class='ocrx_word' id='word_1_557' title='bbox 2248 1124 2613 1193; x_wconf 85' lang='lat' dir='ltr'><strong>Nequaquam,</strong></span> <span class='ocrx_word' id='word_1_558' title='bbox 2642 1116 2738 1172; x_wconf 88' lang='lat' dir='ltr'><strong>sed</strong></span> <span class='ocrx_word' id='word_1_559' title='bbox 2766 1116 2817 1170; x_wconf 93' lang='lat' dir='ltr'><strong>iu</strong></span> <span class='ocrx_word' id='word_1_560' title='bbox 2850 1124 2961 1168; x_wconf 91' lang='lat' dir='ltr'><strong>toto</strong></span> <span class='ocrx_word' id='word_1_561' title='bbox 2987 1113 3154 1176; x_wconf 90' lang='lat' dir='ltr'><strong>orbe;</strong></span> <span class='ocrx_word' id='word_1_562' title='bbox 3197 1120 3252 1166; x_wconf 90' lang='lat' dir='ltr'><strong>et</strong></span> <span class='ocrx_word' id='word_1_563' title='bbox 3279 1111 3493 1166; x_wconf 88' lang='lat' dir='ltr'><strong>merito.</strong></span> <span class='ocrx_word' id='word_1_564' title='bbox 3522 1110 3620 1166; x_wconf 85' lang='lat' dir='ltr'><strong>Ni-</strong></span> 
     </span>
    </p>
   </div>
   <div class='ocr_carea' id='block_1_73' title="bbox 2035 1202 3620 1275">
    <p class='ocr_par' dir='ltr' id='par_1_73' title="bbox 2035 1202 3620 1275">
     <span class='ocr_line' id='line_1_73' title="bbox 2035 1202 3620 1275; baseline -0.017 -1"><span class='ocrx_word' id='word_1_565' title='bbox 2035 1221 2110 1275; x_wconf 94' lang='lat' dir='ltr'><strong>hil</strong></span> <span class='ocrx_word' id='word_1_566' title='bbox 2130 1217 2275 1273; x_wconf 90' lang='lat' dir='ltr'><strong>enim</strong></span> <span class='ocrx_word' id='word_1_567' title='bbox 2301 1215 2355 1269; x_wconf 92' lang='lat' dir='ltr'><strong>in</strong></span> <span class='ocrx_word' id='word_1_568' title='bbox 2381 1228 2447 1268; x_wconf 93' lang='lat' dir='ltr'><strong>eo</strong></span> <span class='ocrx_word' id='word_1_569' title='bbox 2472 1210 2723 1269; x_wconf 81' lang='lat' dir='ltr'><strong>videbant</strong></span> <span class='ocrx_word' id='word_1_570' title='bbox 2750 1220 2937 1261; x_wconf 89' lang='lat' dir='ltr'><strong>eorum</strong></span> <span class='ocrx_word' id='word_1_571' title='bbox 2959 1221 3077 1275; x_wconf 79' lang='lat' dir='ltr'><strong>qua:</strong></span> <span class='ocrx_word' id='word_1_572' title='bbox 3099 1204 3379 1268; x_wconf 86' lang='lat' dir='ltr'><strong>volebant,</strong></span> <span class='ocrx_word' id='word_1_573' title='bbox 3408 1202 3505 1258; x_wconf 87' lang='lat' dir='ltr'><strong>sed</strong></span> <span class='ocrx_word' id='word_1_574' title='bbox 3526 1217 3620 1258; x_wconf 64' lang='lat' dir='ltr'><strong>ex.</strong></span> 
     </span>
    </p>
   </div>
   <div class='ocr_carea' id='block_1_74' title="bbox 2036 1293 3616 1367">
    <p class='ocr_par' dir='ltr' id='par_1_74' title="bbox 2036 1293 3616 1367">
     <span class='ocr_line' id='line_1_74' title="bbox 2036 1293 3616 1367; baseline -0.01 -2"><span class='ocrx_word' id='word_1_575' title='bbox 2036 1320 2186 1366; x_wconf 87' lang='lat' dir='ltr'><strong>terna</strong></span> <span class='ocrx_word' id='word_1_576' title='bbox 2217 1304 2396 1362; x_wconf 80' lang='lat' dir='ltr'><strong>ontnia</strong></span> <span class='ocrx_word' id='word_1_577' title='bbox 2427 1312 2479 1357; x_wconf 91' lang='lat' dir='ltr'><strong>et</strong></span> <span class='ocrx_word' id='word_1_578' title='bbox 2508 1300 2702 1355; x_wconf 89' lang='lat' dir='ltr'><strong>aliena.</strong></span> <span class='ocrx_word' id='word_1_579' title='bbox 2737 1297 2839 1367; x_wconf 85' lang='lat' dir='ltr'><strong>Ipsi</strong></span> <span class='ocrx_word' id='word_1_580' title='bbox 2885 1296 3043 1366; x_wconf 80' lang='lat' dir='ltr'><strong>igitur</strong></span> <span class='ocrx_word' id='word_1_581' title='bbox 3069 1293 3321 1348; x_wconf 84' lang='lat' dir='ltr'><strong>volebant</strong></span> <span class='ocrx_word' id='word_1_582' title='bbox 3357 1307 3616 1349; x_wconf 82' lang='lat' dir='ltr'><strong>exercere</strong></span> 
     </span>
    </p>
   </div>
   <div class='ocr_carea' id='block_1_75' title="bbox 2037 1383 3616 1460">
    <p class='ocr_par' dir='ltr' id='par_1_75' title="bbox 2037 1383 3616 1460">
     <span class='ocr_line' id='line_1_75' title="bbox 2037 1383 3616 1460; baseline -0.009 -7"><span class='ocrx_word' id='word_1_583' title='bbox 2037 1401 2287 1455; x_wconf 89' lang='lat' dir='ltr'><strong>virtutem</strong></span> <span class='ocrx_word' id='word_1_584' title='bbox 2313 1413 2327 1460; x_wconf 91' lang='lat'><strong>;</strong></span> <span class='ocrx_word' id='word_1_585' title='bbox 2357 1395 2443 1448; x_wconf 89' lang='lat' dir='ltr'><strong>hic</strong></span> <span class='ocrx_word' id='word_1_586' title='bbox 2465 1400 2643 1447; x_wconf 85' lang='lat' dir='ltr'><strong>autem</strong></span> <span class='ocrx_word' id='word_1_587' title='bbox 2671 1396 2786 1445; x_wconf 89' lang='lat' dir='ltr'><strong>erat</strong></span> <span class='ocrx_word' id='word_1_588' title='bbox 2802 1387 3024 1441; x_wconf 92' lang='lat' dir='ltr'><strong>multum</strong></span> <span class='ocrx_word' id='word_1_589' title='bbox 3051 1383 3259 1448; x_wconf 89' lang='lat' dir='ltr'><strong>vitium,</strong></span> <span class='ocrx_word' id='word_1_590' title='bbox 3291 1383 3500 1453; x_wconf 88' lang='lat' dir='ltr'><strong>etapud</strong></span> <span class='ocrx_word' id='word_1_591' title='bbox 3519 1398 3616 1441; x_wconf 84' lang='lat' dir='ltr'><strong>eos</strong></span> 
     </span>
    </p>
   </div>
   <div class='ocr_carea' id='block_1_76' title="bbox 2030 1475 3615 1549">
    <p class='ocr_par' dir='ltr' id='par_1_76' title="bbox 2030 1475 3615 1549">
     <span class='ocr_line' id='line_1_76' title="bbox 2030 1475 3615 1549; baseline -0.011 0"><span class='ocrx_word' id='word_1_592' title='bbox 2030 1500 2187 1549; x_wconf 88' lang='lat' dir='ltr'><strong>erant</strong></span> <span class='ocrx_word' id='word_1_593' title='bbox 2204 1506 2289 1546; x_wconf 89' lang='lat' dir='ltr'><strong>res</strong></span> <span class='ocrx_word' id='word_1_594' title='bbox 2305 1501 2492 1543; x_wconf 89' lang='lat' dir='ltr'><strong>omnes</strong></span> <span class='ocrx_word' id='word_1_595' title='bbox 2510 1493 2748 1540; x_wconf 73' lang='lat' dir='ltr'><strong>externa:</strong></span> <span class='ocrx_word' id='word_1_596' title='bbox 2773 1489 2828 1536; x_wconf 89' lang='lat' dir='ltr'><strong>et</strong></span> <span class='ocrx_word' id='word_1_597' title='bbox 2846 1479 3056 1535; x_wconf 65' lang='lat' dir='ltr'><strong>alienas.</strong></span> <span class='ocrx_word' id='word_1_598' title='bbox 3097 1476 3309 1532; x_wconf 80' lang='lat' dir='ltr'><strong>Nullum</strong></span> <span class='ocrx_word' id='word_1_599' title='bbox 3347 1475 3615 1531; x_wconf 88' lang='lat' dir='ltr'><strong>habebant</strong></span> 
     </span>
    </p>
   </div>
   <div class='ocr_carea' id='block_1_77' title="bbox 2026 1566 3612 1645">
    <p class='ocr_par' dir='ltr' id='par_1_77' title="bbox 2026 1566 3612 1645">
     <span class='ocr_line' id='line_1_77' title="bbox 2026 1566 3612 1645; baseline -0.013 -4"><span class='ocrx_word' id='word_1_600' title='bbox 2026 1586 2255 1641; x_wconf 88' lang='lat' dir='ltr'><strong>amicum</strong></span> <span class='ocrx_word' id='word_1_601' title='bbox 2288 1621 2303 1645; x_wconf 93' lang='lat'><strong>,</strong></span> <span class='ocrx_word' id='word_1_602' title='bbox 2347 1577 2550 1634; x_wconf 89' lang='lat' dir='ltr'><strong>nullum</strong></span> <span class='ocrx_word' id='word_1_603' title='bbox 2590 1569 2989 1629; x_wconf 84' lang='lat' dir='ltr'><strong>necessitudine</strong></span> <span class='ocrx_word' id='word_1_604' title='bbox 3035 1566 3380 1636; x_wconf 88' lang='lat' dir='ltr'><strong>conjunetum</strong></span> <span class='ocrx_word' id='word_1_605' title='bbox 3414 1578 3612 1636; x_wconf 63' lang='lat' dir='ltr'><strong>praeter</strong></span> 
     </span>
    </p>
   </div>
   <div class='ocr_carea' id='block_1_78' title="bbox 2038 1657 3612 1746">
    <p class='ocr_par' dir='ltr' id='par_1_78' title="bbox 2038 1657 3612 1746">
     <span class='ocr_line' id='line_1_78' title="bbox 2038 1657 3612 1746; baseline -0.011 -19"><span class='ocrx_word' id='word_1_606' title='bbox 2038 1688 2254 1746; x_wconf 89' lang='lat' dir='ltr'><strong>paucos.</strong></span> <span class='ocrx_word' id='word_1_607' title='bbox 2276 1667 2555 1738; x_wconf 85' lang='lat' dir='ltr'><strong>Quomodo</strong></span> <span class='ocrx_word' id='word_1_608' title='bbox 2599 1675 2773 1719; x_wconf 89' lang='lat' dir='ltr'><strong>autem</strong></span> <span class='ocrx_word' id='word_1_609' title='bbox 2806 1668 2957 1717; x_wconf 89' lang='lat' dir='ltr'><strong>erant</strong></span> <span class='ocrx_word' id='word_1_610' title='bbox 2977 1657 3248 1729; x_wconf 77' lang='lat' dir='ltr'><strong>hospites?</strong></span> <span class='ocrx_word' id='word_1_611' title='bbox 3274 1657 3466 1712; x_wconf 87' lang='lat' dir='ltr'><strong>Eorum</strong></span> <span class='ocrx_word' id='word_1_612' title='bbox 3492 1672 3612 1727; x_wconf 72' lang='lat' dir='ltr'><strong>qua:</strong></span> 
     </span>
    </p>
   </div>
   <div class='ocr_carea' id='block_1_79' title="bbox 2029 1747 3610 1826">
    <p class='ocr_par' dir='ltr' id='par_1_79' title="bbox 2029 1747 3610 1826">
     <span class='ocr_line' id='line_1_79' title="bbox 2029 1747 3610 1826; baseline -0.013 -3"><span class='ocrx_word' id='word_1_613' title='bbox 2029 1768 2118 1823; x_wconf 90' lang='lat' dir='ltr'><strong>hic</strong></span> <span class='ocrx_word' id='word_1_614' title='bbox 2157 1773 2282 1820; x_wconf 89' lang='lat' dir='ltr'><strong>sunt</strong></span> <span class='ocrx_word' id='word_1_615' title='bbox 2316 1761 2515 1816; x_wconf 89' lang='lat' dir='ltr'><strong>nullam</strong></span> <span class='ocrx_word' id='word_1_616' title='bbox 2539 1756 2794 1826; x_wconf 81' lang='lat' dir='ltr'><strong>gerebant</strong></span> <span class='ocrx_word' id='word_1_617' title='bbox 2821 1767 3038 1815; x_wconf 84' lang='lat' dir='ltr'><strong>curant;</strong></span> <span class='ocrx_word' id='word_1_618' title='bbox 3072 1748 3229 1819; x_wconf 89' lang='lat' dir='ltr'><strong>idque</strong></span> <span class='ocrx_word' id='word_1_619' title='bbox 3254 1747 3610 1803; x_wconf 88' lang='lat' dir='ltr'><strong>ostendebant</strong></span> 
     </span>
    </p>
   </div>
   <div class='ocr_carea' id='block_1_80' title="bbox 2033 1839 3611 1918">
    <p class='ocr_par' dir='ltr' id='par_1_80' title="bbox 2033 1839 3611 1918">
     <span class='ocr_line' id='line_1_80' title="bbox 2033 1839 3611 1918; baseline -0.014 -5"><span class='ocrx_word' id='word_1_620' title='bbox 2033 1874 2137 1913; x_wconf 91' lang='lat' dir='ltr'><strong>non</strong></span> <span class='ocrx_word' id='word_1_621' title='bbox 2155 1855 2348 1918; x_wconf 79' lang='lat' dir='ltr'><strong>verbis,</strong></span> <span class='ocrx_word' id='word_1_622' title='bbox 2363 1850 2455 1905; x_wconf 86' lang='lat' dir='ltr'><strong>sed</strong></span> <span class='ocrx_word' id='word_1_623' title='bbox 2474 1846 2789 1916; x_wconf 89' lang='lat' dir='ltr'><strong>rebusipsis.</strong></span> <span class='ocrx_word' id='word_1_624' title='bbox 2808 1840 3122 1912; x_wconf 84' lang='lat' dir='ltr'><strong>Quomodo?</strong></span> <span class='ocrx_word' id='word_1_625' title='bbox 3139 1839 3277 1894; x_wconf 74' lang='lat' dir='ltr'><strong>Dixit</strong></span> <span class='ocrx_word' id='word_1_626' title='bbox 3290 1839 3428 1894; x_wconf 89' lang='lat' dir='ltr'><strong>Deus</strong></span> <span class='ocrx_word' id='word_1_627' title='bbox 3447 1840 3611 1894; x_wconf 75' lang='lat' dir='ltr'><strong>Abra-</strong></span> 
     </span>
    </p>
   </div>
   <div class='ocr_carea' id='block_1_81' title="bbox 2022 1931 3603 2015">
    <p class='ocr_par' dir='ltr' id='par_1_81' title="bbox 2022 1931 3603 2015">
     <span class='ocr_line' id='line_1_81' title="bbox 2022 1931 3603 2015; baseline -0.011 -10"><span class='ocrx_word' id='word_1_628' title='bbox 2022 1950 2208 2015; x_wconf 88' lang='lat' dir='ltr'><strong>hamo,</strong></span> <span class='ocrx_word' id='word_1_629' title='bbox 2240 1945 2455 2001; x_wconf 87' lang='lat' dir='ltr'><strong>Dimitte</strong></span> <span class='ocrx_word' id='word_1_630' title='bbox 2492 1956 2608 1996; x_wconf 84' lang='lat' dir='ltr'><strong>eam</strong></span> <span class='ocrx_word' id='word_1_631' title='bbox 2653 1952 2770 2009; x_wconf 77' lang='lat' dir='ltr'><strong>qua:</strong></span> <span class='ocrx_word' id='word_1_632' title='bbox 2803 1935 3014 1991; x_wconf 88' lang='lat' dir='ltr'><strong>videtur</strong></span> <span class='ocrx_word' id='word_1_633' title='bbox 3039 1934 3283 2004; x_wconf 87' lang='lat' dir='ltr'><strong>patriam,</strong></span> <span class='ocrx_word' id='word_1_634' title='bbox 3315 1941 3369 1986; x_wconf 90' lang='lat' dir='ltr'><strong>et</strong></span> <span class='ocrx_word' id='word_1_635' title='bbox 3391 1932 3510 1986; x_wconf 85' lang='lat' dir='ltr'><strong>veni</strong></span> <span class='ocrx_word' id='word_1_636' title='bbox 3536 1931 3603 1987; x_wconf 86' lang='lat' dir='ltr'><strong>ad</strong></span> 
     </span>
    </p>
   </div>
   <div class='ocr_carea' id='block_1_82' title="bbox 2021 2024 3602 2106">
    <p class='ocr_par' dir='ltr' id='par_1_82' title="bbox 2021 2024 3602 2106">
     <span class='ocr_line' id='line_1_82' title="bbox 2021 2024 3602 2106; baseline -0.013 -11"><span class='ocrx_word' id='word_1_637' title='bbox 2021 2042 2247 2095; x_wconf 87' lang='lat' dir='ltr'><strong>alienam</strong></span> <span class='ocrx_word' id='word_1_638' title='bbox 2270 2034 2422 2106; x_wconf 80' lang='lat' dir='ltr'><strong>(Gen.</strong></span> <span class='ocrx_word' id='word_1_639' title='bbox 2462 2033 2546 2087; x_wconf 75' lang='lat'><strong>12.</strong></span> <span class='ocrx_word' id='word_1_640' title='bbox 2573 2032 2660 2101; x_wconf 79' lang='lat' dir='ltr'><strong>l);</strong></span> <span class='ocrx_word' id='word_1_641' title='bbox 2686 2040 3011 2095; x_wconf 91' lang='lat' dir='ltr'><strong>suorumque</strong></span> <span class='ocrx_word' id='word_1_642' title='bbox 3040 2024 3455 2080; x_wconf 89' lang='lat' dir='ltr'><strong>domesticorum</strong></span> <span class='ocrx_word' id='word_1_643' title='bbox 3495 2038 3602 2076; x_wconf 93' lang='lat' dir='ltr'><strong>non</strong></span> 
     </span>
    </p>
   </div>
   <div class='ocr_carea' id='block_1_83' title="bbox 2019 2112 3600 2196">
    <p class='ocr_par' dir='ltr' id='par_1_83' title="bbox 2019 2112 3600 2196">
     <span class='ocr_line' id='line_1_83' title="bbox 2019 2112 3600 2196; baseline -0.014 -8"><span class='ocrx_word' id='word_1_644' title='bbox 2019 2134 2103 2188; x_wconf 85' lang='lat' dir='ltr'><strong>est</strong></span> <span class='ocrx_word' id='word_1_645' title='bbox 2125 2143 2309 2185; x_wconf 87' lang='lat' dir='ltr'><strong>amore</strong></span> <span class='ocrx_word' id='word_1_646' title='bbox 2336 2124 2641 2196; x_wconf 89' lang='lat' dir='ltr'><strong>impeditus,</strong></span> <span class='ocrx_word' id='word_1_647' title='bbox 2672 2118 2767 2175; x_wconf 90' lang='lat' dir='ltr'><strong>sed</strong></span> <span class='ocrx_word' id='word_1_648' title='bbox 2791 2134 2858 2174; x_wconf 93' lang='lat' dir='ltr'><strong>eo</strong></span> <span class='ocrx_word' id='word_1_649' title='bbox 2874 2116 3066 2172; x_wconf 84' lang='lat' dir='ltr'><strong>all&#39;ectu</strong></span> <span class='ocrx_word' id='word_1_650' title='bbox 3086 2130 3203 2170; x_wconf 89' lang='lat' dir='ltr'><strong>eam</strong></span> <span class='ocrx_word' id='word_1_651' title='bbox 3234 2112 3439 2170; x_wconf 88' lang='lat' dir='ltr'><strong>dimisit</strong></span> <span class='ocrx_word' id='word_1_652' title='bbox 3459 2120 3518 2168; x_wconf 90' lang='lat' dir='ltr'><strong>ut</strong></span> <span class='ocrx_word' id='word_1_653' title='bbox 3552 2113 3600 2167; x_wconf 87' lang='lat' dir='ltr'><strong>si</strong></span> 
     </span>
    </p>
   </div>
   <div class='ocr_carea' id='block_1_84' title="bbox 2017 2203 3601 2280">
    <p class='ocr_par' dir='ltr' id='par_1_84' title="bbox 2017 2203 3601 2280">
     <span class='ocr_line' id='line_1_84' title="bbox 2017 2203 3601 2280; baseline -0.015 1"><span class='ocrx_word' id='word_1_654' title='bbox 2017 2232 2164 2280; x_wconf 84' lang='lat' dir='ltr'><strong>esset</strong></span> <span class='ocrx_word' id='word_1_655' title='bbox 2191 2221 2510 2276; x_wconf 88' lang='lat' dir='ltr'><strong>dimissurus</strong></span> <span class='ocrx_word' id='word_1_656' title='bbox 2535 2213 2790 2268; x_wconf 89' lang='lat' dir='ltr'><strong>alienam.</strong></span> <span class='ocrx_word' id='word_1_657' title='bbox 2817 2209 2957 2263; x_wconf 82' lang='lat' dir='ltr'><strong>Dixit</strong></span> <span class='ocrx_word' id='word_1_658' title='bbox 2991 2208 3062 2273; x_wconf 91' lang='lat' dir='ltr'><strong>ei,</strong></span> <span class='ocrx_word' id='word_1_659' title='bbox 3107 2204 3252 2261; x_wconf 75' lang='lat' dir='ltr'><strong>Oﬂ‘er</strong></span> <span class='ocrx_word' id='word_1_660' title='bbox 3279 2204 3409 2259; x_wconf 89' lang='lat' dir='ltr'><strong>mihi</strong></span> <span class='ocrx_word' id='word_1_661' title='bbox 3436 2203 3601 2258; x_wconf 82' lang='lat' dir='ltr'><strong>ﬁlium</strong></span> 
     </span>
    </p>
   </div>
   <div class='ocr_carea' id='block_1_85' title="bbox 2018 2305 3598 2385">
    <p class='ocr_par' dir='ltr' id='par_1_85' title="bbox 2018 2305 3598 2385">
     <span class='ocr_line' id='line_1_85' title="bbox 2018 2305 3598 2385; baseline -0.008 -17"><span class='ocrx_word' id='word_1_662' title='bbox 2018 2312 2170 2385; x_wconf 81' lang='lat' dir='ltr'><strong>(Gen.</strong></span> <span class='ocrx_word' id='word_1_663' title='bbox 2200 2315 2290 2368; x_wconf 69' lang='lat'><strong>22.</strong></span> <span class='ocrx_word' id='word_1_664' title='bbox 2315 2313 2413 2384; x_wconf 74' lang='lat'><strong>2);</strong></span> <span class='ocrx_word' id='word_1_665' title='bbox 2457 2323 2510 2370; x_wconf 88' lang='lat' dir='ltr'><strong>et</strong></span> <span class='ocrx_word' id='word_1_666' title='bbox 2538 2328 2659 2368; x_wconf 90' lang='lat' dir='ltr'><strong>eum</strong></span> <span class='ocrx_word' id='word_1_667' title='bbox 2718 2311 2942 2383; x_wconf 85' lang='lat' dir='ltr'><strong>perinde</strong></span> <span class='ocrx_word' id='word_1_668' title='bbox 2970 2309 3160 2364; x_wconf 87' lang='lat' dir='ltr'><strong>obtulit</strong></span> <span class='ocrx_word' id='word_1_669' title='bbox 3199 2317 3359 2376; x_wconf 85' lang='lat' dir='ltr'><strong>atque</strong></span> <span class='ocrx_word' id='word_1_670' title='bbox 3398 2305 3442 2361; x_wconf 87' lang='lat' dir='ltr'><strong>si</strong></span> <span class='ocrx_word' id='word_1_671' title='bbox 3491 2318 3598 2358; x_wconf 88' lang='lat' dir='ltr'><strong>non</strong></span> 
     </span>
    </p>
   </div>
   <div class='ocr_carea' id='block_1_86' title="bbox 2017 2396 3597 2471">
    <p class='ocr_par' dir='ltr' id='par_1_86' title="bbox 2017 2396 3597 2471">
     <span class='ocr_line' id='line_1_86' title="bbox 2017 2396 3597 2471; baseline -0.007 -12"><span class='ocrx_word' id='word_1_672' title='bbox 2017 2405 2241 2461; x_wconf 90' lang='lat' dir='ltr'><strong>haberet</strong></span> <span class='ocrx_word' id='word_1_673' title='bbox 2284 2404 2475 2471; x_wconf 81' lang='lat' dir='ltr'><strong>filium,</strong></span> <span class='ocrx_word' id='word_1_674' title='bbox 2506 2412 2562 2458; x_wconf 89' lang='lat' dir='ltr'><strong>et</strong></span> <span class='ocrx_word' id='word_1_675' title='bbox 2587 2419 2649 2459; x_wconf 89' lang='lat' dir='ltr'><strong>ac</strong></span> <span class='ocrx_word' id='word_1_676' title='bbox 2677 2403 2721 2458; x_wconf 90' lang='lat' dir='ltr'><strong>si</strong></span> <span class='ocrx_word' id='word_1_677' title='bbox 2742 2410 2929 2457; x_wconf 75' lang='lat' dir='ltr'><strong>natura</strong></span> <span class='ocrx_word' id='word_1_678' title='bbox 2961 2416 3067 2455; x_wconf 89' lang='lat' dir='ltr'><strong>non</strong></span> <span class='ocrx_word' id='word_1_679' title='bbox 3097 2399 3311 2455; x_wconf 88' lang='lat' dir='ltr'><strong>indutus</strong></span> <span class='ocrx_word' id='word_1_680' title='bbox 3331 2405 3494 2463; x_wconf 86' lang='lat' dir='ltr'><strong>esset,</strong></span> <span class='ocrx_word' id='word_1_681' title='bbox 3526 2396 3597 2451; x_wconf 83' lang='lat' dir='ltr'><strong>ita</strong></span> 
     </span>
    </p>
   </div>
   <div class='ocr_carea' id='block_1_87' title="bbox 2018 2489 3600 2567">
    <p class='ocr_par' dir='ltr' id='par_1_87' title="bbox 2018 2489 3600 2567">
     <span class='ocr_line' id='line_1_87' title="bbox 2018 2489 3600 2567; baseline -0.008 -15"><span class='ocrx_word' id='word_1_682' title='bbox 2018 2497 2227 2552; x_wconf 90' lang='lat' dir='ltr'><strong>obtulit.</strong></span> <span class='ocrx_word' id='word_1_683' title='bbox 2254 2496 2573 2551; x_wconf 85' lang='lat' dir='ltr'><strong>Possidehat</strong></span> <span class='ocrx_word' id='word_1_684' title='bbox 2600 2496 2855 2567; x_wconf 88' lang='lat' dir='ltr'><strong>pecunias</strong></span> <span class='ocrx_word' id='word_1_685' title='bbox 2896 2507 3205 2548; x_wconf 84' lang='lat' dir='ltr'><strong>communes</strong></span> <span class='ocrx_word' id='word_1_686' title='bbox 3234 2489 3480 2545; x_wconf 87' lang='lat' dir='ltr'><strong>omnibus</strong></span> <span class='ocrx_word' id='word_1_687' title='bbox 3504 2502 3600 2540; x_wconf 89' lang='lat' dir='ltr'><strong>ae-</strong></span> 
     </span>
    </p>
   </div>
   <div class='ocr_carea' id='block_1_88' title="bbox 2016 2577 3599 2655">
    <p class='ocr_par' dir='ltr' id='par_1_88' title="bbox 2016 2577 3599 2655">
     <span class='ocr_line' id='line_1_88' title="bbox 2016 2577 3599 2655; baseline -0.009 -11"><span class='ocrx_word' id='word_1_688' title='bbox 2016 2589 2346 2655; x_wconf 90' lang='lat' dir='ltr'><strong>cedentibus,</strong></span> <span class='ocrx_word' id='word_1_689' title='bbox 2370 2596 2417 2643; x_wconf 88' lang='lat' dir='ltr'><strong>ct</strong></span> <span class='ocrx_word' id='word_1_690' title='bbox 2444 2603 2555 2642; x_wconf 92' lang='lat' dir='ltr'><strong>rem</strong></span> <span class='ocrx_word' id='word_1_691' title='bbox 2585 2587 2730 2641; x_wconf 91' lang='lat' dir='ltr'><strong>nihili</strong></span> <span class='ocrx_word' id='word_1_692' title='bbox 2754 2584 3089 2641; x_wconf 77' lang='lat' dir='ltr'><strong>existimabat</strong></span> <span class='ocrx_word' id='word_1_693' title='bbox 3118 2602 3130 2637; x_wconf 91' lang='lat'><strong>:</strong></span> <span class='ocrx_word' id='word_1_694' title='bbox 3161 2582 3357 2652; x_wconf 87' lang='lat' dir='ltr'><strong>primas</strong></span> <span class='ocrx_word' id='word_1_695' title='bbox 3377 2577 3599 2633; x_wconf 85' lang='lat' dir='ltr'><strong>cedebat</strong></span> 
     </span>
    </p>
   </div>
   <div class='ocr_carea' id='block_1_89' title="bbox 2016 2668 3600 2750">
    <p class='ocr_par' dir='ltr' id='par_1_89' title="bbox 2016 2668 3600 2750">
     <span class='ocr_line' id='line_1_89' title="bbox 2016 2668 3600 2750; baseline -0.01 -16"><span class='ocrx_word' id='word_1_696' title='bbox 2016 2682 2154 2746; x_wconf 90' lang='lat' dir='ltr'><strong>aliis,</strong></span> <span class='ocrx_word' id='word_1_697' title='bbox 2209 2681 2259 2734; x_wconf 92' lang='lat' dir='ltr'><strong>in</strong></span> <span class='ocrx_word' id='word_1_698' title='bbox 2313 2680 2547 2750; x_wconf 90' lang='lat' dir='ltr'><strong>pericula</strong></span> <span class='ocrx_word' id='word_1_699' title='bbox 2603 2692 2660 2732; x_wconf 90' lang='lat' dir='ltr'><strong>se</strong></span> <span class='ocrx_word' id='word_1_700' title='bbox 2688 2678 2859 2747; x_wconf 88' lang='lat' dir='ltr'><strong>ipsum</strong></span> <span class='ocrx_word' id='word_1_701' title='bbox 2904 2674 3242 2743; x_wconf 85' lang='lat' dir='ltr'><strong>conjiciebat,</strong></span> <span class='ocrx_word' id='word_1_702' title='bbox 3298 2668 3600 2741; x_wconf 84' lang='lat' dir='ltr'><strong>patiebatur</strong></span> 
     </span>
    </p>
   </div>
   <div class='ocr_carea' id='block_1_90' title="bbox 2024 2757 3599 2830">
    <p class='ocr_par' dir='ltr' id='par_1_90' title="bbox 2024 2757 3599 2830">
     <span class='ocr_line' id='line_1_90' title="bbox 2024 2757 3599 2830; baseline -0.011 -4"><span class='ocrx_word' id='word_1_703' title='bbox 2024 2772 2164 2826; x_wconf 85' lang='lat' dir='ltr'><strong>mala</strong></span> <span class='ocrx_word' id='word_1_704' title='bbox 2191 2772 2465 2825; x_wconf 89' lang='lat' dir='ltr'><strong>innumera</strong></span> <span class='ocrx_word' id='word_1_705' title='bbox 2487 2784 2620 2823; x_wconf 88' lang='lat' dir='ltr'><strong>:non</strong></span> <span class='ocrx_word' id='word_1_706' title='bbox 2642 2765 2941 2821; x_wconf 75' lang='lat' dir='ltr'><strong>mdilicahat</strong></span> <span class='ocrx_word' id='word_1_707' title='bbox 2956 2764 3147 2819; x_wconf 84' lang='lat' dir='ltr'><strong>domos</strong></span> <span class='ocrx_word' id='word_1_708' title='bbox 3173 2757 3599 2830; x_wconf 82' lang='lat' dir='ltr'><strong>splendidas,ne-</strong></span> 
     </span>
    </p>
   </div>
   <div class='ocr_carea' id='block_1_91' title="bbox 2015 2847 3597 2935">
    <p class='ocr_par' dir='ltr' id='par_1_91' title="bbox 2015 2847 3597 2935">
     <span class='ocr_line' id='line_1_91' title="bbox 2015 2847 3597 2935; baseline -0.011 -19"><span class='ocrx_word' id='word_1_709' title='bbox 2015 2880 2123 2935; x_wconf 86' lang='lat' dir='ltr'><strong>que</strong></span> <span class='ocrx_word' id='word_1_710' title='bbox 2151 2862 2450 2932; x_wconf 78' lang='lat' dir='ltr'><strong>indulgebat</strong></span> <span class='ocrx_word' id='word_1_711' title='bbox 2475 2859 2698 2924; x_wconf 82' lang='lat' dir='ltr'><strong>deliciis,</strong></span> <span class='ocrx_word' id='word_1_712' title='bbox 2724 2871 2896 2927; x_wconf 91' lang='lat' dir='ltr'><strong>neque</strong></span> <span class='ocrx_word' id='word_1_713' title='bbox 2919 2869 3100 2909; x_wconf 88' lang='lat' dir='ltr'><strong>curam</strong></span> <span class='ocrx_word' id='word_1_714' title='bbox 3121 2851 3336 2922; x_wconf 78' lang='lat' dir='ltr'><strong>gerebat</strong></span> <span class='ocrx_word' id='word_1_715' title='bbox 3372 2847 3597 2902; x_wconf 86' lang='lat' dir='ltr'><strong>vestium</strong></span> 
     </span>
    </p>
   </div>
   <div class='ocr_carea' id='block_1_92' title="bbox 2017 2938 3599 3025">
    <p class='ocr_par' dir='ltr' id='par_1_92' title="bbox 2017 2938 3599 3025">
     <span class='ocr_line' id='line_1_92' title="bbox 2017 2938 3599 3025; baseline -0.013 -16"><span class='ocrx_word' id='word_1_716' title='bbox 2017 2969 2192 3025; x_wconf 89' lang='lat' dir='ltr'><strong>neque</strong></span> <span class='ocrx_word' id='word_1_717' title='bbox 2207 2953 2432 3008; x_wconf 82' lang='lat' dir='ltr'><strong>aliarum</strong></span> <span class='ocrx_word' id='word_1_718' title='bbox 2454 2949 2785 3007; x_wconf 62' lang='lat' dir='ltr'><strong>saecularium</strong></span> <span class='ocrx_word' id='word_1_719' title='bbox 2808 2962 2981 3001; x_wconf 87' lang='lat' dir='ltr'><strong>rerum</strong></span> <span class='ocrx_word' id='word_1_720' title='bbox 3003 2946 3027 2999; x_wconf 62' lang='grc' dir='ltr'><strong>ἱ)</strong></span> <span class='ocrx_word' id='word_1_721' title='bbox 3052 2944 3154 3000; x_wconf 88' lang='lat' dir='ltr'><strong>Sed</strong></span> <span class='ocrx_word' id='word_1_722' title='bbox 3173 2942 3349 2996; x_wconf 90' lang='lat' dir='ltr'><strong>omnia</strong></span> <span class='ocrx_word' id='word_1_723' title='bbox 3378 2938 3599 3009; x_wconf 84' lang='lat' dir='ltr'><strong>gerebat</strong></span> 
     </span>
    </p>
   </div>
   <div class='ocr_carea' id='block_1_93' title="bbox 2015 3029 3600 3116">
    <p class='ocr_par' dir='ltr' id='par_1_93' title="bbox 2015 3029 3600 3116">
     <span class='ocr_line' id='line_1_93' title="bbox 2015 3029 3600 3116; baseline -0.012 -17"><span class='ocrx_word' id='word_1_724' title='bbox 2015 3062 2134 3116; x_wconf 74' lang='lat' dir='ltr'><strong>qua:</strong></span> <span class='ocrx_word' id='word_1_725' title='bbox 2154 3045 2422 3115; x_wconf 91' lang='lat' dir='ltr'><strong>pertinent</strong></span> <span class='ocrx_word' id='word_1_726' title='bbox 2437 3043 2502 3096; x_wconf 89' lang='lat' dir='ltr'><strong>ad</strong></span> <span class='ocrx_word' id='word_1_727' title='bbox 2520 3057 2635 3096; x_wconf 88' lang='lat' dir='ltr'><strong>eam</strong></span> <span class='ocrx_word' id='word_1_728' title='bbox 2651 3056 2768 3110; x_wconf 70' lang='lat' dir='ltr'><strong>quae</strong></span> <span class='ocrx_word' id='word_1_729' title='bbox 2787 3038 2895 3092; x_wconf 76' lang='lat' dir='ltr'><strong>illic</strong></span> <span class='ocrx_word' id='word_1_730' title='bbox 2915 3047 3017 3101; x_wconf 89' lang='lat' dir='ltr'><strong>est,</strong></span> <span class='ocrx_word' id='word_1_731' title='bbox 3036 3036 3328 3089; x_wconf 88' lang='lat' dir='ltr'><strong>civitatem.</strong></span> <span class='ocrx_word' id='word_1_732' title='bbox 3352 3029 3600 3096; x_wconf 72' lang='lat' dir='ltr'><strong>llosliita-</strong></span> 
     </span>
    </p>
   </div>
   <div class='ocr_carea' id='block_1_94' title="bbox 2012 3120 3599 3198">
    <p class='ocr_par' dir='ltr' id='par_1_94' title="bbox 2012 3120 3599 3198">
     <span class='ocr_line' id='line_1_94' title="bbox 2012 3120 3599 3198; baseline -0.015 -5"><span class='ocrx_word' id='word_1_733' title='bbox 2012 3139 2213 3194; x_wconf 89' lang='lat' dir='ltr'><strong>litatem</strong></span> <span class='ocrx_word' id='word_1_734' title='bbox 2250 3134 2548 3198; x_wconf 79' lang='lat' dir='ltr'><strong>exercebat,</strong></span> <span class='ocrx_word' id='word_1_735' title='bbox 2566 3130 2901 3186; x_wconf 86' lang='lat' dir='ltr'><strong>dilectionem</strong></span> <span class='ocrx_word' id='word_1_736' title='bbox 2932 3128 2983 3182; x_wconf 87' lang='lat' dir='ltr'><strong>in</strong></span> <span class='ocrx_word' id='word_1_737' title='bbox 3020 3127 3259 3189; x_wconf 81' lang='lat' dir='ltr'><strong>fratrem,</strong></span> <span class='ocrx_word' id='word_1_738' title='bbox 3290 3120 3599 3176; x_wconf 75' lang='lat' dir='ltr'><strong>misericor-</strong></span> 
     </span>
    </p>
   </div>
   <div class='ocr_carea' id='block_1_95' title="bbox 2013 3209 3599 3297">
    <p class='ocr_par' dir='ltr' id='par_1_95' title="bbox 2013 3209 3599 3297">
     <span class='ocr_line' id='line_1_95' title="bbox 2013 3209 3599 3297; baseline -0.013 -14"><span class='ocrx_word' id='word_1_739' title='bbox 2013 3230 2177 3295; x_wconf 88' lang='lat' dir='ltr'><strong>diam,</strong></span> <span class='ocrx_word' id='word_1_740' title='bbox 2207 3226 2536 3297; x_wconf 85' lang='lat' dir='ltr'><strong>patientiam,</strong></span> <span class='ocrx_word' id='word_1_741' title='bbox 2589 3221 2824 3291; x_wconf 73' lang='lat' dir='ltr'><strong>pecunia:</strong></span> <span class='ocrx_word' id='word_1_742' title='bbox 2880 3217 3280 3286; x_wconf 83' lang='lat' dir='ltr'><strong>deSpicieutiam</strong></span> <span class='ocrx_word' id='word_1_743' title='bbox 3334 3222 3383 3265; x_wconf 77' lang='lat' dir='ltr'><strong>et</strong></span> <span class='ocrx_word' id='word_1_744' title='bbox 3415 3209 3599 3280; x_wconf 67' lang='lat' dir='ltr'><strong>gloriae</strong></span> 
     </span>
    </p>
   </div>
   <div class='ocr_carea' id='block_1_96' title="bbox 2016 3302 3600 3390">
    <p class='ocr_par' dir='ltr' id='par_1_96' title="bbox 2016 3302 3600 3390">
     <span class='ocr_line' id='line_1_96' title="bbox 2016 3302 3600 3390; baseline -0.012 -18"><span class='ocrx_word' id='word_1_745' title='bbox 2016 3319 2293 3390; x_wconf 70' lang='lat' dir='ltr'><strong>praesentis</strong></span> <span class='ocrx_word' id='word_1_746' title='bbox 2319 3325 2372 3371; x_wconf 87' lang='lat' dir='ltr'><strong>et</strong></span> <span class='ocrx_word' id='word_1_747' title='bbox 2399 3316 2621 3369; x_wconf 90' lang='lat' dir='ltr'><strong>aliorum</strong></span> <span class='ocrx_word' id='word_1_748' title='bbox 2647 3311 2903 3366; x_wconf 89' lang='lat' dir='ltr'><strong>omnium.</strong></span> <span class='ocrx_word' id='word_1_749' title='bbox 2919 3307 3082 3363; x_wconf 84' lang='lat' dir='ltr'><strong>Filius</strong></span> <span class='ocrx_word' id='word_1_750' title='bbox 3105 3318 3315 3375; x_wconf 85' lang='lat' dir='ltr'><strong>quoque</strong></span> <span class='ocrx_word' id='word_1_751' title='bbox 3342 3302 3455 3371; x_wconf 77' lang='lat' dir='ltr'><strong>ejus</strong></span> <span class='ocrx_word' id='word_1_752' title='bbox 3482 3308 3600 3355; x_wconf 80' lang='lat' dir='ltr'><strong>erat</strong></span> 
     </span>
    </p>
   </div>
   <div class='ocr_carea' id='block_1_97' title="bbox 2015 3390 3600 3479">
    <p class='ocr_par' dir='ltr' id='par_1_97' title="bbox 2015 3390 3600 3479">
     <span class='ocr_line' id='line_1_97' title="bbox 2015 3390 3600 3479; baseline -0.013 -15"><span class='ocrx_word' id='word_1_753' title='bbox 2015 3408 2319 3479; x_wconf 88' lang='lat' dir='ltr'><strong>hujusmodi</strong></span> <span class='ocrx_word' id='word_1_754' title='bbox 2343 3424 2356 3459; x_wconf 85' lang='lat'><strong>:</strong></span> <span class='ocrx_word' id='word_1_755' title='bbox 2383 3420 2504 3460; x_wconf 89' lang='lat' dir='ltr'><strong>cum</strong></span> <span class='ocrx_word' id='word_1_756' title='bbox 2531 3403 2839 3472; x_wconf 78' lang='lat' dir='ltr'><strong>agitaretur,</strong></span> <span class='ocrx_word' id='word_1_757' title='bbox 2860 3397 3001 3453; x_wconf 89' lang='lat' dir='ltr'><strong>bello</strong></span> <span class='ocrx_word' id='word_1_758' title='bbox 3041 3394 3404 3465; x_wconf 83' lang='lat' dir='ltr'><strong>impel&#39;eretur,</strong></span> <span class='ocrx_word' id='word_1_759' title='bbox 3445 3390 3600 3444; x_wconf 84' lang='lat' dir='ltr'><strong>cede-</strong></span> 
     </span>
    </p>
   </div>
   <div class='ocr_carea' id='block_1_98' title="bbox 2015 3480 3599 3562">
    <p class='ocr_par' dir='ltr' id='par_1_98' title="bbox 2015 3480 3599 3562">
     <span class='ocr_line' id='line_1_98' title="bbox 2015 3480 3599 3562; baseline -0.016 -4"><span class='ocrx_word' id='word_1_760' title='bbox 2015 3504 2104 3557; x_wconf 90' lang='lat' dir='ltr'><strong>bat</strong></span> <span class='ocrx_word' id='word_1_761' title='bbox 2129 3510 2180 3556; x_wconf 92' lang='lat' dir='ltr'><strong>et</strong></span> <span class='ocrx_word' id='word_1_762' title='bbox 2201 3500 2377 3554; x_wconf 90' lang='lat' dir='ltr'><strong>locum</strong></span> <span class='ocrx_word' id='word_1_763' title='bbox 2402 3494 2584 3559; x_wconf 84' lang='lat' dir='ltr'><strong>dabat,</strong></span> <span class='ocrx_word' id='word_1_764' title='bbox 2611 3501 2665 3546; x_wconf 91' lang='lat' dir='ltr'><strong>ut</strong></span> <span class='ocrx_word' id='word_1_765' title='bbox 2708 3491 2796 3562; x_wconf 92' lang='lat' dir='ltr'><strong>qui</strong></span> <span class='ocrx_word' id='word_1_766' title='bbox 2838 3497 2983 3542; x_wconf 89' lang='lat' dir='ltr'><strong>esset</strong></span> <span class='ocrx_word' id='word_1_767' title='bbox 3033 3486 3084 3539; x_wconf 93' lang='lat' dir='ltr'><strong>iu</strong></span> <span class='ocrx_word' id='word_1_768' title='bbox 3120 3484 3328 3537; x_wconf 88' lang='lat' dir='ltr'><strong>aliena:</strong></span> <span class='ocrx_word' id='word_1_769' title='bbox 3360 3480 3599 3548; x_wconf 86' lang='lat' dir='ltr'><strong>hospites</strong></span> 
     </span>
    </p>
   </div>
   <div class='ocr_carea' id='block_1_99' title="bbox 2016 3574 3602 3657">
    <p class='ocr_par' dir='ltr' id='par_1_99' title="bbox 2016 3574 3602 3657">
     <span class='ocr_line' id='line_1_99' title="bbox 2016 3574 3602 3657; baseline -0.017 -6"><span class='ocrx_word' id='word_1_770' title='bbox 2016 3595 2158 3651; x_wconf 89' lang='lat' dir='ltr'><strong>enim</strong></span> <span class='ocrx_word' id='word_1_771' title='bbox 2217 3591 2397 3645; x_wconf 77' lang='lat' dir='ltr'><strong>(nitnia</strong></span> <span class='ocrx_word' id='word_1_772' title='bbox 2460 3587 2748 3657; x_wconf 88' lang='lat' dir='ltr'><strong>patiuntur,</strong></span> <span class='ocrx_word' id='word_1_773' title='bbox 2790 3581 2949 3637; x_wconf 81' lang='lat' dir='ltr'><strong>veluti</strong></span> <span class='ocrx_word' id='word_1_774' title='bbox 2980 3577 3073 3650; x_wconf 89' lang='lat' dir='ltr'><strong>qui</strong></span> <span class='ocrx_word' id='word_1_775' title='bbox 3115 3592 3220 3631; x_wconf 89' lang='lat' dir='ltr'><strong>non</strong></span> <span class='ocrx_word' id='word_1_776' title='bbox 3261 3576 3364 3630; x_wconf 90' lang='lat' dir='ltr'><strong>sint</strong></span> <span class='ocrx_word' id='word_1_777' title='bbox 3394 3574 3445 3628; x_wconf 91' lang='lat' dir='ltr'><strong>in</strong></span> <span class='ocrx_word' id='word_1_778' title='bbox 3499 3586 3602 3642; x_wconf 85' lang='lat' dir='ltr'><strong>pa-</strong></span> 
     </span>
    </p>
   </div>
   <div class='ocr_carea' id='block_1_100' title="bbox 2019 3661 3604 3740">
    <p class='ocr_par' dir='ltr' id='par_1_100' title="bbox 2019 3661 3604 3740">
     <span class='ocr_line' id='line_1_100' title="bbox 2019 3661 3604 3740; baseline -0.016 0"><span class='ocrx_word' id='word_1_779' title='bbox 2019 3678 2143 3740; x_wconf 74' lang='lat' dir='ltr'><strong>tria.</strong></span> <span class='ocrx_word' id='word_1_780' title='bbox 2197 3685 2261 3738; x_wconf 87' lang='lat' dir='ltr'><strong>Et</strong></span> <span class='ocrx_word' id='word_1_781' title='bbox 2304 3695 2433 3736; x_wconf 79' lang='lat' dir='ltr'><strong>cum</strong></span> <span class='ocrx_word' id='word_1_782' title='bbox 2487 3676 2788 3732; x_wconf 83' lang='lat' dir='ltr'><strong>auferretur</strong></span> <span class='ocrx_word' id='word_1_783' title='bbox 2840 3685 2992 3734; x_wconf 79' lang='lat' dir='ltr'><strong>uxor,</strong></span> <span class='ocrx_word' id='word_1_784' title='bbox 3039 3668 3138 3722; x_wconf 91' lang='lat' dir='ltr'><strong>hoc</strong></span> <span class='ocrx_word' id='word_1_785' title='bbox 3190 3678 3400 3737; x_wconf 87' lang='lat' dir='ltr'><strong>quoque</strong></span> <span class='ocrx_word' id='word_1_786' title='bbox 3451 3661 3604 3718; x_wconf 76' lang='lat' dir='ltr'><strong>fere-</strong></span> 
     </span>
    </p>
   </div>
   <div class='ocr_carea' id='block_1_101' title="bbox 2018 3764 3602 3846">
    <p class='ocr_par' dir='ltr' id='par_1_101' title="bbox 2018 3764 3602 3846">
     <span class='ocr_line' id='line_1_101' title="bbox 2018 3764 3602 3846; baseline -0.018 -10"><span class='ocrx_word' id='word_1_787' title='bbox 2018 3784 2107 3836; x_wconf 92' lang='lat' dir='ltr'><strong>bat</strong></span> <span class='ocrx_word' id='word_1_788' title='bbox 2141 3788 2406 3846; x_wconf 86' lang='lat' dir='ltr'><strong>tamquam</strong></span> <span class='ocrx_word' id='word_1_789' title='bbox 2433 3769 2742 3842; x_wconf 82' lang='lat' dir='ltr'><strong>peregrinus</strong></span> <span class='ocrx_word' id='word_1_790' title='bbox 2773 3784 2786 3821; x_wconf 87' lang='lat'><strong>:</strong></span> <span class='ocrx_word' id='word_1_791' title='bbox 2816 3778 2933 3832; x_wconf 66' lang='lat' dir='ltr'><strong>qua:</strong></span> <span class='ocrx_word' id='word_1_792' title='bbox 2975 3774 3205 3830; x_wconf 88' lang='lat' dir='ltr'><strong>superna</strong></span> <span class='ocrx_word' id='word_1_793' title='bbox 3251 3764 3430 3811; x_wconf 90' lang='lat' dir='ltr'><strong>autem</strong></span> <span class='ocrx_word' id='word_1_794' title='bbox 3468 3764 3602 3808; x_wconf 90' lang='lat' dir='ltr'><strong>sunt</strong></span> 
     </span>
    </p>
   </div>
   <div class='ocr_carea' id='block_1_102' title="bbox 2016 3851 3603 3930">
    <p class='ocr_par' dir='ltr' id='par_1_102' title="bbox 2016 3851 3603 3930">
     <span class='ocr_line' id='line_1_102' title="bbox 2016 3851 3603 3930; baseline -0.018 -2"><span class='ocrx_word' id='word_1_795' title='bbox 2016 3871 2237 3927; x_wconf 87' lang='lat' dir='ltr'><strong>curabat</strong></span> <span class='ocrx_word' id='word_1_796' title='bbox 2267 3865 2467 3930; x_wconf 87' lang='lat' dir='ltr'><strong>omnia,</strong></span> <span class='ocrx_word' id='word_1_797' title='bbox 2512 3859 2831 3918; x_wconf 81' lang='lat' dir='ltr'><strong>modeStiam</strong></span> <span class='ocrx_word' id='word_1_798' title='bbox 2874 3855 3187 3916; x_wconf 82' lang='lat' dir='ltr'><strong>ostendens,</strong></span> <span class='ocrx_word' id='word_1_799' title='bbox 3233 3851 3603 3904; x_wconf 88' lang='lat' dir='ltr'><strong>honestatem-</strong></span> 
     </span>
    </p>
   </div>
   <div class='ocr_carea' id='block_1_103' title="bbox 2015 3941 3604 4035">
    <p class='ocr_par' dir='ltr' id='par_1_103' title="bbox 2015 3941 3604 4035">
     <span class='ocr_line' id='line_1_103' title="bbox 2015 3941 3604 4035; baseline -0.014 -22"><span class='ocrx_word' id='word_1_800' title='bbox 2015 3979 2120 4035; x_wconf 79' lang='lat' dir='ltr'><strong>que</strong></span> <span class='ocrx_word' id='word_1_801' title='bbox 2165 3968 2221 4015; x_wconf 91' lang='lat' dir='ltr'><strong>et</strong></span> <span class='ocrx_word' id='word_1_802' title='bbox 2264 3954 2629 4013; x_wconf 87' lang='lat' dir='ltr'><strong>omnimodam</strong></span> <span class='ocrx_word' id='word_1_803' title='bbox 2675 3945 3108 4017; x_wconf 88' lang='lat' dir='ltr'><strong>temperantiam.</strong></span> <span class='ocrx_word' id='word_1_804' title='bbox 3152 3941 3284 3997; x_wconf 86' lang='lat' dir='ltr'><strong>Nam</strong></span> <span class='ocrx_word' id='word_1_805' title='bbox 3316 3949 3604 4035; x_wconf 78' lang='lat' dir='ltr'><strong>postquam</strong></span> 
     </span>
    </p>
   </div>
   <div class='ocr_carea' id='block_1_104' title="bbox 2020 4031 3602 4126">
    <p class='ocr_par' dir='ltr' id='par_1_104' title="bbox 2020 4031 3602 4126">
     <span class='ocr_line' id='line_1_104' title="bbox 2020 4031 3602 4126; baseline -0.014 -20"><span class='ocrx_word' id='word_1_806' title='bbox 2020 4031 2317 4126; x_wconf 77' lang='lat' dir='ltr'><strong>procreavit</strong></span> <span class='ocrx_word' id='word_1_807' title='bbox 2336 4048 2526 4112; x_wconf 83' lang='lat' dir='ltr'><strong>lilium,</strong></span> <span class='ocrx_word' id='word_1_808' title='bbox 2550 4058 2657 4098; x_wconf 92' lang='lat' dir='ltr'><strong>non</strong></span> <span class='ocrx_word' id='word_1_809' title='bbox 2685 4041 2871 4095; x_wconf 90' lang='lat' dir='ltr'><strong>habuit</strong></span> <span class='ocrx_word' id='word_1_810' title='bbox 2893 4036 3120 4117; x_wconf 84' lang='lat' dir='ltr'><strong>amplius</strong></span> <span class='ocrx_word' id='word_1_811' title='bbox 3149 4031 3602 4087; x_wconf 88' lang='lat' dir='ltr'><strong>consuetudinem</strong></span> 
     </span>
    </p>
   </div>
   <div class='ocr_carea' id='block_1_105' title="bbox 2018 4122 3605 4206">
    <p class='ocr_par' dir='ltr' id='par_1_105' title="bbox 2018 4122 3605 4206">
     <span class='ocr_line' id='line_1_105' title="bbox 2018 4122 3605 4206; baseline -0.016 -5"><span class='ocrx_word' id='word_1_812' title='bbox 2018 4122 2138 4201; x_wconf 73' lang='lat' dir='ltr'><strong>cum</strong></span> <span class='ocrx_word' id='word_1_813' title='bbox 2168 4156 2333 4197; x_wconf 79' lang='lat' dir='ltr'><strong>uxore</strong></span> <span class='ocrx_word' id='word_1_814' title='bbox 2355 4157 2369 4194; x_wconf 86' lang='lat'><strong>:</strong></span> <span class='ocrx_word' id='word_1_815' title='bbox 2393 4148 2445 4193; x_wconf 92' lang='lat' dir='ltr'><strong>et</strong></span> <span class='ocrx_word' id='word_1_816' title='bbox 2466 4152 2585 4191; x_wconf 91' lang='lat' dir='ltr'><strong>cum</strong></span> <span class='ocrx_word' id='word_1_817' title='bbox 2604 4131 2949 4206; x_wconf 68' lang='lat' dir='ltr'><strong>prteteriissct</strong></span> <span class='ocrx_word' id='word_1_818' title='bbox 2968 4129 3116 4196; x_wconf 80' lang='lat' dir='ltr'><strong>vigor</strong></span> <span class='ocrx_word' id='word_1_819' title='bbox 3133 4122 3448 4195; x_wconf 87' lang='lat' dir='ltr'><strong>jnvcntutis,</strong></span> <span class='ocrx_word' id='word_1_820' title='bbox 3472 4130 3605 4176; x_wconf 90' lang='lat' dir='ltr'><strong>tunc</strong></span> 
     </span>
    </p>
   </div>
   <div class='ocr_carea' id='block_1_106' title="bbox 2019 4211 3607 4299">
    <p class='ocr_par' dir='ltr' id='par_1_106' title="bbox 2019 4211 3607 4299">
     <span class='ocr_line' id='line_1_106' title="bbox 2019 4211 3607 4299; baseline -0.02 -5"><span class='ocrx_word' id='word_1_821' title='bbox 2019 4253 2136 4294; x_wconf 88' lang='lat' dir='ltr'><strong>eam</strong></span> <span class='ocrx_word' id='word_1_822' title='bbox 2156 4234 2325 4299; x_wconf 81' lang='lat' dir='ltr'><strong>duxit,</strong></span> <span class='ocrx_word' id='word_1_823' title='bbox 2343 4228 2628 4286; x_wconf 88' lang='lat' dir='ltr'><strong>ostendens</strong></span> <span class='ocrx_word' id='word_1_824' title='bbox 2644 4240 2702 4279; x_wconf 90' lang='lat' dir='ltr'><strong>se</strong></span> <span class='ocrx_word' id='word_1_825' title='bbox 2723 4238 2826 4278; x_wconf 91' lang='lat' dir='ltr'><strong>non</strong></span> <span class='ocrx_word' id='word_1_826' title='bbox 2855 4221 2956 4275; x_wconf 90' lang='lat' dir='ltr'><strong>hoc</strong></span> <span class='ocrx_word' id='word_1_827' title='bbox 2983 4219 3156 4272; x_wconf 84' lang='lat' dir='ltr'><strong>facere</strong></span> <span class='ocrx_word' id='word_1_828' title='bbox 3186 4222 3399 4285; x_wconf 87' lang='lat' dir='ltr'><strong>propter</strong></span> <span class='ocrx_word' id='word_1_829' title='bbox 3427 4211 3607 4266; x_wconf 90' lang='lat' dir='ltr'><strong>libidi-</strong></span> 
     </span>
    </p>
   </div>
   <div class='ocr_carea' id='block_1_107' title="bbox 2020 4300 3606 4393">
    <p class='ocr_par' dir='ltr' id='par_1_107' title="bbox 2020 4300 3606 4393">
     <span class='ocr_line' id='line_1_107' title="bbox 2020 4300 3606 4393; baseline -0.02 -8"><span class='ocrx_word' id='word_1_830' title='bbox 2020 4343 2168 4393; x_wconf 90' lang='lat' dir='ltr'><strong>nem,</strong></span> <span class='ocrx_word' id='word_1_831' title='bbox 2184 4324 2279 4381; x_wconf 86' lang='lat' dir='ltr'><strong>sed</strong></span> <span class='ocrx_word' id='word_1_832' title='bbox 2299 4331 2356 4378; x_wconf 90' lang='lat' dir='ltr'><strong>ut</strong></span> <span class='ocrx_word' id='word_1_833' title='bbox 2383 4320 2477 4375; x_wconf 91' lang='lat' dir='ltr'><strong>Dei</strong></span> <span class='ocrx_word' id='word_1_834' title='bbox 2500 4313 2836 4389; x_wconf 87' lang='lat' dir='ltr'><strong>promissioni</strong></span> <span class='ocrx_word' id='word_1_835' title='bbox 2852 4306 3235 4374; x_wconf 90' lang='lat' dir='ltr'><strong>serviret.Quid</strong></span> <span class='ocrx_word' id='word_1_836' title='bbox 3260 4317 3389 4359; x_wconf 87' lang='lat' dir='ltr'><strong>vero</strong></span> <span class='ocrx_word' id='word_1_837' title='bbox 3400 4300 3565 4357; x_wconf 84' lang='lat' dir='ltr'><strong>Jacob</strong></span> <span class='ocrx_word' id='word_1_838' title='bbox 3578 4303 3606 4353; x_wconf 87' lang='lat'><strong>?</strong></span> 
     </span>
    </p>
   </div>
   <div class='ocr_carea' id='block_1_108' title="bbox 2020 4394 3606 4488">
    <p class='ocr_par' dir='ltr' id='par_1_108' title="bbox 2020 4394 3606 4488">
     <span class='ocr_line' id='line_1_108' title="bbox 2020 4394 3606 4488; baseline -0.021 -10"><span class='ocrx_word' id='word_1_839' title='bbox 2020 4436 2198 4477; x_wconf 90' lang='lat' dir='ltr'><strong>annon</strong></span> <span class='ocrx_word' id='word_1_840' title='bbox 2241 4414 2510 4488; x_wconf 62' lang='lat' dir='ltr'><strong>quaerebat</strong></span> <span class='ocrx_word' id='word_1_841' title='bbox 2563 4409 2734 4464; x_wconf 89' lang='lat' dir='ltr'><strong>solum</strong></span> <span class='ocrx_word' id='word_1_842' title='bbox 2759 4417 2948 4475; x_wconf 85' lang='lat' dir='ltr'><strong>panem</strong></span> <span class='ocrx_word' id='word_1_843' title='bbox 2973 4411 3028 4456; x_wconf 88' lang='lat' dir='ltr'><strong>et</strong></span> <span class='ocrx_word' id='word_1_844' title='bbox 3047 4410 3269 4462; x_wconf 85' lang='lat' dir='ltr'><strong>vestem,</strong></span> <span class='ocrx_word' id='word_1_845' title='bbox 3297 4411 3416 4466; x_wconf 67' lang='lat' dir='ltr'><strong>quae</strong></span> <span class='ocrx_word' id='word_1_846' title='bbox 3448 4394 3606 4463; x_wconf 86' lang='lat' dir='ltr'><strong>plane</strong></span> 
     </span>
    </p>
   </div>
   <div class='ocr_carea' id='block_1_109' title="bbox 2021 4486 3606 4577">
    <p class='ocr_par' dir='ltr' id='par_1_109' title="bbox 2021 4486 3606 4577">
     <span class='ocr_line' id='line_1_109' title="bbox 2021 4486 3606 4577; baseline -0.02 -8"><span class='ocrx_word' id='word_1_847' title='bbox 2021 4521 2146 4570; x_wconf 88' lang='lat' dir='ltr'><strong>sunt</strong></span> <span class='ocrx_word' id='word_1_848' title='bbox 2173 4486 2440 4577; x_wconf 81' lang='lat' dir='ltr'><strong>hospitum</strong></span> <span class='ocrx_word' id='word_1_849' title='bbox 2470 4497 2732 4557; x_wconf 88' lang='lat' dir='ltr'><strong>desideria</strong></span> <span class='ocrx_word' id='word_1_850' title='bbox 2758 4494 2849 4566; x_wconf 89' lang='lat' dir='ltr'><strong>qui</strong></span> <span class='ocrx_word' id='word_1_851' title='bbox 2873 4492 2939 4548; x_wconf 90' lang='lat' dir='ltr'><strong>ad</strong></span> <span class='ocrx_word' id='word_1_852' title='bbox 2958 4502 3247 4546; x_wconf 81' lang='lat' dir='ltr'><strong>extremam</strong></span> <span class='ocrx_word' id='word_1_853' title='bbox 3274 4486 3606 4577; x_wconf 83' lang='lat' dir='ltr'><strong>devenerunt</strong></span> 
     </span>
    </p>
   </div>
   <div class='ocr_carea' id='block_1_110' title="bbox 2022 4575 3605 4675">
    <p class='ocr_par' dir='ltr' id='par_1_110' title="bbox 2022 4575 3605 4675">
     <span class='ocr_line' id='line_1_110' title="bbox 2022 4575 3605 4675; baseline -0.022 -16"><span class='ocrx_word' id='word_1_854' title='bbox 2022 4575 2428 4675; x_wconf 80' lang='lat' dir='ltr'><strong>paupertatem?</strong></span> <span class='ocrx_word' id='word_1_855' title='bbox 2467 4605 2643 4647; x_wconf 87' lang='lat' dir='ltr'><strong>annon</strong></span> <span class='ocrx_word' id='word_1_856' title='bbox 2683 4586 2868 4650; x_wconf 82' lang='lat' dir='ltr'><strong>pulsus</strong></span> <span class='ocrx_word' id='word_1_857' title='bbox 2897 4592 2951 4638; x_wconf 91' lang='lat' dir='ltr'><strong>et</strong></span> <span class='ocrx_word' id='word_1_858' title='bbox 2967 4583 3195 4675; x_wconf 76' lang='lat' dir='ltr'><strong>agitatus</strong></span> <span class='ocrx_word' id='word_1_859' title='bbox 3214 4575 3442 4675; x_wconf 79' lang='lat' dir='ltr'><strong>cedebat</strong></span> <span class='ocrx_word' id='word_1_860' title='bbox 3463 4583 3605 4628; x_wconf 85' lang='lat' dir='ltr'><strong>tam-</strong></span> 
     </span>
    </p>
   </div>
   <div class='ocr_carea' id='block_1_111' title="bbox 2019 4669 3588 4763">
    <p class='ocr_par' dir='ltr' id='par_1_111' title="bbox 2019 4669 3588 4763">
     <span class='ocr_line' id='line_1_111' title="bbox 2019 4669 3588 4763; baseline -0.018 -17"><span class='ocrx_word' id='word_1_861' title='bbox 2019 4669 2176 4763; x_wconf 76' lang='lat' dir='ltr'><strong>quam</strong></span> <span class='ocrx_word' id='word_1_862' title='bbox 2206 4686 2440 4757; x_wconf 79' lang='lat' dir='ltr'><strong>hospes?</strong></span> <span class='ocrx_word' id='word_1_863' title='bbox 2464 4697 2639 4740; x_wconf 89' lang='lat' dir='ltr'><strong>annon</strong></span> <span class='ocrx_word' id='word_1_864' title='bbox 2665 4690 2780 4737; x_wconf 90' lang='lat' dir='ltr'><strong>erat</strong></span> <span class='ocrx_word' id='word_1_865' title='bbox 2808 4672 3199 4733; x_wconf 83' lang='lat' dir='ltr'><strong>mercenarius?</strong></span> <span class='ocrx_word' id='word_1_866' title='bbox 3224 4685 3400 4725; x_wconf 88' lang='lat' dir='ltr'><strong>annon</strong></span> <span class='ocrx_word' id='word_1_867' title='bbox 3431 4669 3588 4721; x_wconf 84' lang='lat' dir='ltr'><strong>innu-</strong></span> 
     </span>
    </p>
   </div>
   <div class='ocr_carea' id='block_1_112' title="bbox 2021 4759 3598 4846">
    <p class='ocr_par' dir='ltr' id='par_1_112' title="bbox 2021 4759 3598 4846">
     <span class='ocr_line' id='line_1_112' title="bbox 2021 4759 3598 4846; baseline -0.018 -7"><span class='ocrx_word' id='word_1_868' title='bbox 2021 4759 2295 4839; x_wconf 77' lang='lat' dir='ltr'><strong>morabilis</strong></span> <span class='ocrx_word' id='word_1_869' title='bbox 2320 4777 2516 4846; x_wconf 87' lang='lat' dir='ltr'><strong>ubique</strong></span> <span class='ocrx_word' id='word_1_870' title='bbox 2553 4773 2849 4843; x_wconf 86' lang='lat' dir='ltr'><strong>patiebatur</strong></span> <span class='ocrx_word' id='word_1_871' title='bbox 2869 4767 3029 4831; x_wconf 86' lang='lat' dir='ltr'><strong>mala,</strong></span> <span class='ocrx_word' id='word_1_872' title='bbox 3063 4765 3255 4832; x_wconf 81' lang='lat' dir='ltr'><strong>ubique</strong></span> <span class='ocrx_word' id='word_1_873' title='bbox 3275 4759 3598 4815; x_wconf 81' lang='lat' dir='ltr'><strong>circumiens</strong></span> 
     </span>
    </p>
   </div>
   <div class='ocr_carea' id='block_1_113' title="bbox 2012 4850 3607 4942">
    <p class='ocr_par' dir='ltr' id='par_1_113' title="bbox 2012 4850 3607 4942">
     <span class='ocr_line' id='line_1_113' title="bbox 2012 4850 3607 4942; baseline -0.017 -14"><span class='ocrx_word' id='word_1_874' title='bbox 2012 4885 2286 4942; x_wconf 71' lang='lat' dir='ltr'><strong>tamquam</strong></span> <span class='ocrx_word' id='word_1_875' title='bbox 2309 4868 2504 4938; x_wconf 87' lang='lat' dir='ltr'><strong>hospes</strong></span> <span class='ocrx_word' id='word_1_876' title='bbox 2519 4864 2680 4919; x_wconf 66' lang='lat' dir='ltr'><strong>‘iHase</strong></span> <span class='ocrx_word' id='word_1_877' title='bbox 2695 4870 2870 4916; x_wconf 90' lang='lat' dir='ltr'><strong>autem</strong></span> <span class='ocrx_word' id='word_1_878' title='bbox 2891 4858 3167 4928; x_wconf 87' lang='lat' dir='ltr'><strong>patientes.</strong></span> <span class='ocrx_word' id='word_1_879' title='bbox 3187 4850 3607 4942; x_wconf 79' lang='lat' dir='ltr'><strong>ostendebantse</strong></span> 
     </span>
    </p>
   </div>
   <div class='ocr_carea' id='block_1_114' title="bbox 2022 4938 3591 5032">
    <p class='ocr_par' dir='ltr' id='par_1_114' title="bbox 2022 4938 3591 5032">
     <span class='ocr_line' id='line_1_114' title="bbox 2022 4938 3591 5032; baseline -0.018 -13"><span class='ocrx_word' id='word_1_880' title='bbox 2022 4938 2181 5020; x_wconf 83' lang='lat' dir='ltr'><strong>aliam</strong></span> <span class='ocrx_word' id='word_1_881' title='bbox 2220 4974 2462 5032; x_wconf 66' lang='lat' dir='ltr'><strong>quaarere</strong></span> <span class='ocrx_word' id='word_1_882' title='bbox 2502 4957 2746 5026; x_wconf 87' lang='lat' dir='ltr'><strong>patriam.</strong></span> <span class='ocrx_word' id='word_1_883' title='bbox 2796 4952 2974 5016; x_wconf 63' lang='lat' dir='ltr'><strong>Papa&#39;,</strong></span> <span class='ocrx_word' id='word_1_884' title='bbox 3014 4955 3209 5016; x_wconf 89' lang='lat' dir='ltr'><strong>quanta</strong></span> <span class='ocrx_word' id='word_1_885' title='bbox 3254 4938 3591 5032; x_wconf 81' lang='lat' dir='ltr'><strong>differentia!</strong></span> 
     </span>
    </p>
   </div>
   <div class='ocr_carea' id='block_1_115' title="bbox 2024 5030 3598 5125">
    <p class='ocr_par' dir='ltr' id='par_1_115' title="bbox 2024 5030 3598 5125">
     <span class='ocr_line' id='line_1_115' title="bbox 2024 5030 3598 5125; baseline -0.018 -15"><span class='ocrx_word' id='word_1_886' title='bbox 2024 5056 2098 5111; x_wconf 89' lang='lat' dir='ltr'><strong>illi</strong></span> <span class='ocrx_word' id='word_1_887' title='bbox 2126 5030 2338 5125; x_wconf 84' lang='lat' dir='ltr'><strong>quidem</strong></span> <span class='ocrx_word' id='word_1_888' title='bbox 2366 5038 2604 5121; x_wconf 86' lang='lat' dir='ltr'><strong>quotidie</strong></span> <span class='ocrx_word' id='word_1_889' title='bbox 2649 5042 3030 5116; x_wconf 85' lang='lat' dir='ltr'><strong>parturiebaut,</strong></span> <span class='ocrx_word' id='word_1_890' title='bbox 3062 5038 3301 5090; x_wconf 81' lang='lat' dir='ltr'><strong>volentes</strong></span> <span class='ocrx_word' id='word_1_891' title='bbox 3328 5033 3454 5086; x_wconf 89' lang='lat' dir='ltr'><strong>hinc</strong></span> <span class='ocrx_word' id='word_1_892' title='bbox 3487 5030 3598 5084; x_wconf 86' lang='lat' dir='ltr'><strong>dis-</strong></span> 
     </span>
    </p>
   </div>
   <div class='ocr_carea' id='block_1_116' title="bbox 2022 5129 3596 5209">
    <p class='ocr_par' dir='ltr' id='par_1_116' title="bbox 2022 5129 3596 5209">
     <span class='ocr_line' id='line_1_116' title="bbox 2022 5129 3596 5209; baseline -0.018 -8"><span class='ocrx_word' id='word_1_893' title='bbox 2022 5145 2254 5209; x_wconf 86' lang='lat' dir='ltr'><strong>cedere,</strong></span> <span class='ocrx_word' id='word_1_894' title='bbox 2307 5153 2360 5197; x_wconf 86' lang='lat' dir='ltr'><strong>et</strong></span> <span class='ocrx_word' id='word_1_895' title='bbox 2409 5139 2586 5194; x_wconf 89' lang='lat' dir='ltr'><strong>redire</strong></span> <span class='ocrx_word' id='word_1_896' title='bbox 2642 5135 2708 5189; x_wconf 87' lang='lat' dir='ltr'><strong>ad</strong></span> <span class='ocrx_word' id='word_1_897' title='bbox 2762 5147 2912 5188; x_wconf 89' lang='lat' dir='ltr'><strong>suam</strong></span> <span class='ocrx_word' id='word_1_898' title='bbox 2965 5129 3190 5199; x_wconf 85' lang='lat' dir='ltr'><strong>patriam</strong></span> <span class='ocrx_word' id='word_1_899' title='bbox 3222 5140 3237 5177; x_wconf 88' lang='lat'><strong>:</strong></span> <span class='ocrx_word' id='word_1_900' title='bbox 3273 5139 3369 5177; x_wconf 91' lang='lat' dir='ltr'><strong>nos</strong></span> <span class='ocrx_word' id='word_1_901' title='bbox 3419 5129 3596 5175; x_wconf 92' lang='lat' dir='ltr'><strong>autem</strong></span> 
     </span>
    </p>
   </div>
   <div class='ocr_carea' id='block_1_117' title="bbox 2024 5221 3597 5300">
    <p class='ocr_par' dir='ltr' id='par_1_117' title="bbox 2024 5221 3597 5300">
     <span class='ocr_line' id='line_1_117' title="bbox 2024 5221 3597 5300; baseline -0.017 -7"><span class='ocrx_word' id='word_1_902' title='bbox 2024 5248 2231 5300; x_wconf 90' lang='lat' dir='ltr'><strong>contra,</strong></span> <span class='ocrx_word' id='word_1_903' title='bbox 2266 5235 2308 5288; x_wconf 93' lang='lat' dir='ltr'><strong>si</strong></span> <span class='ocrx_word' id='word_1_904' title='bbox 2335 5234 2495 5288; x_wconf 89' lang='lat' dir='ltr'><strong>febris</strong></span> <span class='ocrx_word' id='word_1_905' title='bbox 2518 5229 2753 5293; x_wconf 89' lang='lat' dir='ltr'><strong>irruerit,</strong></span> <span class='ocrx_word' id='word_1_906' title='bbox 2778 5226 3022 5281; x_wconf 90' lang='lat' dir='ltr'><strong>omnibus</strong></span> <span class='ocrx_word' id='word_1_907' title='bbox 3048 5221 3302 5278; x_wconf 86' lang='lat' dir='ltr'><strong>dimissis,</strong></span> <span class='ocrx_word' id='word_1_908' title='bbox 3328 5226 3597 5285; x_wconf 89' lang='lat' dir='ltr'><strong>tamquam</strong></span> 
     </span>
    </p>
   </div>
   <div class='ocr_carea' id='block_1_118' title="bbox 2029 5310 3596 5400">
    <p class='ocr_par' dir='ltr' id='par_1_118' title="bbox 2029 5310 3596 5400">
     <span class='ocr_line' id='line_1_118' title="bbox 2029 5310 3596 5400; baseline -0.016 -17"><span class='ocrx_word' id='word_1_909' title='bbox 2029 5328 2235 5400; x_wconf 88' lang='lat' dir='ltr'><strong>parvuli</strong></span> <span class='ocrx_word' id='word_1_910' title='bbox 2263 5325 2494 5382; x_wconf 81' lang='lat' dir='ltr'><strong>infantes</strong></span> <span class='ocrx_word' id='word_1_911' title='bbox 2523 5319 2841 5393; x_wconf 90' lang='lat' dir='ltr'><strong>plorahuudi</strong></span> <span class='ocrx_word' id='word_1_912' title='bbox 2881 5326 3104 5370; x_wconf 87' lang='lat' dir='ltr'><strong>mortem</strong></span> <span class='ocrx_word' id='word_1_913' title='bbox 3134 5310 3555 5382; x_wconf 88' lang='lat' dir='ltr'><strong>pertimescimus</strong></span> <span class='ocrx_word' id='word_1_914' title='bbox 3582 5322 3596 5358; x_wconf 93' lang='lat'>:</span> 
     </span>
    </p>
   </div>
   <div class='ocr_carea' id='block_1_119' title="bbox 2025 5405 3600 5476">
    <p class='ocr_par' dir='ltr' id='par_1_119' title="bbox 2025 5405 3600 5476">
     <span class='ocr_line' id='line_1_119' title="bbox 2025 5405 3600 5476; baseline -0.017 0"><span class='ocrx_word' id='word_1_915' title='bbox 2025 5431 2076 5476; x_wconf 88' lang='lat' dir='ltr'><strong>et</strong></span> <span class='ocrx_word' id='word_1_916' title='bbox 2107 5416 2297 5475; x_wconf 89' lang='lat' dir='ltr'><strong>merito</strong></span> <span class='ocrx_word' id='word_1_917' title='bbox 2325 5416 2478 5471; x_wconf 89' lang='lat' dir='ltr'><strong>nobis</strong></span> <span class='ocrx_word' id='word_1_918' title='bbox 2526 5414 2626 5467; x_wconf 90' lang='lat' dir='ltr'><strong>hoc</strong></span> <span class='ocrx_word' id='word_1_919' title='bbox 2653 5410 2861 5465; x_wconf 90' lang='lat' dir='ltr'><strong>accidit.</strong></span> <span class='ocrx_word' id='word_1_920' title='bbox 2889 5407 3019 5462; x_wconf 83' lang='lat' dir='ltr'><strong>Nam</strong></span> <span class='ocrx_word' id='word_1_921' title='bbox 3051 5405 3299 5474; x_wconf 86' lang='lat' dir='ltr'><strong>quoniam</strong></span> <span class='ocrx_word' id='word_1_922' title='bbox 3332 5414 3437 5454; x_wconf 91' lang='lat' dir='ltr'><strong>non</strong></span> <span class='ocrx_word' id='word_1_923' title='bbox 3465 5407 3600 5452; x_wconf 89' lang='lat' dir='ltr'><strong>tam-</strong></span> 
     </span>
    </p>
   </div>
   <div class='ocr_carea' id='block_1_120' title="bbox 2023 5490 3601 5583">
    <p class='ocr_par' dir='ltr' id='par_1_120' title="bbox 2023 5490 3601 5583">
     <span class='ocr_line' id='line_1_120' title="bbox 2023 5490 3601 5583; baseline -0.016 -19"><span class='ocrx_word' id='word_1_924' title='bbox 2023 5528 2182 5583; x_wconf 85' lang='lat' dir='ltr'><strong>quam</strong></span> <span class='ocrx_word' id='word_1_925' title='bbox 2210 5509 2450 5577; x_wconf 70' lang='lat' dir='ltr'><strong>hosliites</strong></span> <span class='ocrx_word' id='word_1_926' title='bbox 2484 5507 2571 5561; x_wconf 91' lang='lat' dir='ltr'><strong>hic</strong></span> <span class='ocrx_word' id='word_1_927' title='bbox 2598 5504 2859 5573; x_wconf 79' lang='lat' dir='ltr'><strong>degimus,</strong></span> <span class='ocrx_word' id='word_1_928' title='bbox 2887 5508 2941 5553; x_wconf 92' lang='lat' dir='ltr'><strong>et</strong></span> <span class='ocrx_word' id='word_1_929' title='bbox 2970 5512 3073 5552; x_wconf 92' lang='lat' dir='ltr'><strong>nou</strong></span> <span class='ocrx_word' id='word_1_930' title='bbox 3111 5490 3475 5583; x_wconf 79' lang='lat' dir='ltr'><strong>tamquamad</strong></span> <span class='ocrx_word' id='word_1_931' title='bbox 3508 5504 3601 5557; x_wconf 89' lang='lat' dir='ltr'><strong>pa-</strong></span> 
     </span>
    </p>
   </div>
   <div class='ocr_carea' id='block_1_121' title="bbox 2028 5578 3597 5662">
    <p class='ocr_par' dir='ltr' id='par_1_121' title="bbox 2028 5578 3597 5662">
     <span class='ocr_line' id='line_1_121' title="bbox 2028 5578 3597 5662; baseline -0.018 -6"><span class='ocrx_word' id='word_1_932' title='bbox 2028 5578 2194 5659; x_wconf 68' lang='lat' dir='ltr'><strong>triam.</strong></span> <span class='ocrx_word' id='word_1_933' title='bbox 2205 5601 2534 5662; x_wconf 83' lang='lat' dir='ltr'><strong>festinamus,</strong></span> <span class='ocrx_word' id='word_1_934' title='bbox 2560 5593 2652 5648; x_wconf 87' lang='lat' dir='ltr'><strong>sed</strong></span> <span class='ocrx_word' id='word_1_935' title='bbox 2672 5602 2937 5660; x_wconf 87' lang='lat' dir='ltr'><strong>tamquam</strong></span> <span class='ocrx_word' id='word_1_936' title='bbox 2954 5596 3142 5642; x_wconf 86' lang='lat' dir='ltr'><strong>euntes</strong></span> <span class='ocrx_word' id='word_1_937' title='bbox 3162 5583 3227 5636; x_wconf 90' lang='lat' dir='ltr'><strong>ad</strong></span> <span class='ocrx_word' id='word_1_938' title='bbox 3248 5578 3563 5649; x_wconf 88' lang='lat' dir='ltr'><strong>supplicium</strong></span> <span class='ocrx_word' id='word_1_939' title='bbox 3585 5594 3597 5628; x_wconf 92' lang='lat'>:</span> 
     </span>
    </p>
   </div>
   <div class='ocr_carea' id='block_1_122' title="bbox 2028 5666 3601 5766">
    <p class='ocr_par' dir='ltr' id='par_1_122' title="bbox 2028 5666 3601 5766">
     <span class='ocr_line' id='line_1_122' title="bbox 2028 5666 3601 5766; baseline -0.019 -16"><span class='ocrx_word' id='word_1_940' title='bbox 2028 5704 2307 5766; x_wconf 80' lang='lat' dir='ltr'><strong>propterea</strong></span> <span class='ocrx_word' id='word_1_941' title='bbox 2337 5688 2599 5753; x_wconf 77' lang='lat' dir='ltr'><strong>dolentes,</strong></span> <span class='ocrx_word' id='word_1_942' title='bbox 2634 5683 2774 5754; x_wconf 84' lang='lat' dir='ltr'><strong>quod</strong></span> <span class='ocrx_word' id='word_1_943' title='bbox 2806 5678 2965 5737; x_wconf 88' lang='lat' dir='ltr'><strong>rebus</strong></span> <span class='ocrx_word' id='word_1_944' title='bbox 3003 5691 3108 5733; x_wconf 89' lang='lat' dir='ltr'><strong>nun</strong></span> <span class='ocrx_word' id='word_1_945' title='bbox 3147 5682 3203 5729; x_wconf 89' lang='lat' dir='ltr'><strong>ut</strong></span> <span class='ocrx_word' id='word_1_946' title='bbox 3246 5670 3478 5739; x_wconf 86' lang='lat' dir='ltr'><strong>oportuit</strong></span> <span class='ocrx_word' id='word_1_947' title='bbox 3522 5666 3601 5722; x_wconf 78' lang='lat' dir='ltr'><strong>usi</strong></span> 
     </span>
    </p>
   </div>
  </div>
