3980 6142
358 308 457 363 ηιξ)

351 428 492 494 δέον,
552 427 689 480 ἀλλά
748 425 848 498 τὴν
901 423 1054 489 τάξιν
1101 420 1579 491 ἀντεστρέψαμεν·
1639 421 1731 475 διὰ
1764 420 1925 474 τοῦτο

353 511 691 583 ὀδυρόμεθα,
715 511 802 564 ὅτε
833 509 1042 580 χαίρειν
1071 508 1261 578 ἐχρῆν,
1298 504 1387 559 διὰ
1419 504 1577 558 τοῦτο
1606 505 1922 578 φρίττομεν,

353 594 604 664 καθάπερ
632 595 776 656 τινὲς
812 591 1123 662 ἀνδροφόνοι
1160 591 1247 643 καὶ
1284 587 1603 659 λῄσταρχοι,
1637 587 1925 657 μέλλοντες

351 677 686 748 δικαστηρίῳ
760 672 1164 746 παρίστασθαι,
1249 671 1345 724 καὶ
1399 671 1580 724 πάντα
1638 669 1925 750 λογιζόμε-

351 778 431 814 νοι
466 759 608 832 ἅπερ
661 758 925 829 ἔπραξαν,
993 757 1088 810 καὶ
1143 755 1233 809 διὰ
1266 753 1428 808 τοῦτο
1474 752 1776 819 δεδοικότες
1827 755 1924 807 καὶ

346 847 660 917 τρέμοντες.
732 841 874 895 Ἀλλ’
956 842 1058 895 οὐκ
1150 840 1349 893 ἐκείνοι
1436 836 1669 891 τοιοῦτοι
1709 878 1725 903 ,
1805 838 1922 892 ἀλλ’

343 928 664 1001 ἠπείγοντο·
706 929 734 979 6
773 926 830 980 δέ
881 924 1095 989 Παῦλος
1143 922 1239 977 καί¹
1291 920 1569 985 ἐστέναξε.
1624 922 1734 975 Καὶ
1757 921 1921 976 ἄκουε

344 1011 511 1066 αὑτοῦ
578 1011 870 1080 λέγοντος,
949 1007 1060 1062 Καὶ
1128 1005 1299 1060 αὐτοὶ
1355 1007 1410 1060 οἱ
1455 1004 1524 1059 ἐν
1574 1001 1656 1069 τῷ
1708 1004 1921 1073 σκήνει

344 1095 537 1162 ὄντες,
587 1089 955 1160 στενάζομεν
1003 1089 1392 1160 βαρούμενοι.
1471 1086 1715 1140 Τοιοῦτοι
1782 1083 1922 1158 ἦσαν

341 1179 389 1232 οί
444 1179 574 1248 περὶ
602 1177 694 1230 τὸν
757 1174 1082 1246 Ἀϐραάμι·
1149 1172 1313 1238 ξένοι,
1380 1170 1568 1242 φησὶν,
1623 1164 1766 1240 ἦσαν
1821 1168 1921 1240 τῆς

340 1260 675 1330 οἰκουμένης
706 1258 947 1326 ἀπάσης,
974 1256 1066 1310 καὶ
1101 1253 1337 1324 πατρίδα
1369 1254 1614 1325 ἐζήτουν.
1645 1252 1812 1306 Ποίαν
1855 1252 1920 1323 δὴ

338 1345 581 1414 ταύτην;
614 1339 724 1414 ἆρα
752 1341 819 1411 ήν
856 1338 1079 1403 είασαν;
1118 1335 1386 1406 Οὐδαμῶς
1408 1351 1422 1366 ο
1458 1334 1510 1388 τί
1541 1335 1648 1406 γὰρ
1682 1333 1924 1388 ἐκώλυεν

339 1428 566 1491 αὐτοὺς,
626 1426 680 1479 εί
729 1440 793 1492 γε
845 1421 1162 1485 ἐϐούλοντο,
1212 1418 1549 1489 ὑποστρέψαι
1591 1419 1774 1483 πάλιν,
1822 1419 1919 1472 καὶ

339 1508 601 1579 γενέσθαι
633 1508 890 1570 πολίταις
922 1505 1036 1559 ἀλλ’
1063 1502 1282 1574 ἐκείνην
1313 1501 1544 1573 ἐζήτουν
1578 1501 1676 1573 τὴν
1706 1504 1764 1555 ἐν
1804 1504 1919 1565 τοῖς

340 1595 614 1665 οὐρανοῖς.
653 1591 813 1645 Οὕτω
854 1589 992 1663 πρὸς
1044 1589 1145 1659 τὴν
1197 1587 1508 1658 ἀποδημίαν
1558 1586 1658 1658 τὴν
1703 1586 1917 1641 ἐνθένδε

340 1677 625 1741 ἔσπευδον,
657 1676 752 1729 καὶ
795 1672 970 1737 οὕτως
1016 1673 1254 1744 ἤρεσκον
1287 1671 1442 1740 Θεῷ·
1472 1671 1554 1725 διὸ
1601 1671 1703 1724 οὐκ
1754 1671 1917 1725 ἐπαι-

341 1761 596 1831 σχύνεται
633 1757 831 1821 αὐτοὺς
856 1759 884 1810 6
916 1755 1050 1820 Θεὸς
1074 1754 1209 1818 Θεὸς
1237 1753 1523 1808 καλεῖσθαι
1570 1753 1773 1808 αὐτῶν.
1811 1753 1916 1806 Βα-

338 1844 454 1909 ϐαἰ,
487 1844 610 1897 ὅσον
656 1839 911 1911 ἀξίωμαί
958 1838 1094 1901 Θεὸς
1139 1836 1424 1892 καλεῖσθαι
1481 1836 1662 1891 αὐτῶν
1697 1836 1917 1889 κατεδέ-

339 1928 490 1993 ξατο.
519 1926 583 1979 Τί
612 1925 823 1991 λέγεις;
869 1922 1001 1984 Θεὸς
1047 1923 1147 1992 τῆς
1192 1922 1297 1992 γῆς
1344 1920 1612 1985 καλεῖται,
1654 1921 1751 1975 καὶ
1782 1919 1915 1983 Θεὸς

336 2010 430 2065 τοῦ
461 2009 714 2081 ούρανοῦ,
746 2008 842 2062 καί
885 2006 959 2069 ὡς
986 2006 1143 2076 μέγαι
1161 2022 1216 2058 τι
1248 2002 1503 2068 τέθεικας
1523 2005 1583 2058 τὸ
1610 2004 1712 2058 οὐκ
1752 2005 1913 2057 ἐπαι·

339 2094 627 2166 σχύνεσθαι
650 2092 783 2155 Θεὸς
802 2089 1088 2146 καλεῖσθαι
1129 2088 1343 2154 αὺτῶν;
1401 2090 1584 2157 Μέγα,
1625 2088 1722 2141 καὶ
1744 2087 1915 2152 ὅντως

339 2180 504 2248 μέγα,
565 2178 661 2231 καὶ
694 2175 901 2244 πολλῆς
934 2171 1340 2245 μακαριότητος
1370 2171 1532 2224 τοῦτο
1585 2171 1910 2241 τεκμήριον.

336 2262 493 2325 Πῶς;
527 2260 646 2315 ’Ὁτι
677 2262 781 2329 γῆς
815 2258 915 2328 μὲν
933 2257 1025 2311 καὶ
1044 2252 1278 2325 ούρανοῦ
1303 2253 1445 2307 οὕτω
1476 2254 1723 2306 καλεῖται
1755 2253 1909 2315 Θεὸς,

334 2345 410 2409 ὡς
432 2344 527 2398 καλ⁸
559 2343 854 2412 Ἐλλήνων,
886 2341 980 2394 καὶ
1007 2336 1239 2410 οὐρανοῦ
1284 2337 1382 2409 μὲν
1419 2336 1511 2389 καὶ
1543 2339 1646 2405 γῆς
1687 2336 1841 2401 Θεὸς,
1877 2330 1911 2410 ᾗ

335 2428 519 2480 ἐκτισε
549 2426 646 2480 καὶ
671 2423 1103 2495 ἐδημιούργησεν
1128 2419 1268 2474 αὐτά
1287 2434 1301 2450 ⁸
1330 2419 1440 2471 τῶν
1470 2418 1527 2470 δὲ
1561 2418 1735 2486 ἁγίων
1766 2419 1911 2472 ἐκεί-

336 2526 442 2562 νων
473 2509 573 2578 οὐχ
601 2504 798 2570 οὕτως,
832 2504 947 2558 ἀλλ’
977 2503 1052 2567 ὡς
1080 2501 1233 2572 φίλος
1283 2518 1368 2565 τις
1411 2501 1653 2570 γνήσιος.
1701 2501 1824 2553 Ἐπὶ
1853 2501 1911 2554 δὲ

337 2589 746 2659 ὑποδείγματος
780 2588 908 2656 ύμῖν
952 2585 1082 2639 αὐτὸ
1119 2584 1331 2654 ποιήσω
1373 2581 1626 2651 φανερόν.
1664 2579 1789 2637 Οἵον
1818 2583 1912 2636 ἐπὶ

334 2674 441 2727 τῶν
469 2675 529 2726 ἐν
556 2674 678 2735 ταῖς
717 2670 981 2740 μεγάλαις
1010 2668 1230 2731 οἰκίαις,
1254 2667 1382 2719 ὅταν
1412 2666 1558 2730 τινὲς
1579 2665 1910 2737 εύδοκιμῶσι

333 2758 447 2812 τῶν
468 2753 886 2827 προεστηκότων
934 2755 1035 2823 τῆς
1077 2750 1277 2813 οἰκίας,
1309 2748 1403 2801 καὶ
1465 2749 1670 2819 σφόδρα
1701 2749 1913 2803 εὐδοκι-

338 2840 503 2912 μῶσι,
532 2839 627 2892 καὶ
668 2836 847 2891 πάντα
878 2834 1031 2888 αὐτοὶ
1075 2834 1322 2897 διέπωσι,
1375 2832 1471 2885 καὶ
1500 2832 1637 2903 πρὸς
1666 2833 1794 2896 τοὺς
1820 2833 1910 2885 δε-

335 2923 540 2985 σπότας
573 2919 774 2990 πολλὴν
799 2918 901 2989 τὴν
942 2916 1256 2990 παρρησίαν
1295 2914 1511 2985 ἔχωσιν,
1540 2916 1635 2969 ἀπ’
1671 2915 1851 2968 αὐτῶν
1882 2916 1911 2969 6

332 3004 600 3074 δεσπότης
628 3003 911 3057 καλεῖται’
949 3001 1044 3053 καὶ
1075 2997 1302 3061 πολλοὺς
1341 2997 1409 3051 ἀν
1453 3014 1537 3061 τις
1587 2996 1736 3070 εὖροι
1767 2997 1911 3053 οὕτω

334 3088 721 3158 καλουμένους.
756 3086 822 3138 Τί
852 3084 909 3138 δὲ
927 3084 1072 3152 λέγω
1097 3099 1112 3148 ς
1147 3081 1337 3146 ὥσπερ
1357 3076 1426 3151 ἦν
1457 3082 1651 3146 εἰπεῖν,
1668 3082 1725 3135 '0
1753 3081 1908 3147 Θεὸς,

333 3172 432 3242 οὐχ
458 3173 486 3223 6
518 3171 628 3223 τῶν
657 3167 848 3229 ἐθνῶν,
879 3166 996 3221 ἀλλ’
1024 3168 1053 3219 6
1096 3167 1196 3236 τῆς
1249 3162 1577 3234 οἰκουμένης
1596 3180 1613 3193 '
1645 3164 1818 3228 οὕτως
1841 3160 1910 3235 ἦν

332 3257 509 3309 εἰπεῖν
546 3254 606 3308 '0
632 3254 764 3317 Θεὸς
808 3250 1078 3321 Ἀϐραάμ.
1116 3248 1257 3302 Ἀλλ’
1289 3248 1393 3301 οὐκ
1415 3248 1530 3300 ῐστε
1552 3247 1677 3299 ὅσον
1706 3247 1822 3300 ἐστὶ
1848 3247 1910 3301 τὸ

331 3338 548 3408 ἀξίωμα
580 3337 758 3400 τοῦτο,
797 3334 919 3388 ἐπεὶ
952 3332 1088 3403 μηδέ
1109 3331 1451 3400 τυγχάνομεν
1480 3327 1668 3383 αὑτοῦ.
1697 3330 1909 3400 Ὥσπερ

332 3422 443 3492 γὰρ
470 3421 566 3475 νῦν
603 3423 632 3475 6
660 3420 864 3492 Κύριος
901 3417 1010 3471 τῶν
1036 3413 1381 3482 Χριστιανῶν
1405 3413 1662 3467 ἁπάντων
1688 3412 1909 3481 λέγεται

332 3504 492 3569 Θεὸς,
521 3504 617 3560 καὶ
657 3505 809 3574 ὅμως
857 3500 1178 3571 ὑπερϐαίνει
1211 3498 1272 3552 τὸ
1295 3498 1466 3567 ὄνομα
1494 3497 1595 3568 τὴν
1633 3499 1908 3568 ἡμετέραν

332 3589 522 3653 ἀξίαν·
557 3588 607 3640 εἰ
638 3587 698 3641 δὲ
726 3586 846 3648 ἐνὸς
894 3584 1122 3653 κληθείη
1154 3582 1310 3646 Θεὸς,
1339 3580 1595 3650 ἐννόησον
1617 3579 1767 3652 [225]
1784 3581 1908 3634 ὅσον

331 3672 393 3723 τὸ
426 3671 676 3741 μέγεθος.
708 3670 775 3722 Ὀ
805 3668 907 3737 τῆς
930 3665 1260 3736 οἰκουμένης
1288 3663 1424 3726 Θεὸς
1452 3663 1555 3717 οὐκ
1586 3663 1909 3734 ἐπαισχύνε-

330 3772 422 3808 ται
449 3753 619 3826 τριῶν
657 3752 944 3807 καλεῖσθαι
966 3750 1120 3814 Θεὸς,
1176 3748 1406 3810 εἰκότως
1428 3764 1442 3778 ο
1475 3747 1535 3799 οὐ
1565 3746 1675 3818 γὰρ
1703 3748 1801 3815 τῆς
1828 3749 1908 3800 ol-

332 3838 623 3907 κουμένης,
653 3835 791 3889 ἀλλά
821 3834 1029 3905 μυρίων
1063 3831 1322 3886 τοιούτων
1352 3830 1492 3884 εἰσὶν
1518 3830 1835 3901 ἀντίρροποι
1857 3831 1905 3883 οί

330 3920 500 3989 ἅγιοι.
521 3920 809 3989 Κρείττων
846 3917 954 3988 γὰρ
978 3911 1068 3983 εἷς
1111 3913 1298 3968 ποιῶν
1317 3914 1383 3968 τὸ
1409 3911 1643 3982 θέλημα
1659 3914 1902 3981 Κυρίου,

331 4003 373 4074 ἢ
398 4007 602 4074 μυρίοι
628 4001 982 4071 παράνομοι.
1030 4001 1153 4053 Ὅτι
1188 3997 1246 4050 δὲ
1267 3996 1442 4058 οὕτως
1466 3996 1692 4060 ἐαυτοὺς
1722 3995 1906 4062 ξένους

331 4087 583 4148 ἐκάλουν,
638 4085 817 4154 δῆλον.
884 4084 1066 4135 Ἔστω
1129 4079 1211 4144 δέ,
1261 4073 1407 4133 οὗτοι
1457 4078 1544 4132 διά
1600 4077 1699 4149 τὴν
1749 4078 1905 4150 ξένην

330 4169 517 4237 ελεγον
544 4164 684 4220 εἶναι
705 4166 846 4230 ξένοι
870 4181 883 4194 ·
915 4165 969 4216 τί
998 4162 1089 4216 δαὶ
1113 4163 1209 4215 καὶ
1231 4163 1260 4213 6
1286 4159 1479 4226 Δαυτδ;
1506 4159 1628 4229 οὐχὶ
1652 4158 1906 4228 βασιλεὺς

329 4247 433 4322 ἧνς
465 4250 586 4319 οὐχὶ
611 4249 940 4321 ςπροφήτηςς
974 4246 1094 4316 οὐχὶ
1151 4247 1209 4297 ἐν
1239 4245 1307 4314 τῇ
1343 4242 1522 4314 οἰκείᾳ
1566 4242 1789 4314 πατρίδι
1829 4243 1906 4296 δι-

329 4332 548 4403 έτριϐε;
576 4331 720 4395 τίνος
738 4330 830 4384 οῦν
854 4329 1042 4383 ἐνεκέν
1068 4345 1223 4399 φησι,
1244 4326 1428 4392 Ξένος
1454 4324 1554 4381 καί
1580 4324 1905 4395 παρεπίδη-

330 4420 444 4487 μός
471 4419 624 4485 εὶμις
660 4412 781 4477 Πῶς
809 4408 860 4466 εἴ
892 4412 1082 4477 ξένος;
1121 4408 1349 4475 Καθὼς,
1391 4410 1546 4479 φησὶ,
1587 4407 1812 4474 πάντες
1849 4411 1904 4462 οὶ

332 4499 584 4568 πατέρες
607 4516 747 4569 μου.
787 4497 954 4568 Ὁρᾷς
984 4495 1066 4549 ὃτι
1100 4494 1342 4547 κάκεῖνοι
1367 4491 1508 4559 ξένοι
1532 4489 1705 4563 ἦσαν;
1742 4493 1902 4562 Ἔχο-

334 4601 435 4653 μεν
482 4581 739 4653 πατρίδα,
791 4580 977 4650 φησὶν,
1014 4576 1132 4630 ἀλλ’
1170 4576 1231 4628 ού
1265 4574 1365 4645 τὴν
1413 4574 1582 4637 ὅντως
1644 4576 1900 4646 πατρίδα.

333 4665 455 4728 ῑίῶς
507 4664 565 4718 δέ
602 4665 665 4717 σὺ
706 4662 892 4730 ξένος;
938 4660 1053 4731 Τῆς
1105 4656 1231 4729 γῆς.
1282 4654 1496 4711 Οὐκοῦν
1530 4657 1772 4710 κάκεῖνοι
1801 4657 1903 4727 τῆς

329 4751 433 4819 γῆς
455 4765 469 4781 ο
507 4746 692 4810 καθὼς
724 4746 833 4817 γὰρ
863 4747 1084 4810 ἐκείνοι,
1109 4741 1251 4796 οὕτω
1272 4740 1368 4795 καὶ
1389 4731 1566 4805 οὗτος,
1598 4741 1692 4793 καὶ
1720 4741 1903 4805 καθὼς

330 4824 508 4895 οὗτος,
537 4828 689 4883 οὕτω
713 4830 956 4882 κάκεῖνοι
989 4827 1041 4881 δ.
1622 4832 1627 4836 ’

397 4912 466 4981 γ’.
486 4911 780 4982 Γενὼμεθα
796 4911 975 4963 τοίνυν
998 4907 1263 4975 ξένοικᾶν
1274 4906 1369 4960 νῦν
1395 4908 1489 4960 καὶ
1509 4909 1690 4977 ἡμεῖς,
1716 4906 1799 4959 ἵνα
1827 4905 1902 4976 μή

330 4995 672 5066 ἐπαισχυνθῇ
703 4995 850 5065 ἡμᾶς
881 4997 910 5047 6
939 4992 1095 5056 Θεὸς,
1122 4991 1253 5055 Θεὸς
1287 4988 1666 5044 ἐπικαλεῖσθαι
1717 4989 1895 5059 ἡμῶν.

331 5079 565 5151 Αἰσχύνη
598 5078 705 5150 γὰρ
733 5077 902 5147 αὐτῷ,
943 5078 1071 5129 ὅταν
1103 5075 1314 5146 ἀνδρῶν
1364 5073 1618 5144 πονηρῶν
1668 5072 1905 5142 καλῆται

327 5166 478 5227 Θεὸς,
511 5167 605 5217 καὶ
631 5161 1016 5232 ἐπαισχύνεται
1039 5160 1236 5223 αὐτοὺς
1260 5159 1355 5211 καὶ
1388 5158 1573 5222 αὐτὸς,
1614 5155 1901 5229 ὠσπεροῦν

324 5247 628 5313 δοξάζεται,
649 5247 776 5299 ὅταν
804 5244 1025 5312 ἀγαθῶν
1120 5243 1214 5297 καί
1244 5240 1503 5313 χρηστῶν
1538 5242 1635 5296 καὶ
1662 5241 1898 5294 ἀσκούν-

324 5348 431 5383 των
472 5331 699 5399 ἀρετήν.
727 5330 788 5381 Εἰ
819 5329 929 5397 γὰρ
957 5330 1120 5397 ἡμεῖς
1167 5324 1583 5397 παραιτούμεθα
1618 5324 1898 5378 καλεῖσθαι

325 5414 581 5469 δεσπόται
600 5413 849 5482 πονηρῶν
867 5412 1025 5481 ήμῶν
1048 5407 1273 5473 δούλων,
1296 5410 1389 5464 καὶ
1412 5409 1646 5478 ἀφίεμεν
1667 5407 1861 5470 αὺτούς
1881 5424 1895 5441 ο

387 5609 836 5689 “(To‘lb’pgmilliam
868 5608 1044 5671 incipit
1088 5611 1166 5661 his
1219 5606 1403 5671 verbis,
1448 5605 1670 5660 Τοιοῦτοι
1707 5605 1830 5667 ἦσαν
1851 5610 1896 5656 οἰ

328 5675 430 5735 περὶ
449 5674 529 5718 τὸν
558 5674 791 5734 ’Δϐραάμ.

393 5738 417 5775 ιι
441 5730 574 5794 Finis
593 5731 807 5782 humilia:
831 5735 879 5783 In
912 5732 1075 5799 (Σοίἐι.ε

1103 306 1161 357 S.
1197 300 1488 357 JOANNIS
1524 300 2013 358 CHRYSOSTOMI
2054 301 2380 360 ARCﬂlEP.
2430 306 2985 368 CONSTANTINOP.

3493 322 3591 378 Πθ

2031 422 2133 476 κᾶν
2156 425 2284 508 εἴπῃ
2311 443 2391 489 τις
2431 426 2765 498 προσελθὼν,
2810 429 2869 482 'U
2896 429 3043 484 δεῖνα
3092 434 3264 508 μυρία
3315 435 3601 508 ἐργάζεται

2028 512 2195 575 κακὰ,
2229 506 2341 580 ἆρα
2373 511 2464 575 σὸς
2487 511 2673 575 δοῦλός
2705 513 2890 578 ἐστιν;
2919 513 3123 580 εὐθέως
3161 506 3366 587 φαμὲν,
3400 522 3483 576 ὅτι
3509 524 3600 577 οὐ⁴

2026 591 2669 677 δαμῶς,ἀποτριϐόμενοι
2688 595 2747 650 τὸ
2775 594 2979 660 ὄνειδος
2998 613 3013 629 ο
3044 600 3229 670 σχέσις
3251 602 3361 673 γάρ
3390 605 3601 677 ἐστιτῷ

2024 673 2196 746 δούλῳ
2229 677 2366 746 πρὸς
2391 677 2482 731 τὸν
2507 678 2795 749 δεσπότην,
2823 680 2919 733 καὶ
2934 679 3197 739 διαϐαίνει
3227 686 3261 757 ή
3294 686 3481 752 ἀδοξία
3510 673 3600 744 καὶ

2024 759 2103 820 εἰς
2127 758 2313 813 τοῦτον
2348 761 2444 813 ἀπ’
2487 760 2698 816 ἐκείνου
2726 777 2740 792 ·
2780 761 2964 833 πολλῷ
2997 766 3198 836 μᾶλλον
3224 770 3253 823 6
3274 769 3428 833 Θεός.
3462 770 3614 824 Ἀλλ’-

2024 842 2221 924 ἐκεῖνοι
2238 842 2410 908 οὕτως
2427 840 2568 915 ἦσαν
2601 845 2866 915 λαμπροὶ,
2889 848 3033 903 οὕτω
3058 851 3369 924 παρρησίας
3390 856 3599 923 μεστοὶ,

2022 923 2095 986 ὡς
2134 923 2208 996 μή
2251 926 2413 995 μόνον
2454 927 2621 982 αὑτὸν
2653 929 2730 1000 μὴ
2774 923 3200 1003 ἐπαισχύνεσθαι
3222 936 3353 1004 παρ’
3380 933 3601 990 ἐκείνων

2025 1008 2385 1079 καλούμενον,
2403 1010 2538 1065 ἀλλά
2568 1014 2663 1066 καὶ
2687 1015 2881 1069 ἐαυτὸν
2895 1016 3100 1085 λέγειν,
3124 1017 3207 1070 ὃτι
3236 1016 3376 1088 Ἐγὼ
3404 1021 3437 1072 ό
3459 1019 3603 1085 Θεὸς

2036 1088 2311 1162 Ἀϐραὰμ,
2345 1092 2443 1147 καί
2472 1097 2506 1148 ὁ
2531 1093 2674 1163 Θεὸς
2715 1097 2946 1159 Ἰσαὰκ.
2982 1098 3086 1153 καί
3115 1102 3147 1152 ό
3178 1098 3325 1166 Θεὸς
3382 1100 3600 1155 Ἰακώϐ.

2021 1171 2317 1244 Γενὼμεθα
2352 1177 2448 1230 καὶ⁵
2475 1178 2662 1249 ἡμεῖς,
2696 1180 2996 1253 ἀγαπητοὶ,
3024 1182 3188 1249 ξένοι,
3221 1183 3311 1238 ἵνα
3343 1184 3418 1255 μή
3448 1188 3603 1239 ἐπαιο

2031 1259 2237 1330 σχυνθῇ
2269 1260 2418 1332 ἡμᾶς
2465 1262 2494 1314 6
2530 1261 2682 1327 Θεὸς,
2728 1264 2815 1318 Eva
2866 1265 2944 1336 μὴ
2990 1266 3349 1338 ἐπαισχυνθῇ,
3376 1267 3471 1321 καὶ
3533 1270 3602 1340 τῇ

2020 1340 2217 1413 γεέννῃ
2247 1343 2502 1415 παραδῷ.
2545 1340 2794 1401 Τοιοῦτοι
2825 1344 2969 1419 ἦσαν
3003 1351 3200 1402 ἐκεῖνοι
3244 1350 3296 1403 οί
3324 1351 3601 1419 λέγοντες,

2020 1424 2219 1490 Κύριε,
2247 1428 2320 1478 οὐ
2348 1426 2428 1491 τῷ
2460 1425 2552 1492 σῷ
2599 1429 2845 1497 ὀνόματι
2891 1431 3451 1500 προεφητεύσιιμεν,
3501 1433 3602 1485 καί

2019 1504 2099 1570 τῷ
2127 1505 2219 1571 σῷ
2266 1509 2513 1577 ὀνόματι
2569 1509 2859 1582 δυνάμεις
2902 1515 3141 1579 πολλὰς
3194 1514 3606 1583 ἐποιήσαμες-νς

2030 1589 2170 1643 Ἀλλ’
2192 1592 2358 1661 ὁρᾶτε
2380 1592 2435 1647 τί
2451 1594 2748 1663 φθέγγεται
2767 1596 2904 1667 πρὸς
2924 1597 3120 1661 αὐτοὺς
3146 1598 3175 1651 6
3190 1597 3424 1669 Χριστός
3443 1616 3457 1629 ·
3477 1601 3603 1652 Οὐκ

2017 1668 2148 1726 οἴδα
2175 1673 2331 1743 ὑμᾶς
2349 1692 2366 1705 ·
2382 1677 2519 1747 ὅπερ
2544 1677 2611 1730 ἂν
2636 1679 2924 1748 ποιήσειαν
2955 1680 3217 1734 δεσπόται
3241 1668 3469 1734 οἰκετῶν
3498 1698 3601 1734 πο-

2015 1757 2198 1828 νηρῶν
2230 1760 2678 1830 προστρεχόντων
2701 1764 2908 1825 αὐτοῖς,
2951 1762 3269 1833 βουλόμενοι
3304 1765 3364 1817 τὸ
3394 1762 3602 1828 ὄνειδος

2016 1840 2441 1911 ἀποτρίψασθαι.
2477 1845 2600 1897 Οὐκ
2627 1841 2760 1899 οῖδα
2802 1844 2981 1914 ὑμᾶς,
3017 1846 3171 1917 φησί.
3223 1847 3345 1911 Πῶς
3384 1844 3481 1901 οῦν
3509 1865 3602 1900 x0-

2014 1923 2219 1988 λάςεις,
2251 1924 2346 1988 οὓς
2394 1927 2496 1979 οὐκ
2540 1921 2731 1994 οἷδαςς
2767 1928 2881 1981 Ούκ
2908 1925 3060 1995 οἰδα,
3112 1930 3317 2001 ἑτέρως
3367 1926 3523 1983 εἷπον
3548 1938 3599 1985 ⁸.

2013 2006 2280 2072 τουτέστι,
2310 2007 2610 2079 Ἀρνοῦμαι
2629 2009 2773 2079 ὑμᾶς
2801 2011 2895 2065 καὶ
2920 2012 3316 2083 παραιτοῦμαι.
3335 2012 3497 2066 Ἀλλά
3522 2014 3599 2083 μὴ

2013 2089 2224 2156 γένοιτο
2244 2090 2449 2160 ταύτην
2478 2092 2627 2162 ἡμᾶς
2644 2092 2876 2146 ἀκοῦσαι
2896 2094 2994 2163 τὴν
3016 2095 3202 2167 φωνὴν
3221 2097 3321 2165 τὴν
3342 2097 3605 2167 ὀλεθρίαν

2015 2169 2166 2242 [224]
2199 2173 2293 2224 καὶ
2319 2171 2589 2244 φρικώδη.
2628 2174 2693 2226 Εί
2735 2174 2844 2247 γὰρ
2868 2177 2919 2228 οἰ
2965 2176 3224 2246 δαίμονας
3249 2177 3598 2243 ἐκϐαλόντες,

2014 2254 2108 2307 καὶ
2131 2254 2471 2324 προφητείας
2505 2255 2896 2328 ἐργασάμενοι,
2928 2259 3118 2330 ἐπειδὴ
3153 2259 3271 2330 βίον
3299 2261 3401 2314 οὐκ
3434 2259 3604 2330 ἔσχον

2018 2336 2386 2405 συμϐαίνοντα
2412 2332 2524 2400 τοῖς
2555 2338 2757 2406 λόγοις,
2788 2341 3107 2413 ἠρνήθησαν
3130 2356 3145 2372 ⁸
3205 2344 3357 2413 πόσῳ
3389 2344 3601 2413 μᾶλλον

2017 2421 2215 2488 ήμεῖς;
2247 2420 2360 2473 Καὶ⁸
2387 2418 2526 2483 πῶς,
2583 2422 2772 2492 φησὶν,
2812 2422 2892 2477 ἐνι
2942 2424 3281 2495 προφητείας
3316 2425 3593 2493 ἐπιδειξα-

2015 2501 2234 2568 μένους,
2268 2503 2362 2554 καὶ
2383 2505 2586 2572 σημεῖα
2608 2505 3001 2574 πεποιηκότας,
3026 2506 3121 2559 καὶ
3143 2506 3405 2577 δαιμόνια
3430 2508 3603 2561 ἑκϐασ

2013 2581 2229 2647 λόντας,
2262 2583 2566 2655 ἀρνηθῆναι
2596 2602 2609 2651 ;
2646 2585 2809 2649 Είκὸς
2847 2587 3046 2646 αὐτοὺς
3081 2587 3311 2660 ὕστερον
3356 2591 3596 2660 μεταϐε-

2010 2666 2264 2736 ϐλῆσθαι,
2320 2668 2414 2720 καὶ
2447 2668 2772 2739 γεγενῆσθαι
2794 2671 3098 2742 πονηρούς·
3127 2671 3251 2724 ὅθεν
3285 2673 3435 2725 οὐδὲν
3475 2674 3594 2726 ἀπ-

2010 2749 2217 2802 ώναντο
2240 2749 2362 2802 οὐδὲ
2393 2752 2494 2820 τῆς
2527 2751 2797 2822 προτέρας
2815 2752 3036 2823 ἀρετῆς.
3062 2753 3138 2806 Ού
3172 2755 3281 2825 γὰρ
3302 2756 3371 2808 τὰ
3401 2757 3594 2826 προοί-

2013 2850 2112 2901 μια
2140 2832 2220 2886 δεῖ
2243 2833 2402 2903 μόνον
2434 2835 2580 2903 ἔχειν
2619 2836 2870 2907 λαμπρὰ,
2899 2837 3037 2891 ἀλλά
3063 2838 3239 2891 καὶτὸ
3266 2839 3419 2903 τέλος
3444 2839 3594 2911 λαμ-

2010 2915 2299 2986 πρότερον.
2352 2917 2489 2971 Εἰπέ
2515 2917 2624 2989 γάρ
2662 2937 2774 2989 μοι,
2823 2922 2852 2973 6
2899 2922 3084 2992 ῥήτωρ
3138 2921 3261 2991 οὐχὶ
3313 2920 3383 2975 τά
3412 2923 3471 2975 ἐν
3508 2924 3601 2993 τῷ

2007 2999 2150 3052 τέλει
2185 2999 2277 3053 τοῦ
2305 2999 2460 3069 λόγου
2485 3000 2778 3067 σπουδάζει
2800 3007 2973 3057 ποιεῖν
3003 3004 3251 3075 λαμπρὰ,
3283 3003 3424 3058 ὥστε
3445 3008 3598 3075 μετὰ

2009 3081 2222 3153 κρότων
2257 3083 2598 3157 ἀναχωρεῖν;
2638 3088 2666 3139 6
2696 3086 2755 3139 δὲ
2781 3087 3115 3159 λειτουργῶν
3162 3087 3338 3153 πόλει,
3370 3090 3492 3159 οὐχὶ
3515 3094 3596 3145 τὰ

2009 3166 2099 3218 ἐπ’
2125 3166 2291 3237 ἐξόδῳ
2311 3168 2411 3237 τῆς
2441 3168 2784 3242 λειτουργίας
2813 3171 3171 3243 λαμπρότερα
3187 3171 3557 3228 ἐπιδείκνυται.
3579 3194 3593 3236 ;

2018 3248 2081 3301 '0
2110 3249 2349 3320 ἀθλητὴς
2390 3250 2484 3304 ἐάν
2539 3250 2615 3322 μὴ
2647 3253 2832 3307 ἐκεῖνα
2863 3251 3014 3324 δείξῃ
3066 3253 3445 3325 λαμπρότερα,
3492 3259 3603 3310 καὶ

2012 3332 2176 3402 μέχρι
2233 3332 2420 3395 τέλους
2470 3335 2693 3406 νικήσῃ,
2718 3333 2822 3388 κᾶν
2866 3336 3075 3398 πάντας
3122 3341 3351 3406 νικήσας
3385 3338 3601 3409 νικηθῇ

2010 3415 2117 3467 ὑπὸ
2144 3414 2239 3467 τοῦ
2298 3414 2635 3480 τελευταίου,
2670 3418 2791 3486 ούχ¹ι
2819 3418 2999 3473 πάντα
3053 3419 3206 3488 αὐτῷ
3246 3418 3517 3490 ἀνόνητας
3564 3424 3601 3475 6

2007 3496 2351 3566 κυϐερνήτης
2377 3496 2444 3549 ἂν
2478 3498 2624 3551 ἆπαν
2649 3497 2710 3550 τὸ
2735 3498 2975 3566 πέλαγος
3003 3499 3297 3565 διαϐαλὼν,
3339 3501 3479 3572 πρὸς
3506 3502 3601 3575 τῷ

2007 3578 2184 3647 λιμένι
2203 3579 2525 3650 καταρράξῃ
2546 3580 2608 3633 τὸ
2630 3580 2858 3651 σκάφος,
2878 3582 3002 3653 οὐχὶ
3018 3583 3197 3637 πάντα
3224 3582 3474 3637 ἀπώλεσε
3491 3586 3598 3639 τὸν

2006 3659 2315 3732 ἔμπροσθεν
2332 3663 2525 3728 πόνονς
2549 3662 2614 3715 Τί
2641 3662 2698 3715 δέ
2723 3665 2753 3717 6
2782 3664 2989 3733 ἰατρός
3015 3664 3139 3717 Ἐὰν
3151 3665 3462 3732 ἀπαλλάξας
3484 3667 3600 3737 τῆς

2007 3742 2163 3796 νόσου
2193 3743 2285 3796 τὸν
2311 3742 2608 3813 κάμνοντα,
2635 3744 2765 3798 ὅταν
2791 3745 2967 3819 μέλλῃ
2987 3746 3174 3801 τέλεον
3197 3747 3594 3816 ἀπαλλάττειν,

2007 3824 2131 3878 τότε
2168 3824 2482 3897 διαφθείρῃ,
2509 3827 2632 3898 οὐχὶ
2687 3828 2749 3880 τὸ
2788 3829 2898 3881 πᾶν
2932 3829 3269 3901 διέφθειρεν;
3303 3831 3460 3886 Οῦτω
3488 3834 3598 3887 καὶ

2007 3907 2100 3962 ἐπὶ
2132 3910 2230 3980 τῆς
2259 3909 2483 3979 ἀρετῆς,
2514 3911 2628 3965 ὅσοι
2657 3911 2732 3981 μή
2756 3914 2823 3982 τῇ
2852 3913 2995 3983 ἀρχῇ
3018 3913 3312 3969 ἀκόλουθον
3341 3915 3403 3968 τὸ
3429 3915 3594 3981 τέλος

2005 3989 2285 4062 ἐπέθηκαν
2314 3993 2409 4045 καὶ
2440 3993 2730 4064 σύμφωνον
2758 3996 2855 4049 καὶ
2890 3996 3145 4065 συνῳδὸν,
3180 3997 3461 4052 ἀπώλοντο
3486 4000 3591 4054 καὶ

2005 4073 2394 4146 διεφθάρησαν.
2428 4075 2672 4130 Τοιοῦτοί
2692 4078 2831 4131 εἰσιν
2854 4080 2906 4132 οἱ
2927 4079 3035 4132 ἀπὸ
3062 4078 3162 4149 μὲν
3189 4079 3298 4135 τῶν
3315 4081 3589 4150 βαλϐίδων

2006 4157 2189 4212 αὐτῶν
2235 4155 2482 4228 λαμπροὶ
2540 4159 2634 4212 καὶ
2665 4159 2861 4232 γαῦροι
2915 4161 3394 4233 προπηδήσαντες,
3441 4166 3590 4234 μετά

2005 4240 2180 4295 ταῦτα
2198 4241 2254 4293 δέ
2285 4239 2626 4307 ἐκλυθέντες,
2651 4243 2745 4296 καὶ
2783 4243 2972 4315 χαῦνοι
3009 4245 3292 4316 γενόμενοι
3320 4262 3335 4277 ο
3368 4246 3453 4300 διὸ
3481 4250 3588 4303 καὶ

2003 4321 2098 4375 τοῦ
2134 4321 2390 4394 βραϐείου
2423 4324 2898 4396 ἀπεστερήθησαν,
2934 4330 3031 4381 καὶ
3070 4327 3225 4400 παρά
3248 4327 3344 4382 τοῦ
3376 4330 3587 4384 Δεσπό-

2004 4422 2100 4459 του
2133 4406 2234 4459 οὐκ
2265 4405 2709 4476 ἐπεγνώσθησαν.

2088 4488 2438 4558 Ἀκούσωμεν
2465 4488 2637 4543 ταῦτα
2671 4493 2719 4544 οί
2755 4492 3052 4562 χρημάτων
3081 4492 3317 4561 ἐρῶντες
3343 4511 3358 4525 ·
3400 4495 3434 4564 ἡ
3467 4494 3581 4568 γὰρ

2007 4571 2243 4641 μεγίστη
2291 4572 2492 4642 ἀνομία
2549 4572 2690 4643 αῦτη
2734 4575 3030 4644 τυγχάνει’
3101 4575 3259 4637 Ῥίζα
3302 4576 3413 4645 γάρ
3445 4578 3581 4631 ἐστι

2004 4653 2265 4718 πάντων,
2292 4656 2450 4724 φησὶ,
2481 4654 2599 4710 τῶν
2642 4657 2904 4725 κακῶνή
2943 4658 3326 4727 φιλαργιιρία.
3397 4660 3582 4712 ’Δκού-

2005 4753 2189 4808 σωμεν
2214 4739 2262 4790 οί
2294 4737 2607 4806 βουλόμενοι
2637 4740 2859 4808 μείζονα
2888 4739 2986 4811 τὴν
3008 4741 3360 4811 ὑπάρχουσαν
3389 4741 3579 4795 οὐσίαν

2004 4822 2211 4872 ποιεῖν’
2248 4819 2592 4890 ἀκούσωμεν,
2624 4823 2720 4875 καὶ
2755 4822 3089 4892 παυσώμεθα
3128 4823 3229 4893 τῆς
3263 4822 3578 4887 πλεονεξίας

2005 4903 2163 4969 ποτέ,
2198 4905 2286 4956 [va
2317 4903 2391 4975 μὴ
2418 4903 2591 4958 ταῦτα
2620 4904 2945 4976 ἀκούσωμεν
2979 4907 3121 4978 άπερ
3163 4907 3427 4960 κάκεῖνοι.
3460 4906 3576 4958 Νῦν

2003 4981 2144 5035 αύτά
2171 4981 2495 5052 ἀκούσωμεν
2521 4983 2614 5036 καὶ
2639 4982 3023 5056 φυλαξώμεθα.
3046 4985 3132 5037 ἵνα
3162 4983 3235 5055 μὴ
3259 4985 3381 5037 τότε
3411 4983 3575 5038 ἀκού-

2004 5080 2222 5133 σωμεν·
2255 5063 2351 5117 νῦν
2380 5065 2706 5136 ἀκούσωμεν
2760 5067 2897 5136 μετά
2952 5068 3143 5135 φόϐου,
3210 5067 3297 5119 ἵνα
3347 5067 3422 5135 μὴ
3452 5066 3573 5118 τότε

2000 5147 2322 5217 ἀκούσωμεν
2377 5148 2516 5217 μετά
2547 5149 2840 5219 τιμωρίας,
2902 5149 3217 5204 ’Λπέλθετε
3266 5150 3369 5203 ἀπ’
3402 5146 3568 5217 ἐμοῦ,

2002 5229 2187 5298 φησὶν,
2250 5229 2538 5283 οὐδέποτε
2586 5232 2778 5299 ἔγνων
2824 5230 3001 5301 ὑμᾶς,
3035 5232 3158 5284 ούδέ
3209 5231 3355 5296 τότε,
3385 5233 3569 5299 φησὶν,

2000 5311 2088 5364 ὅτε
2120 5312 2219 5373 τὰς
2250 5314 2590 5383 προφητείας
2637 5315 3043 5381 ἐπεδείκνυσθε,
3092 5314 3190 5368 καὶ⁸
3213 5315 3341 5376 τοὺς
3378 5313 3569 5380 δαίμο-

2004 5411 2100 5456 νας
2134 5393 2473 5459 ἐξεϐάλλετε.
2521 5397 2681 5461 Εἰκὸς
2735 5400 2901 5451 αὐτὸν
2949 5397 3182 5451 ἐνταῦθα
3249 5397 3341 5449 καὶ
3384 5394 3571 5464 ἕτερόν

1999 5494 2052 5530 τι
2082 5479 2439 5543 αἰνίττεσθαι,
2472 5482 2555 5534 ὅτι
2584 5485 2679 5534 καὶ
2709 5483 2829 5534 τότε
2859 5482 2976 5551 βίου
3001 5477 3140 5552 ἦσαν
3171 5479 3442 5550 πονηροῦ’
3475 5495 3573 5530 πα-

2004 5561 2071 5629 ρὰ
2098 5560 2152 5613 δὲ
2184 5561 2280 5630 τὴν
2337 5563 2514 5634 ἀρχὴν
2545 5566 2638 5617 καὶ
2670 5565 2737 5617 δι’
2767 5566 3005 5631 ἀναξίων
3054 5567 3275 5637 ἐνήργει
3319 5567 3350 5633 ή
3388 5563 3566 5634 χάρις-

2066 5738 2088 5765 ε
2117 5725 2363 5779 Mulianus
2387 5729 2570 5793 legisse
2603 5727 2796 5781 videtur
2821 5730 2963 5780 εἶπεν.
