3980 6142
384 371 482 432 169

381 489 565 539 sanus,
610 477 705 528 sed
749 472 994 527 ordinem
1040 470 1331 526 evertimus
1369 487 1381 522 :
1414 477 1695 538 propterea
1737 469 1948 535 flemus,

381 583 497 621 cum
538 566 773 636 gaudere
817 572 1127 634 oporteret;
1160 572 1441 631 prepterea
1486 564 1768 616 horremus
1813 564 1954 618 sicut

384 659 680 722 homicidae,
727 658 866 711 sicut
895 655 1204 725 praedonum
1244 654 1432 720 duces,
1481 653 1946 723 sistendijndicio.

383 763 433 807 et
468 765 820 822 quaecumque
847 750 1089 803 fecerunt
1123 745 1318 801 animis
1341 755 1668 815 reputantes,
1697 755 1950 816 propter-

382 858 438 896 ea
489 842 681 895 timent
722 848 776 894 et
825 837 1263 892 contremiscunt.
1310 835 1390 890 llli
1460 851 1588 892 vero
1637 851 1740 890 non
1799 847 1954 892 erant

387 931 669 1000 ejusmodi,
699 929 794 984 sed
833 928 1154 983 festinabant
1185 946 1199 981 :
1234 927 1429 982 Paulus
1467 936 1647 981 autem
1674 928 1834 981 etiam
1872 928 1953 981 in-

381 1023 610 1094 gemuit:
631 1022 752 1076 audi
781 1021 929 1076 illum
956 1021 1244 1086 dicentem,
1263 1020 1342 1072 Et
1371 1036 1460 1073 nos
1479 1020 1566 1090 qui
1585 1037 1760 1074 sumus
1783 1022 1832 1073 in
1860 1021 1952 1075 hoc

385 1112 723 1176 tuberitaculo,
771 1111 1145 1180 ingemiscimus
1181 1111 1378 1180 gravati
1417 1109 1494 1179 (2.
1525 1110 1640 1165 Cor.
1673 1111 1725 1165 5.
1764 1112 1818 1180 4)
1849 1111 1949 1180 (a).

317 1235 321 1238 -
383 1204 520 1258 Talis
542 1212 660 1258 erat
685 1202 976 1266 Abraham,
1004 1212 1059 1256 et
1086 1201 1178 1271 qui
1217 1216 1340 1255 cum
1359 1200 1450 1254 illo
1475 1209 1627 1254 erant
1651 1219 1664 1254 :
1692 1201 1950 1270 hOSpites,

385 1294 570 1364 inquit,
617 1301 772 1347 erant
799 1292 962 1346 totius
991 1291 1138 1345 orbis
1179 1300 1358 1354 terrae.
1409 1299 1464 1345 et
1500 1292 1812 1361 quarrcbant
1859 1309 1953 1362 pa-

387 1390 556 1442 triam.
581 1387 840 1454 Quaenam
866 1393 1042 1440 autem
1070 1399 1136 1440 ea
1175 1385 1296 1440 est?
1337 1399 1404 1439 an
1449 1399 1509 1440 ea
1541 1401 1698 1455 rinam
1731 1386 1951 1442 dimise-

384 1478 539 1532 runt?
585 1477 932 1546 Nequaquam
963 1493 975 1528 :
1002 1473 1129 1545 quid
1181 1474 1326 1529 enim
1371 1474 1618 1530 obstabat
1670 1478 1954 1546 quominus

388 1571 626 1625 redirent
653 1570 698 1624 si
738 1568 958 1633 vellent,
1002 1575 1055 1621 et
1085 1577 1266 1622 essent
1292 1568 1471 1621 cives?
1497 1567 1591 1622 sed
1635 1569 1778 1623 illam
1808 1585 1957 1639 qua:-

386 1663 716 1731 rebant‘qua:
756 1659 916 1714 estin
958 1658 1124 1712 ca'lis.
1158 1658 1229 1711 Ita
1262 1658 1617 1728 properabant
1643 1660 1765 1715 hinc
1801 1676 1958 1718 exce-

385 1753 532 1819 dere,
563 1763 618 1808 et
641 1751 720 1806 sic
750 1751 859 1806 Deo
886 1750 1200 1820 placebant:
1231 1748 1460 1819 ideoque
1479 1765 1584 1804 non
1609 1752 1958 1808 erubescebat

387 1843 558 1896 vocari
585 1855 772 1896 eorum
812 1840 975 1895 Deus.
1021 1839 1198 1908 Papae,
1240 1849 1435 1909 quanta
1481 1840 1751 1910 dignitas!
1801 1857 1955 1898 acce-

387 1942 531 2002 ptum
558 1932 634 1986 illi
663 1931 765 1986 fuit
806 1939 864 1985 ut
891 1938 1176 1986 vocaretur
1217 1945 1402 1986 eorum
1431 1931 1592 1987 Deus.
1618 1933 1752 2001 Quid
1786 1934 1961 1991 dicis?

387 2033 602 2078 vocatur
632 2022 776 2076 Deus
814 2029 969 2076 terrm
999 2027 1055 2076 et
1091 2021 1229 2087 czeli,
1263 2031 1316 2076 et
1345 2030 1613 2091 tamquam
1645 2025 1823 2092 magni
1851 2025 1953 2080 ali-

387 2113 506 2183 quid
553 2112 778 2182 posuisti
806 2112 948 2183 quod
986 2126 1092 2166 non
1131 2110 1412 2166 erubescat
1459 2125 1644 2165 eorum
1688 2110 1831 2167 Deus
1855 2126 1952 2166 vo-

382 2207 530 2260 cari?
554 2205 802 2276 Magnum
848 2213 903 2259 et
941 2218 1129 2260 revera
1172 2219 1420 2274 maguum
1451 2212 1536 2258 est
1565 2203 1687 2268 hoc,
1727 2212 1784 2258 et
1812 2203 1954 2257 indi-

383 2300 519 2354 cium
560 2299 744 2353 multae
781 2296 1146 2352 beatitudinis.
1186 2297 1501 2362 Quomodo?
1543 2295 1694 2363 Quod
1737 2304 1952 2350 vocatur

385 2388 594 2456 quidem
629 2388 768 2442 Deus
787 2388 904 2441 caeli
933 2396 987 2441 et
1026 2397 1208 2451 terrae,
1239 2386 1379 2440 sicut
1405 2394 1461 2440 et
1484 2388 1744 2456 gentium,
1775 2395 1956 2455 quate-

387 2493 484 2534 nus
512 2495 574 2534 ea
601 2479 810 2534 creavit
833 2487 892 2534 et
918 2486 1002 2532 est
1030 2477 1358 2542 fabricatus;
1391 2477 1601 2531 illorum
1633 2486 1812 2532 autem
1845 2492 1956 2531 san-

385 2581 590 2624 ctorum
624 2585 732 2624 non
765 2570 858 2636 ita,
907 2570 1001 2624 sed
1042 2570 1179 2624 sicut
1206 2568 1396 2638 aliquis
1419 2583 1705 2638 germanus
1732 2569 1958 2622 amicus.

392 2662 646 2731 l-lxcmplo
675 2661 828 2715 vobis
852 2659 956 2715 hoc
985 2659 1205 2714 reddam
1234 2659 1590 2730 perspicuum.
1619 2659 1768 2714 Sicut
1812 2661 1866 2714 in
1897 2660 1960 2712 iis

387 2754 471 2822 qui
502 2761 629 2807 sunt
655 2752 708 2806 in
752 2751 960 2820 magnis
984 2751 1210 2816 :edibus,
1247 2751 1460 2820 quando
1486 2750 1647 2820 aliqui
1686 2767 1752 2807 cx
1781 2753 1844 2806 iis
1871 2753 1960 2820 qui

390 2855 624 2914 ρτωειιηι
649 2843 864 2899 familiae
889 2851 1012 2898 sunt
1038 2843 1089 2897 in
1121 2858 1311 2912 magna
1336 2842 1751 2910 existimatione,
1783 2845 1961 2898 omnia

388 2936 783 3001 administrant,
813 2944 868 2990 et
891 2933 1031 3004 apud
1058 2933 1305 2989 dominos
1338 2949 1584 3004 magnam
1609 2934 1808 2988 habent
1837 2935 1961 2989 ﬁdu-

389 3031 541 3091 ciam,
573 3030 643 3082 ab
661 3029 791 3098 ipsis
820 3037 1041 3084 vocatur
1065 3027 1314 3082 dominus
1342 3045 1355 3080 :
1389 3035 1443 3082 et
1471 3028 1667 3082 multos
1696 3027 1965 3081 inveneris

389 3121 463 3174 sic
485 3120 762 3188 appellari.
787 3118 922 3186 Quid
943 3129 1124 3172 autem
1145 3117 1300 3173 dico?
1319 3117 1572 3173 sicutdici
1597 3126 1804 3188 poterat
1829 3119 1966 3172 Deus

392 3228 491 3266 non
516 3213 779 3280 gentium,
808 3211 901 3266 sed
945 3211 1109 3266 totius
1151 3211 1298 3266 orbis
1333 3218 1510 3278 terrm,
1556 3211 1626 3265 ita
1668 3212 1829 3267 etiam
1857 3211 1962 3265 dici

391 3315 592 3372 poterat
625 3304 762 3358 Deus
793 3303 1084 3358 Abraham.
1116 3302 1222 3358 Sed
1254 3303 1472 3358 nescitis
1503 3312 1699 3374 quanta
1742 3305 1812 3358 sit
1851 3304 1966 3358 hinc

390 3395 638 3464 dignitas,
665 3395 918 3464 quoniam
950 3409 1050 3449 nec
1079 3409 1196 3448 eam
1245 3395 1599 3464 assequimur.
1644 3395 1794 3450 Sicut
1821 3395 1964 3449 enim

394 3487 528 3539 Deus
556 3501 698 3540 nunc
726 3485 919 3540 dicitur
947 3485 1200 3539 Dominus
1232 3484 1650 3540 Christianorum
1700 3485 1962 3552 omnium,

392 3590 441 3633 et
466 3590 644 3635 tamen
671 3581 774 3635 hoc
807 3595 1000 3636 nomen
1029 3590 1263 3636 nostram
1292 3592 1507 3651 superat
1536 3581 1847 3652 dignitatem
1880 3586 1962 3638 :si

393 3682 563 3726 autem
591 3680 816 3726 vocatus
845 3670 1002 3726 fuerit
1045 3673 1202 3725 unius
1243 3673 1406 3738 Deus,
1437 3673 1611 3740 cOgita
1653 3681 1852 3742 quanta
1895 3675 1967 3728 sit

395 3762 723 3831 magnitudo.
768 3762 913 3817 Deus
950 3762 1096 3817 orbis
1140 3772 1299 3817 terra)
1329 3779 1434 3817 non
1480 3763 1750 3820 erubescit
1791 3765 1970 3820 vocari

395 3855 549 3908 trium
587 3855 762 3920 Deus;
791 3863 846 3909 et
883 3855 1074 3909 merito
1106 3871 1120 3907 :
1152 3871 1258 3909 non
1301 3857 1444 3908 enim
1481 3857 1626 3910 orbis
1669 3866 1842 3922 terrm,
1872 3858 1967 3913 sed

397 3945 864 4001 innumerabilium
897 3947 1160 4016 ejusmodi
1190 3947 1361 4001 instar
1395 3957 1520 4002 sunt
1559 3951 1751 4003 sancti.
1786 3950 1970 4004 Melior

397 4038 634 4113 est\enim
659 4053 790 4091 unus
819 4037 1011 4108 faciens
1037 4038 1341 4092 voluntatem
1376 4037 1603 4105 Domini,
1632 4056 1784 4110 quam
1811 4041 1974 4096 decies

400 4127 531 4180 mille
573 4127 734 4195 iniqui
778 4125 968 4196 (Eccli.
1001 4126 1091 4182 16.
1123 4127 1202 4198 5).
1232 4127 1385 4194 Quod
1421 4137 1599 4182 autem
1639 4131 1846 4200 seipsos
1892 4133 1970 4188 sic

401 4228 655 4273 vocarent
682 4218 920 4286 hospites
947 4227 1032 4274 est
1060 4219 1422 4290 perspicuum.
1471 4220 1575 4276 Sed
1625 4231 1766 4288 esto,
1801 4223 1887 4278 isti
1917 4240 1976 4281 se

402 4310 475 4362 sic
503 4309 768 4363 vocabant
793 4309 1032 4379 hospites
1057 4321 1274 4380 propter
1304 4312 1536 4366 alienam
1580 4324 1775 4370 terram
1803 4333 1817 4381 ;
1851 4319 1976 4388 quid

404 4417 526 4455 vero
554 4402 744 4468 David,
773 4418 950 4471 annon
977 4412 1094 4458 erat
1139 4419 1230 4458 rex
1275 4413 1330 4460 et
1360 4405 1668 4475 propheta?
1709 4424 1889 4464 annon
1922 4413 1976 4466 in

403 4511 494 4549 sua
515 4495 749 4565 degebat
768 4495 985 4565 patria?
1028 4511 1128 4550 cur
1165 4511 1291 4565 ergo
1319 4498 1451 4551 dicit
1484 4519 1495 4552 :
1529 4497 1731 4568 Hospes
1755 4510 1800 4554 et
1833 4519 1976 4571 pere-

404 4588 579 4658 grinus
623 4603 716 4658 ego
753 4604 866 4642 sum
897 4585 1070 4652 (Psal.
1098 4587 1185 4642 ‘58.
1217 4587 1346 4656 13)?
1368 4589 1645 4656 Quomodo
1683 4606 1743 4646 es
1783 4593 1980 4662 hospes

1117 367 1184 424 ΙΝ
1221 365 1438 423 EPIST.
1481 365 1572 421 AD
1610 357 1970 420 HEBREOS.
2009 358 2161 415 CAP.
2207 357 2300 414 XI.
2343 357 2570 415 HOMIL.
2615 359 2807 415 XXIV.

3530 362 3632 416 1Το

2060 469 2178 540 quis
2204 467 2463 525 accedens
2505 467 2738 533 dixerit,
2769 466 2865 522 llic
2892 463 2975 521 vel
3011 465 3102 520 ille
3141 465 3278 519 mala
3325 464 3452 519 facit
3482 466 3642 519 innu-

2063 562 2361 625 merabilia,
2387 559 2643 630 numquid
2672 567 2756 614 est
2776 571 2964 613 servus
2993 558 3150 611 tuus?
3177 557 3357 611 statim
3387 556 3640 621 dicimus,

2060 653 2438 722 Nequaquam;
2465 652 2720 722 probrum
2751 650 3127 720 propulsantes
3152 665 3164 700 :
3193 656 3278 702 est
3311 647 3455 702 enim
3485 661 3643 702 servo

2059 743 2124 796 ad
2153 743 2428 796 dominum
2452 740 2711 796 habitudo
2733 751 2785 794 et
2815 740 3027 805 relatio,
3055 748 3110 793 et
3139 739 3426 807 ignominia
3458 738 3643 792 abillo

2057 835 2124 886 ad
2154 833 2296 886 hunc
2321 832 2553 886 transit:
2605 833 2772 885 multo
2802 832 2969 900 magis
3011 831 3168 884 Deus.
3218 829 3325 884 Sed
3368 830 3442 884 illi
3488 840 3644 884 erant

2060 925 2196 980 adeo
2222 925 2460 995 praeclari
2487 965 2500 990 ,
2544 933 2600 978 et
2627 933 2766 977 tanta
2798 925 2941 992 pleni
2973 923 3162 977 ﬁducia
3193 964 3207 987 ,
3241 931 3298 976 ut
3328 938 3432 977 non
3464 923 3639 978 solum

2067 1032 2172 1071 non
2199 1016 2541 1072 erubesceret
2568 1015 2634 1069 ab
2672 1014 2774 1067 illis
2811 1013 2990 1067 vocari
3016 1055 3031 1079 ,
3063 1013 3156 1068 sed
3185 1014 3344 1067 etiam
3377 1014 3445 1069 de
3473 1029 3530 1070 se
3555 1015 3641 1069 di-

2056 1119 2235 1174 ceret,
2269 1106 2379 1178 Ego
2403 1123 2516 1160 sunt
2545 1107 2678 1160 Deus
2708 1105 2963 1159 Abraham
2985 1146 2998 1169 ,
3032 1104 3172 1160 Deus
3213 1104 3397 1173 Isaac,
3427 1115 3474 1161 et
3502 1106 3640 1161 Deus

2057 1199 2218 1254 Iacob
2247 1197 2445 1270 (Exod.
2470 1199 2522 1252 5.
2553 1197 2631 1264 6).
2657 1197 2836 1252 Simus
2866 1211 2996 1265 ergo
3022 1211 3120 1249 nos
3143 1210 3354 1265 quoque
3377 1238 3391 1262 ,
3421 1211 3454 1250 o
3491 1197 3628 1251 dile-

2056 1296 2126 1350 cti
2151 1336 2166 1359 ,
2198 1293 2438 1362 hospites
2463 1333 2478 1359 ,
2512 1307 2580 1346 ne
2627 1292 2790 1345 Deum
2823 1289 2987 1343 nostri
3028 1289 3259 1358 pudeat,
3294 1305 3360 1344 ne
3404 1289 3634 1358 pudeat,

2059 1387 2296 1454 inquam,
2327 1394 2380 1439 et
2411 1398 2509 1437 nos
2539 1381 2713 1436 tradat
2739 1382 3018 1450 gehennaa.
3059 1379 3217 1434 Tales
3252 1389 3402 1434 erant
3442 1380 3513 1433 illi
3540 1382 3630 1449 qui

2054 1475 2336 1540 dicebant,
2359 1471 2595 1538 Domine,
2626 1487 2791 1525 nonne
2809 1473 2862 1524 in
2883 1472 3082 1524 nomine
3107 1479 3189 1522 tuo
3208 1471 3634 1538 prophetnvimns.

2057 1576 2102 1619 et
2128 1568 2180 1619 in
2198 1565 2398 1619 nomine
2418 1574 2502 1618 tuo
2532 1561 2719 1617 multas
2741 1563 2944 1616 uirtutes
2965 1562 3172 1631 fecimus
3193 1559 3407 1630 (Matth.
3433 1562 3485 1615 7.
3507 1561 3638 1630 29.)?

2062 1659 2166 1712 Sed
2199 1656 2318 1712 vide
2341 1656 2467 1726 quid
2505 1655 2608 1710 illis
2633 1654 2776 1709 dicat
2799 1653 3046 1710 ChriStus
3078 1669 3093 1710 :
3131 1651 3314 1705 Nescio
3340 1669 3425 1705 vos
3451 1668 3468 1705 :
3495 1651 3638 1720 quod

2054 1747 2270 1818 quidem
2315 1745 2540 1801 fecerint
2580 1745 2841 1799 malorum
2873 1757 3150 1797 servorum
3192 1742 3390 1796 domini
3431 1742 3498 1795 ad
3544 1757 3638 1798 eos

2053 1839 2477 1904 accurrentium,
2508 1837 2763 1907 probrum
2793 1835 3030 1890 volentes
3067 1835 3410 1904 propulsare.
3449 1833 3636 1888 Nescio

2055 1949 2141 1987 vos
2156 1973 2172 1999 ,
2199 1932 2387 2002 inquit.
2407 1929 2688 1999 Quomodo
2708 1943 2838 1999 ergo
2859 1929 3015 2000 punis
3034 1944 3168 1998 quos
3196 1930 3402 1982 nescis?
3424 1928 3634 1993 Nescio,

2064 2026 2220 2080 aliter
2244 2024 2353 2079 dixi
2379 2042 2392 2078 :
2424 2023 2526 2078 hoc
2550 2031 2656 2088 est,
2683 2036 2778 2077 vos
2805 2037 2942 2093 nego
2965 2031 3020 2076 et
3046 2037 3258 2076 recuso.
3285 2021 3389 2076 Sed
3412 2022 3553 2076 absit
3577 2030 3637 2076 ut

2060 2132 2158 2171 nos
2183 2115 2460 2171 audiamus
2497 2114 2648 2169 hanc
2675 2128 2859 2169 vocem
2889 2113 3168 2167 exitiosam
3192 2122 3246 2167 et
3277 2112 3632 2168 tremendam.

2053 2208 2187 2264 Nam
2214 2209 2292 2272 si,
2333 2208 2424 2279 qui
2448 2206 2721 2262 daemones
2760 2205 3042 2274 ejicicbant
3083 2215 3135 2260 et
3179 2205 3480 2276 prophetias
3507 2219 3636 2275 pro-

2058 2297 2318 2363 fcrebant,
2351 2296 2599 2368 abnegati
2641 2304 2802 2362 sunt,
2831 2296 3081 2364 quoniam
3113 2295 3273 2348 vitam
3316 2312 3420 2348 non
3472 2297 3636 2352 habe-

2061 2401 2189 2452 bant
2218 2396 2401 2450 verbis
2450 2393 2860 2450 convenientem
2888 2433 2901 2457 ,
2933 2401 3134 2462 quanto
3178 2394 3346 2462 magis
3400 2392 3539 2446 nos?
3574 2393 3637 2447 Et

2060 2484 2353 2556 quomodo,
2388 2484 2582 2554 inquit,
2615 2483 2729 2538 ﬁeri
2758 2491 2932 2552 potest
2963 2491 3020 2536 ut
3049 2481 3138 2550 qui
3163 2482 3470 2551 prophetias
3494 2481 3646 2536 exhi-

2061 2575 2331 2640 buerunt,
2362 2585 2416 2630 et
2444 2575 2593 2646 signa
2633 2573 2908 2639 fecerunt,
2952 2581 3007 2628 et
3039 2573 3304 2628 d2cm0nia
3331 2576 3606 2642 ejeccrunt
3629 2614 3642 2635 ,

2060 2668 2168 2722 sint
2197 2667 2416 2736 negati?
2447 2667 2543 2721 Est
2571 2664 2862 2721 verisimile
2885 2679 2979 2718 eos
3003 2674 3185 2733 postea
3219 2663 3381 2717 fuisse
3406 2671 3642 2717 mutatos

2061 2768 2115 2813 et
2143 2759 2382 2813 evasisse
2411 2757 2621 2812 malos:
2652 2756 2793 2810 unde
2825 2770 2924 2810 nec
2972 2756 3118 2824 prior
3148 2755 3315 2808 virtus
3345 2754 3449 2809 illis
3488 2753 3645 2823 quid-

2061 2865 2218 2918 quam
2259 2849 2477 2919 profuit.
2518 2848 2631 2903 Non
2660 2848 2831 2902 solum
2883 2848 3026 2902 enim
3054 2847 3271 2902 exordia
3303 2857 3512 2915 oportet
3555 2847 3648 2900 ha.

2061 2939 2190 2995 bere
2220 2941 2474 3010 prreclara
2501 2981 2515 3006 ,
2552 2940 2650 2995 sed
2680 2939 2838 2995 ﬁnem
2880 2939 3039 2994 etiam
3072 2940 3483 3008 praeclariorem.
3517 2939 3646 2994 Nam

2061 3031 2148 3086 dic
2175 3033 2327 3098 mihi,
2351 3048 2528 3087 annon
2557 3044 2740 3087 orator
2763 3042 2940 3102 stupet
2960 3047 3021 3087 ea
3053 3031 3228 3087 facere
3251 3032 3504 3101 przeclara
3529 3049 3648 3103 qum

2063 3131 2188 3175 sunt
2214 3123 2268 3176 in
2297 3123 2402 3179 ﬁne
2427 3123 2705 3186 orationis,
2741 3132 2796 3177 ut
2823 3138 2943 3177 cum
2979 3123 3164 3192 plausu
3189 3123 3442 3177 recedat?
3471 3138 3649 3178 nonne

2065 3214 2156 3282 qui
2184 3214 2367 3268 urbem
2395 3214 2738 3269 administrat
2765 3255 2780 3280 ,
2809 3214 2876 3269 de
2908 3215 3192 3284 Splendido
3220 3215 3646 3269 administratio-

2061 3305 2146 3360 nis
2175 3307 2318 3360 exilu
2347 3322 2528 3360 curam
2557 3307 2737 3377 gerit?
2769 3306 2980 3360 Athleta
3022 3308 3064 3359 si
3096 3323 3201 3360 non
3233 3307 3524 3361 certamina
3557 3322 3647 3361 os-

2063 3396 2246 3450 tendat
2288 3397 2630 3466 pneclariora
2655 3439 2670 3462 ,
2717 3408 2768 3450 et
2798 3398 2862 3450 ad
2897 3400 3055 3452 linem
3105 3412 3274 3467 usque
3305 3399 3518 3463 vincat,
3555 3400 3599 3452 si
3628 3442 3642 3463 ,

2061 3489 2308 3543 omnibus
2331 3489 2485 3543 victis
2508 3531 2522 3554 ,
2555 3488 2714 3542 fuerit
2741 3490 2909 3542 victus
2939 3489 3006 3542 ab
3030 3489 3237 3552 ultimo,
3259 3504 3436 3543 annon
3465 3491 3642 3542 omnia

2061 3589 2186 3633 sunt
2206 3580 2255 3634 ei
2281 3581 2481 3634 inutilia
2505 3581 2528 3634 ?
2552 3580 2876 3649 gubernator
2896 3581 2938 3633 si
2967 3588 3135 3633 totum
3168 3596 3315 3634 mare
3341 3581 3650 3634 transmise-

2065 3672 2152 3734 rit,
2186 3685 2325 3724 nave
2352 3671 2404 3724 in
2440 3680 2593 3739 portu
2623 3669 2810 3735 fracta,
2836 3685 3013 3724 nonne
3042 3680 3208 3723 totum
3239 3673 3470 3739 priorem
3505 3671 3650 3726 labo-

2070 3780 2182 3817 rem
2211 3763 2426 3817 amisit?
2469 3763 2603 3830 Quid
2632 3778 2761 3816 vero
2792 3761 3068 3816 medicus?
3095 3763 3137 3816 si
3169 3773 3369 3832 mgroto
3394 3778 3423 3816 a
3453 3765 3640 3817 morbo

2063 3855 2321 3921 liberato,
2353 3870 2472 3909 cum
2501 3871 2620 3909 eum
2677 3855 2904 3923 perfecte
2929 3855 2996 3907 sit
3028 3853 3345 3908 liberaturus
3372 3896 3387 3920 ,
3420 3864 3546 3910 tunc
3568 3858 3648 3908 in-

2064 3947 2275 4000 teritum
2326 3946 2544 4013 aﬁ'erat,
2574 3961 2748 4000 annon
2798 3956 2964 4001 totum
2994 3947 3261 4016 perdidit?
3301 3948 3376 4002 Ita
3405 3948 3564 4002 etiam
3595 3949 3646 4002 in

2063 4037 2260 4092 virtute
2284 4079 2298 4105 ,
2343 4038 2662 4108 quicumque
2691 4054 2795 4092 non
2829 4038 2979 4092 initio
3021 4049 3432 4108 consequentem
3482 4039 3640 4094 ﬁnem

2063 4131 2430 4199 imposuerunt
2476 4141 2970 4200 consonantemque
2997 4139 3050 4185 et
3071 4140 3474 4200 congruentem,
3495 4132 3651 4201 plane

2063 4224 2350 4292 perierunt.
2401 4222 2557 4277 Tales
2583 4231 2705 4276 sunt
2733 4221 2822 4292 qui
2852 4222 2918 4277 ab
2941 4222 3065 4291 ipsis
3092 4221 3303 4292 quidem
3349 4225 3652 4278 carceribus

2066 4315 2307 4385 praeclari
2334 4315 2652 4384 superbique
2672 4325 2724 4369 et
2744 4314 2865 4368 elati
2888 4313 3242 4382 prosilierunt,
3273 4325 3451 4383 postea
3471 4325 3650 4368 autem

2062 4405 2304 4461 diSSlllllli
2333 4405 2610 4475 ignavique
2637 4413 2690 4458 ct
2717 4404 2921 4458 remissi
2952 4406 3160 4457 fuerunt
3185 4424 3196 4458 :
3229 4405 3573 4474 quamobrem
3599 4414 3654 4459 et

2066 4498 2287 4567 prannio
2312 4506 2435 4551 sunt
2460 4495 2669 4566 privati,
2697 4507 2747 4550 ct
2775 4511 2803 4548 a
2835 4496 3058 4548 Domino
3088 4511 3190 4548 non
3245 4506 3366 4549 sunt
3395 4496 3575 4563 agniti.

2141 4587 2327 4641 Contra
2350 4604 2528 4642 avaros
2556 4599 2600 4641 et
2621 4588 2844 4656 pecuniae
2869 4587 3101 4656 cupidos.
3127 4613 3196 4625 —
3228 4585 3350 4638 llam
3379 4587 3652 4640 audiamus

405 4690 454 4734 et
477 4679 830 4752 peregrinus?
860 4679 1007 4734 Sicut
1027 4695 1220 4746 omnes,
1251 4678 1442 4748 inquit,
1476 4691 1643 4748 patres
1671 4684 1788 4737 mei.
1816 4683 1979 4740 Vides
2076 4680 2164 4749 qui
2193 4695 2373 4734 amore
2391 4679 2526 4748 capti
2557 4693 2740 4732 sumus
2772 4679 3038 4746 pecuniae;
3069 4691 3130 4729 ea
3160 4685 3241 4730 est
3261 4676 3399 4729 enim
3424 4678 3650 4728 maxima

405 4772 542 4839 quod
574 4771 647 4824 illi
689 4784 902 4838 quoque
944 4779 1099 4824 erant
1143 4769 1423 4838 hospites?
1462 4770 1750 4840 Habemus,
1783 4775 1974 4846 inquit,

406 4864 658 4928 patriam,
676 4855 770 4916 sed
807 4871 908 4917 non
939 4871 1058 4910 eam
1081 4873 1202 4929 quae
1223 4873 1348 4913 vere
1375 4867 1458 4913 est
1485 4863 1676 4928 patria.
1701 4864 1979 4932 Quomodo

397 4955 570 4998 autem
599 4960 659 5000 es
687 4955 742 5002 tu
769 4947 1005 5018 hospes?
1027 4951 1229 5007 Terrae.
1259 4953 1398 5025 Ergo
1428 4958 1501 5014 illi
1534 4975 1746 5031 quoque
1774 4972 1931 5018 terrae
1957 4980 1971 5020 :

399 5041 451 5086 ut
474 5035 618 5088 enim
650 5036 747 5100 illi,
771 5037 851 5093 sic
875 5038 995 5106 iste,
1025 5049 1080 5095 et
1108 5045 1342 5099 vicissim
1375 5045 1474 5118 (ὁ).

463 5123 513 5179 5.
557 5123 740 5179 Simus
766 5140 894 5197 ergo
924 5141 1023 5182 nos
1044 5145 1256 5199 quoque
1283 5149 1423 5189 nunc
1453 5135 1711 5207 hospites,
1737 5155 1803 5195 ne
1832 5157 1963 5197 cru-

393 5210 573 5268 bescat
593 5213 738 5270 Deus
759 5216 938 5272 vocari
963 5229 1144 5276 noster
1172 5221 1336 5278 Deus.
1370 5224 1547 5280 Pudor
1567 5238 1650 5283 est
1679 5231 1818 5284 enim
1845 5232 1966 5301 ipsi,

390 5306 600 5371 quando
645 5318 867 5364 vocatur
909 5310 1170 5366 malorum
1212 5315 1389 5383 Deus,
1432 5327 1487 5372 et
1533 5323 1920 5380 verecundatur
1947 5367 1962 5392 ,

389 5395 523 5450 sicut
547 5397 912 5468 gloriﬁcatur,
967 5401 1179 5470 quando
1210 5403 1470 5461 bonorum
1498 5418 1551 5463 et
1580 5412 1870 5480 proborum
1913 5425 1968 5470 et

392 5486 640 5542 virtutem
679 5488 994 5547 colentium.
1042 5491 1098 5548 Si
1141 5495 1282 5548 enim
1316 5511 1412 5550 nos
1441 5513 1754 5557 recusamus
1783 5506 1962 5560 vocari

382 5573 583 5633 domini
608 5583 874 5636 malorum
901 5597 1177 5638 servorum
1200 5625 1216 5652 ,
1249 5595 1304 5640 et
1333 5602 1424 5642 eos
1445 5588 1793 5659 dimittimus;
1838 5604 1890 5651 et
1916 5596 1960 5651 si

432 5679 502 5740 (a)
528 5677 623 5728 Hic
647 5680 813 5742 incipit
835 5680 1030 5729 bomilia
1052 5681 1176 5743 apud
1201 5681 1415 5732 Colbert.

433 5751 509 5814 th)
529 5755 636 5808 Huc
659 5759 842 5814 desiuit
866 5764 1057 5816 bomilia
1081 5767 1315 5829 vigesima
1333 5775 1502 5829 (plana
1528 5767 1574 5814 in
1600 5767 1732 5814 (Loth.

2071 4771 2325 4840 injustitia
2349 4787 2360 4822 :
2384 4769 2520 4823 Nam
2549 4770 2698 4822 radix
2721 4771 2941 4822 omnium
2965 4769 3210 4821 maiorum
3235 4775 3304 4820 est
3333 4781 3476 4818 amor
3503 4782 3653 4834 pecu-

2074 4863 2174 4916 nia:
2203 4861 2277 4934 (1.
2297 4861 2425 4915 Tim.
2451 4862 2504 4916 6.
2532 4861 2642 4931 10).
2675 4861 2966 4914 Audiamus
2982 4860 3071 4928 qui
3093 4872 3222 4926 quas
3250 4857 3541 4910 habeamus
3572 4857 3652 4910 fa-

2069 4957 2293 5012 cultates
2317 5000 2331 5024 ,
2378 4957 2664 5026 ampliores
2701 4956 2942 5010 volumus
2970 4953 3221 5016 efficere;
3255 4950 3552 5016 audiamus,
3600 4959 3654 5005 et

2071 5049 2282 5105 tandem
2321 5063 2595 5104 cessemus
2623 5063 2651 5101 a
2690 5048 2841 5117 plura
2886 5045 3116 5101 habendi
3143 5044 3462 5114 cupiditate,
3496 5059 3562 5098 ne
3591 5059 3653 5098 ea

2082 5157 2200 5210 quae
2227 5140 2299 5194 illi
2326 5140 2620 5194 audiamus.
2649 5139 2800 5194 Nunc
2825 5139 2939 5192 hare
2968 5137 3244 5191 audiamus
3271 5144 3325 5189 ct
3349 5149 3651 5196 caveamus,

2084 5257 2150 5297 ne
2181 5253 2304 5297 tunc
2344 5242 2662 5296 audiamus:
2692 5253 2834 5295 nunc
2874 5253 2995 5292 cum
3028 5238 3216 5291 timore
3244 5233 3523 5290 audiamus
3548 5275 3564 5302 ,
3596 5249 3664 5289 no

2085 5345 2209 5387 tunc
2241 5348 2305 5386 ea
2351 5332 2629 5385 audiamus
2673 5346 2792 5385 cum
2835 5329 3132 5398 supplicio:
3168 5325 3422 5380 Discedite
3464 5341 3496 5379 a
3543 5341 3661 5390 me,

2083 5439 2353 5494 numquam
2408 5423 2524 5476 novi
2567 5439 2651 5476 eos
2692 5422 2905 5489 (Matth.
2934 5421 2985 5473 7.
3015 5419 3106 5488 25)
3131 5460 3146 5484 ,
3189 5433 3256 5472 ne
3287 5426 3416 5471 tunc
3448 5416 3662 5487 quidem

2085 5515 2290 5584 quando
2319 5513 2624 5583 prophetias
2646 5511 2978 5566 cxhibebatis
2999 5552 3014 5575 ,
3039 5520 3092 5562 et
3122 5509 3394 5563 daemones
3425 5509 3662 5577 expelle-

2084 5606 2238 5662 batis.
2291 5605 2594 5661 Verisimile
2639 5615 2720 5659 est
2749 5621 2867 5657 eum
2920 5602 3004 5654 hic
3032 5602 3232 5670 aliquid
3263 5617 3475 5671 quoque
3519 5603 3662 5655 aliud

2081 5699 2416 5752 subindicare
2443 5740 2456 5762 ,
2491 5714 2682 5766 nempe
2714 5694 2853 5762 quod
2890 5703 3011 5746 tunc
3039 5694 3198 5747 etiam
3228 5694 3469 5764 improbe
3497 5696 3659 5748 vitam

2082 5790 2368 5844 ducebant:
2394 5791 2544 5846 initio
2567 5799 2741 5843 autem
2767 5788 2922 5839 etiam
2955 5798 3046 5852 per
3075 5786 3315 5858 indignos
3343 5790 3663 5856 Operabatur
