  <div class='ocr_page' id='page_1' title='image "/cluster/home/n/w/nwhite01/storage/ocr_20150623/63/mdp.39015008641394/175.png"; bbox 0 0 3980 6142; ppageno 0'>
   <div class='ocr_carea' id='block_1_1' title="bbox 321 347 410 407">
    <p class='ocr_par' dir='ltr' id='par_1_1' title="bbox 321 347 410 407">
     <span class='ocr_line' id='line_1_1' title="bbox 321 347 410 407; baseline -0.056 0"><span class='ocrx_word' id='word_1_1' title='bbox 321 347 410 407; x_wconf 83' lang='lat' dir='ltr'><strong>l&#39;il</strong></span> 
     </span>
    </p>
   </div>
   <div class='ocr_carea' id='block_1_2' title="bbox 174 462 1892 539">
    <p class='ocr_par' dir='ltr' id='par_1_2' title="bbox 174 462 1892 539">
     <span class='ocr_line' id='line_1_2' title="bbox 174 462 1892 539; baseline -0.005 -13"><span class='ocrx_word' id='word_1_2' title='bbox 174 469 233 507; x_wconf 54' lang='grc' dir='ltr'><strong>’λ</strong></span> <span class='ocrx_word' id='word_1_3' title='bbox 308 470 499 539; x_wconf 85' lang='lat' dir='ltr'><strong>gratia.</strong></span> <span class='ocrx_word' id='word_1_4' title='bbox 527 467 659 524; x_wconf 82' lang='lat' dir='ltr'><strong>Nam</strong></span> <span class='ocrx_word' id='word_1_5' title='bbox 683 467 729 522; x_wconf 89' lang='lat' dir='ltr'><strong>si</strong></span> <span class='ocrx_word' id='word_1_6' title='bbox 760 473 977 536; x_wconf 78' lang='lat' dir='ltr'><strong>operata</strong></span> <span class='ocrx_word' id='word_1_7' title='bbox 1005 477 1086 521; x_wconf 86' lang='lat' dir='ltr'><strong>est</strong></span> <span class='ocrx_word' id='word_1_8' title='bbox 1108 482 1203 534; x_wconf 78' lang='lat' dir='ltr'><strong>per</strong></span> <span class='ocrx_word' id='word_1_9' title='bbox 1231 465 1447 536; x_wconf 80' lang='lat' dir='ltr'><strong>Balaam</strong></span> <span class='ocrx_word' id='word_1_10' title='bbox 1475 504 1491 527; x_wconf 87' lang='lat'><strong>,</strong></span> <span class='ocrx_word' id='word_1_11' title='bbox 1522 464 1692 517; x_wconf 90' lang='lat' dir='ltr'><strong>multo</strong></span> <span class='ocrx_word' id='word_1_12' title='bbox 1722 462 1892 533; x_wconf 84' lang='lat' dir='ltr'><strong>magis</strong></span> 
     </span>
    </p>
   </div>
   <div class='ocr_carea' id='block_1_3' title="bbox 310 553 1888 633">
    <p class='ocr_par' dir='ltr' id='par_1_3' title="bbox 310 553 1888 633">
     <span class='ocr_line' id='line_1_3' title="bbox 310 553 1888 633; baseline -0.004 -16"><span class='ocrx_word' id='word_1_13' title='bbox 310 579 407 633; x_wconf 87' lang='lat' dir='ltr'><strong>per</strong></span> <span class='ocrx_word' id='word_1_14' title='bbox 443 562 687 633; x_wconf 88' lang='lat' dir='ltr'><strong>indignos</strong></span> <span class='ocrx_word' id='word_1_15' title='bbox 713 602 729 628; x_wconf 93' lang='lat'><strong>,</strong></span> <span class='ocrx_word' id='word_1_16' title='bbox 761 570 980 630; x_wconf 83' lang='lat' dir='ltr'><strong>propter</strong></span> <span class='ocrx_word' id='word_1_17' title='bbox 1008 573 1105 614; x_wconf 88' lang='lat' dir='ltr'><strong>eos</strong></span> <span class='ocrx_word' id='word_1_18' title='bbox 1144 557 1233 627; x_wconf 91' lang='lat' dir='ltr'><strong>qui</strong></span> <span class='ocrx_word' id='word_1_19' title='bbox 1263 553 1421 611; x_wconf 83' lang='lat' dir='ltr'><strong>erant</strong></span> <span class='ocrx_word' id='word_1_20' title='bbox 1447 554 1796 610; x_wconf 86' lang='lat' dir='ltr'><strong>lucrifacturi.</strong></span> <span class='ocrx_word' id='word_1_21' title='bbox 1829 554 1888 610; x_wconf 89' lang='lat' dir='ltr'><strong>Si</strong></span> 
     </span>
    </p>
   </div>
   <div class='ocr_carea' id='block_1_4' title="bbox 308 645 1889 722">
    <p class='ocr_par' dir='ltr' id='par_1_4' title="bbox 308 645 1889 722">
     <span class='ocr_line' id='line_1_4' title="bbox 308 645 1889 722; baseline -0.003 -17"><span class='ocrx_word' id='word_1_22' title='bbox 308 663 568 709; x_wconf 84' lang='lat' dir='ltr'><strong>autemet</strong></span> <span class='ocrx_word' id='word_1_23' title='bbox 600 653 748 722; x_wconf 87' lang='lat' dir='ltr'><strong>signa</strong></span> <span class='ocrx_word' id='word_1_24' title='bbox 776 661 830 706; x_wconf 91' lang='lat' dir='ltr'><strong>et</strong></span> <span class='ocrx_word' id='word_1_25' title='bbox 855 648 1092 720; x_wconf 80' lang='lat' dir='ltr'><strong>prodigia</strong></span> <span class='ocrx_word' id='word_1_26' title='bbox 1133 662 1238 703; x_wconf 92' lang='lat' dir='ltr'><strong>non</strong></span> <span class='ocrx_word' id='word_1_27' title='bbox 1273 654 1561 717; x_wconf 88' lang='lat' dir='ltr'><strong>potuerunt</strong></span> <span class='ocrx_word' id='word_1_28' title='bbox 1589 645 1820 701; x_wconf 87' lang='lat' dir='ltr'><strong>liberare</strong></span> <span class='ocrx_word' id='word_1_29' title='bbox 1859 661 1889 700; x_wconf 91' lang='lat' dir='ltr'><strong>a</strong></span> 
     </span>
    </p>
   </div>
   <div class='ocr_carea' id='block_1_5' title="bbox 308 735 1893 814">
    <p class='ocr_par' dir='ltr' id='par_1_5' title="bbox 308 735 1893 814">
     <span class='ocr_line' id='line_1_5' title="bbox 308 735 1893 814; baseline -0.004 -16"><span class='ocrx_word' id='word_1_30' title='bbox 308 744 606 814; x_wconf 82' lang='lat' dir='ltr'><strong>supplicio:</strong></span> <span class='ocrx_word' id='word_1_31' title='bbox 636 742 804 797; x_wconf 86' lang='lat' dir='ltr'><strong>multo</strong></span> <span class='ocrx_word' id='word_1_32' title='bbox 830 741 1020 809; x_wconf 84' lang='lat' dir='ltr'><strong>magis,</strong></span> <span class='ocrx_word' id='word_1_33' title='bbox 1050 739 1259 794; x_wconf 89' lang='lat' dir='ltr'><strong>etiamsi</strong></span> <span class='ocrx_word' id='word_1_34' title='bbox 1288 739 1411 808; x_wconf 71' lang='lat' dir='ltr'><strong>quis</strong></span> <span class='ocrx_word' id='word_1_35' title='bbox 1439 737 1511 792; x_wconf 89' lang='lat' dir='ltr'><strong>sit</strong></span> <span class='ocrx_word' id='word_1_36' title='bbox 1552 736 1604 790; x_wconf 91' lang='lat' dir='ltr'><strong>in</strong></span> <span class='ocrx_word' id='word_1_37' title='bbox 1634 735 1893 805; x_wconf 73' lang='lat' dir='ltr'><strong>dignitate</strong></span> 
     </span>
    </p>
   </div>
   <div class='ocr_carea' id='block_1_6' title="bbox 310 826 1890 900">
    <p class='ocr_par' dir='ltr' id='par_1_6' title="bbox 310 826 1890 900">
     <span class='ocr_line' id='line_1_6' title="bbox 310 826 1890 900; baseline -0.004 -11"><span class='ocrx_word' id='word_1_38' title='bbox 310 826 625 890; x_wconf 84' lang='lat' dir='ltr'><strong>sacerdotali</strong></span> <span class='ocrx_word' id='word_1_39' title='bbox 648 875 663 900; x_wconf 95' lang='lat'><strong>,</strong></span> <span class='ocrx_word' id='word_1_40' title='bbox 694 833 903 888; x_wconf 88' lang='lat' dir='ltr'><strong>etiamsi</strong></span> <span class='ocrx_word' id='word_1_41' title='bbox 930 831 995 885; x_wconf 90' lang='lat' dir='ltr'><strong>ad</strong></span> <span class='ocrx_word' id='word_1_42' title='bbox 1027 846 1295 885; x_wconf 90' lang='lat' dir='ltr'><strong>summum</strong></span> <span class='ocrx_word' id='word_1_43' title='bbox 1324 829 1586 883; x_wconf 83' lang='lat' dir='ltr'><strong>honorem</strong></span> <span class='ocrx_word' id='word_1_44' title='bbox 1628 842 1890 899; x_wconf 80' lang='lat' dir='ltr'><strong>pervene-</strong></span> 
     </span>
    </p>
   </div>
   <div class='ocr_carea' id='block_1_7' title="bbox 310 909 1895 992">
    <p class='ocr_par' dir='ltr' id='par_1_7' title="bbox 310 909 1895 992">
     <span class='ocr_line' id='line_1_7' title="bbox 310 909 1895 992; baseline -0.003 -12"><span class='ocrx_word' id='word_1_45' title='bbox 310 930 417 990; x_wconf 87' lang='lat' dir='ltr'><strong>rit,</strong></span> <span class='ocrx_word' id='word_1_46' title='bbox 448 927 656 982; x_wconf 87' lang='lat' dir='ltr'><strong>etiamsi</strong></span> <span class='ocrx_word' id='word_1_47' title='bbox 688 909 753 980; x_wconf 86' lang='lat' dir='ltr'><strong>ad</strong></span> <span class='ocrx_word' id='word_1_48' title='bbox 801 940 1055 980; x_wconf 90' lang='lat' dir='ltr'><strong>manuum</strong></span> <span class='ocrx_word' id='word_1_49' title='bbox 1110 924 1509 992; x_wconf 89' lang='lat' dir='ltr'><strong>impositionem</strong></span> <span class='ocrx_word' id='word_1_50' title='bbox 1557 932 1774 992; x_wconf 89' lang='lat' dir='ltr'><strong>operata</strong></span> <span class='ocrx_word' id='word_1_51' title='bbox 1824 921 1895 976; x_wconf 83' lang='lat' dir='ltr'><strong>sit</strong></span> 
     </span>
    </p>
   </div>
   <div class='ocr_carea' id='block_1_8' title="bbox 307 1012 1873 1085">
    <p class='ocr_par' dir='ltr' id='par_1_8' title="bbox 307 1012 1873 1085">
     <span class='ocr_line' id='line_1_8' title="bbox 307 1012 1873 1085; baseline -0.005 -12"><span class='ocrx_word' id='word_1_52' title='bbox 307 1021 510 1084; x_wconf 75' lang='lat' dir='ltr'><strong>gratia,</strong></span> <span class='ocrx_word' id='word_1_53' title='bbox 548 1029 603 1074; x_wconf 89' lang='lat' dir='ltr'><strong>et</strong></span> <span class='ocrx_word' id='word_1_54' title='bbox 630 1019 695 1073; x_wconf 89' lang='lat' dir='ltr'><strong>ad</strong></span> <span class='ocrx_word' id='word_1_55' title='bbox 726 1018 826 1071; x_wconf 88' lang='lat' dir='ltr'><strong>alia</strong></span> <span class='ocrx_word' id='word_1_56' title='bbox 865 1017 1042 1070; x_wconf 88' lang='lat' dir='ltr'><strong>omnia</strong></span> <span class='ocrx_word' id='word_1_57' title='bbox 1081 1023 1301 1085; x_wconf 76' lang='lat' dir='ltr'><strong>propter</strong></span> <span class='ocrx_word' id='word_1_58' title='bbox 1330 1028 1424 1069; x_wconf 90' lang='lat' dir='ltr'><strong>eos</strong></span> <span class='ocrx_word' id='word_1_59' title='bbox 1459 1012 1548 1082; x_wconf 89' lang='lat' dir='ltr'><strong>qui</strong></span> <span class='ocrx_word' id='word_1_60' title='bbox 1575 1021 1733 1083; x_wconf 83' lang='lat' dir='ltr'><strong>egent</strong></span> <span class='ocrx_word' id='word_1_61' title='bbox 1773 1012 1873 1066; x_wconf 86' lang='lat' dir='ltr'><strong>de-</strong></span> 
     </span>
    </p>
   </div>
   <div class='ocr_carea' id='block_1_9' title="bbox 308 1105 1891 1181">
    <p class='ocr_par' dir='ltr' id='par_1_9' title="bbox 308 1105 1891 1181">
     <span class='ocr_line' id='line_1_9' title="bbox 308 1105 1891 1181; baseline -0.006 -14"><span class='ocrx_word' id='word_1_62' title='bbox 308 1114 548 1168; x_wconf 85' lang='lat' dir='ltr'><strong>fensione</strong></span> <span class='ocrx_word' id='word_1_63' title='bbox 591 1121 646 1167; x_wconf 91' lang='lat' dir='ltr'><strong>ct</strong></span> <span class='ocrx_word' id='word_1_64' title='bbox 695 1111 995 1181; x_wconf 91' lang='lat' dir='ltr'><strong>patrocinio</strong></span> <span class='ocrx_word' id='word_1_65' title='bbox 1019 1149 1035 1172; x_wconf 90' lang='lat'><strong>,</strong></span> <span class='ocrx_word' id='word_1_66' title='bbox 1079 1109 1194 1178; x_wconf 89' lang='lat' dir='ltr'><strong>ipse</strong></span> <span class='ocrx_word' id='word_1_67' title='bbox 1224 1122 1436 1178; x_wconf 87' lang='lat' dir='ltr'><strong>quoque</strong></span> <span class='ocrx_word' id='word_1_68' title='bbox 1460 1106 1641 1160; x_wconf 90' lang='lat' dir='ltr'><strong>audiet</strong></span> <span class='ocrx_word' id='word_1_69' title='bbox 1676 1123 1689 1159; x_wconf 91' lang='lat'><strong>:</strong></span> <span class='ocrx_word' id='word_1_70' title='bbox 1721 1105 1891 1160; x_wconf 84' lang='lat' dir='ltr'><strong>Num-</strong></span> 
     </span>
    </p>
   </div>
   <div class='ocr_carea' id='block_1_10' title="bbox 306 1196 1887 1273">
    <p class='ocr_par' dir='ltr' id='par_1_10' title="bbox 306 1196 1887 1273">
     <span class='ocr_line' id='line_1_10' title="bbox 306 1196 1887 1273; baseline -0.006 -14"><span class='ocrx_word' id='word_1_71' title='bbox 306 1220 463 1273; x_wconf 88' lang='lat' dir='ltr'><strong>quam</strong></span> <span class='ocrx_word' id='word_1_72' title='bbox 494 1215 545 1259; x_wconf 90' lang='lat' dir='ltr'><strong>te</strong></span> <span class='ocrx_word' id='word_1_73' title='bbox 576 1204 719 1269; x_wconf 89' lang='lat' dir='ltr'><strong>novi,</strong></span> <span class='ocrx_word' id='word_1_74' title='bbox 747 1217 817 1256; x_wconf 88' lang='lat' dir='ltr'><strong>ne</strong></span> <span class='ocrx_word' id='word_1_75' title='bbox 844 1203 970 1255; x_wconf 83' lang='lat' dir='ltr'><strong>tunc</strong></span> <span class='ocrx_word' id='word_1_76' title='bbox 998 1199 1239 1270; x_wconf 87' lang='lat' dir='ltr'><strong>quidem,</strong></span> <span class='ocrx_word' id='word_1_77' title='bbox 1266 1196 1482 1268; x_wconf 79' lang='lat' dir='ltr'><strong>quando</strong></span> <span class='ocrx_word' id='word_1_78' title='bbox 1505 1197 1556 1251; x_wconf 88' lang='lat' dir='ltr'><strong>itt</strong></span> <span class='ocrx_word' id='word_1_79' title='bbox 1586 1205 1638 1251; x_wconf 90' lang='lat' dir='ltr'><strong>te</strong></span> <span class='ocrx_word' id='word_1_80' title='bbox 1668 1205 1887 1266; x_wconf 89' lang='lat' dir='ltr'><strong>operata</strong></span> 
     </span>
    </p>
   </div>
   <div class='ocr_carea' id='block_1_11' title="bbox 308 1287 1892 1362">
    <p class='ocr_par' dir='ltr' id='par_1_11' title="bbox 308 1287 1892 1362">
     <span class='ocr_line' id='line_1_11' title="bbox 308 1287 1892 1362; baseline -0.004 -15"><span class='ocrx_word' id='word_1_81' title='bbox 308 1304 392 1350; x_wconf 81' lang='lat' dir='ltr'><strong>est</strong></span> <span class='ocrx_word' id='word_1_82' title='bbox 416 1295 608 1362; x_wconf 73' lang='lat' dir='ltr'><strong>gratia.</strong></span> <span class='ocrx_word' id='word_1_83' title='bbox 643 1293 821 1362; x_wconf 70' lang='lat' dir='ltr'><strong>Paprr,</strong></span> <span class='ocrx_word' id='word_1_84' title='bbox 849 1299 1042 1362; x_wconf 83' lang='lat' dir='ltr'><strong>quanta</strong></span> <span class='ocrx_word' id='word_1_85' title='bbox 1075 1298 1157 1344; x_wconf 90' lang='lat' dir='ltr'><strong>est</strong></span> <span class='ocrx_word' id='word_1_86' title='bbox 1186 1289 1294 1344; x_wconf 73' lang='lat' dir='ltr'><strong>illic</strong></span> <span class='ocrx_word' id='word_1_87' title='bbox 1321 1289 1443 1342; x_wconf 79' lang='lat' dir='ltr'><strong>vita:</strong></span> <span class='ocrx_word' id='word_1_88' title='bbox 1471 1287 1684 1342; x_wconf 80' lang='lat' dir='ltr'><strong>munda:</strong></span> <span class='ocrx_word' id='word_1_89' title='bbox 1713 1287 1892 1355; x_wconf 85' lang='lat' dir='ltr'><strong>inqui-</strong></span> 
     </span>
    </p>
   </div>
   <div class='ocr_carea' id='block_1_12' title="bbox 308 1378 1892 1455">
    <p class='ocr_par' dir='ltr' id='par_1_12' title="bbox 308 1378 1892 1455">
     <span class='ocr_line' id='line_1_12' title="bbox 308 1378 1892 1455; baseline -0.005 -16"><span class='ocrx_word' id='word_1_90' title='bbox 308 1387 431 1440; x_wconf 88' lang='lat' dir='ltr'><strong>sitio</strong></span> <span class='ocrx_word' id='word_1_91' title='bbox 455 1387 468 1440; x_wconf 75' lang='grc' dir='ltr'>ε</span> <span class='ocrx_word' id='word_1_92' title='bbox 502 1383 774 1455; x_wconf 87' lang='lat' dir='ltr'><strong>quomodo</strong></span> <span class='ocrx_word' id='word_1_93' title='bbox 805 1383 917 1451; x_wconf 87' lang='lat' dir='ltr'><strong>ipsa</strong></span> <span class='ocrx_word' id='word_1_94' title='bbox 943 1397 1037 1450; x_wconf 90' lang='lat' dir='ltr'><strong>per</strong></span> <span class='ocrx_word' id='word_1_95' title='bbox 1065 1395 1123 1435; x_wconf 90' lang='lat' dir='ltr'><strong>se</strong></span> <span class='ocrx_word' id='word_1_96' title='bbox 1138 1378 1350 1434; x_wconf 76' lang='lat' dir='ltr'><strong>sufficit</strong></span> <span class='ocrx_word' id='word_1_97' title='bbox 1377 1378 1444 1433; x_wconf 92' lang='lat' dir='ltr'><strong>ad</strong></span> <span class='ocrx_word' id='word_1_98' title='bbox 1470 1393 1566 1433; x_wconf 90' lang='lat' dir='ltr'><strong>nos</strong></span> <span class='ocrx_word' id='word_1_99' title='bbox 1593 1378 1644 1432; x_wconf 91' lang='lat' dir='ltr'><strong>in</strong></span> <span class='ocrx_word' id='word_1_100' title='bbox 1671 1392 1892 1447; x_wconf 88' lang='lat' dir='ltr'><strong>regnum</strong></span> 
     </span>
    </p>
   </div>
   <div class='ocr_carea' id='block_1_13' title="bbox 308 1470 1892 1541">
    <p class='ocr_par' dir='ltr' id='par_1_13' title="bbox 308 1470 1892 1541">
     <span class='ocr_line' id='line_1_13' title="bbox 308 1470 1892 1541; baseline -0.004 -10"><span class='ocrx_word' id='word_1_101' title='bbox 308 1475 692 1532; x_wconf 75' lang='lat' dir='ltr'><strong>adducendas?</strong></span> <span class='ocrx_word' id='word_1_102' title='bbox 738 1476 781 1529; x_wconf 89' lang='lat' dir='ltr'><strong>si</strong></span> <span class='ocrx_word' id='word_1_103' title='bbox 824 1474 962 1528; x_wconf 80' lang='lat' dir='ltr'><strong>absit</strong></span> <span class='ocrx_word' id='word_1_104' title='bbox 990 1482 1170 1528; x_wconf 89' lang='lat' dir='ltr'><strong>autem</strong></span> <span class='ocrx_word' id='word_1_105' title='bbox 1197 1514 1212 1539; x_wconf 93' lang='lat'><strong>,</strong></span> <span class='ocrx_word' id='word_1_106' title='bbox 1241 1472 1412 1525; x_wconf 89' lang='lat' dir='ltr'><strong>virum</strong></span> <span class='ocrx_word' id='word_1_107' title='bbox 1441 1470 1652 1541; x_wconf 87' lang='lat' dir='ltr'><strong>prodit,</strong></span> <span class='ocrx_word' id='word_1_108' title='bbox 1685 1470 1892 1525; x_wconf 87' lang='lat' dir='ltr'><strong>etiamsi</strong></span> 
     </span>
    </p>
   </div>
   <div class='ocr_carea' id='block_1_14' title="bbox 232 1559 1891 1640">
    <p class='ocr_par' dir='ltr' id='par_1_14' title="bbox 232 1559 1891 1640">
     <span class='ocr_line' id='line_1_14' title="bbox 232 1559 1891 1640; baseline -0.005 -18"><span class='ocrx_word' id='word_1_109' title='bbox 232 1596 244 1615; x_wconf 65' lang='grc' dir='ltr'><strong>κ</strong></span> <span class='ocrx_word' id='word_1_110' title='bbox 312 1571 479 1640; x_wconf 81' lang='lat' dir='ltr'><strong>possit</strong></span> <span class='ocrx_word' id='word_1_111' title='bbox 507 1565 796 1623; x_wconf 83' lang='lat' dir='ltr'><strong>ostendere</strong></span> <span class='ocrx_word' id='word_1_112' title='bbox 826 1564 972 1619; x_wconf 91' lang='lat' dir='ltr'><strong>mille</strong></span> <span class='ocrx_word' id='word_1_113' title='bbox 999 1564 1147 1634; x_wconf 82' lang='lat' dir='ltr'><strong>signa</strong></span> <span class='ocrx_word' id='word_1_114' title='bbox 1178 1571 1232 1617; x_wconf 90' lang='lat' dir='ltr'><strong>et</strong></span> <span class='ocrx_word' id='word_1_115' title='bbox 1273 1561 1538 1631; x_wconf 88' lang='lat' dir='ltr'><strong>prodigia.</strong></span> <span class='ocrx_word' id='word_1_116' title='bbox 1579 1560 1721 1615; x_wconf 87' lang='lat' dir='ltr'><strong>Nihil</strong></span> <span class='ocrx_word' id='word_1_117' title='bbox 1749 1559 1891 1615; x_wconf 91' lang='lat' dir='ltr'><strong>enim</strong></span> 
     </span>
    </p>
   </div>
   <div class='ocr_carea' id='block_1_15' title="bbox 310 1652 1891 1724">
    <p class='ocr_par' dir='ltr' id='par_1_15' title="bbox 310 1652 1891 1724">
     <span class='ocr_line' id='line_1_15' title="bbox 310 1652 1891 1724; baseline -0.006 -9"><span class='ocrx_word' id='word_1_118' title='bbox 310 1662 477 1715; x_wconf 81' lang='lat' dir='ltr'><strong>Deum</strong></span> <span class='ocrx_word' id='word_1_119' title='bbox 513 1666 655 1711; x_wconf 88' lang='lat' dir='ltr'><strong>tanta</strong></span> <span class='ocrx_word' id='word_1_120' title='bbox 683 1655 853 1711; x_wconf 83' lang='lat' dir='ltr'><strong>afﬁcit</strong></span> <span class='ocrx_word' id='word_1_121' title='bbox 884 1654 1086 1716; x_wconf 73' lang='lat' dir='ltr'><strong>ltctitia,</strong></span> <span class='ocrx_word' id='word_1_122' title='bbox 1119 1662 1315 1724; x_wconf 88' lang='lat' dir='ltr'><strong>quanta</strong></span> <span class='ocrx_word' id='word_1_123' title='bbox 1342 1654 1465 1707; x_wconf 79' lang='lat' dir='ltr'><strong>vita:</strong></span> <span class='ocrx_word' id='word_1_124' title='bbox 1509 1653 1645 1707; x_wconf 90' lang='lat' dir='ltr'><strong>bona</strong></span> <span class='ocrx_word' id='word_1_125' title='bbox 1678 1652 1891 1707; x_wconf 91' lang='lat' dir='ltr'><strong>institu-</strong></span> 
     </span>
    </p>
   </div>
   <div class='ocr_carea' id='block_1_16' title="bbox 310 1744 1891 1821">
    <p class='ocr_par' dir='ltr' id='par_1_16' title="bbox 310 1744 1891 1821">
     <span class='ocr_line' id='line_1_16' title="bbox 310 1744 1891 1821; baseline -0.003 -15"><span class='ocrx_word' id='word_1_126' title='bbox 310 1754 406 1807; x_wconf 87' lang='lat' dir='ltr'><strong>tio.</strong></span> <span class='ocrx_word' id='word_1_127' title='bbox 437 1751 499 1807; x_wconf 88' lang='lat' dir='ltr'><strong>Si</strong></span> <span class='ocrx_word' id='word_1_128' title='bbox 526 1750 737 1821; x_wconf 74' lang='lat' dir='ltr'><strong>diligitis</strong></span> <span class='ocrx_word' id='word_1_129' title='bbox 766 1764 876 1811; x_wconf 90' lang='lat' dir='ltr'><strong>me,</strong></span> <span class='ocrx_word' id='word_1_130' title='bbox 909 1746 1081 1817; x_wconf 90' lang='lat' dir='ltr'><strong>inquit</strong></span> <span class='ocrx_word' id='word_1_131' title='bbox 1104 1789 1119 1813; x_wconf 93' lang='lat'><strong>,</strong></span> <span class='ocrx_word' id='word_1_132' title='bbox 1151 1761 1259 1801; x_wconf 91' lang='lat' dir='ltr'><strong>non</strong></span> <span class='ocrx_word' id='word_1_133' title='bbox 1290 1746 1460 1810; x_wconf 80' lang='lat' dir='ltr'><strong>dixit,</strong></span> <span class='ocrx_word' id='word_1_134' title='bbox 1499 1745 1658 1817; x_wconf 88' lang='lat' dir='ltr'><strong>Signa</strong></span> <span class='ocrx_word' id='word_1_135' title='bbox 1690 1744 1846 1802; x_wconf 87' lang='lat' dir='ltr'><strong>facite</strong></span> <span class='ocrx_word' id='word_1_136' title='bbox 1874 1786 1891 1813; x_wconf 92' lang='lat'><strong>,</strong></span> 
     </span>
    </p>
   </div>
   <div class='ocr_carea' id='block_1_17' title="bbox 309 1836 1896 1912">
    <p class='ocr_par' dir='ltr' id='par_1_17' title="bbox 309 1836 1896 1912">
     <span class='ocr_line' id='line_1_17' title="bbox 309 1836 1896 1912; baseline -0.003 -16"><span class='ocrx_word' id='word_1_137' title='bbox 309 1843 407 1899; x_wconf 81' lang='lat' dir='ltr'><strong>sed</strong></span> <span class='ocrx_word' id='word_1_138' title='bbox 439 1840 603 1912; x_wconf 81' lang='lat' dir='ltr'><strong>quid?</strong></span> <span class='ocrx_word' id='word_1_139' title='bbox 648 1839 892 1893; x_wconf 85' lang='lat' dir='ltr'><strong>mandata</strong></span> <span class='ocrx_word' id='word_1_140' title='bbox 941 1854 1052 1892; x_wconf 79' lang='lat' dir='ltr'><strong>mea</strong></span> <span class='ocrx_word' id='word_1_141' title='bbox 1099 1846 1294 1891; x_wconf 79' lang='lat' dir='ltr'><strong>servate</strong></span> <span class='ocrx_word' id='word_1_142' title='bbox 1338 1836 1517 1910; x_wconf 81' lang='lat' dir='ltr'><strong>(Joan.</strong></span> <span class='ocrx_word' id='word_1_143' title='bbox 1547 1838 1637 1892; x_wconf 74' lang='grc'><strong>14.</strong></span> <span class='ocrx_word' id='word_1_144' title='bbox 1680 1837 1793 1906; x_wconf 79' lang='grc'><strong>15).</strong></span> <span class='ocrx_word' id='word_1_145' title='bbox 1827 1837 1896 1892; x_wconf 87' lang='lat' dir='ltr'><strong>Et</strong></span> 
     </span>
    </p>
   </div>
   <div class='ocr_carea' id='block_1_18' title="bbox 308 1927 1896 1998">
    <p class='ocr_par' dir='ltr' id='par_1_18' title="bbox 308 1927 1896 1998">
     <span class='ocr_line' id='line_1_18' title="bbox 308 1927 1896 1998; baseline -0.005 -8"><span class='ocrx_word' id='word_1_146' title='bbox 308 1947 534 1990; x_wconf 83' lang='lat' dir='ltr'><strong>rursus:</strong></span> <span class='ocrx_word' id='word_1_147' title='bbox 568 1931 772 1986; x_wconf 78' lang='lat' dir='ltr'><strong>Amicos</strong></span> <span class='ocrx_word' id='word_1_148' title='bbox 796 1946 883 1984; x_wconf 85' lang='lat' dir='ltr'><strong>vos</strong></span> <span class='ocrx_word' id='word_1_149' title='bbox 909 1929 1023 1983; x_wconf 85' lang='lat' dir='ltr'><strong>dico</strong></span> <span class='ocrx_word' id='word_1_150' title='bbox 1048 1970 1065 1996; x_wconf 95' lang='lat'><strong>,</strong></span> <span class='ocrx_word' id='word_1_151' title='bbox 1109 1943 1215 1983; x_wconf 91' lang='lat' dir='ltr'><strong>non</strong></span> <span class='ocrx_word' id='word_1_152' title='bbox 1246 1927 1461 1998; x_wconf 85' lang='lat' dir='ltr'><strong>quando</strong></span> <span class='ocrx_word' id='word_1_153' title='bbox 1487 1928 1750 1983; x_wconf 68' lang='lat' dir='ltr'><strong>dremonia</strong></span> <span class='ocrx_word' id='word_1_154' title='bbox 1780 1927 1896 1998; x_wconf 67' lang='lat' dir='ltr'><strong>ejeo</strong></span> 
     </span>
    </p>
   </div>
   <div class='ocr_carea' id='block_1_19' title="bbox 307 2014 1892 2088">
    <p class='ocr_par' dir='ltr' id='par_1_19' title="bbox 307 2014 1892 2088">
     <span class='ocr_line' id='line_1_19' title="bbox 307 2014 1892 2088; baseline -0.006 -7"><span class='ocrx_word' id='word_1_155' title='bbox 307 2026 489 2082; x_wconf 86' lang='lat' dir='ltr'><strong>ceritis</strong></span> <span class='ocrx_word' id='word_1_156' title='bbox 507 2065 522 2087; x_wconf 88' lang='lat'><strong>,</strong></span> <span class='ocrx_word' id='word_1_157' title='bbox 554 2020 687 2085; x_wconf 80' lang='lat' dir='ltr'><strong>scd,‘</strong></span> <span class='ocrx_word' id='word_1_158' title='bbox 717 2022 762 2077; x_wconf 86' lang='lat' dir='ltr'><strong>si</strong></span> <span class='ocrx_word' id='word_1_159' title='bbox 789 2035 1043 2075; x_wconf 85' lang='lat' dir='ltr'><strong>sermones</strong></span> <span class='ocrx_word' id='word_1_160' title='bbox 1067 2035 1203 2073; x_wconf 87' lang='lat' dir='ltr'><strong>meos</strong></span> <span class='ocrx_word' id='word_1_161' title='bbox 1237 2019 1550 2073; x_wconf 77' lang='lat' dir='ltr'><strong>servaveritis</strong></span> <span class='ocrx_word' id='word_1_162' title='bbox 1581 2014 1774 2088; x_wconf 80' lang='lat' dir='ltr'><strong>(Joan.</strong></span> <span class='ocrx_word' id='word_1_163' title='bbox 1802 2018 1892 2074; x_wconf 88' lang='grc'><strong>15.</strong></span> 
     </span>
    </p>
   </div>
   <div class='ocr_carea' id='block_1_20' title="bbox 311 2108 1890 2187">
    <p class='ocr_par' dir='ltr' id='par_1_20' title="bbox 311 2108 1890 2187">
     <span class='ocr_line' id='line_1_20' title="bbox 311 2108 1890 2187; baseline -0.006 -16"><span class='ocrx_word' id='word_1_164' title='bbox 311 2114 549 2187; x_wconf 81' lang='grc'><strong>10.15).</strong></span> <span class='ocrx_word' id='word_1_165' title='bbox 593 2113 724 2168; x_wconf 79' lang='lat' dir='ltr'><strong>Nam</strong></span> <span class='ocrx_word' id='word_1_166' title='bbox 777 2112 866 2167; x_wconf 91' lang='lat' dir='ltr'><strong>illa</strong></span> <span class='ocrx_word' id='word_1_167' title='bbox 893 2109 1109 2181; x_wconf 82' lang='lat' dir='ltr'><strong>quidem</strong></span> <span class='ocrx_word' id='word_1_168' title='bbox 1139 2117 1262 2165; x_wconf 89' lang='lat' dir='ltr'><strong>sunt</strong></span> <span class='ocrx_word' id='word_1_169' title='bbox 1290 2109 1417 2164; x_wconf 89' lang='lat' dir='ltr'><strong>doni</strong></span> <span class='ocrx_word' id='word_1_170' title='bbox 1461 2109 1588 2174; x_wconf 87' lang='lat' dir='ltr'><strong>Dei;</strong></span> <span class='ocrx_word' id='word_1_171' title='bbox 1641 2108 1757 2164; x_wconf 68' lang='lat' dir='ltr'><strong>haec</strong></span> <span class='ocrx_word' id='word_1_172' title='bbox 1801 2123 1890 2165; x_wconf 91' lang='lat' dir='ltr'><strong>an-</strong></span> 
     </span>
    </p>
   </div>
   <div class='ocr_carea' id='block_1_21' title="bbox 310 2198 1896 2276">
    <p class='ocr_par' dir='ltr' id='par_1_21' title="bbox 310 2198 1896 2276">
     <span class='ocr_line' id='line_1_21' title="bbox 310 2198 1896 2276; baseline -0.006 -15"><span class='ocrx_word' id='word_1_173' title='bbox 310 2217 418 2263; x_wconf 88' lang='lat' dir='ltr'><strong>tetn</strong></span> <span class='ocrx_word' id='word_1_174' title='bbox 451 2214 571 2276; x_wconf 91' lang='lat' dir='ltr'><strong>post</strong></span> <span class='ocrx_word' id='word_1_175' title='bbox 599 2203 798 2258; x_wconf 88' lang='lat' dir='ltr'><strong>dottnm</strong></span> <span class='ocrx_word' id='word_1_176' title='bbox 833 2201 927 2256; x_wconf 86' lang='lat' dir='ltr'><strong>Dei</strong></span> <span class='ocrx_word' id='word_1_177' title='bbox 967 2210 1091 2255; x_wconf 87' lang='lat' dir='ltr'><strong>sunt</strong></span> <span class='ocrx_word' id='word_1_178' title='bbox 1116 2200 1279 2255; x_wconf 86' lang='lat' dir='ltr'><strong>etiam</strong></span> <span class='ocrx_word' id='word_1_179' title='bbox 1304 2199 1472 2253; x_wconf 88' lang='lat' dir='ltr'><strong>nostri</strong></span> <span class='ocrx_word' id='word_1_180' title='bbox 1500 2199 1660 2253; x_wconf 89' lang='lat' dir='ltr'><strong>studii</strong></span> <span class='ocrx_word' id='word_1_181' title='bbox 1690 2209 1747 2255; x_wconf 89' lang='lat' dir='ltr'><strong>et</strong></span> <span class='ocrx_word' id='word_1_182' title='bbox 1775 2198 1896 2253; x_wconf 82' lang='lat' dir='ltr'><strong>dili-</strong></span> 
     </span>
    </p>
   </div>
   <div class='ocr_carea' id='block_1_22' title="bbox 308 2289 1896 2370">
    <p class='ocr_par' dir='ltr' id='par_1_22' title="bbox 308 2289 1896 2370">
     <span class='ocr_line' id='line_1_22' title="bbox 308 2289 1896 2370; baseline -0.006 -16"><span class='ocrx_word' id='word_1_183' title='bbox 308 2299 529 2370; x_wconf 67' lang='lat' dir='ltr'><strong>gentiae.</strong></span> <span class='ocrx_word' id='word_1_184' title='bbox 559 2294 883 2350; x_wconf 85' lang='lat' dir='ltr'><strong>Studeamus</strong></span> <span class='ocrx_word' id='word_1_185' title='bbox 911 2306 1032 2347; x_wconf 89' lang='lat' dir='ltr'><strong>esse</strong></span> <span class='ocrx_word' id='word_1_186' title='bbox 1065 2290 1221 2346; x_wconf 83' lang='lat' dir='ltr'><strong>amici</strong></span> <span class='ocrx_word' id='word_1_187' title='bbox 1256 2289 1381 2353; x_wconf 90' lang='lat' dir='ltr'><strong>Dei,</strong></span> <span class='ocrx_word' id='word_1_188' title='bbox 1406 2301 1460 2343; x_wconf 90' lang='lat' dir='ltr'><strong>et</strong></span> <span class='ocrx_word' id='word_1_189' title='bbox 1485 2304 1552 2343; x_wconf 88' lang='lat' dir='ltr'><strong>ne</strong></span> <span class='ocrx_word' id='word_1_190' title='bbox 1586 2304 1896 2344; x_wconf 89' lang='lat' dir='ltr'><strong>maneamus</strong></span> 
     </span>
    </p>
   </div>
   <div class='ocr_carea' id='block_1_23' title="bbox 315 2384 1889 2463">
    <p class='ocr_par' dir='ltr' id='par_1_23' title="bbox 315 2384 1889 2463">
     <span class='ocr_line' id='line_1_23' title="bbox 315 2384 1889 2463; baseline -0.009 -10"><span class='ocrx_word' id='word_1_191' title='bbox 315 2396 539 2454; x_wconf 87' lang='lat' dir='ltr'><strong>inimici.</strong></span> <span class='ocrx_word' id='word_1_192' title='bbox 574 2395 700 2451; x_wconf 68' lang='lat' dir='ltr'><strong>[Iace</strong></span> <span class='ocrx_word' id='word_1_193' title='bbox 724 2407 938 2463; x_wconf 88' lang='lat' dir='ltr'><strong>semper</strong></span> <span class='ocrx_word' id='word_1_194' title='bbox 960 2390 1210 2455; x_wconf 87' lang='lat' dir='ltr'><strong>dicimus,</strong></span> <span class='ocrx_word' id='word_1_195' title='bbox 1238 2387 1430 2442; x_wconf 87' lang='lat' dir='ltr'><strong>horum</strong></span> <span class='ocrx_word' id='word_1_196' title='bbox 1458 2398 1673 2456; x_wconf 82' lang='lat' dir='ltr'><strong>semper</strong></span> <span class='ocrx_word' id='word_1_197' title='bbox 1702 2384 1889 2440; x_wconf 39' lang='lat' dir='ltr'><strong>stimo,</strong></span> 
     </span>
    </p>
   </div>
   <div class='ocr_carea' id='block_1_24' title="bbox 309 2476 1910 2555">
    <p class='ocr_par' dir='ltr' id='par_1_24' title="bbox 309 2476 1910 2555">
     <span class='ocr_line' id='line_1_24' title="bbox 309 2476 1910 2555; baseline -0.01 -9"><span class='ocrx_word' id='word_1_198' title='bbox 309 2504 503 2546; x_wconf 86' lang='lat' dir='ltr'><strong>nemus</strong></span> <span class='ocrx_word' id='word_1_199' title='bbox 531 2496 589 2543; x_wconf 90' lang='lat' dir='ltr'><strong>ct</strong></span> <span class='ocrx_word' id='word_1_200' title='bbox 629 2486 876 2555; x_wconf 91' lang='lat' dir='ltr'><strong>nosipsos</strong></span> <span class='ocrx_word' id='word_1_201' title='bbox 901 2492 954 2539; x_wconf 89' lang='lat' dir='ltr'><strong>et</strong></span> <span class='ocrx_word' id='word_1_202' title='bbox 995 2496 1126 2548; x_wconf 85' lang='lat' dir='ltr'><strong>vos;</strong></span> <span class='ocrx_word' id='word_1_203' title='bbox 1153 2478 1248 2535; x_wconf 85' lang='lat' dir='ltr'><strong>sed</strong></span> <span class='ocrx_word' id='word_1_204' title='bbox 1300 2478 1433 2533; x_wconf 83' lang='lat' dir='ltr'><strong>nihil</strong></span> <span class='ocrx_word' id='word_1_205' title='bbox 1463 2478 1693 2546; x_wconf 90' lang='lat' dir='ltr'><strong>amplius</strong></span> <span class='ocrx_word' id='word_1_206' title='bbox 1722 2476 1910 2548; x_wconf 35' lang='lat' dir='ltr'><strong>efflet:</strong></span> 
     </span>
    </p>
   </div>
   <div class='ocr_carea' id='block_1_25' title="bbox 310 2568 1897 2647">
    <p class='ocr_par' dir='ltr' id='par_1_25' title="bbox 310 2568 1897 2647">
     <span class='ocr_line' id='line_1_25' title="bbox 310 2568 1897 2647; baseline -0.011 -9"><span class='ocrx_word' id='word_1_207' title='bbox 310 2597 432 2639; x_wconf 90' lang='lat' dir='ltr'><strong>mus</strong></span> <span class='ocrx_word' id='word_1_208' title='bbox 452 2623 468 2647; x_wconf 93' lang='lat'><strong>,</strong></span> <span class='ocrx_word' id='word_1_209' title='bbox 491 2588 548 2635; x_wconf 92' lang='lat' dir='ltr'><strong>ct</strong></span> <span class='ocrx_word' id='word_1_210' title='bbox 594 2578 715 2633; x_wconf 87' lang='lat' dir='ltr'><strong>ideo</strong></span> <span class='ocrx_word' id='word_1_211' title='bbox 744 2577 930 2631; x_wconf 90' lang='lat' dir='ltr'><strong>timeo.</strong></span> <span class='ocrx_word' id='word_1_212' title='bbox 963 2575 1029 2630; x_wconf 88' lang='lat' dir='ltr'><strong>Et</strong></span> <span class='ocrx_word' id='word_1_213' title='bbox 1059 2573 1253 2628; x_wconf 79' lang='lat' dir='ltr'><strong>vellem</strong></span> <span class='ocrx_word' id='word_1_214' title='bbox 1283 2570 1498 2641; x_wconf 89' lang='lat' dir='ltr'><strong>quidem</strong></span> <span class='ocrx_word' id='word_1_215' title='bbox 1547 2568 1763 2624; x_wconf 91' lang='lat' dir='ltr'><strong>siluisse</strong></span> <span class='ocrx_word' id='word_1_216' title='bbox 1782 2609 1798 2632; x_wconf 86' lang='lat'><strong>.</strong></span> <span class='ocrx_word' id='word_1_217' title='bbox 1831 2583 1897 2621; x_wconf 91' lang='lat' dir='ltr'><strong>ne</strong></span> 
     </span>
    </p>
   </div>
   <div class='ocr_carea' id='block_1_26' title="bbox 315 2661 1898 2741">
    <p class='ocr_par' dir='ltr' id='par_1_26' title="bbox 315 2661 1898 2741">
     <span class='ocr_line' id='line_1_26' title="bbox 315 2661 1898 2741; baseline -0.008 -13"><span class='ocrx_word' id='word_1_218' title='bbox 315 2676 464 2729; x_wconf 89' lang='lat' dir='ltr'><strong>vobis</strong></span> <span class='ocrx_word' id='word_1_219' title='bbox 494 2685 719 2741; x_wconf 79' lang='lat' dir='ltr'><strong>augeam</strong></span> <span class='ocrx_word' id='word_1_220' title='bbox 764 2667 1095 2738; x_wconf 88' lang='lat' dir='ltr'><strong>periculum:</strong></span> <span class='ocrx_word' id='word_1_221' title='bbox 1126 2679 1250 2719; x_wconf 90' lang='lat' dir='ltr'><strong>nam</strong></span> <span class='ocrx_word' id='word_1_222' title='bbox 1281 2677 1424 2733; x_wconf 65' lang='lat' dir='ltr'><strong>sa‘pe</strong></span> <span class='ocrx_word' id='word_1_223' title='bbox 1453 2661 1758 2717; x_wconf 89' lang='lat' dir='ltr'><strong>audientem</strong></span> <span class='ocrx_word' id='word_1_224' title='bbox 1793 2677 1898 2715; x_wconf 76' lang='lat' dir='ltr'><strong>nec</strong></span> 
     </span>
    </p>
   </div>
   <div class='ocr_carea' id='block_1_27' title="bbox 314 2753 1897 2836">
    <p class='ocr_par' dir='ltr' id='par_1_27' title="bbox 314 2753 1897 2836">
     <span class='ocr_line' id='line_1_27' title="bbox 314 2753 1897 2836; baseline -0.011 -14"><span class='ocrx_word' id='word_1_225' title='bbox 314 2768 395 2822; x_wconf 88' lang='lat' dir='ltr'><strong>sic</strong></span> <span class='ocrx_word' id='word_1_226' title='bbox 424 2765 637 2836; x_wconf 86' lang='lat' dir='ltr'><strong>quidem</strong></span> <span class='ocrx_word' id='word_1_227' title='bbox 669 2762 846 2816; x_wconf 90' lang='lat' dir='ltr'><strong>facere</strong></span> <span class='ocrx_word' id='word_1_228' title='bbox 866 2801 882 2825; x_wconf 94' lang='lat'><strong>,</strong></span> <span class='ocrx_word' id='word_1_229' title='bbox 928 2762 1030 2813; x_wconf 90' lang='lat' dir='ltr'><strong>hoc</strong></span> <span class='ocrx_word' id='word_1_230' title='bbox 1056 2767 1140 2813; x_wconf 87' lang='lat' dir='ltr'><strong>est</strong></span> <span class='ocrx_word' id='word_1_231' title='bbox 1188 2755 1470 2810; x_wconf 78' lang='lat' dir='ltr'><strong>Deminum</strong></span> <span class='ocrx_word' id='word_1_232' title='bbox 1503 2753 1716 2808; x_wconf 82' lang='lat' dir='ltr'><strong>irritare</strong></span> <span class='ocrx_word' id='word_1_233' title='bbox 1746 2770 1759 2805; x_wconf 90' lang='lat'>:</span> <span class='ocrx_word' id='word_1_234' title='bbox 1804 2753 1897 2806; x_wconf 86' lang='lat' dir='ltr'><strong>sed</strong></span> 
     </span>
    </p>
   </div>
   <div class='ocr_carea' id='block_1_28' title="bbox 317 2842 1899 2926">
    <p class='ocr_par' dir='ltr' id='par_1_28' title="bbox 317 2842 1899 2926">
     <span class='ocr_line' id='line_1_28' title="bbox 317 2842 1899 2926; baseline -0.011 -14"><span class='ocrx_word' id='word_1_235' title='bbox 317 2858 432 2925; x_wconf 88' lang='lat' dir='ltr'><strong>ipse</strong></span> <span class='ocrx_word' id='word_1_236' title='bbox 458 2870 671 2926; x_wconf 87' lang='lat' dir='ltr'><strong>quoque</strong></span> <span class='ocrx_word' id='word_1_237' title='bbox 706 2852 871 2907; x_wconf 90' lang='lat' dir='ltr'><strong>timeo</strong></span> <span class='ocrx_word' id='word_1_238' title='bbox 907 2848 1052 2903; x_wconf 87' lang='lat' dir='ltr'><strong>aliud</strong></span> <span class='ocrx_word' id='word_1_239' title='bbox 1095 2844 1389 2917; x_wconf 90' lang='lat' dir='ltr'><strong>periculum</strong></span> <span class='ocrx_word' id='word_1_240' title='bbox 1421 2842 1656 2906; x_wconf 80' lang='lat' dir='ltr'><strong>silentii,</strong></span> <span class='ocrx_word' id='word_1_241' title='bbox 1688 2843 1732 2897; x_wconf 91' lang='lat' dir='ltr'><strong>si</strong></span> <span class='ocrx_word' id='word_1_242' title='bbox 1767 2842 1899 2896; x_wconf 80' lang='lat' dir='ltr'><strong>tat-i-</strong></span> 
     </span>
    </p>
   </div>
   <div class='ocr_carea' id='block_1_29' title="bbox 319 2934 1901 3008">
    <p class='ocr_par' dir='ltr' id='par_1_29' title="bbox 319 2934 1901 3008">
     <span class='ocr_line' id='line_1_29' title="bbox 319 2934 1901 3008; baseline -0.009 -7"><span class='ocrx_word' id='word_1_243' title='bbox 319 2959 472 3001; x_wconf 87' lang='lat' dir='ltr'><strong>turus</strong></span> <span class='ocrx_word' id='word_1_244' title='bbox 500 2947 600 3000; x_wconf 84' lang='lat' dir='ltr'><strong>sim</strong></span> <span class='ocrx_word' id='word_1_245' title='bbox 627 2987 641 3008; x_wconf 92' lang='lat'><strong>,</strong></span> <span class='ocrx_word' id='word_1_246' title='bbox 671 2958 793 2998; x_wconf 91' lang='lat' dir='ltr'><strong>cum</strong></span> <span class='ocrx_word' id='word_1_247' title='bbox 823 2939 973 2996; x_wconf 85' lang='lat' dir='ltr'><strong>verbi</strong></span> <span class='ocrx_word' id='word_1_248' title='bbox 1002 2936 1359 2993; x_wconf 86' lang='lat' dir='ltr'><strong>ministerium</strong></span> <span class='ocrx_word' id='word_1_249' title='bbox 1388 2938 1452 2989; x_wconf 87' lang='lat' dir='ltr'><strong>sit</strong></span> <span class='ocrx_word' id='word_1_250' title='bbox 1485 2936 1617 2989; x_wconf 87' lang='lat' dir='ltr'><strong>ntihi</strong></span> <span class='ocrx_word' id='word_1_251' title='bbox 1646 2934 1901 2988; x_wconf 87' lang='lat' dir='ltr'><strong>commis-</strong></span> 
     </span>
    </p>
   </div>
   <div class='ocr_carea' id='block_1_30' title="bbox 320 3024 1904 3104">
    <p class='ocr_par' dir='ltr' id='par_1_30' title="bbox 320 3024 1904 3104">
     <span class='ocr_line' id='line_1_30' title="bbox 320 3024 1904 3104; baseline -0.009 -12"><span class='ocrx_word' id='word_1_252' title='bbox 320 3055 464 3095; x_wconf 88' lang='lat' dir='ltr'><strong>sum.</strong></span> <span class='ocrx_word' id='word_1_253' title='bbox 499 3036 635 3104; x_wconf 84' lang='lat' dir='ltr'><strong>Quid</strong></span> <span class='ocrx_word' id='word_1_254' title='bbox 664 3049 793 3104; x_wconf 80' lang='lat' dir='ltr'><strong>ergo</strong></span> <span class='ocrx_word' id='word_1_255' title='bbox 822 3032 1080 3087; x_wconf 88' lang='lat' dir='ltr'><strong>faciemus</strong></span> <span class='ocrx_word' id='word_1_256' title='bbox 1107 3037 1166 3082; x_wconf 92' lang='lat' dir='ltr'><strong>ut</strong></span> <span class='ocrx_word' id='word_1_257' title='bbox 1189 3028 1321 3082; x_wconf 89' lang='lat' dir='ltr'><strong>salvi</strong></span> <span class='ocrx_word' id='word_1_258' title='bbox 1346 3025 1553 3080; x_wconf 85' lang='lat' dir='ltr'><strong>simus?</strong></span> <span class='ocrx_word' id='word_1_259' title='bbox 1582 3024 1904 3093; x_wconf 86' lang='lat' dir='ltr'><strong>Incipiamus</strong></span> 
     </span>
    </p>
   </div>
   <div class='ocr_carea' id='block_1_31' title="bbox 321 3116 1905 3191">
    <p class='ocr_par' dir='ltr' id='par_1_31' title="bbox 321 3116 1905 3191">
     <span class='ocr_line' id='line_1_31' title="bbox 321 3116 1905 3191; baseline -0.01 -6"><span class='ocrx_word' id='word_1_260' title='bbox 321 3148 387 3185; x_wconf 74' lang='lat' dir='ltr'><strong>ex</strong></span> <span class='ocrx_word' id='word_1_261' title='bbox 443 3132 639 3184; x_wconf 81' lang='lat' dir='ltr'><strong>virtute</strong></span> <span class='ocrx_word' id='word_1_262' title='bbox 680 3128 897 3191; x_wconf 81' lang='lat' dir='ltr'><strong>vivere,</strong></span> <span class='ocrx_word' id='word_1_263' title='bbox 929 3122 1055 3177; x_wconf 94' lang='lat' dir='ltr'><strong>dum</strong></span> <span class='ocrx_word' id='word_1_264' title='bbox 1101 3130 1314 3189; x_wconf 85' lang='lat' dir='ltr'><strong>tempus</strong></span> <span class='ocrx_word' id='word_1_265' title='bbox 1355 3116 1905 3172; x_wconf 81' lang='lat' dir='ltr'><strong>habemuszvirtutes</strong></span> 
     </span>
    </p>
   </div>
   <div class='ocr_carea' id='block_1_32' title="bbox 324 3207 1906 3279">
    <p class='ocr_par' dir='ltr' id='par_1_32' title="bbox 324 3207 1906 3279">
     <span class='ocr_line' id='line_1_32' title="bbox 324 3207 1906 3279; baseline -0.009 -3"><span class='ocrx_word' id='word_1_266' title='bbox 324 3221 483 3276; x_wconf 87' lang='lat' dir='ltr'><strong>nobis</strong></span> <span class='ocrx_word' id='word_1_267' title='bbox 504 3217 919 3277; x_wconf 84' lang='lat' dir='ltr'><strong>distribuamus,</strong></span> <span class='ocrx_word' id='word_1_268' title='bbox 943 3213 1085 3267; x_wconf 92' lang='lat' dir='ltr'><strong>sicut</strong></span> <span class='ocrx_word' id='word_1_269' title='bbox 1117 3209 1500 3279; x_wconf 77' lang='lat' dir='ltr'><strong>agriculturam</strong></span> <span class='ocrx_word' id='word_1_270' title='bbox 1527 3207 1778 3278; x_wconf 74' lang='lat' dir='ltr'><strong>agricola:</strong></span> <span class='ocrx_word' id='word_1_271' title='bbox 1803 3223 1816 3263; x_wconf 93' lang='lat'><strong>:</strong></span> <span class='ocrx_word' id='word_1_272' title='bbox 1854 3208 1906 3261; x_wconf 92' lang='lat' dir='ltr'><strong>in</strong></span> 
     </span>
    </p>
   </div>
   <div class='ocr_carea' id='block_1_33' title="bbox 908 347 1900 420">
    <p class='ocr_par' dir='ltr' id='par_1_33' title="bbox 908 351 1876 420">
     <span class='ocr_line' id='line_1_33' title="bbox 908 351 1876 420; baseline -0.013 1"><span class='ocrx_word' id='word_1_273' title='bbox 908 394 916 403; x_wconf 87' lang='lat'><strong><em>-</em></strong></span> <span class='ocrx_word' id='word_1_274' title='bbox 1001 362 1058 420; x_wconf 69' lang='grc' dir='ltr'><strong>Β.</strong></span> <span class='ocrx_word' id='word_1_275' title='bbox 1098 359 1373 419; x_wconf 65' lang='grc' dir='ltr'><strong>ΙΟᾹΝΝΙΞ</strong></span> <span class='ocrx_word' id='word_1_276' title='bbox 1408 351 1876 415; x_wconf 71' lang='lat' dir='ltr'><strong>CllRYSOS‘I&#39;OMI</strong></span> 
     </span>
    </p>
   </div>
   <div class='ocr_carea' id='block_1_34' title="bbox 2004 347 2792 420">
    <p class='ocr_par' dir='ltr' id='par_1_34' title="bbox 2009 347 2792 407">
     <span class='ocr_line' id='line_1_34' title="bbox 2009 347 2792 407; baseline -0.005 0"><span class='ocrx_word' id='word_1_277' title='bbox 2009 350 2225 407; x_wconf 82' lang='lat' dir='ltr'><strong>ClllEP.</strong></span> <span class='ocrx_word' id='word_1_278' title='bbox 2265 347 2792 407; x_wconf 73' lang='lat' dir='ltr'><strong>CONSTANTlNOP.</strong></span> 
     </span>
    </p>
   </div>
   <div class='ocr_carea' id='block_1_35' title="bbox 3448 343 3551 402">
    <p class='ocr_par' dir='ltr' id='par_1_35' title="bbox 3448 343 3551 402">
     <span class='ocr_line' id='line_1_35' title="bbox 3448 343 3551 402; baseline 0.019 -2"><span class='ocrx_word' id='word_1_279' title='bbox 3448 343 3551 402; x_wconf 67' lang='lat' dir='ltr'><strong>Hi</strong></span> 
     </span>
    </p>
   </div>
   <div class='ocr_carea' id='block_1_36' title="bbox 1988 453 3568 529">
    <p class='ocr_par' dir='ltr' id='par_1_36' title="bbox 1988 453 3568 529">
     <span class='ocr_line' id='line_1_36' title="bbox 1988 453 3568 529; baseline -0.003 -15"><span class='ocrx_word' id='word_1_280' title='bbox 1988 460 2091 515; x_wconf 88' lang='lat' dir='ltr'><strong>hoc</strong></span> <span class='ocrx_word' id='word_1_281' title='bbox 2116 474 2301 515; x_wconf 84' lang='lat' dir='ltr'><strong>mense</strong></span> <span class='ocrx_word' id='word_1_282' title='bbox 2327 473 2695 529; x_wconf 80' lang='lat' dir='ltr'><strong>expugnemus</strong></span> <span class='ocrx_word' id='word_1_283' title='bbox 2724 453 3068 511; x_wconf 81' lang='lat' dir='ltr'><strong>maledictum</strong></span> <span class='ocrx_word' id='word_1_284' title='bbox 3095 495 3111 519; x_wconf 92' lang='lat'><strong>,</strong></span> <span class='ocrx_word' id='word_1_285' title='bbox 3142 457 3526 512; x_wconf 84' lang='lat' dir='ltr'><strong>contumeliam</strong></span> <span class='ocrx_word' id='word_1_286' title='bbox 3553 498 3568 519; x_wconf 88' lang='lat'><strong>,</strong></span> 
     </span>
    </p>
   </div>
   <div class='ocr_carea' id='block_1_37' title="bbox 1987 544 3671 621">
    <p class='ocr_par' dir='ltr' id='par_1_37' title="bbox 1987 544 3671 621">
     <span class='ocr_line' id='line_1_37' title="bbox 1987 544 3671 621; baseline -0.005 -17"><span class='ocrx_word' id='word_1_287' title='bbox 1987 549 2122 605; x_wconf 89' lang='lat' dir='ltr'><strong>iram</strong></span> <span class='ocrx_word' id='word_1_288' title='bbox 2155 550 2403 621; x_wconf 87' lang='lat' dir='ltr'><strong>injustam</strong></span> <span class='ocrx_word' id='word_1_289' title='bbox 2428 588 2442 612; x_wconf 89' lang='lat'><strong>,</strong></span> <span class='ocrx_word' id='word_1_290' title='bbox 2470 558 2524 603; x_wconf 93' lang='lat' dir='ltr'><strong>et</strong></span> <span class='ocrx_word' id='word_1_291' title='bbox 2551 547 2707 602; x_wconf 89' lang='lat' dir='ltr'><strong>nobis</strong></span> <span class='ocrx_word' id='word_1_292' title='bbox 2733 547 3073 615; x_wconf 87' lang='lat' dir='ltr'><strong>imponamus</strong></span> <span class='ocrx_word' id='word_1_293' title='bbox 3103 544 3274 621; x_wconf 87' lang='lat' dir='ltr'><strong>legem</strong></span> <span class='ocrx_word' id='word_1_294' title='bbox 3296 587 3312 611; x_wconf 94' lang='lat'><strong>,</strong></span> <span class='ocrx_word' id='word_1_295' title='bbox 3340 555 3396 601; x_wconf 88' lang='lat' dir='ltr'><strong>et</strong></span> <span class='ocrx_word' id='word_1_296' title='bbox 3418 547 3579 602; x_wconf 85' lang='lat' dir='ltr'><strong>dica--</strong></span> <span class='ocrx_word' id='word_1_297' title='bbox 3664 591 3671 596; x_wconf 86' lang='lat'><strong>.</strong></span> 
     </span>
    </p>
   </div>
   <div class='ocr_carea' id='block_1_38' title="bbox 1988 637 3572 708">
    <p class='ocr_par' dir='ltr' id='par_1_38' title="bbox 1988 637 3572 708">
     <span class='ocr_line' id='line_1_38' title="bbox 1988 637 3572 708; baseline 0 -11"><span class='ocrx_word' id='word_1_298' title='bbox 1988 657 2141 708; x_wconf 92' lang='lat' dir='ltr'><strong>mus,</strong></span> <span class='ocrx_word' id='word_1_299' title='bbox 2173 642 2342 697; x_wconf 90' lang='lat' dir='ltr'><strong>llodie</strong></span> <span class='ocrx_word' id='word_1_300' title='bbox 2391 641 2493 695; x_wconf 89' lang='lat' dir='ltr'><strong>hoc</strong></span> <span class='ocrx_word' id='word_1_301' title='bbox 2521 650 2665 695; x_wconf 87' lang='lat' dir='ltr'><strong>recte</strong></span> <span class='ocrx_word' id='word_1_302' title='bbox 2704 638 2962 693; x_wconf 82' lang='lat' dir='ltr'><strong>faciemus</strong></span> <span class='ocrx_word' id='word_1_303' title='bbox 3009 655 3023 692; x_wconf 88' lang='lat'><strong>:</strong></span> <span class='ocrx_word' id='word_1_304' title='bbox 3066 646 3121 692; x_wconf 86' lang='lat' dir='ltr'><strong>et</strong></span> <span class='ocrx_word' id='word_1_305' title='bbox 3158 640 3210 691; x_wconf 90' lang='lat' dir='ltr'><strong>in</strong></span> <span class='ocrx_word' id='word_1_306' title='bbox 3251 637 3358 691; x_wconf 85' lang='lat' dir='ltr'><strong>alio</strong></span> <span class='ocrx_word' id='word_1_307' title='bbox 3386 654 3572 697; x_wconf 80' lang='lat' dir='ltr'><strong>mense</strong></span> 
     </span>
    </p>
   </div>
   <div class='ocr_carea' id='block_1_39' title="bbox 1987 728 3569 805">
    <p class='ocr_par' dir='ltr' id='par_1_39' title="bbox 1987 728 3569 805">
     <span class='ocr_line' id='line_1_39' title="bbox 1987 728 3569 805; baseline -0.004 -16"><span class='ocrx_word' id='word_1_308' title='bbox 1987 749 2088 789; x_wconf 91' lang='lat' dir='ltr'><strong>nos</strong></span> <span class='ocrx_word' id='word_1_309' title='bbox 2110 736 2255 805; x_wconf 92' lang='lat' dir='ltr'><strong>ipsos</strong></span> <span class='ocrx_word' id='word_1_310' title='bbox 2281 733 2572 788; x_wconf 87' lang='lat' dir='ltr'><strong>doceamus</strong></span> <span class='ocrx_word' id='word_1_311' title='bbox 2599 730 2913 801; x_wconf 86' lang='lat' dir='ltr'><strong>patientiam</strong></span> <span class='ocrx_word' id='word_1_312' title='bbox 2940 769 2956 795; x_wconf 92' lang='lat'><strong>,</strong></span> <span class='ocrx_word' id='word_1_313' title='bbox 2985 736 3041 783; x_wconf 91' lang='lat' dir='ltr'><strong>et</strong></span> <span class='ocrx_word' id='word_1_314' title='bbox 3067 728 3121 783; x_wconf 93' lang='lat' dir='ltr'><strong>in</strong></span> <span class='ocrx_word' id='word_1_315' title='bbox 3147 728 3254 784; x_wconf 91' lang='lat' dir='ltr'><strong>alio</strong></span> <span class='ocrx_word' id='word_1_316' title='bbox 3277 729 3435 783; x_wconf 85' lang='lat' dir='ltr'><strong>aliam</strong></span> <span class='ocrx_word' id='word_1_317' title='bbox 3460 731 3569 784; x_wconf 85' lang='lat' dir='ltr'><strong>vir-</strong></span> 
     </span>
    </p>
   </div>
   <div class='ocr_carea' id='block_1_40' title="bbox 1989 820 3678 894">
    <p class='ocr_par' dir='ltr' id='par_1_40' title="bbox 1989 820 3678 894">
     <span class='ocr_line' id='line_1_40' title="bbox 1989 820 3678 894; baseline -0.004 -12"><span class='ocrx_word' id='word_1_318' title='bbox 1989 835 2155 882; x_wconf 88' lang='lat' dir='ltr'><strong>tutem</strong></span> <span class='ocrx_word' id='word_1_319' title='bbox 2184 869 2200 894; x_wconf 93' lang='lat'><strong>,</strong></span> <span class='ocrx_word' id='word_1_320' title='bbox 2241 836 2295 881; x_wconf 90' lang='lat' dir='ltr'><strong>et</strong></span> <span class='ocrx_word' id='word_1_321' title='bbox 2320 841 2442 880; x_wconf 92' lang='lat' dir='ltr'><strong>cum</strong></span> <span class='ocrx_word' id='word_1_322' title='bbox 2470 824 2535 878; x_wconf 91' lang='lat' dir='ltr'><strong>ad</strong></span> <span class='ocrx_word' id='word_1_323' title='bbox 2560 823 2716 892; x_wconf 84' lang='lat' dir='ltr'><strong>hujus</strong></span> <span class='ocrx_word' id='word_1_324' title='bbox 2743 820 2956 877; x_wconf 91' lang='lat' dir='ltr'><strong>virtutis</strong></span> <span class='ocrx_word' id='word_1_325' title='bbox 2987 822 3388 892; x_wconf 89' lang='lat' dir='ltr'><strong>pervenerimus</strong></span> <span class='ocrx_word' id='word_1_326' title='bbox 3417 822 3570 878; x_wconf 88' lang='lat' dir='ltr'><strong>habi-</strong></span> <span class='ocrx_word' id='word_1_327' title='bbox 3668 830 3678 839; x_wconf 90' lang='lat'><strong>&#39;</strong></span> 
     </span>
    </p>
   </div>
   <div class='ocr_carea' id='block_1_41' title="bbox 1989 912 3573 984">
    <p class='ocr_par' dir='ltr' id='par_1_41' title="bbox 1989 912 3573 984">
     <span class='ocr_line' id='line_1_41' title="bbox 1989 912 3573 984; baseline -0.003 -11"><span class='ocrx_word' id='word_1_328' title='bbox 1989 928 2100 974; x_wconf 90' lang='lat' dir='ltr'><strong>tum</strong></span> <span class='ocrx_word' id='word_1_329' title='bbox 2126 961 2141 984; x_wconf 96' lang='lat'><strong>,</strong></span> <span class='ocrx_word' id='word_1_330' title='bbox 2187 918 2465 973; x_wconf 83' lang='lat' dir='ltr'><strong>veniamus</strong></span> <span class='ocrx_word' id='word_1_331' title='bbox 2484 916 2550 970; x_wconf 87' lang='lat' dir='ltr'><strong>ad</strong></span> <span class='ocrx_word' id='word_1_332' title='bbox 2581 917 2757 980; x_wconf 89' lang='lat' dir='ltr'><strong>aliam,</strong></span> <span class='ocrx_word' id='word_1_333' title='bbox 2789 913 2924 970; x_wconf 90' lang='lat' dir='ltr'><strong>sicut</strong></span> <span class='ocrx_word' id='word_1_334' title='bbox 2958 913 3012 968; x_wconf 90' lang='lat' dir='ltr'><strong>itt</strong></span> <span class='ocrx_word' id='word_1_335' title='bbox 3039 912 3336 982; x_wconf 85' lang='lat' dir='ltr'><strong>disciplinis</strong></span> <span class='ocrx_word' id='word_1_336' title='bbox 3365 928 3426 967; x_wconf 89' lang='lat' dir='ltr'><strong>ea</strong></span> <span class='ocrx_word' id='word_1_337' title='bbox 3453 929 3573 982; x_wconf 77' lang='lat' dir='ltr'><strong>qua:</strong></span> 
     </span>
    </p>
   </div>
   <div class='ocr_carea' id='block_1_42' title="bbox 1992 1004 3576 1078">
    <p class='ocr_par' dir='ltr' id='par_1_42' title="bbox 1992 1004 3576 1078">
     <span class='ocr_line' id='line_1_42' title="bbox 1992 1004 3576 1078; baseline -0.006 -11"><span class='ocrx_word' id='word_1_338' title='bbox 1992 1019 2120 1067; x_wconf 90' lang='lat' dir='ltr'><strong>sunt</strong></span> <span class='ocrx_word' id='word_1_339' title='bbox 2148 1009 2409 1078; x_wconf 86' lang='lat' dir='ltr'><strong>acquisita</strong></span> <span class='ocrx_word' id='word_1_340' title='bbox 2438 1017 2756 1070; x_wconf 80' lang='lat' dir='ltr'><strong>servantes,</strong></span> <span class='ocrx_word' id='word_1_341' title='bbox 2798 1014 2854 1060; x_wconf 89' lang='lat' dir='ltr'><strong>et</strong></span> <span class='ocrx_word' id='word_1_342' title='bbox 2891 1005 2994 1058; x_wconf 89' lang='lat' dir='ltr'><strong>alia</strong></span> <span class='ocrx_word' id='word_1_343' title='bbox 3042 1012 3398 1059; x_wconf 87' lang='lat' dir='ltr'><strong>assumentes.</strong></span> <span class='ocrx_word' id='word_1_344' title='bbox 3447 1004 3576 1058; x_wconf 83' lang='lat' dir='ltr'><strong>Pest</strong></span> 
     </span>
    </p>
   </div>
   <div class='ocr_carea' id='block_1_43' title="bbox 1992 1096 3572 1166">
    <p class='ocr_par' dir='ltr' id='par_1_43' title="bbox 1992 1096 3572 1166">
     <span class='ocr_line' id='line_1_43' title="bbox 1992 1096 3572 1166; baseline -0.006 -8"><span class='ocrx_word' id='word_1_345' title='bbox 1992 1103 2136 1158; x_wconf 85' lang='lat' dir='ltr'><strong>illam</strong></span> <span class='ocrx_word' id='word_1_346' title='bbox 2167 1100 2446 1156; x_wconf 85' lang='lat' dir='ltr'><strong>veniamus</strong></span> <span class='ocrx_word' id='word_1_347' title='bbox 2485 1099 2556 1153; x_wconf 88' lang='lat' dir='ltr'><strong>ad</strong></span> <span class='ocrx_word' id='word_1_348' title='bbox 2598 1105 2965 1165; x_wconf 85' lang='lat' dir='ltr'><strong>contemptum</strong></span> <span class='ocrx_word' id='word_1_349' title='bbox 3009 1097 3295 1166; x_wconf 65' lang='lat' dir='ltr'><strong>pecunias:</strong></span> <span class='ocrx_word' id='word_1_350' title='bbox 3339 1096 3572 1166; x_wconf 86' lang='lat' dir='ltr'><strong>primum</strong></span> 
     </span>
    </p>
   </div>
   <div class='ocr_carea' id='block_1_44' title="bbox 1992 1185 3575 1256">
    <p class='ocr_par' dir='ltr' id='par_1_44' title="bbox 1992 1185 3575 1256">
     <span class='ocr_line' id='line_1_44' title="bbox 1992 1185 3575 1256; baseline -0.005 -8"><span class='ocrx_word' id='word_1_351' title='bbox 1992 1208 2183 1248; x_wconf 87' lang='lat' dir='ltr'><strong>manus</strong></span> <span class='ocrx_word' id='word_1_352' title='bbox 2222 1191 2593 1248; x_wconf 90' lang='lat' dir='ltr'><strong>contineamus</strong></span> <span class='ocrx_word' id='word_1_353' title='bbox 2647 1188 2717 1243; x_wconf 88' lang='lat' dir='ltr'><strong>ab</strong></span> <span class='ocrx_word' id='word_1_354' title='bbox 2767 1186 2991 1242; x_wconf 81' lang='lat' dir='ltr'><strong>avaritia</strong></span> <span class='ocrx_word' id='word_1_355' title='bbox 3040 1194 3097 1241; x_wconf 89' lang='lat' dir='ltr'><strong>et</strong></span> <span class='ocrx_word' id='word_1_356' title='bbox 3143 1187 3294 1256; x_wconf 87' lang='lat' dir='ltr'><strong>plura</strong></span> <span class='ocrx_word' id='word_1_357' title='bbox 3343 1185 3575 1242; x_wconf 87' lang='lat' dir='ltr'><strong>habendi</strong></span> 
     </span>
    </p>
   </div>
   <div class='ocr_carea' id='block_1_45' title="bbox 1998 1280 3577 1356">
    <p class='ocr_par' dir='ltr' id='par_1_45' title="bbox 1998 1280 3577 1356">
     <span class='ocr_line' id='line_1_45' title="bbox 1998 1280 3577 1356; baseline -0.004 -17"><span class='ocrx_word' id='word_1_358' title='bbox 1998 1284 2311 1356; x_wconf 88' lang='lat' dir='ltr'><strong>cupiditate,</strong></span> <span class='ocrx_word' id='word_1_359' title='bbox 2340 1291 2395 1338; x_wconf 89' lang='lat' dir='ltr'><strong>et</strong></span> <span class='ocrx_word' id='word_1_360' title='bbox 2423 1291 2549 1336; x_wconf 91' lang='lat' dir='ltr'><strong>tunc</strong></span> <span class='ocrx_word' id='word_1_361' title='bbox 2579 1280 2834 1335; x_wconf 83' lang='lat' dir='ltr'><strong>faciamus</strong></span> <span class='ocrx_word' id='word_1_362' title='bbox 2862 1280 3256 1351; x_wconf 82' lang='lat' dir='ltr'><strong>eleemosynam</strong></span> <span class='ocrx_word' id='word_1_363' title='bbox 3284 1297 3297 1333; x_wconf 91' lang='lat'><strong>:</strong></span> <span class='ocrx_word' id='word_1_364' title='bbox 3329 1295 3433 1334; x_wconf 92' lang='lat' dir='ltr'><strong>non</strong></span> <span class='ocrx_word' id='word_1_365' title='bbox 3461 1294 3577 1334; x_wconf 86' lang='lat' dir='ltr'><strong>om-</strong></span> 
     </span>
    </p>
   </div>
   <div class='ocr_carea' id='block_1_46' title="bbox 1994 1369 3578 1438">
    <p class='ocr_par' dir='ltr' id='par_1_46' title="bbox 1994 1369 3578 1438">
     <span class='ocr_line' id='line_1_46' title="bbox 1994 1369 3578 1438; baseline -0.003 -9"><span class='ocrx_word' id='word_1_366' title='bbox 1994 1376 2081 1429; x_wconf 89' lang='lat' dir='ltr'><strong>nia</strong></span> <span class='ocrx_word' id='word_1_367' title='bbox 2114 1385 2317 1429; x_wconf 88' lang='lat' dir='ltr'><strong>temere</strong></span> <span class='ocrx_word' id='word_1_368' title='bbox 2343 1370 2755 1437; x_wconf 89' lang='lat' dir='ltr'><strong>confundamus,</strong></span> <span class='ocrx_word' id='word_1_369' title='bbox 2789 1369 2975 1424; x_wconf 87' lang='lat' dir='ltr'><strong>iisdem</strong></span> <span class='ocrx_word' id='word_1_370' title='bbox 3005 1369 3252 1423; x_wconf 74' lang='lat' dir='ltr'><strong>manibus</strong></span> <span class='ocrx_word' id='word_1_371' title='bbox 3280 1377 3335 1424; x_wconf 90' lang='lat' dir='ltr'><strong>et</strong></span> <span class='ocrx_word' id='word_1_372' title='bbox 3364 1371 3578 1438; x_wconf 81' lang='lat' dir='ltr'><strong>rapien-</strong></span> 
     </span>
    </p>
   </div>
   <div class='ocr_carea' id='block_1_47' title="bbox 1997 1458 3579 1531">
    <p class='ocr_par' dir='ltr' id='par_1_47' title="bbox 1997 1458 3579 1531">
     <span class='ocr_line' id='line_1_47' title="bbox 1997 1458 3579 1531; baseline -0.005 -9"><span class='ocrx_word' id='word_1_373' title='bbox 1997 1477 2079 1522; x_wconf 91' lang='lat' dir='ltr'><strong>tes</strong></span> <span class='ocrx_word' id='word_1_374' title='bbox 2103 1474 2158 1521; x_wconf 90' lang='lat' dir='ltr'><strong>et</strong></span> <span class='ocrx_word' id='word_1_375' title='bbox 2186 1465 2378 1519; x_wconf 88' lang='lat' dir='ltr'><strong>dantes</strong></span> <span class='ocrx_word' id='word_1_376' title='bbox 2406 1463 2805 1531; x_wconf 82' lang='lat' dir='ltr'><strong>eleemosynam</strong></span> <span class='ocrx_word' id='word_1_377' title='bbox 2832 1478 2845 1513; x_wconf 89' lang='lat'><strong>:</strong></span> <span class='ocrx_word' id='word_1_378' title='bbox 2880 1469 3063 1529; x_wconf 83' lang='lat' dir='ltr'><strong>postea</strong></span> <span class='ocrx_word' id='word_1_379' title='bbox 3105 1459 3173 1514; x_wconf 90' lang='lat' dir='ltr'><strong>ad</strong></span> <span class='ocrx_word' id='word_1_380' title='bbox 3220 1458 3376 1515; x_wconf 84' lang='lat' dir='ltr'><strong>aliam</strong></span> <span class='ocrx_word' id='word_1_381' title='bbox 3408 1461 3579 1514; x_wconf 56' lang='lat' dir='ltr'><strong>virtu-</strong></span> 
     </span>
    </p>
   </div>
   <div class='ocr_carea' id='block_1_48' title="bbox 2000 1549 3580 1622">
    <p class='ocr_par' dir='ltr' id='par_1_48' title="bbox 2000 1549 3580 1622">
     <span class='ocr_line' id='line_1_48' title="bbox 2000 1549 3580 1622; baseline -0.005 -10"><span class='ocrx_word' id='word_1_382' title='bbox 2000 1567 2105 1614; x_wconf 88' lang='lat' dir='ltr'><strong>lem</strong></span> <span class='ocrx_word' id='word_1_383' title='bbox 2128 1599 2144 1622; x_wconf 91' lang='lat'><strong>,</strong></span> <span class='ocrx_word' id='word_1_384' title='bbox 2174 1564 2230 1611; x_wconf 89' lang='lat' dir='ltr'><strong>et</strong></span> <span class='ocrx_word' id='word_1_385' title='bbox 2257 1555 2326 1610; x_wconf 90' lang='lat' dir='ltr'><strong>ab</strong></span> <span class='ocrx_word' id='word_1_386' title='bbox 2357 1554 2445 1609; x_wconf 88' lang='lat' dir='ltr'><strong>illa</strong></span> <span class='ocrx_word' id='word_1_387' title='bbox 2473 1552 2539 1607; x_wconf 90' lang='lat' dir='ltr'><strong>ad</strong></span> <span class='ocrx_word' id='word_1_388' title='bbox 2565 1552 2744 1606; x_wconf 90' lang='lat' dir='ltr'><strong>aliam.</strong></span> <span class='ocrx_word' id='word_1_389' title='bbox 2783 1549 3067 1621; x_wconf 85' lang='lat' dir='ltr'><strong>Turpitudo</strong></span> <span class='ocrx_word' id='word_1_390' title='bbox 3113 1560 3159 1604; x_wconf 91' lang='lat' dir='ltr'><strong>et</strong></span> <span class='ocrx_word' id='word_1_391' title='bbox 3206 1552 3580 1620; x_wconf 75' lang='lat' dir='ltr'><strong>stultiloquium</strong></span> 
     </span>
    </p>
   </div>
   <div class='ocr_carea' id='block_1_49' title="bbox 1999 1642 3580 1715">
    <p class='ocr_par' dir='ltr' id='par_1_49' title="bbox 1999 1642 3580 1715">
     <span class='ocr_line' id='line_1_49' title="bbox 1999 1642 3580 1715; baseline -0.004 -11"><span class='ocrx_word' id='word_1_392' title='bbox 1999 1660 2046 1704; x_wconf 89' lang='lat' dir='ltr'><strong>et</strong></span> <span class='ocrx_word' id='word_1_393' title='bbox 2083 1647 2367 1704; x_wconf 82' lang='lat' dir='ltr'><strong>scurrilitas</strong></span> <span class='ocrx_word' id='word_1_394' title='bbox 2398 1662 2460 1700; x_wconf 87' lang='lat' dir='ltr'><strong>ne</strong></span> <span class='ocrx_word' id='word_1_395' title='bbox 2503 1645 2792 1699; x_wconf 83' lang='lat' dir='ltr'><strong>nominetur</strong></span> <span class='ocrx_word' id='word_1_396' title='bbox 2819 1643 3024 1714; x_wconf 79' lang='lat' dir='ltr'><strong>quidem</strong></span> <span class='ocrx_word' id='word_1_397' title='bbox 3062 1643 3202 1711; x_wconf 83' lang='lat' dir='ltr'><strong>apud</strong></span> <span class='ocrx_word' id='word_1_398' title='bbox 3238 1660 3324 1697; x_wconf 80' lang='lat' dir='ltr'><strong>vos</strong></span> <span class='ocrx_word' id='word_1_399' title='bbox 3360 1642 3580 1715; x_wconf 87' lang='lat' dir='ltr'><strong>(Ep/tes.</strong></span> 
     </span>
    </p>
   </div>
   <div class='ocr_carea' id='block_1_50' title="bbox 1999 1732 3591 1808">
    <p class='ocr_par' dir='ltr' id='par_1_50' title="bbox 1999 1732 3591 1808">
     <span class='ocr_line' id='line_1_50' title="bbox 1999 1732 3591 1808; baseline -0.003 -14"><span class='ocrx_word' id='word_1_400' title='bbox 1999 1740 2053 1795; x_wconf 85' lang='lat'><strong>5.</strong></span> <span class='ocrx_word' id='word_1_401' title='bbox 2114 1737 2194 1808; x_wconf 73' lang='grc'><strong>4).</strong></span> <span class='ocrx_word' id='word_1_402' title='bbox 2254 1736 2380 1791; x_wconf 82' lang='lat' dir='ltr'><strong>Haec</strong></span> <span class='ocrx_word' id='word_1_403' title='bbox 2419 1735 2631 1790; x_wconf 90' lang='lat' dir='ltr'><strong>interim</strong></span> <span class='ocrx_word' id='word_1_404' title='bbox 2667 1741 2814 1788; x_wconf 88' lang='lat' dir='ltr'><strong>recte</strong></span> <span class='ocrx_word' id='word_1_405' title='bbox 2863 1747 3136 1803; x_wconf 78' lang='lat' dir='ltr'><strong>geramus.</strong></span> <span class='ocrx_word' id='word_1_406' title='bbox 3185 1732 3304 1787; x_wconf 85' lang='lat' dir='ltr'><strong>Non</strong></span> <span class='ocrx_word' id='word_1_407' title='bbox 3333 1749 3467 1803; x_wconf 88' lang='lat' dir='ltr'><strong>opus</strong></span> <span class='ocrx_word' id='word_1_408' title='bbox 3500 1743 3591 1790; x_wconf 82' lang='lat' dir='ltr'><strong>est</strong></span> 
     </span>
    </p>
   </div>
   <div class='ocr_carea' id='block_1_51' title="bbox 1999 1821 3591 1897">
    <p class='ocr_par' dir='ltr' id='par_1_51' title="bbox 1999 1821 3591 1897">
     <span class='ocr_line' id='line_1_51' title="bbox 1999 1821 3591 1897; baseline -0.001 -14"><span class='ocrx_word' id='word_1_409' title='bbox 1999 1838 2212 1897; x_wconf 88' lang='lat' dir='ltr'><strong>sumptu</strong></span> <span class='ocrx_word' id='word_1_410' title='bbox 2236 1868 2251 1893; x_wconf 91' lang='lat'><strong>,</strong></span> <span class='ocrx_word' id='word_1_411' title='bbox 2296 1840 2401 1881; x_wconf 92' lang='lat' dir='ltr'><strong>non</strong></span> <span class='ocrx_word' id='word_1_412' title='bbox 2441 1825 2661 1890; x_wconf 85' lang='lat' dir='ltr'><strong>labore,</strong></span> <span class='ocrx_word' id='word_1_413' title='bbox 2691 1839 2796 1879; x_wconf 92' lang='lat' dir='ltr'><strong>non</strong></span> <span class='ocrx_word' id='word_1_414' title='bbox 2827 1821 3062 1878; x_wconf 87' lang='lat' dir='ltr'><strong>sudore:</strong></span> <span class='ocrx_word' id='word_1_415' title='bbox 3092 1822 3289 1878; x_wconf 88' lang='lat' dir='ltr'><strong>sufticit</strong></span> <span class='ocrx_word' id='word_1_416' title='bbox 3317 1824 3457 1880; x_wconf 87' lang='lat' dir='ltr'><strong>velle</strong></span> <span class='ocrx_word' id='word_1_417' title='bbox 3477 1865 3492 1890; x_wconf 89' lang='lat'><strong>,</strong></span> <span class='ocrx_word' id='word_1_418' title='bbox 3530 1835 3591 1882; x_wconf 82' lang='lat' dir='ltr'><strong>et</strong></span> 
     </span>
    </p>
   </div>
   <div class='ocr_carea' id='block_1_52' title="bbox 2002 1916 3588 1986">
    <p class='ocr_par' dir='ltr' id='par_1_52' title="bbox 2002 1916 3588 1986">
     <span class='ocr_line' id='line_1_52' title="bbox 2002 1916 3588 1986; baseline -0.003 -9"><span class='ocrx_word' id='word_1_419' title='bbox 2002 1918 2250 1977; x_wconf 84' lang='lat' dir='ltr'><strong>confecta</strong></span> <span class='ocrx_word' id='word_1_420' title='bbox 2279 1925 2406 1973; x_wconf 90' lang='lat' dir='ltr'><strong>sunt</strong></span> <span class='ocrx_word' id='word_1_421' title='bbox 2426 1919 2625 1972; x_wconf 86' lang='lat' dir='ltr'><strong>omnia.</strong></span> <span class='ocrx_word' id='word_1_422' title='bbox 2654 1916 2770 1972; x_wconf 82' lang='lat' dir='ltr'><strong>Non</strong></span> <span class='ocrx_word' id='word_1_423' title='bbox 2795 1926 2874 1972; x_wconf 89' lang='lat' dir='ltr'><strong>est</strong></span> <span class='ocrx_word' id='word_1_424' title='bbox 2902 1930 3038 1986; x_wconf 88' lang='lat' dir='ltr'><strong>opus</strong></span> <span class='ocrx_word' id='word_1_425' title='bbox 3065 1931 3310 1986; x_wconf 81' lang='lat' dir='ltr'><strong>magnam</strong></span> <span class='ocrx_word' id='word_1_426' title='bbox 3334 1918 3471 1973; x_wconf 84' lang='lat' dir='ltr'><strong>viam</strong></span> <span class='ocrx_word' id='word_1_427' title='bbox 3499 1920 3588 1973; x_wconf 87' lang='lat' dir='ltr'><strong>in-</strong></span> 
     </span>
    </p>
   </div>
   <div class='ocr_carea' id='block_1_53' title="bbox 2002 2007 3591 2083">
    <p class='ocr_par' dir='ltr' id='par_1_53' title="bbox 2002 2007 3591 2083">
     <span class='ocr_line' id='line_1_53' title="bbox 2002 2007 3591 2083; baseline -0.003 -17"><span class='ocrx_word' id='word_1_428' title='bbox 2002 2010 2173 2083; x_wconf 88' lang='lat' dir='ltr'><strong>gredi,</strong></span> <span class='ocrx_word' id='word_1_429' title='bbox 2204 2023 2376 2079; x_wconf 89' lang='lat' dir='ltr'><strong>neque</strong></span> <span class='ocrx_word' id='word_1_430' title='bbox 2402 2009 2718 2063; x_wconf 89' lang='lat' dir='ltr'><strong>immensum</strong></span> <span class='ocrx_word' id='word_1_431' title='bbox 2767 2021 2915 2062; x_wconf 89' lang='lat' dir='ltr'><strong>mare</strong></span> <span class='ocrx_word' id='word_1_432' title='bbox 2942 2007 3320 2075; x_wconf 82' lang='lat' dir='ltr'><strong>transmittere,</strong></span> <span class='ocrx_word' id='word_1_433' title='bbox 3352 2008 3445 2064; x_wconf 88' lang='lat' dir='ltr'><strong>sed</strong></span> <span class='ocrx_word' id='word_1_434' title='bbox 3475 2021 3591 2064; x_wconf 83' lang='lat' dir='ltr'><strong>sut-</strong></span> 
     </span>
    </p>
   </div>
   <div class='ocr_carea' id='block_1_54' title="bbox 1998 2095 3581 2173">
    <p class='ocr_par' dir='ltr' id='par_1_54' title="bbox 1998 2095 3581 2173">
     <span class='ocr_line' id='line_1_54' title="bbox 1998 2095 3581 2173; baseline 0.001 -20"><span class='ocrx_word' id='word_1_435' title='bbox 1998 2103 2139 2156; x_wconf 86' lang='lat' dir='ltr'><strong>dium</strong></span> <span class='ocrx_word' id='word_1_436' title='bbox 2176 2099 2430 2157; x_wconf 87' lang='lat' dir='ltr'><strong>adbibere</strong></span> <span class='ocrx_word' id='word_1_437' title='bbox 2466 2111 2521 2157; x_wconf 91' lang='lat' dir='ltr'><strong>et</strong></span> <span class='ocrx_word' id='word_1_438' title='bbox 2553 2118 2672 2159; x_wconf 90' lang='lat' dir='ltr'><strong>esse</strong></span> <span class='ocrx_word' id='word_1_439' title='bbox 2712 2112 2956 2173; x_wconf 90' lang='lat' dir='ltr'><strong>prompto</strong></span> <span class='ocrx_word' id='word_1_440' title='bbox 2984 2114 3036 2158; x_wconf 87' lang='lat' dir='ltr'><strong>ct</strong></span> <span class='ocrx_word' id='word_1_441' title='bbox 3068 2095 3228 2157; x_wconf 81' lang='lat' dir='ltr'><strong>alacri</strong></span> <span class='ocrx_word' id='word_1_442' title='bbox 3272 2103 3451 2157; x_wconf 87' lang='lat' dir='ltr'><strong>animo</strong></span> <span class='ocrx_word' id='word_1_443' title='bbox 3474 2141 3489 2165; x_wconf 92' lang='lat'><strong>,</strong></span> <span class='ocrx_word' id='word_1_444' title='bbox 3518 2109 3581 2154; x_wconf 86' lang='lat' dir='ltr'><strong>et</strong></span> 
     </span>
    </p>
   </div>
   <div class='ocr_carea' id='block_1_55' title="bbox 2001 2191 3582 2265">
    <p class='ocr_par' dir='ltr' id='par_1_55' title="bbox 2001 2191 3582 2265">
     <span class='ocr_line' id='line_1_55' title="bbox 2001 2191 3582 2265; baseline 0.001 -21"><span class='ocrx_word' id='word_1_445' title='bbox 2001 2192 2190 2261; x_wconf 77' lang='lat' dir='ltr'><strong>linguae.</strong></span> <span class='ocrx_word' id='word_1_446' title='bbox 2221 2191 2426 2247; x_wconf 89' lang='lat' dir='ltr'><strong>frenum</strong></span> <span class='ocrx_word' id='word_1_447' title='bbox 2446 2194 2718 2263; x_wconf 87' lang='lat' dir='ltr'><strong>imponere</strong></span> <span class='ocrx_word' id='word_1_448' title='bbox 2741 2204 2923 2250; x_wconf 90' lang='lat' dir='ltr'><strong>contra</strong></span> <span class='ocrx_word' id='word_1_449' title='bbox 2947 2195 3273 2265; x_wconf 84' lang='lat' dir='ltr'><strong>importunas</strong></span> <span class='ocrx_word' id='word_1_450' title='bbox 3299 2202 3582 2248; x_wconf 88' lang='lat' dir='ltr'><strong>contume-</strong></span> 
     </span>
    </p>
   </div>
   <div class='ocr_carea' id='block_1_56' title="bbox 2001 2280 3580 2353">
    <p class='ocr_par' dir='ltr' id='par_1_56' title="bbox 2001 2280 3580 2353">
     <span class='ocr_line' id='line_1_56' title="bbox 2001 2280 3580 2353; baseline 0.001 -19"><span class='ocrx_word' id='word_1_451' title='bbox 2001 2281 2116 2336; x_wconf 86' lang='lat' dir='ltr'><strong>lias.</strong></span> <span class='ocrx_word' id='word_1_452' title='bbox 2153 2280 2293 2344; x_wconf 88' lang='lat' dir='ltr'><strong>lras,</strong></span> <span class='ocrx_word' id='word_1_453' title='bbox 2330 2281 2565 2353; x_wconf 75' lang='lat' dir='ltr'><strong>impurus</strong></span> <span class='ocrx_word' id='word_1_454' title='bbox 2606 2283 2888 2347; x_wconf 88' lang='lat' dir='ltr'><strong>libidines,</strong></span> <span class='ocrx_word' id='word_1_455' title='bbox 2914 2283 3170 2347; x_wconf 89' lang='lat' dir='ltr'><strong>delicias,</strong></span> <span class='ocrx_word' id='word_1_456' title='bbox 3203 2294 3450 2353; x_wconf 84' lang='lat' dir='ltr'><strong>sumptus</strong></span> <span class='ocrx_word' id='word_1_457' title='bbox 3491 2280 3580 2335; x_wconf 85' lang='lat' dir='ltr'><strong>ni-</strong></span> 
     </span>
    </p>
   </div>
   <div class='ocr_carea' id='block_1_57' title="bbox 2002 2374 3583 2445">
    <p class='ocr_par' dir='ltr' id='par_1_57' title="bbox 2002 2374 3583 2445">
     <span class='ocr_line' id='line_1_57' title="bbox 2002 2374 3583 2445; baseline -0.001 -19"><span class='ocrx_word' id='word_1_458' title='bbox 2002 2375 2173 2438; x_wconf 89' lang='lat' dir='ltr'><strong>mios,</strong></span> <span class='ocrx_word' id='word_1_459' title='bbox 2224 2375 2466 2442; x_wconf 64' lang='lat' dir='ltr'><strong>pecunias</strong></span> <span class='ocrx_word' id='word_1_460' title='bbox 2506 2376 2863 2444; x_wconf 82' lang='lat' dir='ltr'><strong>cupiditates,</strong></span> <span class='ocrx_word' id='word_1_461' title='bbox 2898 2376 3127 2445; x_wconf 73' lang='lat' dir='ltr'><strong>periuria</strong></span> <span class='ocrx_word' id='word_1_462' title='bbox 3178 2384 3234 2430; x_wconf 88' lang='lat' dir='ltr'><strong>et</strong></span> <span class='ocrx_word' id='word_1_463' title='bbox 3275 2374 3583 2443; x_wconf 77' lang='lat' dir='ltr'><strong>iuramenta</strong></span> 
     </span>
    </p>
   </div>
   <div class='ocr_carea' id='block_1_58' title="bbox 2001 2463 3584 2534">
    <p class='ocr_par' dir='ltr' id='par_1_58' title="bbox 2001 2463 3584 2534">
     <span class='ocr_line' id='line_1_58' title="bbox 2001 2463 3584 2534; baseline 0 -19"><span class='ocrx_word' id='word_1_464' title='bbox 2001 2463 2213 2517; x_wconf 83' lang='lat' dir='ltr'><strong>assidua</strong></span> <span class='ocrx_word' id='word_1_465' title='bbox 2244 2479 2271 2517; x_wconf 90' lang='lat' dir='ltr'><strong>a</strong></span> <span class='ocrx_word' id='word_1_466' title='bbox 2306 2476 2482 2520; x_wconf 75' lang='lat' dir='ltr'><strong>n0stra</strong></span> <span class='ocrx_word' id='word_1_467' title='bbox 2505 2480 2571 2519; x_wconf 80' lang='lat' dir='ltr'><strong>ex</strong></span> <span class='ocrx_word' id='word_1_468' title='bbox 2584 2466 2846 2534; x_wconf 86' lang='lat' dir='ltr'><strong>pellamus</strong></span> <span class='ocrx_word' id='word_1_469' title='bbox 2874 2467 3072 2520; x_wconf 87' lang='lat' dir='ltr'><strong>anima.</strong></span> <span class='ocrx_word' id='word_1_470' title='bbox 3106 2464 3164 2521; x_wconf 91' lang='lat' dir='ltr'><strong>Si</strong></span> <span class='ocrx_word' id='word_1_471' title='bbox 3193 2480 3290 2520; x_wconf 92' lang='lat' dir='ltr'><strong>nos</strong></span> <span class='ocrx_word' id='word_1_472' title='bbox 3316 2465 3393 2519; x_wconf 91' lang='lat' dir='ltr'><strong>sic</strong></span> <span class='ocrx_word' id='word_1_473' title='bbox 3430 2464 3584 2517; x_wconf 77' lang='lat' dir='ltr'><strong>cola-</strong></span> 
     </span>
    </p>
   </div>
   <div class='ocr_carea' id='block_1_59' title="bbox 2005 2554 3586 2625">
    <p class='ocr_par' dir='ltr' id='par_1_59' title="bbox 2005 2554 3586 2625">
     <span class='ocr_line' id='line_1_59' title="bbox 2005 2554 3586 2625; baseline -0.001 -18"><span class='ocrx_word' id='word_1_474' title='bbox 2005 2568 2154 2620; x_wconf 86' lang='lat' dir='ltr'><strong>mus,</strong></span> <span class='ocrx_word' id='word_1_475' title='bbox 2187 2554 2368 2624; x_wconf 89' lang='lat' dir='ltr'><strong>spinas</strong></span> <span class='ocrx_word' id='word_1_476' title='bbox 2404 2570 2522 2623; x_wconf 74' lang='lat' dir='ltr'><strong>qua:</strong></span> <span class='ocrx_word' id='word_1_477' title='bbox 2566 2557 2713 2625; x_wconf 89' lang='lat' dir='ltr'><strong>prius</strong></span> <span class='ocrx_word' id='word_1_478' title='bbox 2740 2566 2894 2610; x_wconf 84' lang='lat' dir='ltr'><strong>erant</strong></span> <span class='ocrx_word' id='word_1_479' title='bbox 2937 2556 3228 2611; x_wconf 85' lang='lat' dir='ltr'><strong>cvellentes</strong></span> <span class='ocrx_word' id='word_1_480' title='bbox 3252 2596 3267 2619; x_wconf 92' lang='lat'><strong>,</strong></span> <span class='ocrx_word' id='word_1_481' title='bbox 3299 2564 3354 2609; x_wconf 92' lang='lat' dir='ltr'><strong>et</strong></span> <span class='ocrx_word' id='word_1_482' title='bbox 3386 2567 3586 2607; x_wconf 83' lang='lat' dir='ltr'><strong>semen</strong></span> 
     </span>
    </p>
   </div>
   <div class='ocr_carea' id='block_1_60' title="bbox 2004 2644 3589 2715">
    <p class='ocr_par' dir='ltr' id='par_1_60' title="bbox 2004 2644 3589 2715">
     <span class='ocr_line' id='line_1_60' title="bbox 2004 2644 3589 2715; baseline -0.001 -17"><span class='ocrx_word' id='word_1_483' title='bbox 2004 2645 2218 2700; x_wconf 67' lang='lat' dir='ltr'><strong>caeleste</strong></span> <span class='ocrx_word' id='word_1_484' title='bbox 2249 2644 2571 2713; x_wconf 87' lang='lat' dir='ltr'><strong>injicientes,</strong></span> <span class='ocrx_word' id='word_1_485' title='bbox 2600 2649 2899 2715; x_wconf 87' lang='lat' dir='ltr'><strong>poterimus</strong></span> <span class='ocrx_word' id='word_1_486' title='bbox 2924 2647 3062 2701; x_wconf 89' lang='lat' dir='ltr'><strong>bona</strong></span> <span class='ocrx_word' id='word_1_487' title='bbox 3096 2646 3357 2714; x_wconf 89' lang='lat' dir='ltr'><strong>promissa</strong></span> <span class='ocrx_word' id='word_1_488' title='bbox 3389 2656 3589 2697; x_wconf 79' lang='lat' dir='ltr'><strong>conso-</strong></span> 
     </span>
    </p>
   </div>
   <div class='ocr_carea' id='block_1_61' title="bbox 1997 2740 3597 2813">
    <p class='ocr_par' dir='ltr' id='par_1_61' title="bbox 1997 2740 3597 2813">
     <span class='ocr_line' id='line_1_61' title="bbox 1997 2740 3597 2813; baseline 0.001 -19"><span class='ocrx_word' id='word_1_489' title='bbox 1997 2740 2109 2810; x_wconf 91' lang='lat' dir='ltr'><strong>qui.</strong></span> <span class='ocrx_word' id='word_1_490' title='bbox 2159 2740 2358 2796; x_wconf 74' lang='lat' dir='ltr'><strong>Veniet</strong></span> <span class='ocrx_word' id='word_1_491' title='bbox 2380 2741 2522 2796; x_wconf 91' lang='lat' dir='ltr'><strong>enim</strong></span> <span class='ocrx_word' id='word_1_492' title='bbox 2563 2743 2794 2813; x_wconf 82' lang='lat' dir='ltr'><strong>agricola</strong></span> <span class='ocrx_word' id='word_1_493' title='bbox 2821 2783 2837 2809; x_wconf 93' lang='lat'><strong>,</strong></span> <span class='ocrx_word' id='word_1_494' title='bbox 2867 2752 2922 2796; x_wconf 81' lang='lat' dir='ltr'><strong>et</strong></span> <span class='ocrx_word' id='word_1_495' title='bbox 2967 2759 3064 2797; x_wconf 89' lang='lat' dir='ltr'><strong>nos</strong></span> <span class='ocrx_word' id='word_1_496' title='bbox 3106 2752 3331 2812; x_wconf 85' lang='lat' dir='ltr'><strong>reponet</strong></span> <span class='ocrx_word' id='word_1_497' title='bbox 3378 2743 3432 2797; x_wconf 91' lang='lat' dir='ltr'><strong>in</strong></span> <span class='ocrx_word' id='word_1_498' title='bbox 3459 2743 3597 2797; x_wconf 84' lang='lat' dir='ltr'><strong>hor-</strong></span> 
     </span>
    </p>
   </div>
   <div class='ocr_carea' id='block_1_62' title="bbox 2015 2832 3599 2903">
    <p class='ocr_par' dir='ltr' id='par_1_62' title="bbox 2015 2832 3599 2903">
     <span class='ocr_line' id='line_1_62' title="bbox 2015 2832 3599 2903; baseline 0 -16"><span class='ocrx_word' id='word_1_499' title='bbox 2015 2848 2188 2896; x_wconf 90' lang='lat' dir='ltr'><strong>reum,</strong></span> <span class='ocrx_word' id='word_1_500' title='bbox 2217 2841 2271 2888; x_wconf 92' lang='lat' dir='ltr'><strong>et</strong></span> <span class='ocrx_word' id='word_1_501' title='bbox 2298 2833 2432 2887; x_wconf 88' lang='lat' dir='ltr'><strong>bona</strong></span> <span class='ocrx_word' id='word_1_502' title='bbox 2464 2832 2641 2887; x_wconf 90' lang='lat' dir='ltr'><strong>omnia</strong></span> <span class='ocrx_word' id='word_1_503' title='bbox 2668 2847 3095 2903; x_wconf 83' lang='lat' dir='ltr'><strong>consequemur:</strong></span> <span class='ocrx_word' id='word_1_504' title='bbox 3120 2850 3238 2903; x_wconf 72' lang='lat' dir='ltr'><strong>qua:</strong></span> <span class='ocrx_word' id='word_1_505' title='bbox 3258 2833 3413 2888; x_wconf 89' lang='lat' dir='ltr'><strong>detur</strong></span> <span class='ocrx_word' id='word_1_506' title='bbox 3436 2833 3599 2887; x_wconf 82' lang='lat' dir='ltr'><strong>nobis</strong></span> 
     </span>
    </p>
   </div>
   <div class='ocr_carea' id='block_1_63' title="bbox 2016 2925 3600 2997">
    <p class='ocr_par' dir='ltr' id='par_1_63' title="bbox 2016 2925 3600 2997">
     <span class='ocr_line' id='line_1_63' title="bbox 2016 2925 3600 2997; baseline -0.002 -19"><span class='ocrx_word' id='word_1_507' title='bbox 2016 2925 2263 2979; x_wconf 90' lang='lat' dir='ltr'><strong>omnibus</strong></span> <span class='ocrx_word' id='word_1_508' title='bbox 2289 2925 2536 2981; x_wconf 85' lang='lat' dir='ltr'><strong>obtinere</strong></span> <span class='ocrx_word' id='word_1_509' title='bbox 2560 2964 2577 2992; x_wconf 90' lang='lat'><strong>,</strong></span> <span class='ocrx_word' id='word_1_510' title='bbox 2606 2926 2777 2995; x_wconf 85' lang='lat' dir='ltr'><strong>gratia</strong></span> <span class='ocrx_word' id='word_1_511' title='bbox 2808 2936 2859 2979; x_wconf 83' lang='lat' dir='ltr'><strong>et</strong></span> <span class='ocrx_word' id='word_1_512' title='bbox 2893 2926 3218 2997; x_wconf 84' lang='lat' dir='ltr'><strong>benignitate</strong></span> <span class='ocrx_word' id='word_1_513' title='bbox 3245 2927 3452 2981; x_wconf 86' lang='lat' dir='ltr'><strong>Domini</strong></span> <span class='ocrx_word' id='word_1_514' title='bbox 3485 2940 3600 2979; x_wconf 82' lang='lat' dir='ltr'><strong>no-</strong></span> 
     </span>
    </p>
   </div>
   <div class='ocr_carea' id='block_1_64' title="bbox 2018 3012 3602 3086">
    <p class='ocr_par' dir='ltr' id='par_1_64' title="bbox 2018 3012 3602 3086">
     <span class='ocr_line' id='line_1_64' title="bbox 2018 3012 3602 3086; baseline 0 -17"><span class='ocrx_word' id='word_1_515' title='bbox 2018 3016 2114 3069; x_wconf 91' lang='lat' dir='ltr'><strong>stri</strong></span> <span class='ocrx_word' id='word_1_516' title='bbox 2144 3016 2269 3070; x_wconf 85' lang='lat' dir='ltr'><strong>Jesu</strong></span> <span class='ocrx_word' id='word_1_517' title='bbox 2299 3015 2541 3082; x_wconf 90' lang='lat' dir='ltr'><strong>Christi,</strong></span> <span class='ocrx_word' id='word_1_518' title='bbox 2595 3032 2716 3071; x_wconf 90' lang='lat' dir='ltr'><strong>cum</strong></span> <span class='ocrx_word' id='word_1_519' title='bbox 2764 3032 2870 3086; x_wconf 90' lang='lat' dir='ltr'><strong>quo</strong></span> <span class='ocrx_word' id='word_1_520' title='bbox 2900 3016 3044 3071; x_wconf 89' lang='lat' dir='ltr'><strong>Patri</strong></span> <span class='ocrx_word' id='word_1_521' title='bbox 3089 3033 3191 3070; x_wconf 87' lang='lat' dir='ltr'><strong>una</strong></span> <span class='ocrx_word' id='word_1_522' title='bbox 3231 3012 3352 3072; x_wconf 84' lang='lat' dir='ltr'><strong>cum</strong></span> <span class='ocrx_word' id='word_1_523' title='bbox 3405 3026 3602 3071; x_wconf 80' lang='lat' dir='ltr'><strong>sancto</strong></span> 
     </span>
    </p>
   </div>
   <div class='ocr_carea' id='block_1_65' title="bbox 2018 3106 3607 3177">
    <p class='ocr_par' dir='ltr' id='par_1_65' title="bbox 2018 3106 3607 3177">
     <span class='ocr_line' id='line_1_65' title="bbox 2018 3106 3607 3177; baseline 0 -15"><span class='ocrx_word' id='word_1_524' title='bbox 2018 3106 2219 3176; x_wconf 86' lang='lat' dir='ltr'><strong>Spiritu</strong></span> <span class='ocrx_word' id='word_1_525' title='bbox 2245 3107 2413 3176; x_wconf 79' lang='lat' dir='ltr'><strong>gloria</strong></span> <span class='ocrx_word' id='word_1_526' title='bbox 2441 3149 2456 3172; x_wconf 88' lang='lat'><strong>,</strong></span> <span class='ocrx_word' id='word_1_527' title='bbox 2488 3108 2768 3177; x_wconf 89' lang='lat' dir='ltr'><strong>imperium</strong></span> <span class='ocrx_word' id='word_1_528' title='bbox 2796 3149 2810 3171; x_wconf 93' lang='lat'><strong>,</strong></span> <span class='ocrx_word' id='word_1_529' title='bbox 2859 3107 3030 3162; x_wconf 90' lang='lat' dir='ltr'><strong>honor</strong></span> <span class='ocrx_word' id='word_1_530' title='bbox 3058 3118 3111 3162; x_wconf 92' lang='lat' dir='ltr'><strong>et</strong></span> <span class='ocrx_word' id='word_1_531' title='bbox 3139 3107 3379 3162; x_wconf 84' lang='lat' dir='ltr'><strong>adoratio</strong></span> <span class='ocrx_word' id='word_1_532' title='bbox 3398 3148 3414 3174; x_wconf 94' lang='lat'><strong>,</strong></span> <span class='ocrx_word' id='word_1_533' title='bbox 3449 3122 3607 3162; x_wconf 90' lang='lat' dir='ltr'><strong>nunc</strong></span> 
     </span>
    </p>
   </div>
   <div class='ocr_carea' id='block_1_66' title="bbox 2017 3198 3306 3277">
    <p class='ocr_par' dir='ltr' id='par_1_66' title="bbox 2017 3198 3306 3277">
     <span class='ocr_line' id='line_1_66' title="bbox 2017 3198 3306 3277; baseline -0.001 -24"><span class='ocrx_word' id='word_1_534' title='bbox 2017 3208 2071 3253; x_wconf 92' lang='lat' dir='ltr'><strong>et</strong></span> <span class='ocrx_word' id='word_1_535' title='bbox 2100 3214 2333 3277; x_wconf 79' lang='lat' dir='ltr'><strong>semper,</strong></span> <span class='ocrx_word' id='word_1_536' title='bbox 2361 3208 2416 3254; x_wconf 89' lang='lat' dir='ltr'><strong>et</strong></span> <span class='ocrx_word' id='word_1_537' title='bbox 2442 3200 2492 3252; x_wconf 90' lang='lat' dir='ltr'><strong>in</strong></span> <span class='ocrx_word' id='word_1_538' title='bbox 2524 3198 2718 3254; x_wconf 74' lang='lat' dir='ltr'><strong>szccula</strong></span> <span class='ocrx_word' id='word_1_539' title='bbox 2749 3199 3085 3254; x_wconf 66' lang='lat' dir='ltr'><strong>sasculorum.</strong></span> <span class='ocrx_word' id='word_1_540' title='bbox 3115 3201 3306 3255; x_wconf 81' lang='lat' dir='ltr'><strong>Amen.</strong></span> 
     </span>
    </p>
   </div>
   <div class='ocr_carea' id='block_1_67' title="bbox 330 3363 3582 3388">
    <p class='ocr_par' dir='ltr' id='par_1_67' title="bbox 330 3363 3582 3388">
     <span class='ocr_line' id='line_1_67' title="bbox 330 3363 3582 3388; baseline -0.006 0"><span class='ocrx_word' id='word_1_541' title='bbox 330 3363 3582 3388; x_wconf 61' lang='lat' dir='ltr'><strong>Mm</strong></span> 
     </span>
    </p>
   </div>
   <div class='ocr_carea' id='block_1_68' title="bbox 1728 3439 2322 3503">
    <p class='ocr_par' dir='ltr' id='par_1_68' title="bbox 1728 3439 2322 3503">
     <span class='ocr_line' id='line_1_68' title="bbox 1728 3439 2322 3503; baseline -0.003 0"><span class='ocrx_word' id='word_1_542' title='bbox 1728 3440 2074 3503; x_wconf 75' lang='lat' dir='ltr'><strong>HOMILIA</strong></span> <span class='ocrx_word' id='word_1_543' title='bbox 2117 3439 2322 3501; x_wconf 77' lang='lat' dir='ltr'><strong>XXV.</strong></span> 
     </span>
    </p>
   </div>
   <div class='ocr_carea' id='block_1_69' title="bbox 326 3566 1914 3631">
    <p class='ocr_par' dir='ltr' id='par_1_69' title="bbox 326 3566 1914 3631">
     <span class='ocr_line' id='line_1_69' title="bbox 326 3566 1914 3631; baseline -0.009 -1"><span class='ocrx_word' id='word_1_544' title='bbox 326 3575 454 3630; x_wconf 72' lang='lat' dir='ltr'><strong>Csr.</strong></span> <span class='ocrx_word' id='word_1_545' title='bbox 488 3574 572 3628; x_wconf 86' lang='grc'><strong>11.</strong></span> <span class='ocrx_word' id='word_1_546' title='bbox 610 3573 697 3628; x_wconf 86' lang='grc'><strong>17.</strong></span> <span class='ocrx_word' id='word_1_547' title='bbox 734 3571 866 3626; x_wconf 82' lang='lat' dir='ltr'><strong>Fide</strong></span> <span class='ocrx_word' id='word_1_548' title='bbox 896 3571 1087 3626; x_wconf 74' lang='lat' dir='ltr'><strong>obtulit</strong></span> <span class='ocrx_word' id='word_1_549' title='bbox 1112 3569 1369 3624; x_wconf 80' lang='lat' dir='ltr'><strong>Abraham</strong></span> <span class='ocrx_word' id='word_1_550' title='bbox 1390 3566 1575 3631; x_wconf 82' lang='lat' dir='ltr'><strong>Isaac,</strong></span> <span class='ocrx_word' id='word_1_551' title='bbox 1607 3580 1716 3618; x_wconf 88' lang='lat' dir='ltr'><strong>cum</strong></span> <span class='ocrx_word' id='word_1_552' title='bbox 1749 3571 1914 3617; x_wconf 85' lang='lat' dir='ltr'><strong>tenta-</strong></span> 
     </span>
    </p>
   </div>
   <div class='ocr_carea' id='block_1_70' title="bbox 396 3659 1914 3735">
    <p class='ocr_par' dir='ltr' id='par_1_70' title="bbox 396 3659 1914 3735">
     <span class='ocr_line' id='line_1_70' title="bbox 396 3659 1914 3735; baseline -0.009 -15"><span class='ocrx_word' id='word_1_553' title='bbox 396 3676 556 3731; x_wconf 84' lang='lat' dir='ltr'><strong>retur,</strong></span> <span class='ocrx_word' id='word_1_554' title='bbox 575 3675 622 3719; x_wconf 88' lang='lat' dir='ltr'><strong>et</strong></span> <span class='ocrx_word' id='word_1_555' title='bbox 643 3663 957 3735; x_wconf 79' lang='lat' dir='ltr'><strong>unigenitum</strong></span> <span class='ocrx_word' id='word_1_556' title='bbox 974 3663 1138 3731; x_wconf 83' lang='lat' dir='ltr'><strong>ﬁlium</strong></span> <span class='ocrx_word' id='word_1_557' title='bbox 1155 3659 1416 3728; x_wconf 80' lang='lat' dir='ltr'><strong>o/Terebat,</strong></span> <span class='ocrx_word' id='word_1_558' title='bbox 1434 3659 1487 3711; x_wconf 90' lang='lat' dir='ltr'><strong>in</strong></span> <span class='ocrx_word' id='word_1_559' title='bbox 1507 3673 1606 3728; x_wconf 86' lang='lat' dir='ltr'><strong>quo</strong></span> <span class='ocrx_word' id='word_1_560' title='bbox 1621 3663 1914 3725; x_wconf 85' lang='lat' dir='ltr'><strong>susceperat</strong></span> 
     </span>
    </p>
   </div>
   <div class='ocr_carea' id='block_1_71' title="bbox 398 3748 1918 3827">
    <p class='ocr_par' dir='ltr' id='par_1_71' title="bbox 398 3748 1918 3827">
     <span class='ocr_line' id='line_1_71' title="bbox 398 3748 1918 3827; baseline -0.009 -15"><span class='ocrx_word' id='word_1_561' title='bbox 398 3757 811 3827; x_wconf 84' lang='lat' dir='ltr'><strong>repromissiones</strong></span> <span class='ocrx_word' id='word_1_562' title='bbox 831 3771 848 3809; x_wconf 90' lang='lat'><em>:</em></span> <span class='ocrx_word' id='word_1_563' title='bbox 868 3755 953 3810; x_wconf 86' lang='grc'><strong>18.</strong></span> <span class='ocrx_word' id='word_1_564' title='bbox 975 3754 1042 3808; x_wconf 89' lang='lat' dir='ltr'><strong>ad</strong></span> <span class='ocrx_word' id='word_1_565' title='bbox 1057 3770 1200 3819; x_wconf 83' lang='lat' dir='ltr'><strong>quem</strong></span> <span class='ocrx_word' id='word_1_566' title='bbox 1212 3753 1400 3806; x_wconf 80' lang='lat' dir='ltr'><strong>dictant</strong></span> <span class='ocrx_word' id='word_1_567' title='bbox 1417 3760 1492 3804; x_wconf 87' lang='lat' dir='ltr'><strong>est</strong></span> <span class='ocrx_word' id='word_1_568' title='bbox 1512 3791 1527 3813; x_wconf 91' lang='lat'><strong>,</strong></span> <span class='ocrx_word' id='word_1_569' title='bbox 1542 3751 1591 3802; x_wconf 87' lang='lat' dir='ltr'><strong>in</strong></span> <span class='ocrx_word' id='word_1_570' title='bbox 1610 3748 1758 3802; x_wconf 85' lang='lat' dir='ltr'><strong>Isaac</strong></span> <span class='ocrx_word' id='word_1_571' title='bbox 1772 3763 1918 3801; x_wconf 80' lang='lat' dir='ltr'><strong>voca-</strong></span> 
     </span>
    </p>
   </div>
   <div class='ocr_carea' id='block_1_72' title="bbox 402 3837 1919 3914">
    <p class='ocr_par' dir='ltr' id='par_1_72' title="bbox 402 3837 1919 3914">
     <span class='ocr_line' id='line_1_72' title="bbox 402 3837 1919 3914; baseline -0.008 -13"><span class='ocrx_word' id='word_1_572' title='bbox 402 3850 534 3901; x_wconf 87' lang='lat' dir='ltr'><strong>bitur</strong></span> <span class='ocrx_word' id='word_1_573' title='bbox 548 3848 636 3900; x_wconf 90' lang='lat' dir='ltr'><strong>tibi</strong></span> <span class='ocrx_word' id='word_1_574' title='bbox 653 3862 819 3900; x_wconf 83' lang='lat' dir='ltr'><strong>semen</strong></span> <span class='ocrx_word' id='word_1_575' title='bbox 837 3860 855 3899; x_wconf 90' lang='lat'><strong><em>:</em></strong></span> <span class='ocrx_word' id='word_1_576' title='bbox 872 3845 958 3901; x_wconf 82' lang='grc'><strong>19.</strong></span> <span class='ocrx_word' id='word_1_577' title='bbox 976 3845 1225 3898; x_wconf 86' lang='lat' dir='ltr'><strong>arbitrans</strong></span> <span class='ocrx_word' id='word_1_578' title='bbox 1242 3841 1377 3914; x_wconf 83' lang='lat' dir='ltr'><strong>quod</strong></span> <span class='ocrx_word' id='word_1_579' title='bbox 1388 3850 1434 3895; x_wconf 88' lang='lat' dir='ltr'><strong>et</strong></span> <span class='ocrx_word' id='word_1_580' title='bbox 1448 3857 1477 3892; x_wconf 92' lang='lat' dir='ltr'><strong>a</strong></span> <span class='ocrx_word' id='word_1_581' title='bbox 1494 3838 1699 3893; x_wconf 79' lang='lat' dir='ltr'><strong>mortuis</strong></span> <span class='ocrx_word' id='word_1_582' title='bbox 1714 3837 1919 3892; x_wconf 86' lang='lat' dir='ltr'><strong>suscita-</strong></span> 
     </span>
    </p>
   </div>
   <div class='ocr_carea' id='block_1_73' title="bbox 403 3929 1919 4009">
    <p class='ocr_par' dir='ltr' id='par_1_73' title="bbox 403 3929 1919 4009">
     <span class='ocr_line' id='line_1_73' title="bbox 403 3929 1919 4009; baseline -0.006 -16"><span class='ocrx_word' id='word_1_583' title='bbox 403 3958 457 3994; x_wconf 83' lang='lat' dir='ltr'><strong>rc</strong></span> <span class='ocrx_word' id='word_1_584' title='bbox 472 3950 644 4009; x_wconf 84' lang='lat' dir='ltr'><strong>potens</strong></span> <span class='ocrx_word' id='word_1_585' title='bbox 663 3949 734 3992; x_wconf 84' lang='lat' dir='ltr'><strong>est</strong></span> <span class='ocrx_word' id='word_1_586' title='bbox 757 3938 892 3992; x_wconf 87' lang='lat' dir='ltr'><strong>Deus</strong></span> <span class='ocrx_word' id='word_1_587' title='bbox 915 3953 934 3991; x_wconf 89' lang='lat'><em>:</em></span> <span class='ocrx_word' id='word_1_588' title='bbox 956 3936 1087 3990; x_wconf 86' lang='lat' dir='ltr'><strong>unde</strong></span> <span class='ocrx_word' id='word_1_589' title='bbox 1100 3952 1214 3989; x_wconf 86' lang='lat' dir='ltr'><strong>eum</strong></span> <span class='ocrx_word' id='word_1_590' title='bbox 1244 3944 1290 3988; x_wconf 89' lang='lat' dir='ltr'><strong>et</strong></span> <span class='ocrx_word' id='word_1_591' title='bbox 1314 3935 1367 3987; x_wconf 88' lang='lat' dir='ltr'><strong>in</strong></span> <span class='ocrx_word' id='word_1_592' title='bbox 1388 3932 1681 4004; x_wconf 83' lang='lat' dir='ltr'><strong>parabolam</strong></span> <span class='ocrx_word' id='word_1_593' title='bbox 1704 3929 1919 3997; x_wconf 83' lang='lat' dir='ltr'><strong>accepit.</strong></span> 
     </span>
    </p>
   </div>
   <div class='ocr_carea' id='block_1_74' title="bbox 408 4020 1919 4102">
    <p class='ocr_par' dir='ltr' id='par_1_74' title="bbox 408 4020 1919 4102">
     <span class='ocr_line' id='line_1_74' title="bbox 408 4020 1919 4102; baseline -0.009 -16"><span class='ocrx_word' id='word_1_594' title='bbox 408 4035 461 4086; x_wconf 89' lang='grc'><strong>1.</strong></span> <span class='ocrx_word' id='word_1_595' title='bbox 491 4032 568 4102; x_wconf 84' lang='lat' dir='ltr'><strong>(n)</strong></span> <span class='ocrx_word' id='word_1_596' title='bbox 597 4032 800 4086; x_wconf 80' lang='lat' dir='ltr'><strong>Revera</strong></span> <span class='ocrx_word' id='word_1_597' title='bbox 824 4042 1012 4097; x_wconf 86' lang='lat' dir='ltr'><strong>magna</strong></span> <span class='ocrx_word' id='word_1_598' title='bbox 1044 4041 1132 4082; x_wconf 92' lang='lat' dir='ltr'><strong>res</strong></span> <span class='ocrx_word' id='word_1_599' title='bbox 1160 4033 1249 4080; x_wconf 89' lang='lat' dir='ltr'><strong>cst</strong></span> <span class='ocrx_word' id='word_1_600' title='bbox 1279 4024 1412 4079; x_wconf 87' lang='lat' dir='ltr'><strong>fides</strong></span> <span class='ocrx_word' id='word_1_601' title='bbox 1433 4022 1682 4079; x_wconf 56' lang='lat' dir='ltr'><strong>Abrahae.</strong></span> <span class='ocrx_word' id='word_1_602' title='bbox 1712 4020 1842 4075; x_wconf 86' lang='lat' dir='ltr'><strong>Nam</strong></span> <span class='ocrx_word' id='word_1_603' title='bbox 1867 4020 1919 4073; x_wconf 90' lang='lat' dir='ltr'><strong>in</strong></span> 
     </span>
    </p>
   </div>
   <div class='ocr_carea' id='block_1_75' title="bbox 339 4115 1919 4180">
    <p class='ocr_par' dir='ltr' id='par_1_75' title="bbox 339 4115 1919 4180">
     <span class='ocr_line' id='line_1_75' title="bbox 339 4115 1919 4180; baseline -0.012 -2"><span class='ocrx_word' id='word_1_604' title='bbox 339 4124 508 4179; x_wconf 74' lang='lat' dir='ltr'><strong>Abt-le</strong></span> <span class='ocrx_word' id='word_1_605' title='bbox 534 4133 590 4177; x_wconf 92' lang='lat' dir='ltr'><strong>et</strong></span> <span class='ocrx_word' id='word_1_606' title='bbox 614 4122 725 4176; x_wconf 82' lang='lat' dir='ltr'><strong>Noe</strong></span> <span class='ocrx_word' id='word_1_607' title='bbox 755 4128 810 4174; x_wconf 89' lang='lat' dir='ltr'><strong>et</strong></span> <span class='ocrx_word' id='word_1_608' title='bbox 837 4117 1019 4172; x_wconf 83' lang='lat' dir='ltr'><strong>Enoch</strong></span> <span class='ocrx_word' id='word_1_609' title='bbox 1041 4117 1275 4171; x_wconf 89' lang='lat' dir='ltr'><strong>solarum</strong></span> <span class='ocrx_word' id='word_1_610' title='bbox 1298 4115 1561 4169; x_wconf 91' lang='lat' dir='ltr'><strong>rationum</strong></span> <span class='ocrx_word' id='word_1_611' title='bbox 1584 4120 1700 4168; x_wconf 91' lang='lat' dir='ltr'><strong>erat</strong></span> <span class='ocrx_word' id='word_1_612' title='bbox 1726 4123 1919 4180; x_wconf 85' lang='lat' dir='ltr'><strong>pugna,</strong></span> 
     </span>
    </p>
   </div>
   <div class='ocr_carea' id='block_1_76' title="bbox 342 4190 1920 4274">
    <p class='ocr_par' dir='ltr' id='par_1_76' title="bbox 342 4190 1920 4274">
     <span class='ocr_line' id='line_1_76' title="bbox 342 4190 1920 4274; baseline -0.013 -3"><span class='ocrx_word' id='word_1_613' title='bbox 342 4227 397 4271; x_wconf 91' lang='lat' dir='ltr'><strong>ct</strong></span> <span class='ocrx_word' id='word_1_614' title='bbox 451 4214 708 4266; x_wconf 86' lang='lat' dir='ltr'><strong>humanas</strong></span> <span class='ocrx_word' id='word_1_615' title='bbox 755 4207 990 4263; x_wconf 88' lang='lat' dir='ltr'><strong>rationes</strong></span> <span class='ocrx_word' id='word_1_616' title='bbox 1047 4204 1326 4274; x_wconf 87' lang='lat' dir='ltr'><strong>oportebat</strong></span> <span class='ocrx_word' id='word_1_617' title='bbox 1376 4217 1630 4272; x_wconf 89' lang='lat' dir='ltr'><strong>superare</strong></span> <span class='ocrx_word' id='word_1_618' title='bbox 1666 4200 1796 4256; x_wconf 90' lang='lat' dir='ltr'><strong>:bic</strong></span> <span class='ocrx_word' id='word_1_619' title='bbox 1824 4190 1920 4253; x_wconf 81' lang='lat' dir='ltr'><strong>au-</strong></span> 
     </span>
    </p>
   </div>
   <div class='ocr_carea' id='block_1_77' title="bbox 347 4293 1923 4365">
    <p class='ocr_par' dir='ltr' id='par_1_77' title="bbox 347 4293 1923 4365">
     <span class='ocr_line' id='line_1_77' title="bbox 347 4293 1923 4365; baseline -0.011 -7"><span class='ocrx_word' id='word_1_620' title='bbox 347 4317 453 4360; x_wconf 89' lang='lat' dir='ltr'><strong>tem</strong></span> <span class='ocrx_word' id='word_1_621' title='bbox 503 4317 610 4357; x_wconf 92' lang='lat' dir='ltr'><strong>non</strong></span> <span class='ocrx_word' id='word_1_622' title='bbox 664 4301 837 4355; x_wconf 90' lang='lat' dir='ltr'><strong>solum</strong></span> <span class='ocrx_word' id='word_1_623' title='bbox 894 4297 1177 4365; x_wconf 90' lang='lat' dir='ltr'><strong>oportebat</strong></span> <span class='ocrx_word' id='word_1_624' title='bbox 1226 4308 1481 4363; x_wconf 89' lang='lat' dir='ltr'><strong>superare</strong></span> <span class='ocrx_word' id='word_1_625' title='bbox 1531 4293 1791 4347; x_wconf 89' lang='lat' dir='ltr'><strong>humanas</strong></span> <span class='ocrx_word' id='word_1_626' title='bbox 1840 4304 1923 4344; x_wconf 89' lang='lat' dir='ltr'><strong>ra-</strong></span> 
     </span>
    </p>
   </div>
   <div class='ocr_carea' id='block_1_78' title="bbox 2013 3565 3602 3640">
    <p class='ocr_par' dir='ltr' id='par_1_78' title="bbox 2013 3565 3602 3640">
     <span class='ocr_line' id='line_1_78' title="bbox 2013 3565 3602 3640; baseline -0.002 -13"><span class='ocrx_word' id='word_1_627' title='bbox 2013 3571 2103 3628; x_wconf 88' lang='lat' dir='ltr'><strong>hic</strong></span> <span class='ocrx_word' id='word_1_628' title='bbox 2128 3572 2271 3627; x_wconf 89' lang='lat' dir='ltr'><strong>enim</strong></span> <span class='ocrx_word' id='word_1_629' title='bbox 2309 3570 2431 3627; x_wconf 88' lang='lat' dir='ltr'><strong>facit</strong></span> <span class='ocrx_word' id='word_1_630' title='bbox 2472 3585 2533 3626; x_wconf 89' lang='lat' dir='ltr'><strong>ea</strong></span> <span class='ocrx_word' id='word_1_631' title='bbox 2577 3585 2695 3640; x_wconf 75' lang='lat' dir='ltr'><strong>qua:</strong></span> <span class='ocrx_word' id='word_1_632' title='bbox 2735 3579 2820 3626; x_wconf 91' lang='lat' dir='ltr'><strong>est</strong></span> <span class='ocrx_word' id='word_1_633' title='bbox 2849 3570 3136 3640; x_wconf 85' lang='lat' dir='ltr'><strong>pollicitus.</strong></span> <span class='ocrx_word' id='word_1_634' title='bbox 3167 3565 3490 3633; x_wconf 83' lang='lat' dir='ltr'><strong>Quomodo?</strong></span> <span class='ocrx_word' id='word_1_635' title='bbox 3518 3569 3602 3624; x_wconf 68' lang='lat' dir='ltr'><strong>In</strong></span> 
     </span>
    </p>
   </div>
   <div class='ocr_carea' id='block_1_79' title="bbox 2014 3660 3603 3733">
    <p class='ocr_par' dir='ltr' id='par_1_79' title="bbox 2014 3660 3603 3733">
     <span class='ocr_line' id='line_1_79' title="bbox 2014 3660 3603 3733; baseline -0.001 -16"><span class='ocrx_word' id='word_1_636' title='bbox 2014 3666 2228 3727; x_wconf 87' lang='lat' dir='ltr'><strong>mundo,</strong></span> <span class='ocrx_word' id='word_1_637' title='bbox 2258 3664 2447 3733; x_wconf 82' lang='lat' dir='ltr'><strong>inquit,</strong></span> <span class='ocrx_word' id='word_1_638' title='bbox 2479 3663 2797 3733; x_wconf 74' lang='lat' dir='ltr'><strong>aﬂiictionem</strong></span> <span class='ocrx_word' id='word_1_639' title='bbox 2829 3661 3068 3715; x_wconf 86' lang='lat' dir='ltr'><strong>habebitis</strong></span> <span class='ocrx_word' id='word_1_640' title='bbox 3105 3660 3300 3730; x_wconf 84' lang='lat' dir='ltr'><strong>(Joan.</strong></span> <span class='ocrx_word' id='word_1_641' title='bbox 3330 3661 3419 3715; x_wconf 90' lang='grc'><strong>16.</strong></span> <span class='ocrx_word' id='word_1_642' title='bbox 3446 3662 3517 3715; x_wconf 81' lang='lat'><strong>5&#39;5</strong></span> <span class='ocrx_word' id='word_1_643' title='bbox 3540 3662 3603 3732; x_wconf 88' lang='grc'><strong>)..</strong></span> 
     </span>
    </p>
   </div>
   <div class='ocr_carea' id='block_1_80' title="bbox 2018 3752 3604 3825">
    <p class='ocr_par' dir='ltr' id='par_1_80' title="bbox 2018 3752 3604 3825">
     <span class='ocr_line' id='line_1_80' title="bbox 2018 3752 3604 3825; baseline -0.003 -14"><span class='ocrx_word' id='word_1_644' title='bbox 2018 3757 2120 3822; x_wconf 84' lang='lat' dir='ltr'><strong>Qui</strong></span> <span class='ocrx_word' id='word_1_645' title='bbox 2144 3773 2244 3810; x_wconf 89' lang='lat' dir='ltr'><strong>non</strong></span> <span class='ocrx_word' id='word_1_646' title='bbox 2271 3756 2517 3825; x_wconf 81' lang='lat' dir='ltr'><strong>acceperit</strong></span> <span class='ocrx_word' id='word_1_647' title='bbox 2541 3770 2736 3808; x_wconf 80' lang='lat' dir='ltr'><strong>crucem</strong></span> <span class='ocrx_word' id='word_1_648' title='bbox 2758 3769 2922 3818; x_wconf 85' lang='lat' dir='ltr'><strong>suam,</strong></span> <span class='ocrx_word' id='word_1_649' title='bbox 2952 3763 2998 3806; x_wconf 86' lang='lat' dir='ltr'><strong>et</strong></span> <span class='ocrx_word' id='word_1_650' title='bbox 3026 3768 3103 3805; x_wconf 90' lang='lat' dir='ltr'><strong>me</strong></span> <span class='ocrx_word' id='word_1_651' title='bbox 3132 3752 3281 3822; x_wconf 79' lang='lat' dir='ltr'><strong>fuerit</strong></span> <span class='ocrx_word' id='word_1_652' title='bbox 3307 3762 3543 3822; x_wconf 84' lang='lat' dir='ltr'><strong>sequutus</strong></span> <span class='ocrx_word' id='word_1_653' title='bbox 3588 3795 3604 3817; x_wconf 88' lang='lat'><strong>,</strong></span> 
     </span>
    </p>
   </div>
   <div class='ocr_carea' id='block_1_81' title="bbox 2017 3843 3610 3917">
    <p class='ocr_par' dir='ltr' id='par_1_81' title="bbox 2017 3843 3610 3917">
     <span class='ocr_line' id='line_1_81' title="bbox 2017 3843 3610 3917; baseline -0.005 -14"><span class='ocrx_word' id='word_1_654' title='bbox 2017 3866 2120 3903; x_wconf 86' lang='lat' dir='ltr'><strong>non</strong></span> <span class='ocrx_word' id='word_1_655' title='bbox 2147 3858 2217 3903; x_wconf 90' lang='lat' dir='ltr'><strong>est</strong></span> <span class='ocrx_word' id='word_1_656' title='bbox 2247 3864 2326 3901; x_wconf 91' lang='lat' dir='ltr'><strong>me</strong></span> <span class='ocrx_word' id='word_1_657' title='bbox 2352 3848 2535 3917; x_wconf 85' lang='lat' dir='ltr'><strong>dignus</strong></span> <span class='ocrx_word' id='word_1_658' title='bbox 2561 3847 2580 3916; x_wconf 92' lang='lat'><strong>(</strong></span> <span class='ocrx_word' id='word_1_659' title='bbox 2604 3845 2790 3899; x_wconf 82' lang='lat' dir='ltr'><strong>Matth.</strong></span> <span class='ocrx_word' id='word_1_660' title='bbox 2822 3845 2908 3900; x_wconf 91' lang='grc'><strong>10.</strong></span> <span class='ocrx_word' id='word_1_661' title='bbox 2937 3846 3004 3900; x_wconf 79' lang='grc'><strong>58</strong></span> <span class='ocrx_word' id='word_1_662' title='bbox 3031 3843 3072 3915; x_wconf 85' lang='grc'><strong>).</strong></span> <span class='ocrx_word' id='word_1_663' title='bbox 3105 3843 3205 3910; x_wconf 83' lang='lat' dir='ltr'><strong>Qui</strong></span> <span class='ocrx_word' id='word_1_664' title='bbox 3231 3859 3330 3897; x_wconf 89' lang='lat' dir='ltr'><strong>non</strong></span> <span class='ocrx_word' id='word_1_665' title='bbox 3354 3843 3462 3897; x_wconf 83' lang='lat' dir='ltr'><strong>odit</strong></span> <span class='ocrx_word' id='word_1_666' title='bbox 3480 3844 3610 3896; x_wconf 74' lang='lat' dir='ltr'><strong>ani-</strong></span> 
     </span>
    </p>
   </div>
   <div class='ocr_carea' id='block_1_82' title="bbox 2018 3935 3607 4003">
    <p class='ocr_par' dir='ltr' id='par_1_82' title="bbox 2018 3935 3607 4003">
     <span class='ocr_line' id='line_1_82' title="bbox 2018 3935 3607 4003; baseline -0.005 -7"><span class='ocrx_word' id='word_1_667' title='bbox 2018 3958 2154 3995; x_wconf 89' lang='lat' dir='ltr'><strong>mam</strong></span> <span class='ocrx_word' id='word_1_668' title='bbox 2192 3956 2336 3994; x_wconf 86' lang='lat' dir='ltr'><strong>suam</strong></span> <span class='ocrx_word' id='word_1_669' title='bbox 2359 3980 2373 4003; x_wconf 94' lang='lat'><strong>,</strong></span> <span class='ocrx_word' id='word_1_670' title='bbox 2401 3955 2501 3992; x_wconf 87' lang='lat' dir='ltr'><strong>non</strong></span> <span class='ocrx_word' id='word_1_671' title='bbox 2530 3939 2744 3991; x_wconf 80' lang='lat' dir='ltr'><strong>inveniet</strong></span> <span class='ocrx_word' id='word_1_672' title='bbox 2771 3952 2920 4001; x_wconf 88' lang='lat' dir='ltr'><strong>eam;</strong></span> <span class='ocrx_word' id='word_1_673' title='bbox 2948 3944 3001 3990; x_wconf 90' lang='lat' dir='ltr'><strong>et</strong></span> <span class='ocrx_word' id='word_1_674' title='bbox 3033 3977 3047 4000; x_wconf 87' lang='lat'><strong>,</strong></span> <span class='ocrx_word' id='word_1_675' title='bbox 3081 3935 3181 4002; x_wconf 81' lang='lat' dir='ltr'><strong>Qui</strong></span> <span class='ocrx_word' id='word_1_676' title='bbox 3212 3951 3313 3988; x_wconf 88' lang='lat' dir='ltr'><strong>non</strong></span> <span class='ocrx_word' id='word_1_677' title='bbox 3340 3935 3607 3988; x_wconf 82' lang='lat' dir='ltr'><strong>renuntiat</strong></span> 
     </span>
    </p>
   </div>
   <div class='ocr_carea' id='block_1_83' title="bbox 2020 4026 3607 4096">
    <p class='ocr_par' dir='ltr' id='par_1_83' title="bbox 2020 4026 3607 4096">
     <span class='ocr_line' id='line_1_83' title="bbox 2020 4026 3607 4096; baseline -0.005 -9"><span class='ocrx_word' id='word_1_678' title='bbox 2020 4033 2251 4087; x_wconf 86' lang='lat' dir='ltr'><strong>omnibus</strong></span> <span class='ocrx_word' id='word_1_679' title='bbox 2280 4031 2422 4085; x_wconf 83' lang='lat' dir='ltr'><strong>bonis</strong></span> <span class='ocrx_word' id='word_1_680' title='bbox 2455 4029 2560 4082; x_wconf 88' lang='lat' dir='ltr'><strong>suis</strong></span> <span class='ocrx_word' id='word_1_681' title='bbox 2584 4069 2599 4094; x_wconf 94' lang='lat'><strong>,</strong></span> <span class='ocrx_word' id='word_1_682' title='bbox 2628 4038 2675 4081; x_wconf 87' lang='lat' dir='ltr'><strong>et</strong></span> <span class='ocrx_word' id='word_1_683' title='bbox 2704 4044 2783 4081; x_wconf 90' lang='lat' dir='ltr'><strong>me</strong></span> <span class='ocrx_word' id='word_1_684' title='bbox 2809 4027 3033 4095; x_wconf 87' lang='lat' dir='ltr'><strong>sequitur</strong></span> <span class='ocrx_word' id='word_1_685' title='bbox 3051 4068 3065 4089; x_wconf 90' lang='lat'><strong>,</strong></span> <span class='ocrx_word' id='word_1_686' title='bbox 3088 4043 3189 4080; x_wconf 88' lang='lat' dir='ltr'><strong>non</strong></span> <span class='ocrx_word' id='word_1_687' title='bbox 3216 4034 3287 4080; x_wconf 82' lang='lat' dir='ltr'><strong>est</strong></span> <span class='ocrx_word' id='word_1_688' title='bbox 3316 4041 3394 4079; x_wconf 88' lang='lat' dir='ltr'><strong>me</strong></span> <span class='ocrx_word' id='word_1_689' title='bbox 3413 4026 3607 4096; x_wconf 87' lang='lat' dir='ltr'><strong>dignus</strong></span> 
     </span>
    </p>
   </div>
   <div class='ocr_carea' id='block_1_84' title="bbox 2024 4117 3634 4195">
    <p class='ocr_par' dir='ltr' id='par_1_84' title="bbox 2024 4117 3634 4195">
     <span class='ocr_line' id='line_1_84' title="bbox 2024 4117 3634 4195; baseline -0.005 -17"><span class='ocrx_word' id='word_1_690' title='bbox 2024 4123 2175 4195; x_wconf 91' lang='lat' dir='ltr'><strong>(Luc.</strong></span> <span class='ocrx_word' id='word_1_691' title='bbox 2200 4124 2286 4178; x_wconf 68' lang='lat' dir='ltr'><strong>ib.</strong></span> <span class='ocrx_word' id='word_1_692' title='bbox 2317 4121 2469 4176; x_wconf 71' lang='lat' dir='ltr'><strong>26.et</strong></span> <span class='ocrx_word' id='word_1_693' title='bbox 2497 4121 2585 4189; x_wconf 79' lang='lat'><strong>35)</strong></span> <span class='ocrx_word' id='word_1_694' title='bbox 2610 4137 2624 4185; x_wconf 90' lang='lat'><strong>;</strong></span> <span class='ocrx_word' id='word_1_695' title='bbox 2657 4129 2711 4175; x_wconf 90' lang='lat' dir='ltr'><strong>et</strong></span> <span class='ocrx_word' id='word_1_696' title='bbox 2734 4133 2950 4174; x_wconf 89' lang='lat' dir='ltr'><strong>rursus:</strong></span> <span class='ocrx_word' id='word_1_697' title='bbox 2972 4118 3098 4172; x_wconf 85' lang='lat' dir='ltr'><strong>Ante</strong></span> <span class='ocrx_word' id='word_1_698' title='bbox 3118 4135 3256 4189; x_wconf 84' lang='lat' dir='ltr'><strong>reges</strong></span> <span class='ocrx_word' id='word_1_699' title='bbox 3282 4128 3326 4171; x_wconf 91' lang='lat' dir='ltr'><strong>et</strong></span> <span class='ocrx_word' id='word_1_700' title='bbox 3356 4117 3634 4188; x_wconf 21' lang='lat' dir='ltr'><strong>prtvsides,</strong></span> 
     </span>
    </p>
   </div>
   <div class='ocr_carea' id='block_1_85' title="bbox 2022 4207 3608 4281">
    <p class='ocr_par' dir='ltr' id='par_1_85' title="bbox 2022 4207 3608 4281">
     <span class='ocr_line' id='line_1_85' title="bbox 2022 4207 3608 4281; baseline -0.004 -13"><span class='ocrx_word' id='word_1_701' title='bbox 2022 4214 2275 4268; x_wconf 88' lang='lat' dir='ltr'><strong>ducemini</strong></span> <span class='ocrx_word' id='word_1_702' title='bbox 2305 4223 2514 4281; x_wconf 81' lang='lat' dir='ltr'><strong>prapter</strong></span> <span class='ocrx_word' id='word_1_703' title='bbox 2544 4226 2655 4273; x_wconf 89' lang='lat' dir='ltr'><strong>me;</strong></span> <span class='ocrx_word' id='word_1_704' title='bbox 2691 4220 2745 4264; x_wconf 90' lang='lat' dir='ltr'><strong>et</strong></span> <span class='ocrx_word' id='word_1_705' title='bbox 2774 4224 2959 4265; x_wconf 89' lang='lat' dir='ltr'><strong>rursus</strong></span> <span class='ocrx_word' id='word_1_706' title='bbox 2983 4249 2998 4270; x_wconf 84' lang='lat'><strong>,</strong></span> <span class='ocrx_word' id='word_1_707' title='bbox 3036 4207 3243 4262; x_wconf 88' lang='lat' dir='ltr'><strong>Inimici</strong></span> <span class='ocrx_word' id='word_1_708' title='bbox 3268 4207 3485 4261; x_wconf 87' lang='lat' dir='ltr'><strong>hominis</strong></span> <span class='ocrx_word' id='word_1_709' title='bbox 3508 4208 3608 4262; x_wconf 84' lang='lat' dir='ltr'><strong>do-</strong></span> 
     </span>
    </p>
   </div>
   <div class='ocr_carea' id='block_1_86' title="bbox 2023 4298 3606 4379">
    <p class='ocr_par' dir='ltr' id='par_1_86' title="bbox 2023 4298 3606 4379">
     <span class='ocr_line' id='line_1_86' title="bbox 2023 4298 3606 4379; baseline -0.006 -16"><span class='ocrx_word' id='word_1_710' title='bbox 2023 4308 2217 4363; x_wconf 85' lang='lat' dir='ltr'><strong>mestici</strong></span> <span class='ocrx_word' id='word_1_711' title='bbox 2240 4308 2348 4379; x_wconf 85' lang='lat' dir='ltr'><strong>ejus</strong></span> <span class='ocrx_word' id='word_1_712' title='bbox 2376 4304 2583 4374; x_wconf 82' lang='lat' dir='ltr'><strong>(Matth.</strong></span> <span class='ocrx_word' id='word_1_713' title='bbox 2614 4303 2698 4357; x_wconf 85' lang='grc'><strong>10.</strong></span> <span class='ocrx_word' id='word_1_714' title='bbox 2734 4303 2801 4358; x_wconf 87' lang='grc'><strong>18</strong></span> <span class='ocrx_word' id='word_1_715' title='bbox 2827 4311 2870 4356; x_wconf 88' lang='lat' dir='ltr'><strong>et</strong></span> <span class='ocrx_word' id='word_1_716' title='bbox 2891 4302 2959 4358; x_wconf 79' lang='grc'><strong>56</strong></span> <span class='ocrx_word' id='word_1_717' title='bbox 2985 4302 3025 4372; x_wconf 90' lang='grc'><strong>).</strong></span> <span class='ocrx_word' id='word_1_718' title='bbox 3047 4302 3115 4355; x_wconf 87' lang='lat' dir='ltr'><strong>Et</strong></span> <span class='ocrx_word' id='word_1_719' title='bbox 3136 4298 3353 4354; x_wconf 68' lang='lat' dir='ltr'><strong>afflictio</strong></span> <span class='ocrx_word' id='word_1_720' title='bbox 3381 4299 3466 4353; x_wconf 88' lang='lat' dir='ltr'><strong>hic</strong></span> <span class='ocrx_word' id='word_1_721' title='bbox 3495 4309 3606 4368; x_wconf 87' lang='lat' dir='ltr'><strong>est,</strong></span> 
     </span>
    </p>
   </div>
   <div class='ocr_carea' id='block_1_87' title="bbox 348 4378 3609 4471">
    <p class='ocr_par' dir='ltr' id='par_1_87' title="bbox 348 4378 3609 4471">
     <span class='ocr_line' id='line_1_87' title="bbox 348 4378 3609 4471; baseline -0.009 -18"><span class='ocrx_word' id='word_1_722' title='bbox 348 4399 542 4456; x_wconf 83' lang='lat' dir='ltr'><strong>tiones,</strong></span> <span class='ocrx_word' id='word_1_723' title='bbox 571 4391 663 4447; x_wconf 89' lang='lat' dir='ltr'><strong>sed</strong></span> <span class='ocrx_word' id='word_1_724' title='bbox 689 4391 846 4445; x_wconf 90' lang='lat' dir='ltr'><strong>etiam</strong></span> <span class='ocrx_word' id='word_1_725' title='bbox 875 4388 1070 4458; x_wconf 89' lang='lat' dir='ltr'><strong>aliquid</strong></span> <span class='ocrx_word' id='word_1_726' title='bbox 1098 4386 1329 4456; x_wconf 82' lang='lat' dir='ltr'><strong>amplius</strong></span> <span class='ocrx_word' id='word_1_727' title='bbox 1348 4384 1662 4440; x_wconf 87' lang='lat' dir='ltr'><strong>ostendere:</strong></span> <span class='ocrx_word' id='word_1_728' title='bbox 1685 4397 1805 4436; x_wconf 90' lang='lat' dir='ltr'><strong>nam</strong></span> <span class='ocrx_word' id='word_1_729' title='bbox 1833 4378 1925 4434; x_wconf 88' lang='lat' dir='ltr'><strong>Dei</strong></span> <span class='ocrx_word' id='word_1_730' title='bbox 2024 4401 2177 4471; x_wconf 67' lang='lat' dir='ltr'><strong>quies</strong></span> <span class='ocrx_word' id='word_1_731' title='bbox 2202 4378 2377 4451; x_wconf 64' lang='lat' dir='ltr'><strong>amem</strong></span> <span class='ocrx_word' id='word_1_732' title='bbox 2408 4404 2462 4450; x_wconf 66' lang='grc' dir='ltr'><strong>ει</strong></span> <span class='ocrx_word' id='word_1_733' title='bbox 2490 4394 2736 4449; x_wconf 52' lang='lat' dir='ltr'><strong>remissio</strong></span> <span class='ocrx_word' id='word_1_734' title='bbox 2764 4393 2873 4447; x_wconf 68' lang='lat' dir='ltr'><strong>“lic</strong></span> <span class='ocrx_word' id='word_1_735' title='bbox 2898 4400 2981 4447; x_wconf 50' lang='lat' dir='ltr'><strong>es;</strong></span> <span class='ocrx_word' id='word_1_736' title='bbox 3008 4433 3023 4457; x_wconf 57' lang='lat'><strong>,</strong></span> <span class='ocrx_word' id='word_1_737' title='bbox 3072 4405 3266 4459; x_wconf 61' lang='lat' dir='ltr'><strong>nempe</strong></span> <span class='ocrx_word' id='word_1_738' title='bbox 3294 4391 3346 4444; x_wconf 73' lang='grc' dir='ltr'><strong>ίη</strong></span> <span class='ocrx_word' id='word_1_739' title='bbox 3375 4391 3482 4444; x_wconf 60' lang='lat' dir='ltr'><strong>vim</strong></span> <span class='ocrx_word' id='word_1_740' title='bbox 3515 4390 3609 4444; x_wconf 72' lang='lat' dir='ltr'><strong>fu-</strong></span> 
     </span>
    </p>
   </div>
   <div class='ocr_carea' id='block_1_88' title="bbox 349 4472 3611 4550">
    <p class='ocr_par' dir='ltr' id='par_1_88' title="bbox 349 4472 3611 4550">
     <span class='ocr_line' id='line_1_88' title="bbox 349 4472 3611 4550; baseline -0.009 -8"><span class='ocrx_word' id='word_1_741' title='bbox 349 4489 488 4549; x_wconf 74' lang='lat' dir='ltr'><strong>dicta</strong></span> <span class='ocrx_word' id='word_1_742' title='bbox 518 4484 829 4539; x_wconf 86' lang='lat' dir='ltr'><strong>videbantur</strong></span> <span class='ocrx_word' id='word_1_743' title='bbox 854 4494 1087 4550; x_wconf 82' lang='lat' dir='ltr'><strong>pugnare</strong></span> <span class='ocrx_word' id='word_1_744' title='bbox 1114 4492 1235 4531; x_wconf 88' lang='lat' dir='ltr'><strong>cum</strong></span> <span class='ocrx_word' id='word_1_745' title='bbox 1261 4476 1415 4531; x_wconf 88' lang='lat' dir='ltr'><strong>dictis</strong></span> <span class='ocrx_word' id='word_1_746' title='bbox 1443 4475 1555 4540; x_wconf 89' lang='lat' dir='ltr'><strong>Dei,</strong></span> <span class='ocrx_word' id='word_1_747' title='bbox 1582 4484 1636 4529; x_wconf 92' lang='lat' dir='ltr'><strong>et</strong></span> <span class='ocrx_word' id='word_1_748' title='bbox 1665 4472 1796 4528; x_wconf 83' lang='lat' dir='ltr'><strong>fides</strong></span> <span class='ocrx_word' id='word_1_749' title='bbox 1826 4485 1925 4540; x_wconf 83' lang='lat' dir='ltr'><strong>pu-</strong></span> <span class='ocrx_word' id='word_1_750' title='bbox 2028 4500 2164 4545; x_wconf 53' lang='grc' dir='ltr'><strong>ιυη,</strong></span> <span class='ocrx_word' id='word_1_751' title='bbox 2218 4486 2274 4541; x_wconf 80' lang='grc' dir='ltr'><strong>ιη</strong></span> <span class='ocrx_word' id='word_1_752' title='bbox 2323 4484 2590 4541; x_wconf 59' lang='lat' dir='ltr'><strong>Abraham</strong></span> <span class='ocrx_word' id='word_1_753' title='bbox 2636 4492 2815 4538; x_wconf 51' lang='lat' dir='ltr'><strong>autem</strong></span> <span class='ocrx_word' id='word_1_754' title='bbox 2855 4490 3042 4536; x_wconf 51' lang='lat' dir='ltr'><strong>contra</strong></span> <span class='ocrx_word' id='word_1_755' title='bbox 3074 4497 3087 4533; x_wconf 66' lang='grc' dir='ltr'>ε</span> <span class='ocrx_word' id='word_1_756' title='bbox 3113 4479 3400 4549; x_wconf 54' lang='lat' dir='ltr'><strong>jubebatur</strong></span> <span class='ocrx_word' id='word_1_757' title='bbox 3428 4479 3611 4536; x_wconf 65' lang='lat' dir='ltr'><strong>facere</strong></span> 
     </span>
    </p>
   </div>
   <div class='ocr_carea' id='block_1_89' title="bbox 350 4565 1900 4649">
    <p class='ocr_par' dir='ltr' id='par_1_89' title="bbox 350 4565 1900 4648">
     <span class='ocr_line' id='line_1_89' title="bbox 350 4565 1900 4648; baseline -0.011 -16"><span class='ocrx_word' id='word_1_758' title='bbox 350 4578 545 4648; x_wconf 68' lang='lat' dir='ltr'><strong>gnabat</strong></span> <span class='ocrx_word' id='word_1_759' title='bbox 586 4588 707 4630; x_wconf 90' lang='lat' dir='ltr'><strong>cum</strong></span> <span class='ocrx_word' id='word_1_760' title='bbox 758 4571 859 4627; x_wconf 83' lang='lat' dir='ltr'><strong>ﬁde</strong></span> <span class='ocrx_word' id='word_1_761' title='bbox 886 4611 904 4638; x_wconf 91' lang='lat'><strong>,</strong></span> <span class='ocrx_word' id='word_1_762' title='bbox 945 4580 998 4625; x_wconf 85' lang='lat' dir='ltr'><strong>et</strong></span> <span class='ocrx_word' id='word_1_763' title='bbox 1044 4569 1216 4636; x_wconf 76' lang='lat' dir='ltr'><strong>jussio</strong></span> <span class='ocrx_word' id='word_1_764' title='bbox 1262 4581 1383 4621; x_wconf 91' lang='lat' dir='ltr'><strong>cum</strong></span> <span class='ocrx_word' id='word_1_765' title='bbox 1429 4565 1786 4636; x_wconf 84' lang='lat' dir='ltr'><strong>promissione</strong></span> <span class='ocrx_word' id='word_1_766' title='bbox 1821 4580 1834 4615; x_wconf 90' lang='lat'><strong>:</strong></span> <span class='ocrx_word' id='word_1_767' title='bbox 1870 4577 1900 4615; x_wconf 92' lang='lat' dir='ltr'><strong>n</strong></span> 
     </span>
    </p>
   </div>
   <div class='ocr_carea' id='block_1_90' title="bbox 2004 4565 3713 4649">
    <p class='ocr_par' dir='ltr' id='par_1_90' title="bbox 2027 4570 3713 4649">
     <span class='ocr_line' id='line_1_90' title="bbox 2027 4570 3713 4649; baseline -0.007 -12"><span class='ocrx_word' id='word_1_768' title='bbox 2027 4580 2295 4637; x_wconf 87' lang='lat' dir='ltr'><strong>contraria</strong></span> <span class='ocrx_word' id='word_1_769' title='bbox 2324 4575 2771 4649; x_wconf 89' lang='lat' dir='ltr'><strong>promissionibus</strong></span> <span class='ocrx_word' id='word_1_770' title='bbox 2794 4614 2808 4638; x_wconf 93' lang='lat'><strong>,</strong></span> <span class='ocrx_word' id='word_1_771' title='bbox 2839 4582 2893 4628; x_wconf 90' lang='lat' dir='ltr'><strong>et</strong></span> <span class='ocrx_word' id='word_1_772' title='bbox 2922 4588 2988 4628; x_wconf 90' lang='lat' dir='ltr'><strong>ne</strong></span> <span class='ocrx_word' id='word_1_773' title='bbox 3017 4572 3094 4626; x_wconf 89' lang='lat' dir='ltr'><strong>sic</strong></span> <span class='ocrx_word' id='word_1_774' title='bbox 3115 4570 3329 4641; x_wconf 89' lang='lat' dir='ltr'><strong>quidem</strong></span> <span class='ocrx_word' id='word_1_775' title='bbox 3363 4571 3612 4627; x_wconf 85' lang='lat' dir='ltr'><strong>turbatus</strong></span> <span class='ocrx_word' id='word_1_776' title='bbox 3709 4628 3713 4633; x_wconf 66' lang='grc'>,</span> 
     </span>
    </p>
   </div>
   <div class='ocr_carea' id='block_1_91' title="bbox 352 4654 3678 4743">
    <p class='ocr_par' dir='ltr' id='par_1_91' title="bbox 352 4654 3678 4743">
     <span class='ocr_line' id='line_1_91' title="bbox 352 4654 3678 4743; baseline -0.011 -19"><span class='ocrx_word' id='word_1_777' title='bbox 352 4669 496 4725; x_wconf 82' lang='lat' dir='ltr'><strong>verbi</strong></span> <span class='ocrx_word' id='word_1_778' title='bbox 519 4666 710 4738; x_wconf 86' lang='lat' dir='ltr'><strong>gratia,</strong></span> <span class='ocrx_word' id='word_1_779' title='bbox 738 4664 870 4717; x_wconf 77' lang='lat' dir='ltr'><strong>dixit</strong></span> <span class='ocrx_word' id='word_1_780' title='bbox 901 4681 914 4716; x_wconf 87' lang='lat'><strong>:</strong></span> <span class='ocrx_word' id='word_1_781' title='bbox 949 4659 1202 4732; x_wconf 81' lang='lat' dir='ltr'><strong>Egredere</strong></span> <span class='ocrx_word' id='word_1_782' title='bbox 1220 4659 1283 4712; x_wconf 89' lang='lat' dir='ltr'><strong>de</strong></span> <span class='ocrx_word' id='word_1_783' title='bbox 1311 4668 1445 4711; x_wconf 87' lang='lat' dir='ltr'><strong>terra</strong></span> <span class='ocrx_word' id='word_1_784' title='bbox 1473 4656 1597 4710; x_wconf 88' lang='lat' dir='ltr'><strong>etde</strong></span> <span class='ocrx_word' id='word_1_785' title='bbox 1623 4654 1930 4726; x_wconf 86' lang='lat' dir='ltr'><strong>cognatione</strong></span> <span class='ocrx_word' id='word_1_786' title='bbox 2030 4684 2111 4731; x_wconf 59' lang='lat' dir='ltr'><strong>es;</strong></span> <span class='ocrx_word' id='word_1_787' title='bbox 2136 4687 2309 4743; x_wconf 71' lang='lat' dir='ltr'><strong>neque</strong></span> <span class='ocrx_word' id='word_1_788' title='bbox 2334 4668 2614 4738; x_wconf 72' lang='lat' dir='ltr'><strong>caliguvit,</strong></span> <span class='ocrx_word' id='word_1_789' title='bbox 2647 4680 2821 4735; x_wconf 90' lang='lat' dir='ltr'><strong>neque</strong></span> <span class='ocrx_word' id='word_1_790' title='bbox 2851 4661 3182 4720; x_wconf 44' lang='lat' dir='ltr'><strong>existimavit</strong></span> <span class='ocrx_word' id='word_1_791' title='bbox 3209 4677 3270 4718; x_wconf 68' lang='lat' dir='ltr'><strong>se</strong></span> <span class='ocrx_word' id='word_1_792' title='bbox 3297 4677 3419 4717; x_wconf 68' lang='lat' dir='ltr'><strong>esse</strong></span> <span class='ocrx_word' id='word_1_793' title='bbox 3439 4662 3610 4737; x_wconf 43' lang='lat' dir='ltr'><strong>de“?</strong></span> <span class='ocrx_word' id='word_1_794' title='bbox 3653 4690 3678 4711; x_wconf 51' lang='grc' dir='ltr'><strong><em>ο</em></strong></span> 
     </span>
    </p>
   </div>
   <div class='ocr_carea' id='block_1_92' title="bbox 296 4744 1900 4836">
    <p class='ocr_par' dir='ltr' id='par_1_92' title="bbox 296 4744 1899 4827">
     <span class='ocr_line' id='line_1_92' title="bbox 296 4744 1899 4827; baseline -0.011 -12"><span class='ocrx_word' id='word_1_795' title='bbox 296 4773 462 4827; x_wconf 63' lang='lat' dir='ltr'><strong>mna,</strong></span> <span class='ocrx_word' id='word_1_796' title='bbox 486 4770 533 4814; x_wconf 85' lang='lat' dir='ltr'><strong>et</strong></span> <span class='ocrx_word' id='word_1_797' title='bbox 556 4758 687 4813; x_wconf 87' lang='lat' dir='ltr'><strong>dabo</strong></span> <span class='ocrx_word' id='word_1_798' title='bbox 719 4756 805 4810; x_wconf 75' lang='lat' dir='ltr'><strong>tibi</strong></span> <span class='ocrx_word' id='word_1_799' title='bbox 828 4764 1012 4808; x_wconf 87' lang='lat' dir='ltr'><strong>terram</strong></span> <span class='ocrx_word' id='word_1_800' title='bbox 1031 4752 1160 4805; x_wconf 89' lang='lat' dir='ltr'><strong>hanc</strong></span> <span class='ocrx_word' id='word_1_801' title='bbox 1187 4748 1343 4818; x_wconf 77' lang='lat' dir='ltr'><strong>(Gen.</strong></span> <span class='ocrx_word' id='word_1_802' title='bbox 1379 4747 1466 4802; x_wconf 75' lang='grc'><strong>12.</strong></span> <span class='ocrx_word' id='word_1_803' title='bbox 1492 4747 1546 4817; x_wconf 88' lang='grc'><strong>1)</strong></span> <span class='ocrx_word' id='word_1_804' title='bbox 1572 4762 1589 4811; x_wconf 87' lang='grc'>;</span> <span class='ocrx_word' id='word_1_805' title='bbox 1615 4754 1669 4800; x_wconf 88' lang='lat' dir='ltr'><strong>et</strong></span> <span class='ocrx_word' id='word_1_806' title='bbox 1695 4760 1802 4799; x_wconf 93' lang='lat' dir='ltr'><strong>non</strong></span> <span class='ocrx_word' id='word_1_807' title='bbox 1831 4744 1899 4798; x_wconf 90' lang='lat' dir='ltr'><strong>de</strong></span> 
     </span>
    </p>
   </div>
   <div class='ocr_carea' id='block_1_93' title="bbox 2004 4744 3623 4836">
    <p class='ocr_par' dir='ltr' id='par_1_93' title="bbox 2030 4753 3623 4836">
     <span class='ocr_line' id='line_1_93' title="bbox 2030 4753 3623 4836; baseline -0.011 -17"><span class='ocrx_word' id='word_1_808' title='bbox 2030 4773 2177 4836; x_wconf 91' lang='lat' dir='ltr'><strong>ptum</strong></span> <span class='ocrx_word' id='word_1_809' title='bbox 2205 4780 2218 4817; x_wconf 92' lang='lat'><strong>:</strong></span> <span class='ocrx_word' id='word_1_810' title='bbox 2246 4774 2341 4816; x_wconf 83' lang='lat' dir='ltr'><strong>vos</strong></span> <span class='ocrx_word' id='word_1_811' title='bbox 2361 4767 2540 4814; x_wconf 88' lang='lat' dir='ltr'><strong>autem</strong></span> <span class='ocrx_word' id='word_1_812' title='bbox 2570 4754 2704 4811; x_wconf 89' lang='lat' dir='ltr'><strong>nihil</strong></span> <span class='ocrx_word' id='word_1_813' title='bbox 2727 4754 3006 4811; x_wconf 89' lang='lat' dir='ltr'><strong>sustinetis</strong></span> <span class='ocrx_word' id='word_1_814' title='bbox 3031 4753 3173 4824; x_wconf 90' lang='lat' dir='ltr'><strong>quod</strong></span> <span class='ocrx_word' id='word_1_815' title='bbox 3205 4753 3276 4807; x_wconf 89' lang='lat' dir='ltr'><strong>sit</strong></span> <span class='ocrx_word' id='word_1_816' title='bbox 3297 4763 3449 4808; x_wconf 82' lang='lat' dir='ltr'><strong>extra</strong></span> <span class='ocrx_word' id='word_1_817' title='bbox 3482 4768 3623 4823; x_wconf 82' lang='lat' dir='ltr'><strong>pro-</strong></span> 
     </span>
    </p>
   </div>
   <div class='ocr_carea' id='block_1_94' title="bbox 354 4834 1900 4915">
    <p class='ocr_par' dir='ltr' id='par_1_94' title="bbox 354 4834 1900 4911">
     <span class='ocr_line' id='line_1_94' title="bbox 354 4834 1900 4911; baseline -0.013 -1"><span class='ocrx_word' id='word_1_818' title='bbox 354 4855 434 4910; x_wconf 86' lang='lat' dir='ltr'><strong>dit</strong></span> <span class='ocrx_word' id='word_1_819' title='bbox 459 4855 510 4910; x_wconf 83' lang='lat' dir='ltr'><strong>ei</strong></span> <span class='ocrx_word' id='word_1_820' title='bbox 551 4850 900 4907; x_wconf 86' lang='lat' dir='ltr'><strong>hereditatem</strong></span> <span class='ocrx_word' id='word_1_821' title='bbox 932 4848 983 4901; x_wconf 91' lang='lat' dir='ltr'><strong>in</strong></span> <span class='ocrx_word' id='word_1_822' title='bbox 1020 4860 1082 4900; x_wconf 91' lang='lat' dir='ltr'><strong>ea</strong></span> <span class='ocrx_word' id='word_1_823' title='bbox 1107 4886 1123 4911; x_wconf 91' lang='lat'><strong>,</strong></span> <span class='ocrx_word' id='word_1_824' title='bbox 1173 4860 1239 4897; x_wconf 84' lang='lat' dir='ltr'><strong>tte</strong></span> <span class='ocrx_word' id='word_1_825' title='bbox 1272 4855 1485 4911; x_wconf 89' lang='lat' dir='ltr'><strong>passum</strong></span> <span class='ocrx_word' id='word_1_826' title='bbox 1513 4836 1725 4910; x_wconf 89' lang='lat' dir='ltr'><strong>quidem</strong></span> <span class='ocrx_word' id='word_1_827' title='bbox 1755 4834 1900 4907; x_wconf 84' lang='lat' dir='ltr'><strong>pedis</strong></span> 
     </span>
    </p>
   </div>
   <div class='ocr_carea' id='block_1_95' title="bbox 2004 4834 3614 4915">
    <p class='ocr_par' dir='ltr' id='par_1_95' title="bbox 2032 4834 3614 4915">
     <span class='ocr_line' id='line_1_95' title="bbox 2032 4834 3614 4915; baseline -0.008 -3"><span class='ocrx_word' id='word_1_828' title='bbox 2032 4834 2342 4913; x_wconf 80' lang='lat' dir='ltr'><strong>missionem</strong></span> <span class='ocrx_word' id='word_1_829' title='bbox 2376 4892 2393 4915; x_wconf 92' lang='lat'><strong>,</strong></span> <span class='ocrx_word' id='word_1_830' title='bbox 2445 4858 2502 4905; x_wconf 90' lang='lat' dir='ltr'><strong>et</strong></span> <span class='ocrx_word' id='word_1_831' title='bbox 2557 4847 2867 4904; x_wconf 86' lang='lat' dir='ltr'><strong>turbamini.</strong></span> <span class='ocrx_word' id='word_1_832' title='bbox 2921 4846 3017 4901; x_wconf 90' lang='lat' dir='ltr'><strong>Ille</strong></span> <span class='ocrx_word' id='word_1_833' title='bbox 3084 4844 3290 4900; x_wconf 87' lang='lat' dir='ltr'><strong>audivit</strong></span> <span class='ocrx_word' id='word_1_834' title='bbox 3342 4845 3614 4901; x_wconf 88' lang='lat' dir='ltr'><strong>contraria</strong></span> 
     </span>
    </p>
   </div>
   <div class='ocr_carea' id='block_1_96' title="bbox 356 4931 3617 5019">
    <p class='ocr_par' dir='ltr' id='par_1_96' title="bbox 356 4931 3617 5019">
     <span class='ocr_line' id='line_1_96' title="bbox 356 4931 3617 5019; baseline -0.003 -17"><span class='ocrx_word' id='word_1_835' title='bbox 356 4946 520 5002; x_wconf 73' lang='lat' dir='ltr'><strong>Vides</strong></span> <span class='ocrx_word' id='word_1_836' title='bbox 544 4939 817 5011; x_wconf 91' lang='lat' dir='ltr'><strong>quomodo</strong></span> <span class='ocrx_word' id='word_1_837' title='bbox 844 4954 964 5008; x_wconf 65' lang='lat' dir='ltr'><strong>quae</strong></span> <span class='ocrx_word' id='word_1_838' title='bbox 993 4936 1130 4990; x_wconf 86' lang='lat' dir='ltr'><strong>facta</strong></span> <span class='ocrx_word' id='word_1_839' title='bbox 1158 4943 1285 4988; x_wconf 89' lang='lat' dir='ltr'><strong>sunt</strong></span> <span class='ocrx_word' id='word_1_840' title='bbox 1318 4931 1620 5002; x_wconf 81' lang='lat' dir='ltr'><strong>pugnabant</strong></span> <span class='ocrx_word' id='word_1_841' title='bbox 1645 4943 1765 5019; x_wconf 89' lang='lat' dir='ltr'><strong>cum</strong></span> <span class='ocrx_word' id='word_1_842' title='bbox 1802 4940 1932 4996; x_wconf 87' lang='lat' dir='ltr'><strong>pro-</strong></span> <span class='ocrx_word' id='word_1_843' title='bbox 2035 4947 2316 5019; x_wconf 62' lang='lat' dir='ltr'><strong>promissis</strong></span> <span class='ocrx_word' id='word_1_844' title='bbox 2344 4943 2411 4999; x_wconf 70' lang='lat' dir='ltr'><strong>ab</strong></span> <span class='ocrx_word' id='word_1_845' title='bbox 2434 4957 2501 4998; x_wconf 73' lang='lat' dir='ltr'><strong>eo</strong></span> <span class='ocrx_word' id='word_1_846' title='bbox 2531 4942 2648 5012; x_wconf 81' lang='lat' dir='ltr'><strong>ipso</strong></span> <span class='ocrx_word' id='word_1_847' title='bbox 2674 4941 2764 5011; x_wconf 84' lang='lat' dir='ltr'><strong>qui</strong></span> <span class='ocrx_word' id='word_1_848' title='bbox 2791 4947 2911 4995; x_wconf 85' lang='lat' dir='ltr'><strong>erat</strong></span> <span class='ocrx_word' id='word_1_849' title='bbox 2931 4939 3195 5008; x_wconf 90' lang='lat' dir='ltr'><strong>pollicitus</strong></span> <span class='ocrx_word' id='word_1_850' title='bbox 3222 4980 3238 5007; x_wconf 91' lang='lat'><strong>,</strong></span> <span class='ocrx_word' id='word_1_851' title='bbox 3273 4947 3329 4995; x_wconf 90' lang='lat' dir='ltr'><strong>et</strong></span> <span class='ocrx_word' id='word_1_852' title='bbox 3361 4954 3467 4994; x_wconf 92' lang='lat' dir='ltr'><strong>non</strong></span> <span class='ocrx_word' id='word_1_853' title='bbox 3496 4949 3617 4993; x_wconf 62' lang='lat' dir='ltr'><strong>turo</strong></span> 
     </span>
    </p>
   </div>
   <div class='ocr_carea' id='block_1_97' title="bbox 358 5018 1900 5099">
    <p class='ocr_par' dir='ltr' id='par_1_97' title="bbox 358 5018 1900 5094">
     <span class='ocr_line' id='line_1_97' title="bbox 358 5018 1900 5094; baseline -0.015 -1"><span class='ocrx_word' id='word_1_854' title='bbox 358 5033 656 5094; x_wconf 83' lang='lat' dir='ltr'><strong>missione?</strong></span> <span class='ocrx_word' id='word_1_855' title='bbox 689 5031 891 5086; x_wconf 82' lang='lat' dir='ltr'><strong>Rursus</strong></span> <span class='ocrx_word' id='word_1_856' title='bbox 918 5026 1048 5082; x_wconf 83' lang='lat' dir='ltr'><strong>dicit</strong></span> <span class='ocrx_word' id='word_1_857' title='bbox 1074 5067 1089 5089; x_wconf 92' lang='lat'><strong>,</strong></span> <span class='ocrx_word' id='word_1_858' title='bbox 1122 5023 1187 5079; x_wconf 82' lang='lat' dir='ltr'><strong>In</strong></span> <span class='ocrx_word' id='word_1_859' title='bbox 1213 5023 1361 5079; x_wconf 86' lang='lat' dir='ltr'><strong>Isaac</strong></span> <span class='ocrx_word' id='word_1_860' title='bbox 1381 5020 1637 5076; x_wconf 79' lang='lat' dir='ltr'><strong>vocabitur</strong></span> <span class='ocrx_word' id='word_1_861' title='bbox 1655 5018 1743 5072; x_wconf 88' lang='lat' dir='ltr'><strong>tibi</strong></span> <span class='ocrx_word' id='word_1_862' title='bbox 1767 5033 1900 5072; x_wconf 88' lang='lat' dir='ltr'><strong>seme</strong></span> 
     </span>
    </p>
   </div>
   <div class='ocr_carea' id='block_1_98' title="bbox 2004 5018 3616 5099">
    <p class='ocr_par' dir='ltr' id='par_1_98' title="bbox 2036 5018 3616 5099">
     <span class='ocr_line' id='line_1_98' title="bbox 2036 5018 3616 5099; baseline -0.008 -5"><span class='ocrx_word' id='word_1_863' title='bbox 2036 5018 2298 5099; x_wconf 84' lang='lat' dir='ltr'><strong>habatur.</strong></span> <span class='ocrx_word' id='word_1_864' title='bbox 2346 5034 2442 5091; x_wconf 89' lang='lat' dir='ltr'><strong>sed</strong></span> <span class='ocrx_word' id='word_1_865' title='bbox 2485 5048 2546 5088; x_wconf 90' lang='lat' dir='ltr'><strong>ea</strong></span> <span class='ocrx_word' id='word_1_866' title='bbox 2601 5030 2833 5086; x_wconf 83' lang='lat' dir='ltr'><strong>faciebat</strong></span> <span class='ocrx_word' id='word_1_867' title='bbox 2875 5024 3142 5099; x_wconf 88' lang='lat' dir='ltr'><strong>tamquam</strong></span> <span class='ocrx_word' id='word_1_868' title='bbox 3190 5029 3562 5084; x_wconf 87' lang='lat' dir='ltr'><strong>convenientia</strong></span> <span class='ocrx_word' id='word_1_869' title='bbox 3600 5045 3616 5082; x_wconf 91' lang='lat'>:</span> 
     </span>
    </p>
   </div>
   <div class='ocr_carea' id='block_1_99' title="bbox 358 5106 1900 5212">
    <p class='ocr_par' dir='ltr' id='par_1_99' title="bbox 358 5106 1899 5204">
     <span class='ocr_line' id='line_1_99' title="bbox 358 5106 1899 5204; baseline -0.018 -15"><span class='ocrx_word' id='word_1_870' title='bbox 358 5132 523 5204; x_wconf 78' lang='lat' dir='ltr'><strong>(Gen.</strong></span> <span class='ocrx_word' id='word_1_871' title='bbox 542 5126 633 5181; x_wconf 75' lang='grc'><strong>21.</strong></span> <span class='ocrx_word' id='word_1_872' title='bbox 665 5122 786 5194; x_wconf 67' lang='grc' dir='ltr'><strong>ιε).</strong></span> <span class='ocrx_word' id='word_1_873' title='bbox 809 5130 863 5175; x_wconf 92' lang='lat' dir='ltr'><strong>ct</strong></span> <span class='ocrx_word' id='word_1_874' title='bbox 887 5116 1149 5174; x_wconf 83' lang='lat' dir='ltr'><strong>credidit:</strong></span> <span class='ocrx_word' id='word_1_875' title='bbox 1180 5124 1235 5169; x_wconf 87' lang='lat' dir='ltr'><strong>et</strong></span> <span class='ocrx_word' id='word_1_876' title='bbox 1263 5126 1448 5168; x_wconf 89' lang='lat' dir='ltr'><strong>rursus</strong></span> <span class='ocrx_word' id='word_1_877' title='bbox 1472 5109 1606 5166; x_wconf 90' lang='lat' dir='ltr'><strong>dicit</strong></span> <span class='ocrx_word' id='word_1_878' title='bbox 1629 5151 1645 5174; x_wconf 92' lang='lat'><strong>,</strong></span> <span class='ocrx_word' id='word_1_879' title='bbox 1676 5106 1899 5164; x_wconf 89' lang='lat' dir='ltr'><strong>Sacrific</strong></span> 
     </span>
    </p>
   </div>
   <div class='ocr_carea' id='block_1_100' title="bbox 2004 5106 3624 5212">
    <p class='ocr_par' dir='ltr' id='par_1_100' title="bbox 2042 5118 3624 5190">
     <span class='ocr_line' id='line_1_100' title="bbox 2042 5118 3624 5190; baseline -0.01 -4"><span class='ocrx_word' id='word_1_880' title='bbox 2042 5137 2196 5186; x_wconf 88' lang='lat' dir='ltr'><strong>erant</strong></span> <span class='ocrx_word' id='word_1_881' title='bbox 2221 5125 2364 5183; x_wconf 90' lang='lat' dir='ltr'><strong>enim</strong></span> <span class='ocrx_word' id='word_1_882' title='bbox 2384 5122 2753 5180; x_wconf 81' lang='lat' dir='ltr'><strong>convenientia</strong></span> <span class='ocrx_word' id='word_1_883' title='bbox 2783 5139 2796 5175; x_wconf 90' lang='lat'><strong>:</strong></span> <span class='ocrx_word' id='word_1_884' title='bbox 2827 5120 3093 5176; x_wconf 77' lang='lat' dir='ltr'><strong>contraria</strong></span> <span class='ocrx_word' id='word_1_885' title='bbox 3128 5118 3341 5190; x_wconf 86' lang='lat' dir='ltr'><strong>quidem</strong></span> <span class='ocrx_word' id='word_1_886' title='bbox 3370 5118 3624 5173; x_wconf 86' lang='lat' dir='ltr'><strong>humanis</strong></span> 
     </span>
    </p>
   </div>
   <div class='ocr_carea' id='block_1_101' title="bbox 360 5197 3630 5304">
    <p class='ocr_par' dir='ltr' id='par_1_101' title="bbox 360 5197 3630 5304">
     <span class='ocr_line' id='line_1_101' title="bbox 360 5197 3630 5304; baseline -0.012 4"><span class='ocrx_word' id='word_1_887' title='bbox 360 5219 489 5273; x_wconf 51' lang='lat' dir='ltr'><strong>mihi</strong></span> <span class='ocrx_word' id='word_1_888' title='bbox 532 5219 672 5272; x_wconf 67' lang='lat' dir='ltr'><strong>hunc</strong></span> <span class='ocrx_word' id='word_1_889' title='bbox 692 5255 708 5281; x_wconf 88' lang='lat'><strong>’</strong></span> <span class='ocrx_word' id='word_1_890' title='bbox 734 5212 823 5283; x_wconf 57' lang='lat' dir='ltr'><strong>qui</strong></span> <span class='ocrx_word' id='word_1_891' title='bbox 864 5218 980 5266; x_wconf 55' lang='lat' dir='ltr'><strong>erat</strong></span> <span class='ocrx_word' id='word_1_892' title='bbox 1026 5206 1344 5304; x_wconf 61' lang='lat' dir='ltr'><strong>il‘.‘.&quot;_&#39;.°‘f&quot;“s</strong></span> <span class='ocrx_word' id='word_1_893' title='bbox 1389 5201 1698 5304; x_wconf 27' lang='lat' dir='ltr'><strong>univeﬁsum</strong></span> <span class='ocrx_word' id='word_1_894' title='bbox 1748 5197 1935 5304; x_wconf 33' lang='lat' dir='ltr'><strong>orbe&quot;?</strong></span> <span class='ocrx_word' id='word_1_895' title='bbox 2043 5237 2357 5303; x_wconf 89' lang='lat' dir='ltr'><strong>rationibus,</strong></span> <span class='ocrx_word' id='word_1_896' title='bbox 2383 5230 2754 5289; x_wconf 86' lang='lat' dir='ltr'><strong>convenientia</strong></span> <span class='ocrx_word' id='word_1_897' title='bbox 2780 5237 2958 5282; x_wconf 89' lang='lat' dir='ltr'><strong>autem</strong></span> <span class='ocrx_word' id='word_1_898' title='bbox 2981 5240 3048 5281; x_wconf 81' lang='lat' dir='ltr'><strong>ex</strong></span> <span class='ocrx_word' id='word_1_899' title='bbox 3080 5223 3182 5279; x_wconf 85' lang='lat' dir='ltr'><strong>iide</strong></span> <span class='ocrx_word' id='word_1_900' title='bbox 3207 5265 3222 5279; x_wconf 94' lang='lat'><strong>.</strong></span> <span class='ocrx_word' id='word_1_901' title='bbox 3256 5228 3311 5278; x_wconf 88' lang='lat' dir='ltr'><strong>et</strong></span> <span class='ocrx_word' id='word_1_902' title='bbox 3332 5216 3630 5290; x_wconf 90' lang='lat' dir='ltr'><strong>quomodo,</strong></span> 
     </span>
    </p>
   </div>
   <div class='ocr_carea' id='block_1_102' title="bbox 362 5297 3634 5403">
    <p class='ocr_par' dir='ltr' id='par_1_102' title="bbox 362 5297 3634 5403">
     <span class='ocr_line' id='line_1_102' title="bbox 362 5297 3634 5403; baseline -0.014 5"><span class='ocrx_word' id='word_1_903' title='bbox 362 5321 613 5403; x_wconf 37' lang='lat' dir='ltr'><strong>“frg”,</strong></span> <span class='ocrx_word' id='word_1_904' title='bbox 640 5304 846 5403; x_wconf 41' lang='lat' dir='ltr'><strong>in?</strong></span> <span class='ocrx_word' id='word_1_905' title='bbox 889 5314 1008 5403; x_wconf 69' lang='lat' dir='ltr'><strong>s“.o°</strong></span> <span class='ocrx_word' id='word_1_906' title='bbox 1042 5297 1240 5403; x_wconf 33' lang='lat' dir='ltr'><strong>“eis”.</strong></span> <span class='ocrx_word' id='word_1_907' title='bbox 1293 5308 1520 5392; x_wconf 42' lang='lat' dir='ltr'><strong>pugna!“</strong></span> <span class='ocrx_word' id='word_1_908' title='bbox 1546 5297 1867 5403; x_wconf 53' lang='lat' dir='ltr'><strong>.ju_ss?,mn:_</strong></span> <span class='ocrx_word' id='word_1_909' title='bbox 2048 5335 2161 5403; x_wconf 79' lang='lat' dir='ltr'><strong>ipse</strong></span> <span class='ocrx_word' id='word_1_910' title='bbox 2176 5297 2467 5401; x_wconf 77' lang='lat' dir='ltr'><strong>Apostolus</strong></span> <span class='ocrx_word' id='word_1_911' title='bbox 2490 5339 2587 5379; x_wconf 90' lang='lat' dir='ltr'><strong>nos</strong></span> <span class='ocrx_word' id='word_1_912' title='bbox 2616 5321 2835 5385; x_wconf 90' lang='lat' dir='ltr'><strong>docuit,</strong></span> <span class='ocrx_word' id='word_1_913' title='bbox 2868 5319 3052 5373; x_wconf 90' lang='lat' dir='ltr'><strong>dicens</strong></span> <span class='ocrx_word' id='word_1_914' title='bbox 3082 5333 3097 5368; x_wconf 86' lang='lat'><strong>:</strong></span> <span class='ocrx_word' id='word_1_915' title='bbox 3131 5314 3396 5368; x_wconf 78' lang='lat' dir='ltr'><strong>Arbitrans</strong></span> <span class='ocrx_word' id='word_1_916' title='bbox 3416 5308 3551 5381; x_wconf 86' lang='lat' dir='ltr'><strong>quod</strong></span> <span class='ocrx_word' id='word_1_917' title='bbox 3580 5315 3634 5361; x_wconf 79' lang='lat' dir='ltr'><strong>et</strong></span> 
     </span>
    </p>
   </div>
   <div class='ocr_carea' id='block_1_103' title="bbox 369 5391 3629 5483">
    <p class='ocr_par' dir='ltr' id='par_1_103' title="bbox 369 5391 3629 5483">
     <span class='ocr_line' id='line_1_103' title="bbox 369 5391 3629 5483; baseline -0.006 1"><span class='ocrx_word' id='word_1_918' title='bbox 369 5396 785 5473; x_wconf 35' lang='lat' dir='ltr'><strong>promissum“?</strong></span> <span class='ocrx_word' id='word_1_919' title='bbox 814 5392 983 5448; x_wconf 40' lang='lat' dir='ltr'><strong>Jus‘it</strong></span> <span class='ocrx_word' id='word_1_920' title='bbox 1008 5391 1280 5483; x_wconf 38' lang='lat' dir='ltr'><strong>contra“?</strong></span> <span class='ocrx_word' id='word_1_921' title='bbox 1311 5391 1589 5483; x_wconf 56' lang='lat' dir='ltr'><strong>Prnmss&#39;s</strong></span> <span class='ocrx_word' id='word_1_922' title='bbox 1617 5392 1731 5483; x_wconf 55' lang='lat' dir='ltr'><strong>;.el</strong></span> <span class='ocrx_word' id='word_1_923' title='bbox 1767 5391 1939 5447; x_wconf 61' lang='lat' dir='ltr'><strong>neque</strong></span> <span class='ocrx_word' id='word_1_924' title='bbox 2104 5391 2312 5477; x_wconf 43' lang='lat' dir='ltr'><strong>mort-uis</strong></span> <span class='ocrx_word' id='word_1_925' title='bbox 2341 5418 2585 5472; x_wconf 84' lang='lat' dir='ltr'><strong>suscitare</strong></span> <span class='ocrx_word' id='word_1_926' title='bbox 2614 5424 2788 5483; x_wconf 72' lang='lat' dir='ltr'><strong>potens</strong></span> <span class='ocrx_word' id='word_1_927' title='bbox 2811 5421 2882 5465; x_wconf 85' lang='lat' dir='ltr'><strong>est</strong></span> <span class='ocrx_word' id='word_1_928' title='bbox 2912 5408 3065 5463; x_wconf 88' lang='lat' dir='ltr'><strong>Deus.</strong></span> <span class='ocrx_word' id='word_1_929' title='bbox 3089 5405 3144 5461; x_wconf 78' lang='grc' dir='ltr'>Μ</span> <span class='ocrx_word' id='word_1_930' title='bbox 3169 5414 3283 5460; x_wconf 89' lang='lat' dir='ltr'><strong>est:</strong></span> <span class='ocrx_word' id='word_1_931' title='bbox 3307 5403 3384 5457; x_wconf 82' lang='lat' dir='ltr'><strong>Ex</strong></span> <span class='ocrx_word' id='word_1_932' title='bbox 3413 5399 3629 5464; x_wconf 62' lang='lat' dir='ltr'><strong>eadem.</strong></span> 
     </span>
    </p>
   </div>
   <div class='ocr_carea' id='block_1_104' title="bbox 370 5472 3630 5584">
    <p class='ocr_par' dir='ltr' id='par_1_104' title="bbox 370 5472 3630 5584">
     <span class='ocr_line' id='line_1_104' title="bbox 370 5472 3630 5584; baseline -0.015 7"><span class='ocrx_word' id='word_1_933' title='bbox 370 5496 446 5549; x_wconf 62' lang='lat' dir='ltr'><strong>Sic</strong></span> <span class='ocrx_word' id='word_1_934' title='bbox 483 5488 745 5584; x_wconf 57' lang='lat' dir='ltr'><strong>caligavn-</strong></span> <span class='ocrx_word' id='word_1_935' title='bbox 767 5486 983 5584; x_wconf 44' lang='lat' dir='ltr'><strong>insulsi</strong></span> <span class='ocrx_word' id='word_1_936' title='bbox 1030 5496 1203 5584; x_wconf 50' lang='grc'><strong>’³⁸1⁸⁸</strong></span> <span class='ocrx_word' id='word_1_937' title='bbox 1230 5478 1366 5533; x_wconf 50' lang='lat' dir='ltr'><strong>dixit</strong></span> <span class='ocrx_word' id='word_1_938' title='bbox 2405 5524 2506 5580; x_wconf 88' lang='lat' dir='ltr'><strong>qua</strong></span> <span class='ocrx_word' id='word_1_939' title='bbox 2537 5472 2762 5561; x_wconf 80' lang='lat' dir='ltr'><strong>credidit</strong></span> <span class='ocrx_word' id='word_1_940' title='bbox 2792 5499 2933 5573; x_wconf 92' lang='lat' dir='ltr'><strong>quod</strong></span> <span class='ocrx_word' id='word_1_941' title='bbox 2961 5499 3257 5553; x_wconf 88' lang='lat' dir='ltr'><strong>donaturus</strong></span> <span class='ocrx_word' id='word_1_942' title='bbox 3286 5502 3430 5549; x_wconf 85' lang='lat' dir='ltr'><strong>esset</strong></span> <span class='ocrx_word' id='word_1_943' title='bbox 3457 5490 3630 5544; x_wconf 87' lang='lat' dir='ltr'><strong>lilium</strong></span> 
     </span>
    </p>
   </div>
   <div class='ocr_carea' id='block_1_105' title="bbox 371 5561 3633 5677">
    <p class='ocr_par' dir='ltr' id='par_1_105' title="bbox 371 5561 3633 5677">
     <span class='ocr_line' id='line_1_105' title="bbox 371 5561 3633 5677; baseline -0.011 -11"><span class='ocrx_word' id='word_1_944' title='bbox 371 5585 514 5677; x_wconf 72' lang='lat' dir='ltr'><strong>N“m_</strong></span> <span class='ocrx_word' id='word_1_945' title='bbox 534 5578 917 5677; x_wconf 41' lang='lat' dir='ltr'><strong>“&#39;snfl‘fidcmf</strong></span> <span class='ocrx_word' id='word_1_946' title='bbox 966 5572 1139 5675; x_wconf 44' lang='lat' dir='ltr'><strong>inm?“</strong></span> <span class='ocrx_word' id='word_1_947' title='bbox 1159 5612 1174 5637; x_wconf 88' lang='lat'><strong>’</strong></span> <span class='ocrx_word' id='word_1_948' title='bbox 1223 5561 1945 5677; x_wconf 32' lang='lat' dir='ltr'><strong>&quot;(tnjwzlcfilismlfoffffff</strong></span> <span class='ocrx_word' id='word_1_949' title='bbox 2049 5561 2138 5677; x_wconf 73' lang='lat' dir='ltr'><strong>qui</strong></span> <span class='ocrx_word' id='word_1_950' title='bbox 2168 5561 2272 5659; x_wconf 66' lang='lat' dir='ltr'><strong>non</strong></span> <span class='ocrx_word' id='word_1_951' title='bbox 2294 5561 2437 5664; x_wconf 65' lang='lat' dir='ltr'><strong>erat:</strong></span> <span class='ocrx_word' id='word_1_952' title='bbox 2460 5613 2523 5653; x_wconf 84' lang='lat' dir='ltr'><strong>ex</strong></span> <span class='ocrx_word' id='word_1_953' title='bbox 2548 5595 2735 5651; x_wconf 90' lang='lat' dir='ltr'><strong>eadem</strong></span> <span class='ocrx_word' id='word_1_954' title='bbox 2765 5561 2925 5647; x_wconf 72' lang='lat' dir='ltr'><strong>etiam</strong></span> <span class='ocrx_word' id='word_1_955' title='bbox 2950 5598 3218 5644; x_wconf 89' lang='lat' dir='ltr'><strong>mortuum</strong></span> <span class='ocrx_word' id='word_1_956' title='bbox 3248 5585 3633 5638; x_wconf 89' lang='lat' dir='ltr'><strong>suscitaturum</strong></span> 
     </span>
    </p>
   </div>
   <div class='ocr_carea' id='block_1_106' title="bbox 375 5654 3631 5764">
    <p class='ocr_par' dir='ltr' id='par_1_106' title="bbox 375 5654 3631 5764">
     <span class='ocr_line' id='line_1_106' title="bbox 375 5654 3631 5764; baseline -0.01 -20"><span class='ocrx_word' id='word_1_957' title='bbox 375 5675 517 5744; x_wconf 72' lang='grc' dir='ltr'><strong>σιιιθά</strong></span> <span class='ocrx_word' id='word_1_958' title='bbox 553 5673 816 5764; x_wconf 57' lang='lat' dir='ltr'><strong>P‘lmcn&#39;”</strong></span> <span class='ocrx_word' id='word_1_959' title='bbox 847 5665 1182 5764; x_wconf 55' lang='lat' dir='ltr'><strong>5i‘_&quot;_&quot;_l&quot;icm</strong></span> <span class='ocrx_word' id='word_1_960' title='bbox 1206 5669 1302 5764; x_wconf 12' lang='lat'><strong>&#39;7‘?!</strong></span> <span class='ocrx_word' id='word_1_961' title='bbox 1561 5654 1944 5764; x_wconf 37' lang='lat' dir='ltr'><strong>ﬁ;</strong></span> <span class='ocrx_word' id='word_1_962' title='bbox 2051 5654 2631 5764; x_wconf 64' lang='lat' dir='ltr'><strong>persuasum</strong></span> <span class='ocrx_word' id='word_1_963' title='bbox 2666 5685 2849 5740; x_wconf 89' lang='lat' dir='ltr'><strong>habuit</strong></span> <span class='ocrx_word' id='word_1_964' title='bbox 2890 5680 3028 5750; x_wconf 92' lang='lat' dir='ltr'><strong>quod</strong></span> <span class='ocrx_word' id='word_1_965' title='bbox 3054 5686 3338 5734; x_wconf 87' lang='lat' dir='ltr'><strong>mactatum</strong></span> <span class='ocrx_word' id='word_1_966' title='bbox 3367 5683 3481 5728; x_wconf 89' lang='lat' dir='ltr'><strong>erat</strong></span> <span class='ocrx_word' id='word_1_967' title='bbox 3504 5683 3631 5723; x_wconf 86' lang='lat' dir='ltr'><strong>Sus-</strong></span> 
     </span>
    </p>
   </div>
   <div class='ocr_carea' id='block_1_107' title="bbox 383 5742 3632 5892">
    <p class='ocr_par' dir='ltr' id='par_1_107' title="bbox 383 5742 3632 5892">
     <span class='ocr_line' id='line_1_107' title="bbox 383 5742 3632 5892; baseline -0.023 -6"><span class='ocrx_word' id='word_1_968' title='bbox 383 5757 1241 5892; x_wconf 44' lang='lat' dir='ltr'><strong>uti?Si?“infgii&#39;ietitg&#39;ii&#39;i5t3m‘</strong></span> <span class='ocrx_word' id='word_1_969' title='bbox 1267 5764 1315 5799; x_wconf 62' lang='grc' dir='ltr'><strong>’ῃ</strong></span> <span class='ocrx_word' id='word_1_970' title='bbox 1339 5747 1555 5801; x_wconf 42' lang='lat' dir='ltr'><strong>conm&quot;.</strong></span> <span class='ocrx_word' id='word_1_971' title='bbox 1580 5742 1789 5795; x_wconf 57' lang='lat' dir='ltr'><strong>“omum</strong></span> <span class='ocrx_word' id='word_1_972' title='bbox 1817 5753 1953 5805; x_wconf 52' lang='lat' dir='ltr'><strong>“ge-</strong></span> <span class='ocrx_word' id='word_1_973' title='bbox 2053 5798 2324 5847; x_wconf 65' lang='lat' dir='ltr'><strong>citaturus.</strong></span> <span class='ocrx_word' id='word_1_974' title='bbox 2350 5786 2475 5841; x_wconf 78' lang='lat' dir='ltr'><strong>Erat</strong></span> <span class='ocrx_word' id='word_1_975' title='bbox 2514 5781 2653 5837; x_wconf 85' lang='lat' dir='ltr'><strong>cnim</strong></span> <span class='ocrx_word' id='word_1_976' title='bbox 2684 5793 2832 5849; x_wconf 74' lang='lat' dir='ltr'><strong>a-quc</strong></span> <span class='ocrx_word' id='word_1_977' title='bbox 2854 5774 3093 5839; x_wconf 85' lang='lat' dir='ltr'><strong>dubium,</strong></span> <span class='ocrx_word' id='word_1_978' title='bbox 3115 5772 3366 5832; x_wconf 87' lang='lat' dir='ltr'><strong>humana,</strong></span> <span class='ocrx_word' id='word_1_979' title='bbox 3390 5766 3632 5833; x_wconf 75' lang='lat' dir='ltr'><strong>inquam,</strong></span> 
     </span>
    </p>
   </div>
  </div>
