3980 6142
363 334 583 391 Πῦ⁹

360 462 740 536 γεγηρακυίας
778 459 870 515 καὶ
903 455 1176 527 ἀχρήστου
1204 459 1303 529 ήδη
1363 460 1740 531 γεγενημένης
1794 458 1929 528 πρὸς

362 548 706 604 παιδοποιίαν
732 546 915 598 δοῦναι
950 541 1181 606 παιδίον,
1214 544 1308 594 xal
1337 544 1746 613 σφαγιασθέντα
1803 546 1931 598 ἀνα-

364 638 563 705 στῆσαι
579 648 591 660 ⁸
613 629 886 697 ἀλλ’ὃμως
898 623 1146 678 ἐπείθετο
1165 638 1179 653 ⁸
1195 626 1553 695 προωδοποίει
1568 628 1676 698 γὰρ
1695 630 1729 697 ή
1750 627 1930 687 πίστις

360 722 392 786 ἠ
425 712 772 787 παρελθοῦσα
818 711 930 772 τοῖς
983 708 1290 779 μέλλουσιν.
1326 710 1534 773 ’Ἄλλως
1552 711 1609 764 δὲ
1653 710 1748 765 καὶ
1772 713 1802 764 6
1834 710 1932 780 μὲν

362 799 507 868 ἑώρα
526 798 589 850 τά
607 792 819 866 χρηστά
833 792 1047 863 πρῶτα,
1062 790 1130 844 τὰ
1144 791 1202 845 δὲ
1218 792 1457 863 δυσχερῆ
1480 793 1606 860 ὓστε
1617 810 1685 865 ρα
1701 794 1837 863 πρὸς
1854 792 1934 862 τῷ

360 883 530 951 γήρᾳ.
553 879 741 947 Ὑμεῖς
769 875 825 927 δέ
840 874 1174 937 τούναντίον,
1200 875 1355 943 φησὶ,
1376 876 1442 928 τὰ
1480 876 1579 945 μὲν
1616 874 1921 946 σκυθρωπὰ

363 965 576 1037 πρῶτα,
609 962 677 1014 τὰ
697 960 753 1012 δὲ
783 958 996 1029 χρηστά
1024 958 1332 1037 τελευταῖα.
1387 959 1560 1011 Τοῦτο
1607 957 1745 1027 πρὸς
1804 959 1933 1037 τοῦς

362 1035 542 1111 λέγειν
567 1038 902 1110 τολμῶντας,
935 1037 1020 1089 ὅτι
1051 1035 1206 1089 Μετὰ
1230 1035 1459 1090 θάνατον
1510 1039 1642 1107 ἡμῖν
1668 1036 1934 1104 ἐπηγγεί-

361 1128 492 1180 λατο
516 1127 585 1180 τὶ
606 1122 809 1192 ἀγαθὰ,
834 1121 1116 1190 ἠπάτησεν
1138 1119 1268 1181 ῐσως
1296 1120 1465 1189 ἡμᾶς.
1499 1119 1784 1173 Δείκνυσιν
1808 1158 1822 1181 ,
1853 1120 1935 1171 ὄτι

363 1212 458 1264 καὶ
484 1212 548 1262 ἐκ
576 1204 788 1275 νεκρῶν
811 1202 1048 1271 ἐγείρειν
1077 1202 1300 1265 δυνατὸς
1326 1203 1354 1253 ό
1386 1202 1519 1266 Θεός
1544 1220 1556 1233 ⁸
1584 1204 1633 1255 εἰ
1658 1202 1717 1255 δὲ
1747 1203 1842 1255 καὶ
1872 1203 1937 1254 ἐκ

364 1291 518 1366 ίὲὶὸ]
540 1289 752 1360 νεκρῶν
785 1284 1023 1353 ἐγείρειν
1056 1285 1317 1348 δυνατδςό
1335 1286 1489 1351 Θεὸς,
1514 1287 1732 1349 πάντως
1758 1286 1936 1338 πάντα

363 1374 655 1431 ἀποδώσει.
704 1371 766 1423 Εἰ
807 1366 1151 1439 δέβΔϐραάμ
1192 1367 1481 1421 ἐπίστευσε
1520 1368 1625 1438 πρὸ
1667 1369 1938 1422 τοσούτων

367 1458 527 1521 ἐτῶν,
576 1455 659 1508 ὅτι
690 1449 917 1513 δυνατὸς
932 1451 996 1503 ἐκ
1026 1449 1235 1520 νεκρῶν
1271 1450 1723 1522 ἐγείρεινόθεδς,
1757 1450 1939 1520 πολλῷ

371 1531 572 1610 μᾶλλον
613 1536 776 1607 ἡμεῖς
810 1531 1088 1586 πιστεύειν
1109 1532 1427 1603 ὀφείλομεν.
1472 1534 1637 1604 Ὁρᾷς
1665 1534 1768 1596 ὅτι,
1802 1534 1939 1604 ὅπερ

368 1619 754 1694 ἔφθηνείπὼν,
786 1615 939 1670 οὔπω
983 1613 1278 1683 εἰσῆλθενό
1308 1614 1558 1678 θάνατος,
1594 1616 1686 1669 καὶ
1734 1615 1939 1680 εὐθέως

367 1707 567 1766 αὐτοὺς
618 1703 699 1764 εἰς
725 1700 827 1769 τὴν
863 1697 963 1767 τῆς
1015 1696 1367 1767 ἀναστάσεως
1426 1698 1674 1753 εἵλκυσεν
1725 1697 1938 1759 ἐλπίδα,

369 1792 464 1845 καὶ
495 1789 577 1851 είς
597 1782 868 1852 τοσαύτην
899 1780 1274 1851 πληροφορίαν
1301 1782 1529 1852 ήγαγεν,
1569 1782 1646 1846 ὼς
1673 1782 1771 1836 καὶ
1800 1797 1941 1850 σφα-

367 1871 578 1941 γιάζειν
599 1867 726 1929 τοὺς
787 1862 998 1918 ἐαυτῶν
1040 1862 1193 1925 υἱοὺς
1245 1863 1659 1934 κελευομένους,
1717 1864 1815 1918 καὶ
1843 1863 1940 1933 ἀφ’

367 1950 444 2010 ὧν
478 1950 824 2023 προσεδόκων
846 1946 1152 2018 ἐμπλήσειν
1185 1945 1286 2017 τὴν
1329 1947 1681 2018 οἰκουμένην,
1706 1947 1942 2016 ἑτοίμως

366 2039 592 2098 τούτους
651 2030 993 2104 προσάγεινς
1055 2028 1165 2082 Kal
1225 2028 1414 2108 ἕτερον
1457 2028 1514 2083 δέ
1559 2029 1835 2082 δείκνυσιν
1858 2030 1944 2082 ἐν-

367 2117 639 2173 ταῦθαδιά
653 2114 748 2169 τοῦ
766 2114 959 2177 εἰπεῖν,
975 2110 1313 2179 Ἐπείραζέν
1325 2114 1358 2165 ὀ
1375 2110 1520 2177 Θεὸς
1540 2110 1648 2165 τὸν
1663 2110 1939 2180 Ἀϐραάμ.

369 2204 435 2257 Τί
459 2199 603 2266 οῦν;
658 2200 758 2252 οὐκ
812 2196 931 2267 ᾔδει
986 2196 1016 2249 6
1065 2195 1199 2257 Θεὸς
1257 2194 1341 2247 ὃτι
1396 2197 1648 2264 γενναῖος
1714 2190 1782 2265 ἦν
1849 2193 1945 2247 καί⁵

369 2288 589 2356 δόκιμος
614 2285 643 2336 6
672 2281 813 2352 ἁνήρ
837 2297 852 2346 ;
882 2277 1096 2347 Σφόδρα
1125 2293 1211 2344 γε.
1248 2277 1405 2339 Τίνος
1432 2271 1527 2330 οὖν
1573 2276 1760 2329 ἐνεκεν
1790 2275 1944 2329 ἐπεί-

378 2369 541 2439 ραζεν
586 2363 844 2424 αὑτὸν,εί
891 2360 1007 2431 ᾔδει
1040 2375 1056 2424 ;
1088 2361 1201 2428 Οὐχ
1251 2360 1338 2413 ἵνα
1390 2360 1552 2423 αὐτὸς
1599 2359 1774 2430 μάθῃ,
1827 2359 1944 2412 ἀλλ’

374 2453 465 2506 ἵνα
517 2452 632 2511 τοῖς
681 2444 866 2507 ἄλλοις
907 2442 1092 2513 δείξῃ.
1129 2444 1224 2499 καὶ
1276 2441 1581 2512 κατάδηλον
1640 2439 1804 2496 αὐτοῦ
1847 2440 1947 2512 τὴν

373 2531 626 2604 ἀνδρείαν
673 2529 810 2582 πᾶσι
854 2527 1196 2596 καταστήσῃ.
1228 2525 1337 2578 Kal
1381 2525 1655 2579 δείκνυσιν
1715 2524 1948 2579 ἐνταῦθα

375 2616 472 2671 καὶ
521 2612 634 2669 τῶν
698 2609 1025 2681 πειρασμῶν
1085 2609 1183 2678 τὴν
1234 2607 1457 2674 αἰτίαν,
1520 2609 1610 2663 ἵνα
1662 2606 1737 2680 μὴ
1794 2606 1950 2677 νομί-

376 2700 576 2765 ζωσιν,
620 2694 696 2758 ὡς
729 2690 1286 2763 ἐγκαταλελειμμένοι
1336 2690 1510 2745 ταῦτα
1539 2692 1794 2762 πάσχειν.
1834 2690 1951 2743 Ἐν-

374 2779 552 2835 ταῦθα
589 2778 689 2850 μέν
740 2775 851 2846 γὰρ
902 2775 998 2828 καὶ
1054 2775 1273 2846 ἀνάγκη
1322 2774 1705 2846 πειράζεσθαι,
1766 2774 1854 2827 διά
1886 2771 1949 2825 τὸ

376 2864 606 2926 πολλοὺς
641 2862 789 2932 ἔχειν
815 2859 944 2923 τοὺς
970 2858 1299 2922 ἐλαύνοντας
1314 2859 1549 2922 καὶτοὺς
1571 2857 1951 2913 ἐπιϐουλεύον-

376 2962 474 3006 τας
503 2961 517 2975 ⁸
549 2944 667 2997 ἐκεῖ
692 2942 749 2995 δὲ
780 2938 912 2992 ποία
940 2939 1153 3008 ἀνάγκη
1175 2934 1242 3008 ἦν
1269 2939 1394 3002 τοὺς
1445 2938 1545 2991 οὐκ
1589 2938 1751 3001 δντας
1801 2936 1949 3007 αὐτῷ

377 3026 719 3098 πειρασμοὺς
738 3025 971 3076 ἐπινοεῖν
996 3040 1012 3087 ;
1031 3016 1197 3086 Οὗτος
1221 3023 1403 3075 τοίνυν
1424 3024 1453 3075 6
1468 3022 1776 3092 πειρασμδς
1791 3021 1949 3092 δῆλος

375 3109 443 3182 ἦν
458 3113 539 3165 ὅτι
567 3107 732 3163 αὑτοῦ
753 3107 1180 3174 προστάττοντος
1201 3105 1427 3174 ἐγίνετο.
1457 3105 1523 3159 Οί
1560 3106 1657 3176 μὲν
1684 3101 1777 3159 οῦν
1798 3105 1949 3158 ἄλλοι

306 3228 309 3233 η
381 3192 794 3263 συγχωροῦντος
824 3189 992 3243 αὑτοῦ
1030 3190 1368 3251 συνέϐαινον,
1394 3182 1550 3252 οὗτος
1579 3189 1634 3242 δέ
1659 3190 1754 3243 καὶ
1777 3206 1949 3258 προσ-

378 3275 782 3338 τάττοντος.Ἐί
818 3273 993 3327 τοίνυν
1017 3271 1160 3326 οὕτω
1193 3272 1453 3343 δοκίμους
1484 3274 1552 3327 τά
1587 3273 1697 3327 τῶν
1756 3288 1951 3345 πειρα-

379 3360 533 3430 σμῶν
559 3357 726 3420 ποιεῖ,
745 3356 820 3419 ὡς
838 3357 934 3409 καὶ
959 3355 1034 3426 μὴ
1064 3355 1231 3426 οῦσης
1265 3356 1441 3419 αἰτίας
1462 3357 1555 3408 τὸν
1581 3355 1712 3410 Θεὸν
1738 3356 1947 3427 γυμνά-

378 3444 494 3508 ζειν
521 3443 648 3504 τοὺς
676 3439 869 3494 ἐαυτοῦ
913 3439 1153 3510 ἀθλητάς
1179 3455 1192 3470 ⁸
1226 3439 1404 3510 πολλῷ
1436 3440 1641 3510 μᾶλλον
1675 3441 1824 3511 ήμᾶς
1858 3442 1952 3510 φέ-

380 3543 494 3595 ρειν
546 3522 729 3577 πάντα
781 3521 888 3594 χρὴ
948 3523 1232 3591 γενναίως.
1283 3523 1668 3594 Ἐμφαντικῶς
1708 3523 1766 3576 δὲ
1796 3520 1950 3579 εἶπεν

376 3607 632 3675 ἐνταῦθα,
655 3608 734 3661 ὅτι
760 3608 969 3660 Πίστει
990 3608 1406 3677 προσενήνοχε
1431 3607 1538 3661 τὸν
1566 3608 1794 3673 Ἰσαὰκ,
1823 3614 1949 3663 πει-

370 3691 690 3764 ραζόμενος
713 3707 728 3721 ⁸
773 3689 1001 3760 οὐδεμία
1030 3690 1139 3761 γὰρ
1160 3690 1294 3760 άλλη
1322 3690 1471 3744 αἰτία
1495 3686 1562 3761 ἦν
1577 3692 1951 3763 προσαγωγῆς

376 3774 596 3845 ἣαῦτη.
646 3769 779 3826 Εἶτα
832 3770 1186 3843 ἐπεξέρχεται
1217 3772 1296 3842 τῷ
1332 3773 1585 3843 νοήματι.
1642 3774 1757 3827 Ούκ
1810 3774 1947 3845 ἔχει,

377 3858 564 3928 φησὶν,
596 3858 791 3922 εἰπεῖν,
825 3857 910 3909 ὅτι
931 3855 1027 3908 καὶ⁵
1058 3854 1218 3908 ἄλλον
1248 3850 1396 3925 εἶχεν
1431 3856 1567 3918 υἱὸν,
1599 3855 1696 3908 καὶ⁵
1719 3854 1780 3921 ἐξ
1802 3856 1946 3910 ἐκεί-

376 3959 468 3994 νου
500 3940 807 4011 προσεδόκα
832 3939 932 4010 τὴν
965 3938 1300 4007 ἐπαγγελίαν
1326 3938 1788 4011 πληρωθήσεσθαι
1807 3979 1822 4004 ,
1855 3939 1951 3993 καὶ

381 4024 472 4077 διὰ
501 4023 666 4076 τοῦτο
703 4022 923 4095 θαρρῶν
955 4021 1143 4074 τοῦτον
1181 4023 1545 4092 προσήνεγκε.
1582 4023 1692 4076 Καὶ
1723 4022 1830 4077 τὸν
1847 4040 1951 4091 μο-

375 4105 618 4173 νογενῆ,
635 4107 791 4175 φησὶ,
822 4104 1196 4172 προσέφερεν
1224 4108 1256 4158 d
1288 4104 1396 4167 τὰς
1419 4105 1781 4175 ἐπαγγελίας
1805 4106 1950 4160 ἀνα-

377 4188 723 4256 δεξάμενος.
754 4187 819 4239 Τί
852 4187 1032 4255 λέγεις
1073 4188 1337 4258 μονογενῆ
1368 4205 1384 4254 ;
1418 4189 1472 4241 τί
1504 4186 1597 4243 οὖν
1619 4191 1648 4242 6
1691 4190 1949 4259 Ἰσμαήλς

378 4270 544 4323 ,πόθεν
573 4265 674 4338 ἧν;
699 4269 982 4338 Μονογενῆ
1019 4268 1164 4337 λέγω
1182 4310 1197 4334 ,
1227 4272 1410 4340 φησὶν,
1456 4272 1579 4326 ὅσον
1606 4273 1686 4334 εἰς
1712 4272 1802 4324 τὸν
1852 4273 1951 4341 τῆς

378 4352 715 4420 ἐπαγγελίας
743 4350 899 4419 λόγον
920 4367 934 4381 ⁸
962 4352 1051 4406 διά
1075 4352 1184 4423 γάρ
1208 4352 1366 4407 τοῦτο
1395 4353 1758 4425 προσέθηκεν,
1781 4353 1951 4408 εἰπὼν

378 4430 686 4503 Μονογενῆ
709 4442 751 4497 ⁸,
774 4433 989 4497 δεικνὺς
1010 4433 1091 4487 ὅτι
1119 4433 1208 4486 διά
1234 4434 1425 4489 τοῦτον
1454 4436 1550 4489 καὶ
1573 4435 1722 4504 λέγει
1747 4452 1761 4466 ⁸
1795 4437 1951 4504 Πρὸς

378 4518 454 4572 ὃν
508 4516 812 4583 ἐλαλήθη,
867 4517 950 4569 ὅτι
1004 4518 1107 4571 Ἐν
1146 4516 1344 4572 Ἰσαὰκ
1406 4520 1781 4587 κληθήσεταί
1851 4536 1950 4574 σοι

377 4601 633 4671 σπέρμα,
676 4600 977 4667 τουτέστιν,
1011 4600 1070 4666 ἐξ
1094 4599 1280 4654 αὐτοῦ.
1328 4598 1490 4672 Ὁρᾷς
1533 4603 1649 4665 πῶς
1680 4602 1951 4674 θαυμάζει

376 4687 439 4739 τὸ
468 4687 622 4756 παρὰ
677 4686 772 4739 τοῦ
827 4686 1168 4755 πατριάρχου
1227 4685 1541 4755 γινόμενονς
1580 4687 1681 4740 Ἐν
1715 4687 1945 4754 Ἰσαὰκ,

377 4770 600 4839 ἤκουσε,
636 4760 1008 4836 κλὴθήσεταί
1056 4783 1157 4822 σοι
1200 4767 1457 4837 σπέρμα,
1508 4770 1605 4822 καὶ
1642 4771 1951 4841 προσέφερε

379 4853 612 4923 σφάγιον
634 4852 726 4905 τὸν
765 4852 900 4905 υἱόν.
929 4848 1080 4913 Εἶτα,
1113 4852 1200 4906 ἵνα
1228 4853 1303 4922 μή
1335 4868 1423 4917 τις
1448 4851 1669 4925 νομίσῃ,
1699 4855 1782 4907 ὅτι
1808 4855 1947 4908 ἀπο-

376 4938 538 5004 γνοὺς
565 4936 724 4989 τοῦτο
750 4936 948 4994 ἐποίει.
982 4936 1074 4988 καὶ
1098 4934 1187 4988 διά
1210 4935 1307 4988 τοῦ
1361 4937 1783 5006 προστάγματος
1829 4937 1951 4990 τούο

374 5039 471 5074 του
504 5021 604 5091 τὴν
642 5020 827 5074 πίστιν
854 5017 1110 5085 ἐξέϐαλεν
1146 5019 1392 5090 ἐκείνην,
1423 5019 1561 5073 ἀλλά
1778 5020 1948 5093 μάθῃ.

375 5108 458 5159 ὅτι
485 5104 657 5167 ὅντως
687 5103 784 5157 καὶ
814 5102 975 5157 τοῦτο
1004 5103 1237 5167 πίστεως
1258 5099 1348 5174 ἦν,
1378 5103 1545 5174 φησὶν
1573 5105 1657 5159 ὅτι
1688 5105 1950 5175 κάκείνην

375 5186 488 5258 εἶχε
504 5188 601 5258 τὴν
630 5187 835 5253 πίστιν,
868 5188 1045 5242 καίτοι
1061 5204 1125 5256 γε
1151 5187 1415 5242 δοκοῦσαν
1442 5188 1617 5262 ταύτῃ
1643 5189 1912 5259 μάχεσθαι
1932 5205 1946 5221 ⁸

375 5271 490 5325 ἀλλ’
526 5273 629 5325 οὐκ
660 5273 936 5342 ἐμάχετο⁸
967 5271 1030 5324 ού
1077 5271 1187 5342 γάρ
1249 5272 1534 5342 λογισμοῖς
1582 5271 1950 5343 ἀνθρωπίνοις

373 5355 599 5425 ἐμέτρει
626 5354 721 5408 τοῦ
738 5354 873 5409 Θεοῦ
899 5354 997 5425 τὴν
1025 5354 1277 5426 δύναμιν,
1309 5355 1448 5409 ἀλλὰ
1465 5359 1530 5428 τῇ
1555 5357 1735 5410 πίστει
1773 5357 1951 5411 πάντα

373 5440 673 5511 ἐπέτρεπε.
703 5438 796 5493 Διὸ
824 5439 945 5493 ούδέ
966 5439 1206 5495 δέδοικεν
1257 5442 1450 5507 εἰπεῖν,
1472 5441 1555 5494 ὅτι
1586 5442 1696 5496 Καὶ
1748 5441 1815 5495 ἐκ
1850 5457 1947 5494 νε-

435 5689 737 5771 ⁰ῌΜιιιιειηιις
765 5699 974 5771 legisse.
1003 5701 1198 5754 videtur
1233 5705 1309 5754 διὰ
1351 5706 1439 5769 γάρ
1472 5704 1615 5755 τοῦτο
1642 5707 1785 5755 εἰπὼν
1818 5721 1946 5767 μονο-

376 5763 505 5820 γενῆ,
526 5762 813 5820 προσέθηκεν
830 5762 1028 5812 Ἰσαάκ.

1068 333 1129 389 S.
1166 330 1969 392 JOANNIS'CIIBYSOSTOII
2022 335 2340 395 ARCHIEP.
2380 335 2923 397 CONSTANTINOP.

3507 339 3602 397 I76

2039 459 2199 529 κρῶν
2223 461 2475 532 ἐγείρειν
2486 454 2752 528 δυνατὸς
2771 464 2804 515 ὁ
2819 461 2984 527 Θεός.
3006 461 3187 516 Ὅθεν
3211 461 3398 517 αὐτὸν
3417 464 3515 519 καί
3537 465 3604 518 ἐν

2038 543 2356 613 παραϐολῇ
2384 544 2729 612 ἐκομίσατο,
2749 542 3057 609 τουτέστιν,
3075 544 3135 595 ἐν
3151 543 3531 615 ὑποδείγματι,
3546 549 3603 600 ἐν

2038 627 2115 695 τῷ
2146 628 2307 699 κριῷ,
2339 629 2494 698 φησί.
2527 628 2650 691 Πῶς
2675 645 2689 692 ;
2712 627 2817 681 Τοῦ
2851 627 2959 700 γὰρ
2990 626 3144 697 κριοῦ
3169 628 3604 697 σφαγιασθέντος

2038 706 2189 774 οὗτος
2219 712 2399 781 ἐσώθη
2419 728 2433 743 ⁸
2464 711 2606 766 ὥστε
2635 710 2724 769 διά
2750 710 2847 763 τοῦ
2878 710 3033 781 κριοῦ
3056 710 3218 765 αὑτὸν
3244 710 3458 770 ἐλαϐεν,
3484 710 3606 764 ἀντὶ

2038 792 2231 846 τούτου
2259 792 2465 863 σφάξας
2485 794 2714 849 ἐκεῖνον.
2776 791 2965 847 Ταῦτα
2993 793 3049 845 δέ
3074 792 3235 846 τύποι
3256 793 3398 854 τινὲς
3426 788 3567 863 ἦσαν
3589 806 3602 821 ⁸

2039 877 2271 930 ἐνταῦθα
2309 878 2418 946 γὰρ
2443 879 2472 931 6
2494 877 2620 940 Υἱός
2653 879 2770 930 ἐστι
2800 876 2895 929 τοῦ
2924 875 3062 929 Θεοῦ
3093 878 3122 930 6
3154 875 3603 944 σφαγιαζόμενος.

2040 959 2150 1011 Καὶ
2178 957 2280 1013 θέα
2313 976 2404 1028 μοι
2431 958 2532 1029 τὴν
2559 957 2990 1028 φιλανθρωπίαν,
3020 961 3122 1029 ὅση
3144 954 3213 1027 ἦν
3234 972 3248 986 ⁸
3281 958 3473 1026 ἐπειδὴ
3501 956 3609 1027 γὰρ

2045 1041 2258 1109 μεγάλη
2286 1059 2370 1105 τις
2396 1040 2586 1112 ἐμελλε
2635 1041 2875 1094 δίδοσθαι
2909 1041 3072 1110 χάρις
3126 1043 3238 1102 τοῖς
3275 1038 3607 1108 ἀνθρώποις,

2044 1123 2365 1194 βουλόμενος
2390 1124 2465 1195 μὴ
2494 1124 2677 1195 χάριτι
2705 1122 2836 1177 αὐτὸ
2885 1124 3128 1192 ποιῆσαι,
3154 1122 3270 1176 ἀλλ’
3293 1121 3370 1185 ὡς
3398 1120 3613 1191 ὀφειλέ-

2040 1224 2159 1276 της,
2189 1206 2605 1275 παρασκευάζει
2636 1207 2854 1277 πρῶτον
2893 1205 3181 1276 ἄνθρωπον
3207 1205 3301 1258 τὸν
3349 1204 3465 1257 υἱὸν
3519 1202 3612 1256 τὸν

2043 1288 2239 1344 ἐαυτοῦ
2267 1287 2549 1342 ἐπιδοῦναι
2580 1289 2720 1359 ὑπὲρ
2751 1287 2847 1341 τοῦ
2872 1288 3296 1358 προστάγματος
3322 1285 3419 1340 τοῦ
3450 1283 3613 1350 Θεοῦ,

2043 1373 2132 1426 ἵνα
2161 1371 2327 1443 μηδὲν
2364 1371 2492 1443 δόξῃ
2551 1373 2696 1443 μέγα
2724 1374 2928 1433 ποιεῖν,
2961 1372 3053 1426 τὸν
3082 1371 3279 1425 ἑαυτοῦ
3341 1369 3615 1430 ἐπιδιδοὺς

2045 1453 2194 1518 Υίὸν,
2226 1454 2280 1506 εῐ
2308 1469 2372 1522 γε
2401 1452 2689 1525 ἄνθρωπος
2711 1453 2819 1523 πρὸ
2848 1453 3012 1506 αὐτοῦ
3040 1453 3201 1507 τοῦτο
3223 1452 3500 1521 ἐποίησεν,
3525 1451 3617 1504 ἵνα

2048 1536 2126 1607 μὴ
2154 1537 2336 1606 χάριτι
2383 1536 2542 1606 μόνον
2596 1536 2830 1607 νομισθῇ
2879 1537 3036 1590 τοῦτο
3070 1536 3273 1603 ποιεῖν,
3331 1534 3469 1588 ἀλλὰ
3521 1533 3620 1586 καὶ

2044 1621 2255 1691 όφειλῇ.
2287 1620 2396 1685 Οὓς
2424 1621 2533 1692 γάρ
2560 1619 2629 1676 ἀν
2656 1621 2921 1690 φιλῶμεν,
2949 1620 3042 1674 καὶ
3072 1618 3233 1673 τοῦτο
3250 1619 3437 1682 αὐτοῖς
3457 1616 3621 1689 χαρί⁹

2046 1702 2235 1768 ζεσθαι
2254 1703 2581 1774 βουλόμεθα,
2604 1704 2667 1757 τὸ
2695 1704 2872 1757 δοκεῖν
2908 1705 3037 1774 παρ’
3065 1701 3247 1758 αὐτῶν
3271 1719 3323 1757 τι
3351 1702 3622 1772 πρότερον

2045 1786 2312 1852 λαϐόντας
2346 1786 2561 1859 μικρὸν,
2592 1787 2763 1850 οὕτως
2795 1788 2982 1851 αὐτοῖς
3013 1787 3076 1840 τὸ
3108 1790 3220 1840 πᾶν
3242 1785 3442 1841 διδόναι
3470 1801 3486 1816 ⁸
3523 1783 3622 1839 καὶ

2046 1862 2382 1942 καυχώμεθα
2414 1872 2507 1925 ἐπὶ
2530 1873 2597 1941 τῇ
2618 1869 2782 1941 λήψει
2815 1869 3016 1939 μᾶλλον
3045 1869 3079 1941 ἢ
3104 1869 3198 1922 ἐπὶ
3221 1872 3288 1939 τῇ
3319 1868 3490 1931 δόσει,
3524 1867 3623 1920 καὶ

2046 1954 2106 2008 ού
2138 1952 2391 2024 λέγομεν,
2423 1952 2554 2008 Τόδε
2588 1950 2870 2022 ἐδώκαμεν
2898 1951 3069 2023 αὐτῷ,
3097 1951 3234 2006 ἀλλὰ
3266 1952 3397 2005 Τόδε
3430 1949 3625 2004 ἐλάϐο-

2050 2053 2152 2107 μεν
2179 2038 2312 2106 παρ*
2336 2035 2525 2091 αὑτοῦ.
2559 2036 2741 2091 Ὅθεν
2767 2035 2975 2097 αὑτὸν,
3009 2035 3165 2105 φησὶ,
3205 2034 3305 2090 καί
3329 2033 3400 2088 ἐν
3431 2046 3623 2101 παρα·

2049 2118 2199 2188 ϐολῇ
2221 2118 2564 2190 ἐκομίσατο,
2581 2118 2880 2181 τουτέστιν,
2905 2118 2982 2181 ὡς
2999 2119 3058 2171 ἐν
3083 2117 3371 2187 αἰνίγματι
3389 2133 3406 2148 ο
3429 2114 3625 2184 ῶσπερ

2048 2203 2159 2274 γὰρ
2209 2201 2497 2273 παραϐολὴ
2528 2196 2599 2272 ἦν
2619 2202 2647 2255 6
2672 2200 2827 2271 κριὸς
2877 2200 2972 2255 τοῦ
3009 2199 3199 2255 Ἰσαάκ
3227 2214 3245 2235 ⁸
3275 2199 3309 2270 ἦ
3335 2199 3411 2262 ὡς
3432 2199 3494 2254 ἐν
3543 2196 3626 2268 τῷ

2049 2286 2225 2365 τύπῳ.
2244 2284 2487 2365 ιἘπειδὴ
2518 2285 2627 2355 γάρ
2650 2285 2957 2365 άπήρτιστο
2988 2283 3209 2365 ήθυσία
3237 2283 3333 2365 καὶ
3376 2281 3628 2365 ἐσφέικτο

2050 2358 2080 2409 6
2119 2350 2306 2409 Ἰσαὰκ
2336 2358 2403 2424 τῇ
2433 2350 2785 2425 προαιρέσει,
2805 2354 2894 2407 διὰ
2931 2350 3094 2408 τοῦτο
3137 2353 3301 2408 αὐτὸν
3335 2350 3628 2425 χαρίζεται

2050 2438 2128 2505 τῷ
2161 2439 2496 2510 πατριάρχῃ.

2125 2603 2192 2674 β’.
2222 2604 2389 2678 Ὁρᾷς
2428 2606 2553 2661 ὅτιό
2581 2606 2670 2662 ἀεὶ
2697 2607 2860 2677 λέγω,
2877 2608 3036 2663 τοῦτο
3074 2607 3171 2662 καὶ
3204 2606 3300 2662 νῦν
3312 2606 3631 2675 δείκνυταις

2055 2689 2222 2743 Ὅταν
2244 2690 2353 2760 γὰρ
2380 2694 2823 2764 παραστήσωμεν
2850 2692 3009 2764 ήμῶν
3038 2692 3137 2764 τὴν
3159 2692 3399 2747 διάνοιαν
3430 2692 3630 2763 ἀπηρο

2052 2772 2336 2842 τισμένην,
2376 2775 2468 2827 καὶ
2495 2773 2759 2844 δείξωμεν
2790 2776 2878 2829 ὅτι
2908 2776 3265 2848 ύπερορῶμεν
3290 2775 3397 2828 τῶν
3420 2776 3636 2847 γηΐνων

2056 2855 2418 2925 πραγμάτων,
2440 2856 2561 2910 τότε
2586 2859 2720 2927 ἡμῖν
2757 2858 2849 2912 καὶ
2881 2859 2948 2913 τά
2968 2862 3132 2929 γήϊνα
3159 2859 3464 2930 χαρίζεται,
3491 2858 3641 2929 πρό-

2054 2953 2209 3007 τερον
2237 2936 2295 2989 δέ
2318 2937 2401 3004 οὓ,
2431 2939 2517 2991 ἵνα
2556 2939 2630 3011 μὴ
2661 2940 2723 2993 τὸ
2764 2940 2949 2994 λαϐεῖν
2992 2940 3448 3012 προσδεδεμένους
3476 2941 3641 3010 ἡμᾶς

2054 3020 2238 3083 αὐτοῖς
2266 3019 2347 3074 ἐτι
2386 3022 2685 3093 προσδήσῃ.
2738 3023 2935 3089 Λῦσον,
2977 3025 3131 3095 φησὶ,
3177 3025 3376 3077 σαυτὸν
3406 3014 3641 3094 πρῶτον

2053 3104 2154 3173 τῆς
2176 3103 2452 3169 δουλείας,
2488 3106 2581 3159 καὶ
2617 3107 2740 3161 τότε
2770 3107 2930 3172 λάϐε,
2970 3109 3057 3163 ἴνα
3091 3107 3286 3178 μηκέτι
3319 3108 3395 3171 ὡς
3441 3107 3643 3171 δοῦλος

2055 3187 2244 3258 λάϐῃς,
2286 3189 2398 3241 ἀλλ’
2429 3188 2505 3251 ὡς
2542 3189 2809 3259 δεσπότης
2834 3207 2848 3220 ⁸
2899 3193 3314 3262 καταφρόνησον
3351 3191 3599 3245 πλούτου
3624 3232 3641 3255 ,

2055 3272 2153 3324 καὶ
2183 3271 2280 3343 έσῃ
2307 3271 2565 3335 πλούσιος
2590 3288 2604 3303 ⁸
2641 3274 3057 3344 καταφρόνησον
3094 3274 3272 3342 δόξης,
3304 3275 3398 3326 καὶ⁵
3420 3273 3519 3344 έσῃ
3545 3274 3647 3328 ἐν·

2054 3354 2202 3419 δοξος
2226 3372 2240 3385 ⁸
2279 3356 2692 3427 καταφρόνησον
2718 3357 2820 3426 τῆς
2839 3357 3109 3427 τιμωρίας
3128 3357 3236 3411 τῶν
3269 3357 3497 3427 ἐχθρῶν,
3540 3359 3647 3412 καὶ

2054 3439 2178 3491 τότε
2221 3439 2391 3509 αὐτῆς
2430 3439 2719 3512 ἐπιτεύξῃ·
2771 3442 3189 3510 καταφρόνησον
3223 3441 3485 3504 ἀνέσεως,
3539 3444 3648 3495 καὶ

2055 3521 2176 3574 τότε
2212 3520 2381 3591 αὐτὴν
2402 3521 2547 3592 λήψῃ
2570 3539 2584 3554 ⁸
2620 3523 2708 3576 ἵνα
2733 3521 2914 3575 λαϐὼν
2932 3561 2947 3585 ,
2981 3523 3054 3594 μὴ
3083 3524 3157 3586 ὼς
3182 3523 3400 3594 δέσμιος
3433 3523 3646 3597 λάϐῃς,

2058 3600 2211 3676 [250]
2240 3604 2371 3674 μηδὲ
2397 3604 2472 3668 ὡς
2509 3604 2694 3669 δοῦλος
2714 3646 2730 3671 ,
2764 3605 2878 3658 ἀλλ’
2910 3606 2984 3669 ὡς
3018 3605 3324 3676 ἐλεύθερος.
3357 3606 3651 3676 Καθάπερ

2057 3688 2164 3759 γάρ
2191 3688 2283 3740 ἐπὶ
2308 3687 2418 3741 τῶν
2446 3688 2668 3742 παιδίων
2694 3688 2801 3742 τῶν
2833 3688 3065 3759 μικρῶν,
3096 3691 3226 3743 ὅταν
3253 3689 3352 3759 μέν
3382 3690 3647 3763 ἐπιθυμῇ

2054 3772 2116 3823 τὸ
2147 3771 2359 3824 παιδίον
2396 3771 2664 3826 παιδικῶν
2697 3772 3046 3843 ἀθυρμάτων,
3079 3773 3215 3842 μετά
3239 3772 3434 3843 πολλῆς
3467 3789 3651 3827 σπου-

2056 3852 2152 3923 δῆς
2176 3854 2362 3905 ἐκεῖνα
2381 3854 2717 3924 κρύπτομεν,
2742 3850 2856 3908 οἷον
2881 3857 3116 3924 σφαῖραν
3139 3857 3232 3908 καὶ
3261 3856 3363 3908 ὅσα
3378 3856 3534 3908 τοιαῦ
3551 3876 3647 3921 τα,

2056 3937 2143 3989 ἴνα
2178 3934 2253 4007 μὴ
2288 3936 2642 4006 ἐμποδίζηται
2674 3936 2781 3990 τῶν
2803 3937 3119 4004 ἀναγκαίων
3143 3953 3157 3967 ⁸
3198 3938 3325 3991 ὅταν
3353 3938 3409 3991 δὲ
3447 3940 3646 3994 αὐτῶν

2058 4021 2444 4090 καταφρονήσῃ
2484 4020 2580 4073 καὶ
2615 4020 2809 4089 μηκέτι
2833 4020 3097 4090 ἐπιθυμῇ,
3120 4020 3290 4084 ἀδεῶς
3321 4022 3509 4076 αὐτῶν
3546 4042 3648 4092 με-

2055 4102 2375 4171 ταδιδόαμεν
2395 4142 2409 4167 ,
2440 4102 2644 4166 εἰδότες
2677 4104 2752 4166 ὼς
2785 4104 3011 4174 οὐδεμία
3050 4104 3222 4174 βλάϐη
3262 4103 3451 4159 λοιπὸν
3477 4108 3647 4177 αὐτῷ

2059 4185 2308 4239 ἐντεῦθεν
2369 4187 2619 4253 γίνεται,
2666 4187 2767 4256 τῆς
2833 4187 3129 4258 ἐπιθυμίας
3180 4188 3397 4259 ἐκείνης
3443 4191 3648 4246 οὐκέτι

2062 4268 2352 4338 ίσχυούσης
2392 4270 2703 4337 ἀπαγαγεῖν
2745 4271 2907 4325 αὑτὸν
2942 4272 3051 4325 τῶν
3097 4273 3447 4340 ἀναγκαίων·
3486 4274 3650 4329 οὕτω

2058 4352 2152 4405 καὶ
2196 4353 2223 4406 6
2257 4352 2411 4417 Θεὸς,
2439 4353 2569 4405 ὅταν
2608 4354 2692 4426 ῖδῃ
2734 4356 2932 4426 μηκέτι
2974 4355 3376 4427 ἐπιθυμοῦντας
3408 4357 3524 4411 τῶν
3554 4362 3651 4412 ἐν-

2057 4434 2249 4500 ταῦθα,
2297 4434 2483 4489 λοιπὸν
2531 4436 2758 4507 ἀφίησιν
2803 4439 2987 4502 αὐτοῖς
3022 4439 3358 4511 κεχρῆσθαι·
3400 4440 3478 4503 ὡς
3524 4442 3652 4512 γὰρ

2057 4520 2332 4592 ἐλεύθεροι
2372 4522 2465 4576 καὶ
2502 4523 2694 4592 ἄνδρες
2736 4522 2877 4578 αύτά
2918 4523 3135 4594 ἔχομεν,
3166 4524 3264 4594 οὐχ
3303 4525 3378 4587 ὡς
3415 4525 3647 4590 παῖδες.

2059 4603 2185 4657 Ὅτι
2237 4605 2369 4674 γὰρ,
2421 4603 2516 4657 ἐὰν
2565 4606 2989 4677 καταφρονήσῃς
3033 4607 3134 4675 τῆς
3190 4607 3461 4677 τιμωρίας
3521 4610 3653 4662 τῶν

2057 4685 2289 4757 ἐχθρῶν,
2348 4686 2473 4740 τότε
2522 4687 2806 4761 ἐπιτεύξῃ,
2850 4691 3014 4744 ἄκουε
3067 4689 3121 4741 τί
3172 4706 3339 4758 φησιν
3396 4703 3409 4717 ⁸
3486 4689 3653 4745 Ἐὰν

2057 4766 2236 4835 πεινᾷ
2266 4771 2299 4822 ό
2319 4768 2532 4839 ἐχθρός
2561 4784 2699 4836 σου,
2728 4770 2943 4841 ψώμιζε
2966 4773 3172 4826 αὐτόν·
3197 4771 3304 4825 ἐὰν
3326 4770 3493 4840 διψᾷ,
3523 4773 3651 4826 πό-

2057 4850 2183 4912 τιζε
2215 4852 2420 4907 αὐτόν’
2458 4852 2554 4907 καὶ
2585 4855 2868 4924 ἐπήγαγεο
2910 4855 3088 4909 Τοῦτο
3125 4854 3236 4925 γὰρ
3277 4853 3497 4918 ποιῶν,
3532 4855 3657 4908 ἄνα

2058 4939 2286 5002 θρακας
2327 4937 2517 5004 πυρὸς
2556 4940 2888 5006 σωρεύσεις
2921 4939 3019 4992 ἐπὶ
3055 4939 3171 5007 τὴν
3210 4938 3490 5008 κεφαλὴν
3517 4942 3650 4994 at)-

2058 5017 2187 5072 τοῦ.
2220 5018 2328 5071 Kal
2353 5018 2535 5097 πάλιν,
2560 5022 2643 5075 ὅτι
2676 5022 2772 5076 ἐὰν
2797 5023 3217 5093 καταφρονήσῃς
3242 5022 3337 5075 τοῦ
3369 5021 3649 5086 πλούτου,

2062 5101 2184 5153 τότε
2223 5101 2391 5154 αὑτοῦ
2428 5103 2708 5176 ἐπιτεύξῃ,
2748 5106 2914 5160 άκουε
2938 5105 3031 5159 τοῦ
3062 5104 3301 5176 Χριστοῦ
3342 5105 3606 5173 λέγοντος
3636 5120 3656 5136 ⁸

2060 5184 2181 5236 Οὐκ
2199 5182 2371 5237 ἐστιν
2399 5184 2468 5251 ὃς
2493 5186 2691 5255 ἀφῆκε
2714 5191 2959 5256 πατέρα,
2991 5188 3030 5256 ἢ
3081 5190 3326 5257 μητέρα,
3350 5189 3388 5256 ἢ
3415 5187 3659 5254 οὶκίαν,
3700 5191 3708 5199 ’

2058 5263 2097 5331 ἢ
2120 5264 2445 5334 ἀδελφοὺς,
2475 5267 2545 5332 ὃς
2563 5270 2699 5339 οὐχὶ
2723 5270 3323 5326 ἑκατονταπλασίονα
3348 5270 3655 5338 λήψεται,

2057 5348 2155 5401 καὶ
2208 5346 2360 5416 ζωὴν
2418 5351 2661 5406 αἰώνιον
2712 5355 3177 5425 κληρονομήσει.
3238 5356 3350 5409 Καὶ
3396 5356 3476 5408 ὅτι
3539 5354 3657 5409 ἐὰν

2057 5436 2481 5504 καταφρονήσῃς
2522 5435 2700 5506 δόξης,
2745 5438 2869 5491 τότε
2911 5439 3083 5508 αὐτῆς
3139 5439 3419 5508 ἐπιτεύξῃ,
3469 5437 3658 5491 ἄκουε

2056 5517 2222 5569 αὐτοῦ
2271 5518 2434 5572 πάλιν
2470 5518 2563 5572 τοῦ
2599 5521 2837 5590 Χριστοῦ
2888 5522 3137 5591 λέγοντος
3164 5540 3178 5553 ⁸
3226 5523 3292 5575 Ὀ
3340 5522 3538 5576 θέλων
3581 5523 3663 5575 ἐν

2056 5598 2199 5666 ὑμῖν
2244 5600 2473 5667 πρῶτος
2519 5600 2692 5667 εἶναι,
2735 5605 2892 5659 ἔστω
2933 5605 3099 5673 ὑμῶν
3152 5604 3432 5670 διάκονος
3467 5620 3480 5634 ⁸
3540 5608 3660 5658 καὶ

2056 5680 2241 5743 πάλιν,
2319 5686 2423 5749 Ὃς
2483 5686 2594 5755 γὰρ
2653 5687 2731 5741 ἂν
2775 5688 3114 5755 ταπεινώσῃ
3161 5688 3401 5754 ἑαυτὸν,
3454 5681 3611 5740 οὗτ(
3626 5707 3665 5752 ς

2057 5764 2465 5834 ὑψωθήσεται.
2512 5769 2579 5823 Τί
2618 5770 2840 5840 λέγεις;
2888 5772 2982 5825 ἐὰν
3028 5774 3231 5824 ποτίσω
3275 5770 3365 5824 τὸν
3417 5767 3636 5838 ἐχθρὸν
