3980 6142
372 386 470 442 173

366 491 588 552 ratione,
615 494 669 540 et
704 499 772 540 ex
801 484 1021 539 matrice
1049 491 1292 538 emortua
1319 484 1578 552 senioque
1607 484 1852 539 contecta
1883 494 1938 540 et

361 581 424 634 ad
455 579 751 633 liberorum
791 577 1215 646 procreationem
1253 576 1361 646 jam
1400 577 1556 644 plane
1591 577 1760 630 inutili
1809 576 1936 631 dare

366 673 526 726 tilium
554 713 567 733 ,
601 679 656 726 et
681 670 943 723 suscitare
969 668 1204 722 occisum
1239 685 1252 721 :
1281 677 1514 722 attamen
1539 667 1587 720 id
1617 683 1933 738 persuasum

362 764 540 818 habuit
560 781 576 829 ;
606 777 728 816 nam
741 775 859 829 qua:
878 770 1223 828 prmeesserat
1245 759 1378 813 ﬁdes
1397 759 1462 813 ad
1481 757 1654 812 f‘ntura
1671 760 1934 814 credenda

360 859 492 908 viain
519 851 760 922 parabat.
792 850 1038 922 Alioquin
1065 860 1242 904 autem
1267 850 1480 904 videbat
1501 851 1592 904 ille
1619 851 1756 904 bona
1790 852 1935 919 prio-

360 961 415 1000 ra
439 986 454 1008 ,
499 945 724 998 molesta
755 951 932 997 autem
966 941 1262 1010 posteriora
1302 950 1357 995 et
1402 941 1454 994 in
1485 949 1780 995 senectute.
1822 939 1932 995 Vos

357 1045 532 1088 autem
560 1075 576 1100 ,
602 1033 806 1103 inquit,
832 1043 1022 1088 contra
1058 1050 1070 1084 :
1105 1032 1328 1086 molesta
1351 1031 1560 1086 habetis
1583 1032 1753 1100 prima
1777 1048 1790 1095 ;
1815 1046 1934 1099 «iure

357 1139 531 1182 autem
563 1127 703 1180 bona
731 1134 875 1190 sunt,
903 1123 1114 1178 ultima.
1147 1123 1258 1179 Hoc
1284 1123 1349 1177 ad
1377 1137 1473 1178 eos
1495 1124 1582 1192 qui
1613 1123 1817 1177 audent
1844 1123 1931 1176 di—

356 1235 514 1276 cere:
549 1220 677 1275 Post
706 1227 932 1272 mortem
963 1217 1207 1286 promisit
1237 1216 1390 1270 nobis
1420 1216 1590 1280 bona;
1615 1231 1713 1270 nos
1743 1215 1933 1270 fortas-

356 1329 412 1368 se
436 1313 669 1381 decepit.
704 1310 954 1365 Ostendit
973 1309 1112 1379 quod
1139 1309 1298 1364 etiam
1320 1323 1387 1364 ex
1416 1310 1643 1363 mortuis
1673 1310 1932 1364 suscitare

359 1414 543 1473 potens
560 1415 647 1457 εει
675 1402 816 1456 Deus
839 1417 854 1454 :
885 1401 928 1454 si
951 1411 1127 1454 autem
1145 1413 1210 1451 ex
1234 1399 1460 1452 mortuis
1478 1400 1736 1452 suscitare
1760 1408 1933 1468 potest

356 1495 512 1556 Dens,
541 1492 760 1546 omnino
788 1489 974 1544 reddet
999 1488 1197 1542 omnia.
1225 1488 1279 1544 Si
1309 1497 1485 1543 autem
1515 1488 1783 1542 Abraham
1805 1498 1930 1543 ante

357 1597 432 1640 tot
464 1598 638 1638 annos
673 1582 902 1637 credidit
950 1581 1090 1652 quod
1144 1581 1285 1635 Deus
1336 1581 1403 1635 sit
1435 1591 1624 1649 potens
1669 1582 1929 1637 suscitare

353 1694 416 1732 ex
443 1676 673 1730 mortuis
700 1691 716 1729 :
744 1675 916 1728 multo
955 1673 1122 1743 magis
1160 1687 1260 1727 nos
1304 1672 1356 1726 id
1398 1672 1654 1727 debemus
1683 1674 1926 1730 credere.

358 1769 514 1824 Vides
533 1765 699 1838 quod,
732 1767 868 1821 sicut
890 1765 1036 1834 prius
1060 1764 1207 1828 dixi,
1236 1779 1384 1818 tnors
1411 1763 1650 1818 nondum
1683 1765 1923 1832 intravit,

352 1873 406 1916 ιιι
428 1876 524 1916 eos
550 1859 730 1914 statim
754 1857 913 1911 traxit
934 1855 986 1910 in
1013 1869 1162 1926 spem
1189 1855 1620 1921 resurrectionis,
1641 1863 1696 1909 et
1725 1855 1790 1908 ad
1821 1864 1926 1910 tam

352 1963 552 2009 certam
580 1949 804 2006 deduxit
845 1947 1296 2018 persuasionem,
1346 1956 1405 2000 ut
1433 1946 1596 2001 etiam
1635 1947 1769 2017 iussi
1800 1961 1928 2002 suos

353 2054 585 2100 mactare
610 2043 771 2107 filios,
800 2055 864 2096 ex
895 2040 1088 2110 quibus
1111 2038 1498 2109 exspectabant
1527 2053 1586 2094 se
1613 2039 1927 2108 impleturos

351 2137 532 2189 orbant
565 2141 724 2188 terra:
744 2173 760 2197 ,
787 2130 854 2185 ad
885 2131 934 2184 id
963 2129 1264 2184 faciendum
1301 2129 1470 2198 parati
1502 2130 1730 2184 essent?
1760 2129 1923 2186 Aliud

350 2240 558 2294 quoque
607 2222 698 2277 hic
746 2220 981 2276 ostendit
1028 2235 1126 2290 per
1173 2222 1274 2274 hoc
1322 2219 1464 2290 quod
1512 2219 1667 2287 dixit,
1697 2220 1927 2276 Tentaoit

349 2316 484 2372 Dm
513 2315 792 2369 Abraham.
834 2314 973 2382 Quid
1017 2314 1188 2368 vero?
1224 2312 1575 2369 uesciebatne
1629 2315 1771 2370 Deus
1798 2331 1921 2370 eum

346 2424 466 2465 esse
512 2408 690 2462 virum
727 2406 920 2462 fortem
965 2414 1017 2461 et
1056 2405 1336 2476 probum?
1379 2405 1596 2462 Sciebat
1624 2417 1790 2462 certe.
1815 2407 1925 2463 Cur

347 2517 473 2572 ergo
498 2515 624 2556 eum
659 2499 918 2564 tentabat,
949 2499 994 2554 si
1021 2499 1266 2554 sciebat?
1302 2498 1416 2554 Non
1446 2508 1504 2554 ut
1526 2502 1639 2570 ipse
1668 2501 1921 2571 disceret,

345 2593 442 2649 sed
469 2603 528 2646 ut
551 2591 675 2646 aliis
703 2590 1048 2653 ostenderet,
1077 2598 1131 2644 et
1153 2591 1405 2645 oumibus
1435 2592 1771 2646 manifestam
1803 2595 1923 2664 ejus

348 2683 600 2738 redderet
624 2682 800 2752 magni
825 2681 989 2736 animi
1017 2681 1288 2736 virtutem.
1316 2680 1383 2735 Et
1405 2680 1496 2737 hic
1542 2682 1702 2737 etiam
1734 2694 1918 2739 osten-

338 2764 420 2817 dit
447 2779 666 2818 causam
690 2767 1063 2831 tentationum,
1083 2779 1149 2818 ne
1171 2764 1541 2818 existimarent
1569 2779 1628 2818 se
1652 2777 1921 2831 tamquam

337 2871 368 2908 a
406 2855 518 2912 Deo
540 2856 831 2912 derelictos
871 2857 987 2911 haec
1034 2857 1161 2925 pati.
1203 2856 1337 2910 Nam
1385 2855 1470 2909 hic
1509 2855 1722 2924 quidem
1755 2857 1918 2910 etiam

339 2963 566 3003 incesse
589 2956 674 3004 est
703 2950 918 3011 tentari.
950 2949 1091 3018 quod
1115 2949 1266 3002 mu'lti
1291 2948 1398 3001 sint
1423 2948 1512 3016 qui
1538 2955 1924 3016 persequuntur

339 3049 398 3090 et
427 3039 513 3105 qui
543 3037 865 3093 insidiantur
893 3056 906 3090 :
941 3038 1050 3092 illic
1088 3049 1264 3092 autem
1309 3053 1428 3107 quas
1455 3045 1570 3091 erat
1597 3037 1647 3091 ei
1682 3037 1924 3091 necessi-

341 3139 424 3181 tas
451 3144 544 3184 eas
570 3145 692 3196 qua:
729 3145 835 3182 non
866 3137 1017 3184 erant
1036 3129 1337 3199 excogitare
1364 3127 1724 3184 tentationes?
1750 3128 1925 3198 Atque

342 3223 686 3292 perspicuum
713 3222 925 3291 quidem
952 3232 1053 3284 est,
1103 3221 1244 3291 quod
1289 3221 1402 3275 hare
1439 3221 1658 3274 tentatio
1683 3218 1840 3274 ﬁebat
1862 3233 1927 3273 eo

336 3315 579 3384 jubente.
623 3312 689 3367 Et
716 3315 835 3368 alia:
876 3313 1086 3383 quidem
1117 3313 1313 3368 fiebant
1338 3328 1403 3369 eo
1424 3313 1781 3382 permittente,
1813 3313 1926 3366 htec

341 3419 520 3464 autem
550 3409 712 3462 etiam
734 3407 977 3477 jubente.
1009 3406 1064 3462 Si
1089 3422 1218 3477 ergo
1247 3406 1382 3461 adeo
1407 3405 1658 3476 probatos
1686 3406 1927 3460 efﬁciunt

346 3499 692 3560 mutationes,
728 3507 784 3551 ιιι
812 3498 1022 3552 etiamsi
1053 3513 1158 3552 non
1191 3497 1261 3551 sit
1288 3511 1446 3551 causa
1473 3539 1488 3562 ,
1517 3498 1653 3552 Deus
1681 3511 1807 3550 suos
1834 3511 1926 3550 ex—

343 3599 523 3645 erceat
549 3589 800 3652 athletas,
835 3589 1002 3643 multo
1027 3589 1194 3658 magis
1216 3603 1314 3644 nos
1345 3589 1520 3642 (ιηιιιίιι
1547 3597 1757 3658 Oportet
1787 3588 1927 3643 ferre

343 3683 571 3735 fortiter.
599 3681 736 3736 Cum
770 3696 958 3750 magna
981 3691 1160 3734 autem
1192 3679 1434 3747 emphasi
1470 3679 1556 3734 hic
1585 3679 1720 3733 dixit
1747 3722 1760 3743 ,
1797 3680 1926 3734 Fide

341 3773 521 3825 obtulit
544 3771 722 3838 Isaac,
744 3788 858 3844 rum
877 3780 1154 3824 tentaretur
1181 3787 1199 3824 :
1225 3771 1368 3824 nttlla
1397 3772 1538 3823 enim
1566 3779 1680 3824 erat
1711 3771 1814 3824 alia
1840 3771 1924 3825 of-

345 3863 552 3916 ferendi
589 3849 940 3930 causa'quam
973 3861 1106 3915 haec.
1157 3861 1360 3914 Deinde
1387 3861 1706 3915 sententiam
1741 3877 1923 3930 perse-

342 3952 545 4020 quitur.
569 3951 685 4005 Non
717 3961 924 4019 poterat
951 3989 967 4014 ,
1016 3951 1227 4021 inquit,
1269 3950 1534 4020 qui~piam
1567 3951 1748 4006 dicere
1780 3952 1922 4021 quod

347 4045 509 4097 alium
555 4043 780 4098 haberet
810 4043 974 4098 ﬁlium
1004 4084 1018 4108 ,
1063 4051 1118 4098 et
1146 4053 1486 4112 exspectaret
1517 4043 1631 4097 fore
1660 4052 1718 4097 ut
1742 4059 1804 4097 ex
1837 4045 1924 4097 illo

351 4135 662 4204 impleretur
688 4135 994 4204 promissio,
1023 4145 1078 4190 et
1103 4133 1225 4188 ideo
1256 4135 1592 4189 conﬁdenter
1618 4151 1739 4190 eum
1766 4136 1922 4189 obtu-

353 4227 486 4280 lerit.
521 4225 589 4278 Et
610 4227 945 4296 unigenitum,
970 4227 1159 4297 inquit,
1176 4227 1339 4293 ﬁlium
1368 4224 1624 4291 offerebat,
1649 4227 1735 4296 qni
1760 4243 1927 4280 susce-

348 4329 484 4386 perat
507 4318 882 4388 promissiones.
903 4317 1038 4384 Quid
1066 4318 1201 4372 dicis
1229 4318 1594 4386 unigenitum?
1622 4317 1745 4386 quid
1777 4333 1925 4383 vero,

352 4408 539 4464 lsmael
565 4409 832 4465 undenam
860 4411 1014 4465 erat?
1046 4409 1387 4478 Uuigenitum
1417 4409 1558 4474 dico,
1579 4409 1924 4479 inquit,un

351 4499 540 4553 attinet
587 4499 653 4553 ad
707 4500 968 4555 rationem
1021 4499 1393 4570 promissionis
1425 4516 1437 4550 :
1469 4509 1745 4567 propterea
1785 4500 1928 4555 enim

346 4603 469 4642 cum
499 4589 749 4656 dixisset,
777 4589 1124 4661 Unigenitmn,
1153 4589 1392 4655 addidit,
1427 4597 1487 4643 ut
1515 4589 1762 4645 ostendat
1786 4591 1927 4660 quod

352 4689 572 4749 propter
600 4680 746 4735 hunc
771 4681 916 4735 dicat
949 4699 962 4736 :
991 4682 1070 4734 Ad
1112 4697 1258 4750 quem
1300 4678 1499 4734 ‘dictum
1539 4691 1612 4735 est
1643 4697 1660 4734 :
1688 4679 1753 4734 In
1778 4680 1930 4734 Isaac

350 4772 606 4824 vocabitur
635 4771 722 4825 tibi
737 4788 924 4837 semen,
957 4771 1058 4826 hoc
1085 4783 1183 4836 est,
1213 4787 1278 4826 ex
1312 4771 1448 4840 ipso.
1476 4772 1634 4826 Vides
1656 4772 1929 4842 quomodo

351 4865 645 4920 admiretur
673 4865 816 4933 quod
843 4865 1041 4920 factum
1087 4873 1172 4919 est
1204 4879 1234 4918 a
1265 4865 1563 4934 patriarcha
1592 4866 1616 4918 ?
1646 4865 1711 4918 In
1736 4864 1888 4918 Isaac
1912 4908 1928 4932 ,

351 4956 542 5009 audivit
573 4995 588 5019 ,
622 4955 882 5008 vocabitur
911 4955 999 5008 tibi
1027 4972 1198 5010 semen
1229 4996 1242 5018 ,
1271 4963 1326 5011 et
1355 4956 1613 5010 offerebat
1639 4956 1802 5009 ﬁlium
1830 4956 1930 5009 ho-

352 5051 525 5104 stiant.
560 5049 762 5102 Deinde
807 5063 877 5103 ne
921 5049 1263 5103 existimaret
1290 5049 1589 5120 quispiam,
1628 5048 1769 5119 quod
1809 5064 1930 5105 cum

353 5141 694 5209 desperasset
723 5140 824 5195 hoc
852 5140 997 5205 facit,
1032 5150 1082 5194 et
1113 5157 1211 5210 per
1241 5140 1342 5195 hoc
1367 5141 1572 5210 jussum
1601 5141 1748 5194 illam
1776 5140 1933 5209 ejecit

357 5233 530 5299 fidem,
558 5231 656 5286 sed
679 5232 917 5286 disceret
939 5232 1081 5300 quod
1107 5247 1292 5286 revera
1324 5232 1426 5286 hoc
1448 5247 1662 5302 quoque
1685 5231 1754 5286 sit
1783 5231 1930 5298 ﬁdei,

357 5325 481 5380 dicit
508 5325 652 5394 quod
682 5325 824 5378 illam
861 5339 1074 5394 quoque
1101 5324 1330 5378 habebat
1359 5323 1516 5377 tidem
1547 5365 1562 5389 ,
1599 5338 1922 5393 quamquam

358 5433 468 5472 cum
495 5416 599 5471 hac
633 5417 902 5472 videretur
923 5431 1190 5487 pugnare;
1226 5414 1319 5470 sed
1362 5431 1468 5468 non
1511 5415 1803 5484 pugnabat:
1827 5429 1930 5467 nou

359 5507 492 5562 enim
513 5508 760 5562 humanis
789 5508 1082 5561 rationibus
1103 5507 1419 5561 metiebatur
1440 5505 1529 5558 Dei
1550 5505 1816 5566 virtutem,
1837 5503 1931 5558 sed

361 5600 527 5652 omnia
557 5598 895 5667 permittebat
913 5597 1050 5650 ﬁdei.
1079 5597 1225 5651 Unde
1257 5612 1359 5649 non
1391 5607 1471 5649 est
1496 5596 1694 5648 veritus
1717 5593 1893 5646 dicere
1914 5636 1927 5656 ,

360 5686 486 5751 quod
511 5688 676 5742 etiam
694 5703 756 5741 ex
773 5686 999 5740 mortuis
1021 5688 1277 5739 suscitare
1294 5693 1482 5754 potens
1499 5693 1580 5738 est
1601 5683 1758 5736 Deus.
1780 5677 1932 5735 Unde

363 5789 469 5832 cum
491 5788 545 5833 et
575 5781 627 5834 in
647 5779 955 5851 parabolam
975 5779 1200 5846 accepit,
1232 5777 1331 5832 hoc.
1356 5786 1456 5846 est,
1486 5777 1537 5833 in
1563 5774 1805 5834 exemth
1834 5793 1843 5827 :
1879 5773 1928 5830 in

1164 384 1228 440 IN
1269 383 1484 442 EPIST.
1529 385 1618 440 AD
1659 380 2015 439 IIEBREOS.
2057 382 2310 439 C\P.Xl.
2354 382 2584 439 HOMIL.
2631 382 2796 439 XXV.

3502 386 3606 442 174

2041 493 2230 560 ariete,
2260 492 2450 563 inquit.
2482 491 2807 561 Quomodo?
2833 491 3012 546 Aricte
3039 491 3184 545 enim
3205 531 3220 554 ,
3253 489 3425 560 inquit
3453 531 3466 554 ,
3498 507 3607 544 uta-

2040 593 2184 637 ctato
2215 625 2231 650 ,
2262 584 2349 639 hic
2384 585 2483 638 fuit
2525 585 2722 637 salvus.
2751 583 3108 647 Quamobrem
3139 584 3344 652 accepit
3375 598 3495 636 eum
3523 569 3630 650 per'

2038 673 2283 737 arietem,
2312 683 2371 727 ut
2395 675 2482 743 qui
2509 673 2650 726 hunc
2675 687 2771 742 pro
2800 673 2892 726 illo
2923 677 3257 728 "iactaverit.
3285 673 3408 727 lltcc
3436 681 3613 726 autem

2039 773 2188 818 erant
2214 763 2427 833 quidam
2459 763 2567 835 typi
2599 779 2613 817 :
2645 763 2730 818 hic
2747 764 2889 817 enim
2909 776 2993 817 ρει
3019 763 3184 817 Filius
3213 764 3300 817 Dei
3333 773 3611 818 mactatus.

2037 855 2163 909 Mihi
2214 866 2389 909 autem
2442 856 2720 910 considera
2768 865 2964 923 quanta
3008 856 3080 909 sit
3119 855 3435 924 benignitas.
3483 855 3614 908 Nam

2039 946 2290 1015 quoniam
2323 945 2628 1000 hominibus
2650 945 2894 1014 quaedam
2925 961 3113 1014 magna
3138 956 3256 1000 erat
3289 947 3462 1000 danda
3492 963 3616 1015 gra-

2042 1035 2133 1100 tia,
2157 1037 2344 1092 volens
2373 1037 2423 1091 id
2449 1053 2554 1090 non
2585 1037 2761 1092 facere
2785 1052 2850 1091 ex
2879 1038 3072 1105 gratia,
3099 1037 3191 1091 sed
3223 1047 3491 1107 tamquam
3517 1037 3614 1092 de-

2039 1126 2180 1180 bitor
2207 1166 2223 1194 ,
2261 1127 2425 1182 efﬁcit
2455 1127 2684 1196 primum
2725 1136 2781 1181 ut
2817 1127 2977 1181 homo
3016 1127 3109 1181 det
3134 1142 3288 1181 suum
3323 1129 3486 1183 filiutn
3521 1145 3616 1200 pro

2038 1219 2237 1288 placito
2285 1219 2375 1272 Dei
2406 1259 2422 1284 ,
2465 1227 2523 1272 ut
2552 1219 2680 1271 nihil
2707 1218 2976 1272 videretur
3002 1233 3248 1288 magnum
3277 1221 3448 1273 facere
3477 1220 3610 1275 dans

2041 1309 2233 1364 Filium
2255 1325 2432 1375 suum,
2465 1309 2731 1380 siquidem
2759 1320 2883 1364 ante
2913 1325 3033 1364 eum
3063 1309 3225 1362 homo
3247 1309 3347 1364 hoc
3374 1309 3521 1376 fecit,
3549 1328 3615 1366 ne

2043 1401 2440 1455 existimaretur
2469 1401 2569 1455 hoc
2597 1401 2774 1456 facere
2797 1416 2863 1454 ex
2892 1401 3061 1470 gratia
3093 1401 3265 1454 solum
3287 1442 3301 1465 ,
3333 1401 3426 1455 sed
3453 1403 3612 1457 etiam

2042 1505 2106 1544 ex
2149 1489 2352 1544 debito.
2381 1489 2512 1544 Nam
2540 1505 2672 1559 quos
2697 1490 2984 1559 diligimus,
3008 1489 3111 1544 hoc
3135 1504 3344 1560 quoque
3372 1491 3618 1546 volumus

2038 1581 2116 1636 eis
2136 1581 2355 1645 donare,
2395 1589 2452 1634 ut
2471 1581 2746 1634 videamur
2757 1581 2825 1635 ab
2845 1581 2908 1635 iis
2927 1582 3070 1649 prius
3085 1581 3398 1650 consequuti
3419 1581 3618 1651 aliquid

2040 1673 2286 1742 exiguum
2311 1713 2328 1738 ,
2377 1671 2456 1726 sic
2512 1672 2589 1726 eis
2631 1679 2800 1726 totum
2830 1671 3001 1736 dare;
3031 1681 3085 1726 et
3123 1673 3292 1742 magis
3331 1673 3620 1742 gloriemur

2041 1761 2181 1832 quod
2213 1761 2773 1832 acceperimus,quam
2795 1761 2934 1831 quod
2965 1761 3303 1826 dederimus;
3329 1772 3384 1816 et
3404 1777 3509 1817 non
3541 1762 3623 1816 di-

2044 1855 2236 1916 cimus,
2270 1853 2381 1908 lloc
2403 1853 2452 1907 ei
2481 1851 2751 1917 dedimus,
2778 1851 2894 1917 sed,
2922 1852 3033 1906 Hoc
3057 1853 3124 1906 ab
3151 1853 3266 1920 ipso
3286 1853 3614 1922 accepimus.

2046 1943 2193 1998 Unde
2217 1953 2265 1998 et
2287 1960 2400 1998 eum
2418 1985 2433 2010 ,
2467 1943 2671 2013 inquit,
2702 1945 2893 2014 accepit
2940 1944 2994 1997 in
3030 1944 3274 2013 parabole
3299 1984 3315 2010 ,
3360 1945 3463 2000 hoc
3491 1956 3574 2001 est
3603 1987 3618 2012 ,

2046 2045 2315 2105 tamquam
2345 2035 2398 2090 itt
2426 2036 2710 2104 mnigmate
2743 2053 2758 2089 ε
2787 2044 2904 2089 erat
2940 2037 3084 2090 enim
3125 2037 3266 2108 aries
3322 2037 3486 2091 veluti
3519 2053 3618 2107 pa-

2045 2128 2226 2182 rabola
2268 2137 2360 2181 aut
2408 2125 2704 2181 similitudo
2738 2126 2886 2181 Isaac
2917 2143 2932 2180 :
2960 2136 3049 2181 aut
3086 2127 3246 2182 veluti
3297 2129 3347 2182 in
3392 2137 3519 2200 typo
3555 2144 3620 2184 ac

2038 2218 2225 2289 figura.
2267 2218 2399 2273 Nam
2461 2220 2720 2290 quoniam
2771 2220 3049 2275 voluntate
3104 2221 3269 2276 animi
3325 2222 3618 2290 perfectura

2039 2310 2206 2364 fuerat
2233 2311 2558 2366 sacriﬁcium
2597 2321 2653 2367 et
2689 2313 2901 2368 occisus
2941 2312 3086 2368 Isaac
3109 2356 3125 2382 ,
3164 2322 3464 2384 propterea
3489 2329 3615 2371 eum

2041 2401 2204 2456 donat
2234 2401 2570 2470 patriarchae.

2102 2492 2157 2545 2.
2192 2491 2351 2547 Vides
2378 2492 2482 2548 hoc
2523 2507 2664 2548 nunc
2690 2507 2900 2564 quoque
2929 2492 3179 2560 ostendi,
3206 2495 3348 2564 quod
3389 2511 3608 2566 semper

2033 2582 2185 2638 dico?
2210 2585 2344 2638 Cum
2368 2585 2509 2640 enim
2538 2595 2769 2641 mentem
2802 2594 3039 2641 nostram
3069 2587 3473 2643 exhibuerimus
3495 2606 3618 2660 per-

2035 2672 2248 2740 fectam,
2275 2683 2331 2730 et
2359 2675 2754 2730 ostenderimus
2781 2691 2881 2732 nos
2908 2691 2997 2732 res
3019 2687 3261 2733 terrenas
3295 2679 3573 2750 despicere
3596 2723 3615 2750 ,

2037 2774 2163 2819 tunc
2183 2781 2396 2836 quoque
2427 2767 2583 2821 nobis
2608 2767 2772 2821 donat
2798 2783 2884 2821 res
2915 2778 3156 2823 terrenas
3181 2811 3194 2830 .
3223 2778 3278 2824 et
3308 2787 3410 2825 non
3440 2780 3566 2827 ante
3589 2812 3606 2837 ,

2037 2873 2108 2912 ne
2151 2867 2429 2928 acceptum
2475 2858 2676 2912 donum
2725 2873 2821 2914 nos
2874 2868 3101 2913 terrenis
3147 2861 3392 2928 alligatos
3445 2861 3616 2932 magis

2039 2950 2216 3005 adhuc
2245 2952 2444 3020 alliget.
2473 2951 2632 3006 Solve
2668 2960 2739 3016 te,
2785 2951 2982 3021 inquit,
3011 2953 3238 3022 primum
3268 2967 3298 3006 a
3330 2953 3612 3019 servitute,

2032 3053 2086 3096 et
2113 3051 2238 3097 tunc
2281 3044 2462 3111 accipe
2486 3085 2501 3110 ,
2533 3052 2590 3097 ut
2631 3058 2738 3097 non
2792 3042 3020 3112 amplius
3060 3043 3292 3112 accipias
3339 3052 3608 3114 tamquam

2037 3147 2225 3187 servus
2248 3175 2264 3199 ,
2293 3132 2386 3186 sed
2415 3143 2682 3202 tamquam
2722 3132 2971 3187 dominus
3001 3151 3014 3185 :
3046 3132 3259 3201 despice
3285 3133 3530 3196 divitias,
3557 3144 3612 3190 et

2034 3225 2142 3280 eris
2167 3223 2350 3288 dives;
2372 3223 2589 3292 despice
2610 3223 2858 3294 gloriam,
2880 3233 2933 3278 et
2949 3223 3056 3276 eris
3077 3224 3369 3294 gloriosus;
3396 3224 3613 3294 despice

2033 3316 2287 3371 ultionem
2321 3316 2692 3381 inimicorum,
2733 3323 2789 3369 et
2833 3325 2958 3370 tunc
2987 3330 3104 3370 eam
3135 3318 3471 3387 assequeris;
3517 3319 3612 3373 de-

2031 3407 2176 3474 Spiee
2201 3407 2431 3476 quietem
2456 3417 2508 3461 et
2527 3407 2920 3476 remissionem,
2949 3417 3003 3461 et
3034 3415 3164 3460 tunc
3185 3423 3302 3460 eam
3329 3409 3558 3476 accipies
3591 3427 3604 3461 :

2033 3507 2090 3551 ut
2108 3513 2226 3552 cum
2250 3499 2539 3567 acceperis,
2565 3512 2669 3552 non
2696 3509 2962 3568 tamquam
2983 3498 3190 3552 vinctus
3218 3513 3334 3552 eam
3353 3500 3603 3565 accipias,

2033 3604 2204 3658 neque
2235 3598 2500 3658 tamquam
2537 3603 2723 3643 servus
2750 3629 2765 3655 ,
2811 3588 2906 3642 sed
2951 3599 3218 3657 tamquam
3266 3589 3420 3641 liber.
3458 3590 3611 3643 Sicut

2031 3681 2170 3734 enim
2206 3683 2252 3734 in
2283 3680 2458 3749 parvis
2489 3681 2687 3750 pueris,
2715 3681 2929 3750 quando
2949 3695 3079 3749 puer
3096 3681 3308 3750 quidem
3339 3681 3609 3736 desiderat

2035 3772 2234 3826 ludicra
2266 3774 2487 3842 puerilia
2513 3814 2527 3836 ,
2562 3787 2790 3841 propere
2834 3773 3120 3827 admodum
3170 3789 3231 3827 ea
3279 3775 3612 3830 occultamus

2035 3874 2091 3919 ιιι
2115 3865 2329 3934 globum
2370 3875 2423 3918 et
2461 3874 2654 3917 caetera
2706 3863 3005 3932 hujusmodi
3033 3906 3047 3928 ,
3097 3881 3164 3920 ne
3220 3865 3539 3933 impediatur
3579 3883 3610 3921 a

2033 3956 2349 4011 necessariis
2380 3973 2393 4008 :
2423 3953 2635 4024 quando
2662 3963 2840 4008 autem
2870 3969 2932 4008 ea
2957 3954 3186 4024 despicit
3213 3995 3228 4018 ,
3273 3963 3326 4009 et
3359 3971 3462 4008 non
3491 3971 3610 4008 am-

2034 4048 2172 4117 plius
2196 4061 2259 4098 ea
2286 4044 2575 4110 desiderat,
2615 4045 2715 4113 ipsi
2743 4059 2804 4097 ea
2835 4059 3025 4099 secure
3053 4045 3407 4114 impertimur,
3439 4057 3495 4099 ut
3518 4049 3611 4115 qui

2035 4142 2267 4196 sciamus
2304 4141 2429 4196 inde
2471 4139 2672 4196 nullam
2717 4138 2974 4207 deinceps
2998 4136 3046 4191 ei
3077 4151 3196 4191 esse
3224 4151 3448 4198 noxam,
3493 4150 3616 4189 cum

2037 4231 2164 4286 illud
2191 4231 2515 4286 desiderium
2548 4245 2653 4284 non
2681 4229 2912 4298 amplius
2941 4227 3112 4298 possit
3137 4242 3260 4281 eum
3292 4226 3558 4279 abducere
3583 4241 3612 4278 a

2039 4321 2362 4375 necessariis
2397 4339 2409 4374 :
2441 4322 2510 4373 ita
2554 4321 2697 4374 Deus
2729 4335 2943 4389 quoque
2984 4333 3104 4372 cum
3149 4317 3345 4370 viderit
3384 4332 3480 4371 nos
3508 4331 3613 4369 non

2036 4412 2263 4480 amplius
2289 4426 2484 4479 cupere
2515 4426 2632 4479 quae
2664 4411 2747 4464 hic
2772 4417 2915 4473 sunt,
2949 4418 3072 4462 tunc
3099 4408 3226 4462 sinit
3255 4423 3351 4462 nos
3381 4409 3458 4461 eis
3487 4412 3559 4461 uti
3596 4423 3610 4462 :

2037 4516 2098 4553 ea
2125 4501 2266 4555 enim
2296 4501 2552 4554 habemus
2579 4511 2846 4570 tamquam
2885 4500 3037 4553 liberi
3070 4508 3124 4553 et
3164 4499 3298 4562 viri,
3343 4513 3447 4551 non
3481 4507 3617 4551 tam-

2036 4606 2191 4661 quam
2221 4574 2388 4659 pueri.
2418 4590 2546 4644 Nam
2573 4591 2735 4661 quod,
2758 4591 2802 4644 si
2827 4589 3213 4657 contempseris
3241 4588 3492 4640 ultionem
3523 4603 3613 4640 su~

2038 4699 2186 4738 mere
2213 4683 2282 4737 de
2309 4684 2557 4750 inimicis,
2591 4693 2716 4737 tunc
2745 4683 3044 4752 assequeris
3068 4721 3083 4746 ,
3116 4679 3236 4732 audi
3264 4677 3388 4747 quid
3421 4679 3563 4731 dicat
3597 4695 3609 4732 :

2038 4776 2098 4832 Si
2123 4777 2280 4830 esurit
2309 4784 2424 4830 tuus
2449 4777 2713 4841 inimicus,
2740 4776 2849 4828 ciba
2890 4776 3033 4827 illum
3061 4789 3079 4826 :
3109 4773 3153 4825 si
3181 4769 3283 4824 snit
3303 4812 3316 4834 ,
3350 4770 3416 4822 da
3442 4771 3487 4821 ei
3513 4787 3610 4839 po-

2036 4877 2176 4933 tum;
2203 4877 2256 4924 et
2280 4867 2571 4936 subjunxit.
2603 4866 2717 4920 Hoc
2736 4867 2865 4919 enim
2888 4866 3097 4934 faciens,
3119 4878 3355 4931 congeras
3375 4862 3614 4914 carbones

2035 4974 2187 5025 super
2210 4966 2362 5026 caput
2387 4958 2496 5026 ejus
2527 4956 2700 5022 (Rom.
2734 4955 2819 5009 η.
2867 4954 2981 5022 20).
3015 4953 3080 5006 Ει
3119 4967 3304 5006 rursus
3347 4950 3490 5020 quod
3517 4991 3530 5014 ,
3563 4949 3610 5008 si

2033 5048 2346 5118 despexeris
2381 5046 2614 5110 divitias,
2648 5055 2773 5100 tunc
2803 5060 2893 5098 eas
2929 5044 3231 5112 assequeris
3253 5083 3268 5109 ,
3299 5041 3422 5096 audi
3450 5041 3612 5094 Chri.

2031 5152 2170 5197 stum
2200 5143 2466 5198 dicentem
2497 5157 2512 5194 :
2545 5139 2724 5194 Omnis
2747 5140 2833 5208 qui
2860 5137 3115 5206 reliquerit
3147 5144 3357 5203 patrem,
3387 5143 3475 5186 aut
3502 5151 3609 5186 ma-

2030 5245 2176 5300 trem,
2207 5245 2292 5288 aut
2320 5235 2526 5288 domum
2551 5274 2565 5299 ,
2596 5241 2683 5284 aut
2711 5235 2917 5300 fratres,
2951 5227 3240 5296 centuptum
3283 5226 3529 5293 accipiet,
3563 5235 3610 5278 et

2030 5327 2182 5378 vitam
2206 5334 2446 5378 wternam
2473 5323 2748 5391 possidebit
2778 5320 2993 5388 (Matth.
3019 5318 3106 5372 19.
3134 5314 3248 5383 ‘29).
3282 5316 3346 5369 Et
3371 5315 3535 5384 quod,
3564 5314 3610 5368 si

2029 5416 2340 5486 despexeris
2365 5414 2612 5484 gloriam,
2637 5421 2764 5467 tunc
2789 5427 2906 5466 eam
2933 5407 3257 5478 assequeris,
3285 5406 3406 5459 audi
3435 5406 3609 5473 ipsum

2028 5521 2213 5559 rursus
2229 5505 2496 5559 Christum
2521 5503 2809 5565 dicentem,
2838 5501 2935 5566 Qui
2961 5500 3066 5553 vult
3095 5498 3225 5551 inter
3252 5513 3338 5550 vos
3366 5511 3470 5547 esse
3498 5496 3608 5563 pri.

2029 5613 2158 5663 mus,
2187 5598 2249 5649 sit
2274 5607 2431 5649 vester
2455 5595 2700 5656 minister;
2729 5605 2781 5645 ct
2805 5605 3008 5654 rursus,
3037 5590 3138 5655 Qui
3167 5604 3220 5641 se
3248 5587 3606 5649 Itumiliaveril,

2026 5687 2327 5742 exaltabitur
2376 5687 2599 5756 (Matth.
2654 5684 2743 5736 ‘20.
2776 5681 2869 5733 26.
2910 5691 2954 5731 et
2987 5681 3078 5734 25.
3121 5679 3234 5747 12).
3273 5678 3408 5746 Quid
3441 5677 3606 5729 dicis?

2027 5783 2070 5835 si
2091 5781 2157 5834 do
2184 5789 2367 5850 putum
2403 5778 2621 5832 inimico
2649 5816 2660 5841 ,
2697 5784 2821 5828 tunc
2865 5787 2985 5826 eum
3028 5772 3227 5842 punio?
3256 5772 3298 5825 si
3326 5769 3605 5826 facultates
