3980 6142
345 475 624 533 dimisero,
640 489 642 492 ν
659 474 785 525 tunc
812 475 904 523 cro
920 467 1198 522 excelsus?
1220 466 1262 519 si
1291 475 1376 519 me
1401 462 1772 523 humiliavero,
1799 471 1924 514 tunc

346 565 664 620 cxaltabor?
691 562 936 624 Maxime,
962 559 1133 628 inquit
1161 577 1173 612 :
1207 573 1267 613 ea
1300 566 1382 612 est
1411 557 1553 611 enim
1587 571 1704 610 mea
1733 563 1926 626 poten-

347 657 436 719 tia,
474 664 531 709 ut
559 655 823 709 contraria
857 652 1120 722 przcbeam
1150 666 1245 720 per
1274 650 1539 704 contraria
1573 665 1587 701 :
1621 661 1736 702 sum
1772 648 1925 701 locu-

345 749 458 817 ples
483 756 534 800 et
559 746 624 800 ad
667 761 754 800 res
783 743 1017 814 agendas
1060 742 1232 797 solers
1263 759 1276 797 :
1308 755 1374 795 ne
1403 739 1592 794 timeas
1627 755 1641 790 :
1673 739 1924 792 volunta—

345 849 449 893 tem
494 854 664 892 meam
696 839 940 907 sequitur
980 851 1157 890 rerum
1189 844 1375 888 natura
1397 873 1411 898 ,
1459 847 1564 886 non
1592 846 1693 900 ego
1731 845 1927 899 sequor

345 942 584 984 naturam
632 944 775 1000 :ego
820 929 996 982 omnia
1039 942 1271 995 operor,
1325 940 1429 1001 non
1472 925 1540 977 ab
1590 923 1694 976 illis
1743 937 1921 992 agor:

344 1023 688 1091 quamobrem
712 1035 812 1090 ego
837 1036 928 1075 eas
953 1034 1169 1088 possum
1203 1025 1560 1071 transmutare
1581 1022 1636 1068 et
1659 1014 1922 1066 transfor-

344 1132 507 1171 mare.
538 1117 602 1170 Et
632 1115 758 1184 quid
804 1113 1042 1176 miraris,
1073 1110 1116 1165 si
1148 1110 1198 1162 in
1232 1105 1314 1162 his
1351 1108 1408 1161 ﬁt
1436 1107 1577 1161 tale?
1618 1106 1720 1159 hoc
1746 1106 1921 1176 ipsum

342 1207 483 1260 enim
517 1205 760 1259 invenies
791 1206 949 1256 etiam
980 1203 1031 1254 in
1055 1200 1174 1253 aliis
1204 1197 1474 1252 omnibus.

416 1296 516 1362 Qui
538 1294 843 1347 contumelia
887 1292 1038 1361 afficit
1061 1331 1074 1352 ,
1107 1292 1217 1358 ipse
1253 1286 1556 1341 contumelia
1583 1285 1818 1354 afﬁcitur.
1854 1315 1923 1326 ——

342 1385 398 1440 Si
433 1386 680 1454 injuriam
715 1383 898 1445 facias,
938 1381 1159 1435 allectus
1199 1394 1258 1434 es
1303 1378 1491 1446 injuria
1531 1393 1549 1430 :
1584 1378 1630 1431 si
1673 1375 1811 1430 facta
1840 1386 1924 1432 est

346 1483 438 1535 tibi
469 1483 659 1548 injuria
688 1522 701 1543 ,
751 1490 874 1534 tunc
921 1494 1024 1533 non
1070 1495 1127 1534 es
1175 1478 1363 1546 injuria
1396 1477 1618 1531 allectus
1648 1493 1661 1528 :
1697 1478 1739 1529 si
1781 1477 1922 1530 ultus

345 1575 529 1636 fueris,
551 1583 673 1626 tunc
702 1589 804 1625 non
833 1581 911 1625 est
941 1571 1081 1622 ultus
1105 1611 1121 1635 ,
1150 1569 1242 1623 sed
1279 1569 1504 1638 teipsum
1537 1577 1596 1620 es
1626 1568 1785 1620 ultus.
1824 1566 1923 1630 Qui

345 1665 510 1723 enim,
540 1665 745 1731 inquit,
790 1662 954 1732 diligit
1000 1662 1311 1728 iniquitatem
1335 1701 1349 1720 ,
1394 1659 1497 1710 odit
1529 1658 1752 1710 animum
1781 1673 1924 1710 suam

347 1754 507 1827 (Prov
554 1755 641 1809 29.
691 1753 806 1821 24).
846 1753 1008 1808 Vides
1050 1754 1188 1822 quod
1235 1768 1336 1804 non
1369 1751 1555 1819 injuria
1587 1748 1786 1812 allicis,
1830 1749 1921 1802 sed

348 1847 536 1916 injuria
571 1846 792 1901 allectus
834 1846 931 1900 es?
979 1847 1262 1914 Propterea
1309 1843 1437 1897 dicit
1479 1843 1638 1897 etiam
1681 1841 1875 1895 Paulus
1909 1858 1922 1893 :

349 1938 520 2001 Quare
563 1954 661 1990 non
710 1938 870 2006 magis
912 1937 1151 2008 injuriam
1195 1936 1422 2002 accipitis
1465 1933 1540 2005 (Ι.
1574 1933 1694 1986 Cor.
1733 1932 1786 1986 6.
1833 1927 1928 2001 7)?

346 2027 538 2082 Vidisti
578 2028 718 2097 quod
749 2029 850 2082 hoc
876 2044 979 2080 non
1008 2028 1077 2079 sit
1103 2027 1290 2095 injuria
1321 2026 1500 2079 affici?
1530 2024 1756 2092 Quando
1793 2039 1929 2078 con-

348 2119 561 2173 tumelia
584 2118 848 2183 affet-eris,
874 2127 1001 2171 tunc
1027 2116 1248 2187 affectus
1275 2131 1334 2170 es
1359 2115 1703 2170 contumelia.
1739 2114 1805 2167 Et
1827 2113 1930 2167 hoc

346 2224 412 2263 ex
446 2217 592 2277 parte
619 2210 794 2262 sciunt
822 2207 972 2260 multi
1014 2227 1026 2262 :
1059 2217 1116 2259 ut
1163 2205 1377 2275 quando
1422 2204 1608 2258 dicunt
1652 2204 1792 2258 inter
1823 2219 1880 2256 se
1911 2219 1924 2254 :

349 2297 483 2353 Hine
513 2298 891 2359 discedamus,
937 2312 1004 2350 ne
1053 2296 1281 2363 teipsum
1329 2293 1532 2348 afﬁcias
1580 2293 1925 2347 contumelia.

349 2389 747 2455 Quamobrem?
777 2379 1039 2454 Quoniam
1088 2387 1309 2439 multum
1344 2386 1568 2439 interest
1595 2386 1732 2438 inter
1755 2394 1805 2438 te
1829 2426 1844 2450 ,
1873 2393 1929 2438 et

350 2480 543 2533 illum:
589 2493 708 2532 nam
756 2480 1198 2546 quantiscumque
1241 2476 1484 2530 all‘eceris
1531 2475 1869 2530 contumeliis
1896 2514 1913 2540 ,

350 2569 440 2623 ille
464 2568 686 2638 gloriam
714 2568 1004 2622 existimat.
1043 2567 1150 2620 Iloc
1181 2568 1232 2619 in
1265 2565 1511 2620 omnibus
1537 2566 1852 2633 cogitemus,
1875 2573 1929 2620 et

351 2659 687 2715 C(ll’lllllllt‘ilis
740 2659 1015 2714 evadimus
1064 2659 1386 2728 superiores.
1445 2659 1767 2725 Quomodo?
1813 2659 1926 2729 Ego

351 2751 471 2806 dico
503 2771 514 2805 :
547 2751 601 2806 Si
626 2759 707 2806 est
734 2751 886 2805 nobis
919 2767 1089 2820 pugna
1119 2751 1372 2804 adversus
1398 2767 1518 2803 cum
1549 2751 1824 2820 ipsumqui
1847 2762 1929 2806 est

352 2841 566 2894 indutiis
615 2855 845 2909 purpura
875 2881 889 2904 ,
937 2856 1060 2894 cum
1102 2842 1423 2894 contumelia
1471 2857 1592 2896 eum
1639 2840 1926 2909 allicimus,

351 2932 722 2986 existimamus
763 2947 860 2985 nos
903 2933 1049 3001 ipsos
1099 2931 1293 3000 injuria
1341 2934 1554 2986 allicere
1588 2950 1598 2984 :
1635 2948 1758 2987 nam
1809 2933 1929 2987 ideo

352 3023 495 3092 digni
513 3039 696 3077 sumus
724 3024 812 3093 qui
838 3024 1033 3092 probro
1049 3023 1366 3079 afﬁcianiur.
1389 3024 1524 3090 Quid
1543 3023 1696 3087 dicis,
1721 3025 1928 3094 quasso?

351 3133 472 3170 cum
504 3116 577 3169 sis
603 3116 736 3168 civis
763 3116 1038 3180 calorum,
1065 3123 1121 3169 et
1146 3130 1432 3184 supernam
1466 3115 1664 3170 habeas
1695 3116 1932 3185 philoso-

353 3208 554 3278 phiam,
585 3223 706 3261 cum
730 3223 793 3260 co
823 3209 910 3276 qui
939 3223 1024 3262 res
1053 3217 1292 3262 terrenas
1313 3219 1488 3261 mente
1510 3210 1692 3276 agitat,
1721 3209 1930 3277 probris

353 3299 580 3367 teipsum
630 3298 876 3367 appetis?
926 3297 1056 3352 Nam
1104 3299 1309 3353 etiamsi
1361 3299 1612 3362 pecunias
1661 3299 1931 3369 possideat

351 3385 788 3449 innumerabiles,
822 3397 872 3442 et
904 3388 973 3440 sit
1002 3388 1053 3441 in
1084 3389 1382 3458 principatu
1405 3402 1460 3443 et
1488 3399 1768 3458 potestate,
1798 3407 1930 3443 non-

352 3480 477 3532 duin
510 3490 682 3532 tamen
715 3479 814 3532 scit
854 3479 1047 3532 bonum
1095 3491 1265 3532 tuum.
1315 3478 1434 3532 Noli
1467 3479 1690 3548 teipsum
1738 3490 1922 3534 contu-

353 3569 507 3623 melia
530 3568 765 3634 afﬁcere,
789 3569 932 3624 illum
962 3569 1199 3627 afﬁciens
1225 3570 1548 3624 contumelia
1582 3587 1594 3623 :
1630 3570 1720 3623 tibi
1747 3569 1926 3638 parce,

351 3676 456 3714 non
487 3661 557 3714 illi
591 3679 605 3714 :
635 3661 861 3729 teipsum
894 3661 1118 3724 honora,
1154 3677 1259 3714 non
1294 3663 1463 3714 illum.
1498 3662 1685 3715 Annon
1714 3671 1797 3715 est
1827 3663 1926 3715 hu-

345 3752 577 3819 jiismodi
608 3751 942 3820 proverbium
976 3770 988 3804 :
1018 3752 1117 3820 Qui
1145 3754 1392 3814 honorat,
1416 3753 1650 3824 seipsum
1674 3752 1921 3807 honorat.

351 3847 418 3900 Et
457 3846 648 3898 merito
680 3863 693 3899 :
723 3861 828 3898 non
857 3850 1000 3899 enim
1052 3847 1200 3899 illum
1243 3846 1490 3905 honorat.
1543 3845 1924 3914 sedscipsum.

352 3935 486 3990 Audi
516 3937 796 4005 quemdam
826 3938 1118 4004 sapientem
1149 3937 1412 3992 dicentem
1448 3955 1461 3994 :
1491 3935 1600 3990 Fac
1625 3939 1809 3991 animw
1829 3946 1927 3990 (me

352 4027 590 4078 honorem
628 4027 781 4092 juxta
813 4027 923 4094 ejus
951 4026 1248 4096 dignitatem
1280 4029 1296 4094 (
1323 4027 1483 4081 Eccli.
1521 4029 1606 4082 lli.
1637 4029 1750 4096 51).
1789 4027 1926 4093 Quid

350 4123 454 4175 cst,
488 4112 649 4166 Juxta
679 4116 787 4183 ejus
830 4116 1166 4182 dignitatem?
1192 4117 1245 4169 Si
1280 4133 1370 4182 per
1399 4117 1676 4170 avaritiam
1711 4116 1928 4170 frauda-

363 4201 458 4258 vit.
487 4207 542 4253 tu
575 4215 640 4251 ne
679 4199 927 4263 fraudes;
971 4201 1014 4253 si
1060 4199 1235 4255 affecit
1261 4203 1610 4267 contumelia,
1651 4219 1717 4258 ue
1744 4215 1938 4258 contu-

364 4290 520 4342 melia
549 4288 768 4342 afﬁcias.
797 4289 892 4339 Die
921 4291 1069 4354 mihi,
1103 4307 1304 4360 quasso,
1333 4295 1374 4347 si
1398 4293 1514 4362 quis
1543 4311 1740 4365 pauper
1767 4296 1934 4350 lutum

361 4380 541 4448 iacens
589 4393 618 4432 e
669 4389 752 4430 tua
784 4380 901 4433 aula
948 4383 1210 4450 acciperet
1233 4425 1246 4443 ,
1278 4399 1398 4436 unm
1417 4395 1688 4453 propterea
1707 4402 1938 4443 eumve-

363 4485 516 4523 cares
547 4470 597 4522 in
630 4469 927 4536 judicium?
957 4469 1317 4541 Nequaquam.
1355 4475 1570 4542 Quare?
1609 4477 1682 4532 Ne
1711 4487 1761 4532 te
1790 4494 1919 4533 cou-

363 4559 576 4613 tumelia
607 4557 829 4622 afﬁcias,
858 4575 924 4614 ue
953 4568 1002 4613 te
1028 4575 1217 4615 omnes
1246 4561 1622 4618 condemnem.
1659 4566 1768 4620 lloc
1797 4583 1937 4622 nunc

360 4665 572 4720 quoque
597 4649 650 4704 fit
684 4669 696 4703 :
728 4650 882 4706 dives
913 4652 1054 4705 enim
1083 4663 1161 4706 est
1188 4668 1388 4722 pauper
1408 4696 1421 4713 .
1452 4664 1504 4707 ct
1526 4671 1630 4724 quo
1651 4666 1734 4711 est
1753 4658 1935 4724 ditior,

359 4761 426 4799 eo
455 4747 622 4815 magis
653 4755 774 4799 vera
803 4745 1008 4800 laborat
1040 4755 1367 4815 paupertate.
1402 4747 1591 4802 Lutum
1615 4759 1696 4803 est
1722 4766 1932 4817 aurum,

362 4836 414 4889 in
439 4837 557 4890 aula
583 4836 791 4905 jacens,
821 4853 925 4891 non
956 4838 1099 4892 domi
1126 4847 1226 4891 tua:
1248 4838 1406 4892 situm
1444 4857 1456 4894 :
1483 4840 1669 4913 caelum
1689 4842 1828 4895 enim
1854 4853 1938 4897 est

363 4926 556 4982 domus
579 4937 684 4980 tua.
705 4927 758 4983 Si
784 4937 1058 4997 propterea
1087 4943 1216 4997 ergo
1245 4929 1386 4982 litem
1418 4945 1632 4984 moveas
1661 4939 1714 4985 et
1737 4931 1938 5001 judicio

363 5017 675 5083 contendas,
695 5033 875 5073 annon
901 5026 951 5073 te
969 5020 1391 5074 condcmnabuiit
1414 5022 1625 5090 superni
1648 5023 1790 5077 cives
1806 5023 1828 5075 ?
1843 5038 1938 5078 au-

362 5125 464 5162 non
487 5110 701 5178 ejiieient
729 5124 777 5166 te
799 5129 828 5165 e
851 5126 942 5165 sua
969 5113 1154 5181 patria,
1179 5113 1346 5182 quies
1373 5112 1504 5166 adeo
1541 5113 1775 5178 humilis,
1801 5114 1936 5171 adeo

359 5199 481 5253 vilis
509 5210 563 5254 et
597 5202 832 5268 alijeetus
853 5242 869 5268 ,
902 5210 956 5255 ut
987 5218 1081 5272 pro
1109 5203 1317 5257 modico
1347 5203 1456 5256 luto
1500 5204 1633 5258 velis
1660 5208 1936 5275 pugnare?

359 5289 489 5344 Nam
532 5292 576 5346 si
611 5292 838 5347 mundus
886 5305 1026 5348 esset
1072 5303 1208 5358 tuus,
1257 5294 1449 5349 deinde
1479 5297 1793 5363 sumpsisset
1833 5298 1936 5351 ali-

357 5382 476 5450 quis
507 5397 648 5444 eum,
682 5385 916 5437 converti
948 5385 1114 5453 magis
1141 5395 1430 5454 oporteret.

425 5476 478 5529 5.
509 5475 694 5529 Nescis
721 5476 861 5541 quod
893 5477 939 5530 si
972 5477 1152 5531 decies
1179 5478 1422 5546 posueris
1448 5479 1632 5533 orbem
1659 5487 1813 5535 teme
1835 5523 1850 5542 .
1881 5491 1936 5537 et

357 5565 560 5618 centies
587 5575 640 5619 et
671 5565 850 5619 decies
883 5567 1073 5622 millies
1094 5609 1108 5632 ,
1134 5577 1186 5623 et
1213 5569 1295 5623 bis
1333 5577 1536 5622 tantum
1564 5611 1574 5630 ,
1608 5586 1680 5625 ne
1703 5580 1786 5625 est
1814 5571 1934 5641 qui-

354 5655 474 5710 deni
502 5657 565 5708 ad
589 5658 862 5710 minimam
885 5667 1085 5725 partem
1111 5660 1370 5716 bonorum
1395 5676 1512 5730 quae
1535 5671 1658 5716 sunt
1685 5663 1734 5716 iu
1762 5663 1934 5717 caelis?

355 5744 455 5809 Qui
484 5763 612 5814 ergo
637 5763 696 5800 ea
726 5764 842 5816 qua:
876 5749 960 5803 hic
988 5760 1107 5805 sunt
1137 5753 1358 5810 miratur
1378 5795 1391 5821 ,
1432 5754 1515 5809 illa
1547 5753 1710 5810 afﬁcit
1737 5766 1928 5812 contu-

1078 374 1135 430 s.
1174 369 1448 428 JOAN‘NIS
1485 357 1957 423 CleSOSTOMI
1997 318 2312 415 meumr.
2353 359 2880 423 CONSTANTINOP.
3502 362 3588 422 ,τίς

2035 461 2215 525 melia,
2245 460 2506 530 siquidem
2540 461 2654 514 lia'c
2675 459 2830 528 digna
2859 456 3130 514 existimat
3152 458 3210 512 in
3236 473 3350 528 quae
3377 461 3593 517 studium

2033 550 2308 614 conferat,
2337 566 2456 620 quae
2495 550 2563 604 ab
2600 551 2701 603 illis
2729 557 2877 603 tanto
2916 549 3116 602 distant
3145 549 3422 605 intervallo
3451 567 3464 604 :
3494 551 3596 605 imo

2033 661 2161 700 vero
2203 659 2301 698 nec
2344 643 2536 713 poterit
2582 641 2797 712 quidem
2845 641 2931 696 illa
2984 640 3234 694 admirari
3279 659 3292 694 :
3339 641 3593 710 quomodo

2036 738 2201 800 enim,
2231 752 2349 791 cum
2379 736 2445 790 ad
2479 735 2592 789 liiec
2618 733 3004 802 obstupescens
3033 732 3240 786 inliies?
3274 732 3594 786 Dissecemus

2029 829 2112 882 vel
2137 841 2259 882 sero
2280 825 2512 891 tandem,
2545 838 2748 894 quaeso,
2784 823 2938 878 funes
2962 831 3012 876 et
3037 823 3250 891 laqueos
3278 839 3293 876 :
3323 821 3434 876 haec
3457 822 3593 876 enim

2031 928 2153 971 sunt
2187 933 2270 972 res
2297 925 2543 971 terreuie.
2588 916 2847 981 Quamdiu
2889 913 3284 968 incurvabimur
3321 912 3595 967 deorsum?

2030 1008 2286 1079 quamdiu
2312 1022 2410 1062 nus
2437 1008 2574 1062 alter
2602 1007 2755 1062 alteri
2800 1005 3170 1061 insidiabimur
3195 1046 3206 1069 ,
3241 1005 3376 1058 sicut
3402 1004 3522 1058 ferat
3545 1014 3598 1059 et

2029 1101 2171 1155 sicut
2207 1101 2418 1170 pisces?
2447 1100 2557 1155 Iino
2584 1108 2709 1155 vero
2739 1099 2866 1154 fera:
2898 1115 3002 1154 non
3034 1107 3222 1170 parant
3248 1099 3345 1152 sibi
3373 1099 3590 1153 invicem

2025 1189 2270 1255 lnsidias,
2319 1188 2412 1243 sed
2457 1189 2519 1241 iis
2557 1204 2676 1257 quae
2722 1197 2847 1242 sunt
2883 1188 3077 1242 diversi
3103 1188 3316 1257 generis
3345 1205 3358 1244 :
3389 1201 3590 1258 uipiiia,

2025 1293 2182 1334 ursus
2212 1292 2392 1332 ursum
2429 1293 2532 1330 non
2563 1276 2842 1330 confestim
2871 1277 3148 1337 interimit.
3180 1293 3354 1348 neque
3377 1292 3596 1347 serpens

2025 1369 2092 1422 de
2122 1368 2297 1423 medio
2323 1367 2459 1422 tollit
2492 1376 2796 1437 serpentem
2822 1406 2838 1431 ,
2872 1377 2930 1422 ut
2959 1369 3046 1437 qui
3078 1378 3384 1423 revereatur
3411 1385 3599 1439 cogna-

2027 1459 2225 1513 tionem
2257 1474 2271 1511 :
2301 1466 2357 1511 tu
2385 1468 2562 1512 autem
2605 1473 2728 1512 eum
2767 1458 2857 1526 qui
2903 1466 2985 1511 est
3031 1457 3270 1525 ejusdem
3308 1459 3519 1529 generis
3549 1468 3602 1512 et

2027 1564 2146 1604 cum
2178 1564 2283 1619 quo
2298 1551 2416 1618 jura
2450 1549 2612 1603 habes
2635 1549 3062 1614 innumerabilia,
3092 1551 3488 1618 cognationem,
3518 1563 3598 1602 ra-

2029 1641 2228 1694 tionem
2255 1680 2269 1703 ,
2302 1641 2391 1693 Dei
2434 1639 2791 1708 cognitionem
2815 1678 2831 1705 ,
2863 1642 2970 1693 vim
3003 1648 3212 1695 naturin
3242 1647 3298 1694 et
3331 1641 3430 1694 alia
3458 1640 3606 1693 innu-

2028 1745 2197 1796 mera,
2225 1737 2280 1784 et
2303 1730 2388 1798 qui
2419 1738 2503 1784 est
2530 1729 2770 1797 ejusdem
2801 1738 3001 1784 naturae
3035 1731 3305 1801 particeps
3329 1772 3342 1794 ,
3374 1730 3606 1800 perimis,

2030 1829 2084 1873 et
2113 1819 2165 1873 in
2193 1819 2330 1872 mala
2357 1818 2528 1887 injicis
2568 1819 2995 1874 innumerabilia.
3043 1819 3178 1886 Quid
3216 1830 3327 1874 tum
3370 1821 3541 1884 enim,
3566 1821 3607 1873 si

2030 1909 2260 1980 gladium
2293 1925 2398 1964 non
2425 1910 2622 1979 adigis,
2666 1925 2840 1979 neque
2879 1911 2930 1964 in
2958 1911 3154 1965 collum
3187 1910 3466 1966 dexteram
3511 1912 3608 1964 iiii-

2031 2003 2259 2071 niergis?
2277 2002 2378 2055 alia
2410 2001 2538 2055 facis
2562 2002 2663 2056 hoc
2687 2002 2949 2075 graviora,
2977 2003 3026 2055 in
3054 2011 3346 2073 perpetuas
3375 2003 3611 2071 iujicieus

2032 2093 2324 2148 molestias.
2353 2092 2480 2146 Nam
2514 2092 2558 2145 si
2588 2093 2686 2146 hoc
2717 2093 2953 2156 fecisses,
2981 2094 3276 2148 liberasses
3306 2109 3428 2148 eum
3461 2108 3489 2145 a
3519 2092 3614 2146 sol-

2033 2184 2344 2238 licitudine:
2381 2199 2518 2238 nunc
2549 2192 2724 2237 autem
2750 2182 2921 2252 injicis
2945 2184 2995 2236 iu
3026 2184 3252 2247 famem,
3287 2179 3612 2246 servitutem,

2035 2275 2374 2343 :ngritudiues
2399 2283 2452 2328 et
2475 2273 2636 2326 multa
2662 2283 2899 2341 peccata.
2923 2274 3047 2328 lliec
3065 2275 3207 2337 dico,
3246 2285 3297 2330 et
3320 2291 3426 2328 non
3448 2288 3619 2329 cessa-

2036 2365 2104 2418 bo
2142 2365 2353 2426 dicere,
2385 2379 2490 2416 iion
2536 2374 2640 2416 vos
2670 2363 2897 2417 incitans
2939 2363 3005 2417 ad
3048 2365 3262 2420 credem
3307 2365 3615 2424 faciendam,

2035 2470 2207 2524 neque
2231 2454 2520 2506 adhortans
2544 2462 2600 2506 iit
2625 2453 2690 2507 ad
2718 2455 2912 2508 malum
2937 2455 3025 2509 illo
3049 2457 3236 2511 minus
3263 2458 3506 2521 veniatis,
3529 2453 3620 2510 sed

2037 2562 2105 2600 ne
2129 2543 2410 2600 conﬁdatis
2443 2553 2710 2612 tamquam
2751 2559 2936 2611 pieuas
2967 2561 3070 2600 non
3099 2547 3226 2600 sitis
3258 2547 3429 2602 daturi
3460 2563 3474 2600 :
3503 2561 3619 2600 nam

2041 2637 2139 2703 Qui
2189 2636 2368 2688 victum
2412 2635 2590 2687 adimit
2637 2637 2866 2702 proximo
2913 2647 2958 2690 et
3005 2654 3236 2706 panem,
3289 2640 3471 2693 occidit
3514 2653 3624 2693 eum

2038 2726 2222 2798 (Eccli'.
2269 2727 2356 2780 54.
2403 2725 2514 2794 Et).
2547 2725 2930 2782 Contineaiuus
2961 2729 3172 2784 tandem
3206 2732 3358 2800 apud
3391 2746 3488 2786 nos
3516 2745 3628 2784 ma-

2039 2834 2158 2884 nus,
2185 2832 2366 2887 quicso
2387 2833 2402 2880 ;
2425 2818 2530 2870 imo
2552 2833 2677 2870 vero
2700 2834 2805 2872 non
2831 2820 3229 2887 contineamus,
3258 2823 3352 2877 sed
3377 2837 3466 2878 eas
3487 2830 3628 2877 recte

2039 2907 2409 2971 extendamus,
2442 2923 2545 2960 non
2578 2906 2642 2960 ad
2672 2907 2818 2976 plura
2850 2909 3168 2978 acquirenda
3197 2925 3306 2979 per
3330 2912 3624 2973 avaritiam,

2039 2998 2132 3055 sed
2171 2998 2234 3052 ad
2265 2999 2660 3068 eleeuiosynam
2697 3016 2709 3050 :
2740 3014 2805 3053 ne
2848 2997 3141 3054 habeamus
3184 3017 3414 3056 manum
3462 3001 3626 3055 infru-

2039 3101 2312 3157 ctuosam,
2350 3106 2444 3145 [ιι-ρ
2489 3091 2689 3145 aridam
2725 3109 2738 3145 :
2769 3109 2888 3146 nam
2931 3109 3049 3163 qua:
3091 3109 3196 3148 non
3253 3095 3378 3149 facit
3419 3094 3628 3164 quidem

2040 3182 2456 3252 eleemosyuam,
2487 3192 2567 3235 est
2598 3182 2745 3236 arida
2780 3201 2792 3236 :
2827 3199 2945 3250 qua:
2966 3193 3142 3238 autem
3173 3187 3350 3239 etiam
3374 3186 3518 3256 plura
3550 3199 3632 3237 ac-

2040 3273 2205 3345 quirit
2231 3289 2325 3342 per
2347 3273 2645 3338 avaritiam,
2669 3282 2752 3327 est
2772 3275 3095 3328 exsecranda
3119 3285 3173 3330 et
3199 3275 3282 3329 im
3293 3284 3446 3346 pura.
3467 3276 3633 3331 Nemo

2041 3363 2284 3420 ciimedat
2313 3378 2432 3417 cum
2463 3364 3008 3430 ejiismodimanibus;
3038 3375 3120 3420 est
3143 3366 3297 3420 enim
3317 3367 3634 3423 contumelia

2041 3470 2225 3510 eorum
2253 3454 2341 3523 qui
2367 3464 2490 3508 sunt
2513 3454 2705 3509 vocati.
2730 3455 2881 3518 Nam,
2903 3455 2989 3511 die
3020 3471 3224 3526 quieso,
3291 3459 3336 3512 si
3365 3460 3485 3528 quis
3516 3473 3632 3512 cum

2049 3569 2148 3608 nos
2161 3559 2400 3607 curasset
2418 3549 2730 3604 accumbere
2750 3564 2911 3619 super
2927 3558 2978 3604 ta
2988 3559 3136 3619 petes
3161 3559 3214 3604 et
3251 3553 3416 3607 molle
3434 3561 3639 3622 stragu-

2047 3645 2154 3701 lum
2191 3653 2245 3698 et
2286 3658 2415 3697 auro
2457 3643 2686 3697 intextas
2707 3651 2884 3696 vestes
2907 3643 3140 3702 Iincasiu
3171 3643 3346 3698 domo
3377 3659 3563 3714 magna
3586 3653 3639 3698 et

2047 3734 2342 3808 splendida,
2360 3747 2708 3804 magnamque
2733 3743 2787 3787 et
2807 3734 3026 3787 multant
3053 3733 3385 3790 famulorum
3425 3737 3638 3791 adstare

2045 3827 2290 3898 iussisset
2332 3825 2742 3892 multitudinem,
2786 3825 2979 3881 deinde
3010 3841 3251 3880 mensam
3305 3839 3547 3898 parasset
3567 3845 3634 3883 ex

2046 3935 2174 3974 auro
2196 3929 2248 3974 et
2268 3931 2508 3988 argento,
2538 3927 2592 3972 et
2613 3918 2793 3972 multis
2817 3919 3085 3988 implesset
3107 3921 3384 3990 lautisque
3413 3931 3469 3977 et
3494 3937 3639 3975 sum-

2048 4012 2251 4081 ptuosis
2281 4027 2440 4065 omne
2465 4026 2632 4080 genus
2661 4011 2814 4076 cibis,
2845 4026 2943 4064 nos
2973 4023 3185 4080 cogeret
3211 4015 3514 4070 comedere
3547 4031 3561 4064 :
3591 4015 3635 4068 si

2045 4107 2217 4160 solum
2249 4105 2506 4158 ferremus
2531 4120 2650 4159 eum
2681 4119 2836 4159 emno
2864 4120 3053 4158 inaniis
3081 4117 3374 4174 ungentem
3406 4116 3461 4162 et
3494 4116 3632 4161 ster-

2046 4211 2175 4252 core
2213 4197 2484 4260 hiimano,
2522 4204 2575 4249 et
2614 4196 2681 4248 ita
2731 4196 2884 4248 simul
2929 4197 3374 4263 accumbentem;
3427 4197 3636 4251 hancne

2047 4303 2258 4358 pinnam
2287 4287 2571 4341 sustineret
2596 4286 2876 4355 quiSpiam,
2901 4297 2953 4342 et
2980 4303 3083 4340 non
3113 4287 3250 4343 hanc
3273 4305 3391 4344 rem
3415 4291 3638 4345 (luceret

2045 4395 2164 4434 esse
2191 4378 2601 4434 Contumeliam?
2628 4377 2852 4432 Duceret
2896 4394 3024 4433 sane
3045 4419 3058 4442 ,
3091 4380 3317 4447 Opinor,
3351 4391 3409 4434 et
3455 4381 3636 4434 statim

2046 4473 2298 4528 resiliret.
2345 4471 2496 4525 Nune
2525 4481 2702 4525 autem
2748 4485 2852 4524 non
2894 4471 3043 4526 vides
3074 4487 3266 4527 manus
3314 4489 3448 4528 vero
3481 4487 3637 4528 coeno

2045 4565 2323 4636 oppletas,
2350 4573 2508 4633 atque
2547 4563 2682 4618 adeo
2715 4564 2855 4633 ipsos
2893 4565 3053 4617 etiam
3092 4563 3273 4630 cibos,
3316 4575 3369 4620 et
3409 4581 3518 4619 non
3553 4578 3640 4619 re-

2044 4660 2176 4721 silis,
2205 4673 2310 4711 non
2337 4655 2717 4726 reprehendis;
2739 4655 2830 4709 sed
2861 4655 2904 4709 si
2933 4657 3002 4710 sit
3031 4655 3246 4726 quidem
3278 4657 3334 4710 iu
3367 4665 3638 4727 potestate

2044 4758 2097 4802 ct
2124 4749 2472 4811 auctoritate,
2514 4762 2625 4801 rem
2675 4761 2918 4815 magnam
2961 4761 3081 4800 esse
3122 4747 3338 4812 statuis,
3391 4759 3448 4803 et
3495 4759 3638 4802 tuam

2045 4839 2223 4909 perdis
2252 4838 2481 4891 animam
2505 4879 2519 4902 ,
2548 4853 2771 4891 vescens
2804 4837 3016 4891 talibus.
3046 4838 3247 4904 Quovis
3281 4840 3435 4892 enim
3477 4853 3638 4894 emno

2045 4933 2192 5002 pejor
2214 4932 2528 4986 estavaritia
2551 4947 2565 4994 ;
2589 4931 2818 4984 animam
2837 4932 2978 4984 enim
3004 4931 3262 4999 inquinat,
3281 4948 3394 4986 non
3414 4948 3637 5002 corpus,

2041 5035 2094 5080 et
2119 5024 2282 5079 efﬁcit
2311 5035 2367 5078 ut
2397 5023 2687 5078 difﬁciliter
2709 5022 2877 5093 possit
2899 5024 3026 5077 elui.
3054 5023 3131 5077 Tu
3155 5039 3283 5093 ergo
3318 5025 3515 5080 videns
3538 5024 3642 5077 hoc

2041 5131 2196 5170 emno
2221 5115 2434 5185 quidem
2467 5115 2656 5168 illitum
2685 5130 2805 5168 eum
2835 5116 2923 5184 qui
2954 5115 3240 5178 accumbit,
3268 5125 3326 5169 et
3357 5132 3559 5170 manus
3588 5123 3644 5170 et

2041 5209 2268 5270 oculos,
2319 5207 2538 5262 domum
2591 5223 2805 5278 quoque
2853 5217 2907 5261 et
2957 5223 3195 5262 mensam
3247 5223 3315 5261 eo
3369 5210 3638 5277 repletam

2041 5300 2391 5371 (stercoribus
2414 5299 2581 5365 enim,
2606 5309 2660 5354 et
2687 5300 2730 5354 si
2755 5299 2880 5368 quid
2909 5310 2990 5353 est
3019 5301 3102 5353 his
3127 5301 3490 5366 immundius,
3517 5311 3647 5355 sunt

2042 5395 2114 5449 illi
2141 5394 2242 5449 cibi
2273 5394 2577 5461 Spurciores
2599 5402 2652 5448 et
2676 5393 3086 5461 obscmniores),
3118 5394 3186 5447 ita
3216 5391 3458 5446 afﬁceris
3484 5393 3641 5463 quasi

2043 5487 2363 5551 honoratus,
2407 5496 2462 5541 et
2504 5494 2773 5556 tamquam
2820 5485 3030 5545 futurus
3067 5487 3117 5539 in
3161 5485 3408 5540 deliciis?
3448 5495 3505 5540 et
3540 5502 3644 5540 nec

2043 5580 2258 5633 Paulum
2290 5580 2502 5651 quidem
2533 5581 2763 5643 vereris,
2798 5579 2885 5648 qui
2915 5579 2978 5631 ad
3017 5594 3253 5633 mensam
3281 5576 3640 5641 Grmcoruni,

2041 5672 2081 5724 si
2109 5671 2351 5737 velimus,
2389 5672 2520 5724 citra
2568 5671 3002 5738 impedimentum
3052 5669 3206 5723 nobis
3239 5668 3516 5736 permittit
3544 5683 3657 5748 ac:

2041 5765 2249 5830 cedere,
2279 5764 2343 5818 ad
2397 5779 2674 5818 avarorum
2715 5772 2888 5820 autem
2938 5773 2991 5818 et
3042 5777 3226 5816 eorum
3269 5761 3363 5827 qui
3422 5760 3645 5815 damnis
