3980 6142
314 490 431 543 τότε
474 488 636 544 αὑτὸν
676 492 932 561 κολάζως
968 496 1064 551 ἐάν
1108 500 1231 569 ἀφῶ
1255 502 1336 555 τά
1368 502 1681 574 ὑπάρχοντα
1707 543 1722 565 ,
1763 503 1885 556 τότε

312 577 446 631 αὑτά
470 577 610 649 Exn);
641 582 737 635 ἐὰν
757 583 1077 639 ταπεινὼσω
1101 588 1359 657 ἐμαυτὸν,
1384 590 1505 643 τότε
1537 590 1741 661 ὑψηλὸς
1763 592 1886 645 Eco-

316 681 444 734 μαι;
470 665 583 718 Ναὶ
610 709 626 729 ,
664 669 798 739 φησί
834 686 848 699 ·
896 671 1120 744 τοιαύτη
1160 674 1269 745 γὰρ
1298 676 1332 746 ή
1362 675 1468 745 ἐμὴ
1498 675 1728 748 δύναμις
1748 716 1764 739 ,
1794 678 1885 732 διά

311 753 413 806 τῶν
443 755 705 810 ἐναντίων
722 757 793 812 τά
827 760 1044 815 ἐναντία
1070 763 1297 834 παρέχει
1329 775 1348 796 ·
1375 763 1609 837 εὖπορός
1639 768 1756 837 εἰμι
1787 770 1883 823 καὶ

311 842 636 911 εὐμήχανος,
702 845 778 916 μὴ
829 847 1049 920 δείσῃς·
1100 850 1179 916 τῷ
1227 851 1345 923 ἐμῷ
1388 852 1654 923 θελήματι
1695 858 1728 925 ή
1770 858 1882 911 τῶν

310 930 648 998 πραγμάτων
677 932 959 987 ἀκολουθεῖ
985 935 1166 1004 φύσις.
1192 939 1291 993 οὑκ
1324 941 1434 1007 ἐγὼ
1461 943 1526 1012 τῇ
1558 943 1719 1012 φύσει
1748 944 1879 998 ἐπο-

310 1032 405 1083 μαι
441 1029 458 1045 ·
506 1016 623 1084 ἐγὼ
667 1019 845 1074 πάντα
886 1024 1213 1094 ἐργάζομαι,
1248 1028 1348 1081 οὑκ
1387 1028 1500 1096 ἐγὼ
1529 1027 1629 1083 ὑπ(
1654 1032 1880 1087 ἐκείνων

307 1103 531 1172 ἄγομαι·
573 1105 658 1158 διὸ
694 1106 790 1159 καὶ
824 1110 1227 1177 μεταπλάττειν
1266 1115 1362 1167 καὶ
1411 1118 1878 1191 μεταῤῥυθμίζειν

307 1190 439 1245 αὒτά
470 1192 729 1262 δύναμαι.
762 1195 872 1250 Καὶ
906 1198 962 1252 τί
990 1198 1295 1269 θαυμάζεις
1321 1205 1369 1256 εἰ
1392 1205 1451 1256 ὲν
1476 1210 1587 1270 τοῖς
1610 1208 1877 1274 τοιούτοις

305 1278 510 1344 γίνεται
545 1282 609 1335 τὸ
644 1285 888 1353 τοιοῦτος
916 1287 977 1340 τὸ
1013 1287 1145 1342 αὑτὸ
1169 1290 1279 1362 γάρ
1316 1293 1410 1345 καὶ
1451 1295 1509 1347 ἐν
1541 1296 1654 1360 τοῖς
1692 1296 1874 1361 ἄλλοις

305 1365 503 1421 ἀπασιν
526 1370 803 1442 εὑρήσεις.

383 1544 509 1600 Ἐάν
535 1547 645 1619 γάρ
675 1549 961 1623 ἀδικήσῃς,
996 1552 1282 1626 ἠδικήθης·
1312 1556 1407 1611 ἐὰν
1437 1558 1720 1632 άδικηθῇς,
1747 1562 1871 1617 τότε

302 1635 401 1688 οὑκ
429 1635 696 1707 ἠδικήθης
727 1653 741 1666 ·
786 1639 882 1693 ἐὰν
924 1641 1132 1715 ἀμύνῃ,
1175 1645 1298 1699 τότε
1327 1647 1429 1699 οὑκ
1462 1646 1658 1718 ὴμύνω
1682 1690 1698 1713 ,
1733 1651 1872 1706 ἀλλὰ

305 1723 497 1776 σαυτὸν
525 1725 739 1794 ἠμύνω.
782 1727 836 1779 Ὀ
866 1728 975 1799 γάρ
1006 1729 1254 1798 ἀγαπῶν
1280 1732 1396 1801 τὴν
1420 1734 1681 1802 ἀδικίαν,
1712 1739 1866 1808 φησί,

296 1811 473 1882 luas;
486 1811 603 1879 τὴν
634 1813 852 1871 ἑαυτοῦ
893 1816 1126 1885 ψυχήν.
1171 1817 1334 1891 ὐρᾷς
1379 1821 1462 1874 ὅτι
1490 1825 1591 1876 οὑκ
1622 1825 1832 1892 ἀδικεῖς
1852 1869 1868 1893 ,

300 1897 409 1953 ἀλλ’
462 1900 768 1972 ήδικήθης;
832 1903 934 1958 Διά
994 1905 1154 1960 τοῦτο
1200 1908 1295 1961 καὶ
1362 1910 1390 1962 ό
1445 1909 1659 1975 Παῦλός
1711 1931 1867 1984 φησι·

297 1987 394 2041 Διά
421 1988 480 2041 τι
513 1988 651 2056 οὑχί
670 1988 915 2057 μᾶλλον
949 1991 1254 2048 ἀδικεῖσθε
1278 2011 1299 2058 ;
1329 1993 1483 2060 Εἶδες
1508 1998 1591 2052 ὅτι
1621 2000 1721 2055 οὑκ
1751 2002 1868 2057 ἔστι

295 2075 446 2129 τοῦτο
496 2078 844 2145 ἀδικεῖσθαι;
893 2080 1063 2133 Ὅταν
1106 2082 1359 2155 ὑϐρίσῃς,
1394 2086 1517 2140 τότε
1574 2089 1862 2159 ὑϐρίσθης.

294 2165 397 2219 Καὶ
421 2166 584 2220 τοῦτο
603 2169 668 2221 ἐκ
703 2169 905 2240 μέρους
940 2172 1119 2225 ἴσασιν
1149 2176 1199 2227 οἰ
1239 2175 1428 2233 πολλοί
1466 2194 1481 2209 ·
1513 2176 1590 2242 ὡς
1618 2179 1745 2233 ὅταν
1779 2180 1866 2233 λέ-

292 2268 425 2319 γωσι
462 2253 600 2325 πρὸς
621 2255 922 2327 ἀλλήλους,
969 2258 1117 2334 [251]
1145 2262 1408 2333 ’Ἄγωμεν
1447 2265 1696 2319 ἐντεῦθεν
1722 2308 1737 2333 ,
1788 2269 1863 2338 μὴ

292 2340 517 2412 ὑϐρίσῃς
573 2344 788 2398 σαυτόν.
830 2348 931 2401 Διά
971 2348 1066 2415 τίς
1115 2350 1237 2403 Ὅτι
1268 2352 1405 2405 πολὺ
1450 2352 1511 2405 τὸ
1563 2355 1729 2424 μέσον
1768 2356 1864 2409 σοῦ

291 2428 559 2482 κάκείνου·
588 2430 687 2483 ὅσα
717 2430 826 2503 γάρ
847 2432 912 2486 ἂν
938 2433 1185 2506 ὑϐρίσῃς,
1210 2436 1416 2500 ἐκεῖνος
1443 2439 1600 2503 δόξαν
1628 2442 1859 2510 ήγεῖται.

291 2515 456 2570 Τοῦτο
483 2518 581 2571 ἐπὶ
606 2520 826 2574 πάντων
853 2521 1148 2593 ἐννοῶμεν,
1181 2525 1276 2577 καὶ
1306 2525 1568 2597 γινόμεθα
1594 2529 1862 2600 ὑψηλότε-

196 2622 201 2625 ·
293 2623 371 2675 ροι
418 2607 529 2659 τῶν
576 2608 810 2679 ὕϐρεων.
855 2611 978 2676 Πῶς
999 2653 1012 2674 ,
1043 2612 1155 2682 ἐγὼ
1188 2614 1332 2683 λέγω
1362 2631 1376 2646 ·
1408 2617 1505 2671 ἐὰν
1537 2618 1672 2690 πρὸς
1699 2621 1862 2675 αὑτὸν

289 2696 372 2749 τὸν
396 2697 496 2767 τὴν
531 2698 829 2769 ἁλουργίδα
871 2700 1061 2771 ἔχοντα
1109 2704 1290 2776 μάχην
1317 2705 1552 2777 ἔχωμεν,
1587 2708 1661 2779 τῷ
1701 2710 1859 2781 ὑϐρί-

290 2781 398 2849 ζειν
429 2783 596 2839 αὑτὸν
620 2786 770 2855 ἡμᾶς
802 2788 998 2853 αὑτοὺς
1030 2790 1273 2861 ὑϐρίζειν
1299 2794 1602 2862 ήγούμεθα·
1629 2798 1724 2850 καὶ
1750 2799 1860 2869 γὰρ

290 2869 576 2937 πλύνοντες
611 2876 842 2943 ἐκεῖνον,
889 2878 981 2931 καὶ
1025 2880 1189 2949 ἡμεῖς
1229 2880 1321 2934 τοῦ
1368 2882 1667 2938 πλύνεσθαι
1718 2886 1859 2953 ἄξιοι

289 2957 567 3029 γινόμεθα.
598 2960 663 3013 Τί
690 2961 892 3047 λέγεις,
915 2966 1035 3019 εἰπέ
1065 2983 1154 3036 μοι
1182 2984 1196 3031 ;
1228 2967 1337 3020 τῶν
1359 2968 1605 3039 οὑρανῶν
1634 2974 1857 3047 πολίτης

289 3039 381 3105 ῶν,
426 3042 522 3095 καὶ
565 3044 667 3113 τὴν
716 3043 831 3098 ἀνω
879 3048 1198 3118 φιλοσοφίαν
1247 3049 1408 3120 ἔχων,
1464 3055 1604 3123 μετά
1649 3057 1744 3110 τοῦ
1786 3039 1857 3111 τὰ

290 3129 443 3197 γήῖνα
474 3130 803 3200 φρονοῦντος
842 3133 1062 3199 πλύνεις
1111 3138 1336 3202 σαυτόνς
1381 3140 1502 3193 Κᾶν
1539 3141 1855 3215 γὰρμυρία

288 3218 536 3286 χρήματα
568 3219 861 3300 κέκτηται,
893 3223 997 3276 κᾶν
1029 3226 1087 3277 ἐν
1123 3225 1413 3298 δυναστείᾳ
1496 3269 1510 3291 ,
1542 3229 1695 3286 οὔπω
1734 3230 1845 3286 οἶδε

288 3304 341 3356 τὸ
365 3306 530 3359 καλὸν
561 3294 621 3359 rb
664 3308 775 3363 σόν.
818 3308 908 3380 Μὴ
950 3310 1181 3384 ὑϐρίσῃς
1213 3294 1677 3374 σαυτὸν.”ἐκεῖνον
1697 3321 1850 3392 ὑϐρί-

288 3389 405 3455 ζων·
437 3393 638 3448 σαυτοῦ
677 3398 878 3464 φεῖσαι,
900 3398 972 3467 μὴ
993 3399 1200 3452 ἐκείνου
1228 3418 1240 3430 ·
1267 3404 1460 3457 σαυτὸν
1497 3406 1749 3476 τίμησον,
1780 3410 1852 3480 μὴ

286 3483 498 3535 ἐκεῖνον.
530 3484 668 3552 Οὑχὶ
691 3486 956 3555 παροιμία
973 3488 1193 3558 τοιαύτη
1231 3493 1397 3557 ἐστὶν,
1415 3493 1473 3545 '0
1502 3495 1697 3563 τιμῶν,
1725 3498 1852 3551 ἐαυ-

286 3568 369 3620 τὸν
402 3572 541 3640 τιμᾷ
566 3587 581 3636 ;
606 3571 850 3637 Εἰκότως
878 3590 892 3605 ·
915 3574 975 3627 οὔ
1012 3576 1120 3646 γὰρ
1153 3578 1360 3631 ἐκεῖνον
1393 3582 1548 3652 τιμᾷ,
1578 3582 1693 3636 ἀλλ’
1721 3586 1852 3638 ἐαυιι

284 3661 382 3715 τόν.
415 3663 618 3716 Ἀκουε
643 3665 811 3734 σοφοῦ
834 3684 978 3731 τινος
997 3667 1268 3735 λέγοντος·
1295 3673 1562 3739 Ποίησον
1585 3675 1662 3743 τῇ
1678 3677 1853 3747 ψυχῇ

284 3768 389 3808 σου
422 3756 606 3823 τιμὴν
636 3759 790 3812 κατὰ
811 3758 927 3826 τὴν
955 3760 1138 3825 ἀξίαν
1165 3763 1377 3831 αὐτῆς.
1419 3766 1484 3818 Τί
1516 3767 1663 3831 ἐστι,
1693 3771 1853 3825 Κατὰ

283 3841 387 3904 τὴν
438 3844 626 3908 ἀξίαν
678 3844 910 3912 αὐτῆς;
960 3849 1024 3901 Εἰ
1074 3849 1493 3922 ἐπλεονέκτησε.
1548 3855 1718 3924 φησὶ,
1776 3857 1852 3929 μὴ

284 3929 699 4003 πλεονεκτήσῃς·
732 3936 782 3985 εἰ
806 3933 1018 4005 ὕϐρισε,
1055 3936 1128 4006 μή
1155 3936 1404 4007 ὑϐρίσῃς.
1437 3939 1571 3992 Εἰπέ
1603 3958 1713 4009 μοι,
1740 3960 1848 3996 πα-

286 4017 516 4085 ρακαλῶ,
541 4020 690 4085 εἴτις
707 4022 874 4091 πένης
891 4023 1061 4093 πηλὸν
1083 4025 1416 4099 ἐρριμμένον
1440 4026 1547 4079 ἀπὸ
1565 4028 1665 4097 τῆς
1682 4030 1851 4099 αὐλῆς

280 4103 428 4158 ἔλαϐε
451 4109 552 4172 τῆς
580 4108 703 4176 σῆς,
725 4104 833 4179 ἄρα
858 4109 925 4163 ἂν
950 4111 1091 4182 ὑπὲρ
1115 4111 1306 4165 τούτου
1329 4098 1679 4184 δικαστήριον
1700 4098 1848 4188 αὐτῷ

280 4193 713 4264 συνεκρότησαςς
753 4196 1037 4267 Οὐδαμῶς.
1077 4198 1175 4251 Διά
1218 4200 1302 4265 τίς
1343 4201 1462 4254 Ἵνα
1494 4200 1569 4271 μὴ
1611 4202 1847 4275 ὑϐρίσῃς

277 4280 484 4344 σαυτὸν,
516 4281 606 4335 ἵνα
635 4283 710 4353 μὴ
732 4284 931 4348 πάντες
956 4301 1049 4337 σου
1078 4286 1410 4355 καταγνῶσι.
1438 4288 1608 4342 Τοῦτο
1637 4291 1731 4345 καλ⁵
1751 4292 1846 4347 νῦν

276 4365 496 4433 γίνεται·
540 4370 717 4442 πένης
742 4372 849 4443 γάρ
876 4373 1025 4425 ἐστιν
1045 4374 1073 4425 ό
1099 4373 1376 4440 πλούσιος,
1415 4377 1511 4430 καὶ
1539 4378 1650 4449 ὅσῳ
1682 4379 1844 4433 πλου-

281 4457 376 4518 τεῖ,
405 4456 651 4528 τοσούτῳ
674 4459 843 4532 πένης
863 4461 1072 4528 γίνεται
1096 4462 1196 4530 τὴν
1219 4461 1390 4526 ὅντως
1418 4464 1631 4519 πενίαν.
1664 4467 1843 4538 Πηλός

276 4539 411 4595 ἐστιν
434 4545 464 4596 ὁ
493 4543 719 4614 χρυσὸς,
752 4545 810 4597 ἐν
837 4545 973 4617 αὐλῇ
1006 4548 1360 4617 ἐρριμμένος,
1386 4551 1488 4604 οὑκ
1515 4553 1575 4605 ἐν
1603 4556 1670 4624 τῇ
1692 4555 1841 4626 οἰκίᾳ

277 4644 360 4682 σου
387 4632 661 4701 κείμενος·
682 4634 716 4704 η
743 4632 851 4704 γὰρ
879 4635 1028 4706 οἰκίᾳ
1054 4652 1146 4688 σου
1177 4636 1205 4688 ὁ
1228 4637 1457 4705 οὐρανός
1475 4639 1643 4695 ἐστιν.
1669 4642 1840 4714 ’Υπὲρ

274 4716 453 4772 τούτου
479 4714 577 4773 οὖν
609 4721 1003 4791 συγκροτήσεις
1028 4722 1399 4793 δικαστήριον,
1437 4725 1533 4779 καὶ
1571 4727 1633 4780 οὑ
1665 4746 1839 4784 κατα-ο

275 4803 566 4869 γνώσονταί
602 4822 698 4859 σου
728 4807 778 4859 οἱ
813 4805 924 4860 ἄνω
944 4808 1155 4862 πολῖται
1179 4827 1194 4875 ;
1221 4810 1323 4863 οὐκ
1342 4811 1633 4869 ἐκϐαλοῦσί
1658 4834 1717 4871 σε
1742 4820 1842 4888 τῆς

275 4893 472 4949 ἑαυτῶν
505 4896 790 4964 πατρίδος.
816 4895 907 4951 τὸν
939 4897 1084 4952 οὑτω
1114 4899 1389 4964 ταπεινὸν,
1421 4902 1513 4956 τὸν
1537 4905 1714 4970 οὑτως
1748 4910 1840 4962 εὑ-

273 4981 408 5053 τελῆ,
442 4982 520 5046 ὡς
551 4982 695 5054 ὑπὲρ
723 4982 906 5051 ὀλίγου
937 4985 1109 5054 πηλοῦ
1142 4989 1411 5061 μάχεσθαι
1436 4993 1710 5065 αἱρεῖσθαι
1736 5014 1750 5063 ;
1776 4996 1840 5051 Εἰ

272 5069 369 5139 γὰρ
416 5073 444 5125 ό
484 5071 693 5142 κόσμος
714 5068 785 5144 ἦν
819 5075 940 5141 σὸς,
977 5070 1097 5130 εἶτα
1132 5078 1295 5134 αὑτόν
1320 5098 1403 5147 τις
1439 5082 1634 5138 ἐλαϐεν
1659 5124 1674 5152 ,
1718 5087 1840 5140 ἐπι-

274 5158 572 5230 στραφῆναι
613 5162 808 5233 ἐχρῆν.

334 5360 399 5427 γ’.
415 5363 526 5417 Οὑκ
543 5358 692 5429 οἶδας
705 5367 787 5420 ὃτι
805 5367 1025 5436 δεκάκις
1039 5372 1139 5444 τὴν
1154 5374 1479 5447 οἰκουμένην
1499 5376 1592 5429 ἐὰν
1611 5376 1730 5447 θῇς,
1749 5377 1841 5431 καὶ

275 5457 642 5533 ἑκατοντάκις,
678 5468 775 5522 καὶ
804 5471 1086 5543 μυριάκις,
1120 5476 1213 5528 καὶ
1242 5477 1322 5539 δὶς
1349 5477 1623 5540 τοσοῦτον,
1660 5479 1686 5518 b
1718 5479 1835 5532 οὑδὲ

327 5667 344 5740 ξ
369 5671 591 5740 (ξηιιίρπίι
609 5678 833 5740 παρέχειν
862 5677 1091 5728 Dnnmns.

330 5730 358 5770 δ
383 5730 489 5811 ις’θέ
513 5738 587 5786 re!
628 5730 835 5787 ωεῖτὸ
888 5743 1147 5792 πολὶοστὸν
1171 5746 1324 5806 μέρος,
1352 5745 1422 5797 ιἐί
1446 5747 1576 5796 οὐδὲν
1610 5751 1720 5811 πρὸς
1743 5753 1794 5799 τὸ
1821 5787 1834 5811 ,

274 5799 449 5845 nomn
473 5799 701 5847 θυινθυε.

1102 377 1167 433 IN
1207 378 1425 437 EPIST.
1460 383 1552 437 AD
1598 383 1961 443 HEBRJEOS.
1994 387 2145 446 CAP.
2182 390 2273 446 XI.
2308 392 2543 450 HOMIL.
2583 396 2752 456 XXV.

3460 415 3565 471 £76

1990 501 2127 590 πρὸς
2159 504 2221 557 τὸ
2244 502 2535 590 πρλλοστδν
2570 510 2735 582 μέρος
2759 512 2868 568 τῶν
2909 513 2969 567 ἐν
2999 517 3114 580 τοῖς
3144 517 3392 590 οὐρανοῖς
3416 525 3566 580 ἐστιν

1986 589 2240 656 ἀγαθῶν;
2290 580 2356 645 ὐ
2394 595 2577 648 τοίνυν
2621 580 2688 651 τὰ
2726 599 2962 655 ἐνταῦθα
3002 580 3331 673 θαυμάέων,
3373 580 3564 666 ἐκεῖνα

1986 673 2230 746 ὕϐρισεν,
2266 678 2320 731 εί
2344 696 2410 748 γε
2446 682 2622 738 ταῦτα
2654 686 2789 752 ἀξια
2828 691 3063 760 σπουδῆς
3095 694 3334 762 ἡγεῖται,
3373 697 3564 752 τοσοῦο

1985 778 2076 816 τον
2100 765 2325 854 ἐκείνων
2346 768 2841 844 ἀπολιμπανόμενα
2861 792 2875 806 ·
2904 778 3106 847 μᾶλλον
3128 780 3186 832 δὲ
3206 781 3327 836 οὑδέ
3352 783 3565 854 θαυμάα

1984 865 2075 902 σαι
2122 848 2274 939 [232]
2315 855 2498 908 ἐκεῖνα
2534 857 2820 929 δυνήσεται
2853 878 2870 893 ο
2909 864 3026 928 πῶς
3053 865 3196 936 γὰρ,
3231 869 3365 939 πρὸς
3390 848 3562 925 ταῦτα

1982 937 2348 1006 ἐπτοημένος;
2380 943 2737 1013 Διατέμωμεν
2768 947 2864 1017 ὀψὲ
2887 950 3019 1017 γοῦν
3041 970 3193 1019 ποτε,
3226 958 3559 1027 παρακαλῶ,

1978 1023 2049 1076 τὰ
2080 1026 2290 1095 σχοινία
2318 1030 2413 1081 καὶ
2450 1030 2549 1093 τὰς
2572 1032 2878 1099 πλεκτάνας
2911 1053 2926 1067 ·
2956 1039 3115 1091 τοῦτο
3144 1041 3253 1111 γὰρ
3298 1023 3365 1096 τά
3391 1023 3559 1113 γήϊνα

1981 1112 2302 1181 πράγματα.
2330 1115 2510 1185 Μέχρι
2529 1118 2662 1171 πότε
2689 1120 2841 1173 κάτω
2869 1122 3151 1195 κύπτομεν
3179 1143 3193 1192 ;
3228 1130 3391 1200 μέχρι
3416 1112 3561 1194 τίνος

1980 1198 2232 1270 ἀλλήλοις
2257 1203 2707 1276 ἐπιϐουλεύομεν,
2730 1209 2986 1281 καθάπερ
3007 1213 3074 1266 τά
3099 1213 3164 1284 θη
3175 1198 3560 1292 ρίαξκαθάπερ

1978 1286 2026 1338 οί
2053 1286 2265 1356 ἰχθύεςς
2301 1290 2516 1344 Μᾶλλον
2543 1293 2620 1357 δὲ,
2653 1294 2722 1347 τά
2747 1295 2911 1365 θηρία
2935 1300 3036 1352 οὑκ
3071 1301 3413 1359 ἐπιϐουλεύει
3459 1286 3559 1360 ἀλλ-

1977 1369 2180 1442 λήλοις,
2224 1375 2360 1430 ἀλλά
2394 1381 2507 1442 τοῖς
2552 1380 2892 1451 ἀλλοφύλοις·
2935 1380 3068 1450 οἷον,
3107 1385 3309 1458 ἄρκτος
3352 1392 3556 1462 ἄρκτον

1974 1464 2074 1517 οὑκ
2101 1466 2320 1536 ἀναιρεῖ
2349 1467 2577 1538 ταχέως,
2613 1472 2734 1526 ούδέ
2761 1472 2886 1541 ϐφις
2913 1475 3039 1543 ϐφιν
3072 1477 3306 1548 ἀναιρεῖ,
3337 1481 3399 1534 τό
3430 1483 3561 1552 ὁμό-

1975 1551 2140 1618 φυλον
2163 1552 2498 1640 αἰδούμενος·
2525 1559 2592 1611 σὺ
2618 1558 2676 1612 δὲ
2702 1561 2840 1630 μετά
2862 1562 2957 1616 τοῦ
2978 1564 3253 1634 ὁμοφύλου
3276 1567 3368 1620 καὶ
3388 1569 3554 1640 μυρία

1974 1637 2115 1706 ἔχων
2160 1639 2541 1713 δικαιώματα,
2579 1644 2641 1697 τὸ
2678 1648 2962 1715 συγγενὲς,
2993 1650 3054 1702 τὸ
3096 1650 3333 1719 λογικὸν,
3366 1637 3429 1706 τὸ
3459 1637 3550 1707 τὸν

1974 1723 2107 1777 Θεὸν
2151 1726 2375 1787 εἰδέναι.
2420 1731 2522 1798 τῆς
2566 1731 2781 1798 φύσεως
2820 1732 2919 1804 τὴν
2967 1735 3120 1805 ἰσχὺν
3148 1775 3163 1801 ,
3208 1738 3380 1809 μυρία
3418 1740 3555 1794 άλλα

1974 1811 2157 1882 ἔτερα,
2193 1813 2286 1866 τὸν
2318 1819 2558 1887 συγγενῆ
2598 1820 2694 1871 καὶ
2722 1820 2823 1888 τῆς
2853 1822 3022 1891 αὐτῆς
3057 1822 3272 1892 φύσεως
3304 1842 3557 1880 κεκοινω-

1970 1902 2197 1969 νηκότα,
2240 1900 2429 1956 τοῦτον
2469 1906 2736 1977 ἀναιρεῖς,
2784 1909 2880 1960 καὶ
2935 1912 3154 1979 μυρίοις
3203 1911 3554 1981 περιϐάλλεις

1972 1993 2183 2053 κακοῖς.
2211 1991 2277 2043 Τί
2312 1994 2423 2065 γὰρ
2448 2032 2463 2056 ,
2494 1995 2542 2046 εἰ
2576 1994 2651 2064 μὴ
2680 1995 2739 2048 τὸ
2768 1995 2918 2064 ξίφος
2945 1996 3128 2064 ὠθεῖς,
3169 1999 3302 2070 μηδέ
3343 2000 3550 2070 βαπτί-

1972 2076 2084 2138 ζεις
2102 2079 2180 2138 εἰς
2206 2078 2304 2147 τὴν
2320 2079 2484 2149 δέρην
2506 2081 2604 2151 τὴν
2626 2080 2805 2145 δεξιάν
2829 2098 2844 2146 ;
2870 2084 3032 2155 ἕτερα
3048 2085 3406 2156 χαλεπώτερα
3428 2086 3551 2141 τού-

1969 2177 2062 2212 του
2100 2166 2297 2226 ποιεῖς,
2348 2164 2549 2228 λύπαις
2580 2165 2850 2236 διηνεκέσι
2900 2171 3263 2240 περιϐάλλων.
3326 2173 3539 2227 Ἐκεῖνο

1968 2246 2079 2318 γὰρ
2107 2248 2158 2301 εἰ
2183 2250 2446 2320 εἰργάσω,
2482 2251 2799 2323 ἀπήλλαξας
2827 2255 2893 2307 ἂν
2926 2256 3089 2309 αὐτὸν
3115 2257 3418 2330 φροντίδος·
3451 2258 3550 2314 νῦν

1967 2333 2023 2387 δὲ
2039 2334 2182 2404 λιμῴ
2202 2337 2297 2388 καὶ
2308 2336 2526 2409 δουλείᾳ
2548 2339 2916 2407 περιϐάλλεις,
2945 2343 3114 2395 άποδυ
3126 2346 3420 2415 σπετήσεσι
3445 2347 3542 2400 καὶ

1967 2420 2263 2490 ἁμαρτίαις
2287 2423 2502 2494 ἑτέραις
2533 2425 2778 2488 πολλαῖς.
2808 2427 2994 2481 Ταῦτα
3027 2428 3172 2496 λέγω
3194 2470 3209 2493 ,
3239 2432 3332 2485 καὶ
3358 2432 3548 2501 λέγων

1965 2508 2025 2559 ού
2059 2506 2364 2577 παύσομαι,
2392 2512 2514 2580 οὑχ).
2546 2512 2712 2582 φονᾷν
2744 2512 2890 2581 ὑμᾶς
2917 2517 3361 2584 παρασκευάζων
3386 2561 3400 2585 ,
3427 2520 3547 2573 οὑδὲ

1963 2595 2038 2658 ὡς
2073 2597 2167 2649 ἐπὶ
2195 2596 2417 2651 ἔλαττον
2458 2600 2669 2653 ἐκείνου
2708 2602 2880 2654 κακὸν
2923 2602 3180 2672 ἔρχεσθαι
3207 2607 3346 2676 πρὸς
3383 2607 3549 2661 τοῦτο

1964 2684 2431 2754 προτρεπόμενος,
2457 2685 2595 2741 ἀλλὰ
2633 2686 2708 2758 μὴ
2753 2688 2995 2761 θαρρεῖν,
3038 2691 3111 2754 ὡς
3144 2692 3220 2763 μὴ
3248 2693 3542 2763 μέλλοντας

1961 2769 2153 2822 δώσειν
2173 2771 2351 2842 δίκην.
2398 2775 2460 2826 '0
2486 2774 2921 2843 ἀφαιρούμενος
2951 2778 3080 2847 γὰρ,
3115 2781 3299 2848 φησὶν,
3340 2782 3547 2849 ἐμϐίωο

1961 2871 2065 2910 σιν
2083 2860 2189 2911 τὸν
2206 2860 2476 2927 πλησίον
2498 2862 2686 2915 αὑτοῦ
2708 2864 2801 2915 καὶ
2821 2864 3024 2931 ἄρτον,
3055 2867 3296 2931 φονεύει
3333 2870 3541 2922 αὐτόν.

1962 2939 2361 3015 Κατάσχωμεν’
2377 2946 2511 3018 παρ’
2545 2949 2760 3011 ἑαυτοῖς
2794 2950 2892 3013 τὰς
2927 2952 3114 3021 χεῖράς
3155 2968 3287 3005 ποτε
3308 2992 3323 3016 ,
3361 2970 3544 3023 παρα-

1961 3031 2131 3095 καλῶ,
2168 3035 2536 3106 κατάσχωμεν
2559 3053 2574 3069 ο
2606 3038 2806 3108 μᾶλλον
2828 3038 2884 3092 δὲ
2911 3038 2985 3108 μὴ
3015 3039 3399 3108 κατάσχωμεν,
3425 3041 3541 3094 ἀλλ’

1960 3118 2291 3188 ὲκτείνωμεν
2318 3123 2492 3187 αὑτὰς
2526 3125 2727 3190 καλῶς,
2766 3125 2840 3195 μὴ
2867 3127 3003 3196 πρὸς
3032 3126 3366 3191 πλεονεξίαν,
3404 3129 3543 3182 ἀλλὰ

1958 3205 2094 3275 πρὸς
2137 3206 2544 3279 ἐλεημοσύνην·
2580 3212 2653 3281 μὴ
2690 3213 2938 3282 ἄκαρπον
2974 3212 3182 3283 ἔχωμεν
3219 3217 3319 3285 τὴν
3346 3219 3536 3286 χεῖρα,

1961 3290 2093 3361 μηδὲ
2140 3292 2344 3364 ξηράν·
2391 3298 2423 3366 ή
2471 3297 2569 3367 μὲν
2596 3298 2704 3367 γὰρ
2753 3299 2825 3369 μὴ
2869 3300 3096 3351 ποιοῦσα
3143 3302 3537 3373 ἐλεημοσύνην,

1959 3376 2097 3449 ξηρά
2126 3394 2141 3410 ·
2175 3383 2206 3448 ἡ
2246 3381 2305 3433 δὲ
2340 3383 2438 3436 καὶ
2484 3383 2906 3445 πλεονεκτοῦσα,
2948 3388 3119 3456 μιαρά
3153 3390 3246 3440 καὶ
3294 3389 3538 3460 ἀκάθαρ-

1954 3480 2065 3526 τος.
2094 3466 2299 3536 Μηδεὶς
2345 3469 2483 3537 μετά
2523 3471 2781 3523 τοιούτων
2823 3474 3051 3525 ἐσθιέτω
3097 3474 3297 3545 χειρῶν
3331 3494 3343 3505 ·
3380 3475 3536 3544 ὕϐρις

1956 3550 2066 3616 γὰρ
2090 3552 2197 3606 τῶν
2228 3555 2580 3626 κεκλημένων
2602 3558 2778 3611 τοῦτο.
2813 3560 2949 3612 ΕΞπέ
2972 3561 3079 3630 γάρ
3115 3579 3227 3630 μοι,
3252 3562 3306 3613 εί
3328 3579 3412 3625 τις
3443 3566 3536 3616 ἐπὶ

1957 3640 2222 3708 ταπήτων
2262 3643 2360 3695 καὶ
2408 3646 2700 3715 στρωμνῆς
2745 3646 2960 3715 ἁπαλῆς
3011 3649 3105 3699 καί¹
3141 3650 3536 3718 χρυσοπάστων

1957 3725 2207 3780 σινδόνων
2231 3729 2558 3793 κατακλίνας
2593 3732 2739 3800 ήμᾶς
2772 3733 2831 3784 ἐν
2870 3732 3006 3803 οἴκῳ
3039 3733 3278 3805 λαμπρῷ
3303 3738 3397 3788 καὶ
3435 3754 3532 3806 με·

1953 3813 2123 3885 γάλῳ,
2157 3816 2251 3868 καὶ
2280 3818 2415 3869 πολὺ
2449 3817 2654 3887 πλῆθος
2700 3819 2964 3873 διακόνιον
3005 3823 3527 3892 παραστησάμενος,

1953 3897 2072 3954 εἶτα
2112 3902 2315 3956 πίνακα
2364 3916 2389 3944 ⁸
2437 3904 2496 3969 ἐξ
2540 3905 2783 3976 ἀργύρου
2826 3909 3389 3981 παρασκευασάμενος
3432 3914 3529 3989 καὶ

1951 3988 2176 4057 χρυσοῦ,
2212 3990 2305 4065 καὶ
2334 3990 2545 4043 πολλῶν
2571 3992 2858 4063 ἐμπλήσας
2887 3995 3201 4065 ἐδεσμάτων
3233 3998 3327 4051 καὶ
3358 3988 3527 4051 πολυ-

1949 4075 2120 4129 τελῶν
2146 4058 2246 4129 καὶν
2269 4079 2650 4143 παντοδαπῶν,
2686 4081 2996 4150 1ἰγνοὶγκαιζξεν
3022 4084 3223 4138 ἐσθίειν
3243 4102 3257 4115 ο
3286 4088 3334 4139 εἰ
3366 4088 3528 4156 μόνον

1950 4162 2253 4234 ἀνεξόμεθα
2273 4165 2440 4219 αὑτοῦ
2469 4166 2569 4231 τὰς
2596 4169 2787 4238 χεῖρας
2814 4171 2894 4233 εἰς
2927 4170 3188 4242 βόρϐορον
3216 4173 3460 4243 χρίοντος
3489 4174 3523 4244 ἢ

1949 4252 2040 4303 καὶ
2073 4253 2275 4322 κόπρον
2310 4254 2680 4327 ἀνθρωπίνην,
2710 4258 2804 4311 καὶ
2833 4257 2977 4313 οὕτω
3022 4260 3527 4330 συγκατακλινομέ-

1948 4356 2066 4406 νου,
2106 4336 2216 4411 ἀρα
2249 4343 2315 4397 ἄν
2357 4360 2441 4405 τις
2474 4346 2678 4414 ταύτην
2703 4346 2963 4416 ἠνέσχετο
2992 4348 3090 4419 τὴν
3123 4349 3375 4415 κόλασιν,
3409 4351 3524 4403 ἀλλ’

1945 4428 2044 4498 οὑχ
2072 4427 2231 4500 ὓϐριν
2254 4430 2315 4483 τὸ
2335 4433 2565 4501 πρᾶγμα
2591 4433 2841 4503 ἐνόμιζεν
2862 4435 2961 4501 av;
2988 4437 3204 4505 Ἔγωγε
3226 4435 3400 4509 οἶμαι,
3429 4440 3525 4494 καί⁵

1946 4516 2148 4579 εὐθέως
2185 4517 2250 4572 ἂν
2287 4519 2621 4591 ἀπεπήδησε.
2659 4522 2774 4574 Νῦν
2817 4523 2874 4575 δὲ
2910 4524 3171 4595 βορϐόρου
3216 4529 3308 4580 τοῦ
3355 4528 3522 4591 ὄντως

1944 4603 2065 4674 οὐχὶ
2109 4603 2211 4668 τάς
2262 4607 2453 4676 χεῖρας
2484 4606 2636 4680 [255]
2677 4610 2808 4681 ὁρᾷς
2844 4612 3346 4681 ἐμπεπλησμένας,
3385 4614 3520 4668 ἀλλὰ

1944 4692 2038 4743 καὶ
2070 4691 2212 4744 αὐτὰ
2240 4693 2310 4745 τά
2338 4688 2632 4765 ἐδέσματα,
2670 4697 2766 4749 καὶ
2792 4697 2891 4751 οὑκ
2921 4698 3228 4770 ἀποπηδᾷς,
3263 4700 3361 4752 οὑκ
3392 4702 3522 4753 ἀπο-

1943 4778 2189 4849 φεύγεις,
2216 4781 2316 4835 οὑκ
2338 4780 2620 4854 ἐπιτιμᾷς·
2650 4783 2767 4837 ἀλλ’
2792 4786 2888 4839 ὲάν
2913 4786 2972 4838 ἐν
2994 4786 3286 4859 δυναστείᾳ
3374 4825 3387 4847 ,
3424 4789 3519 4842 καὶ

1945 4867 2088 4937 μέγα
2118 4869 2178 4922 τὸ
2211 4870 2445 4940 πρᾶγμα
2470 4870 2719 4935 τίθεσαι,
2748 4874 2840 4927 καὶ
2876 4874 2976 4944 τὴν
3017 4873 3196 4944 ψυχὴν
3228 4875 3518 4938 ἀπολλύεις

1940 4954 2038 5025 τὴν
2066 4956 2288 5021 σαυτοῦ,
2315 4956 2538 5011 τοιαῦτα
2575 4959 2911 5029 σιτούμενος.
2946 4962 3152 5023 Παντὸς
3186 4962 3293 5032 γάρ
3329 4962 3517 5032 βορϐό-

1943 5060 2037 5114 ρου
2068 5044 2348 5110 πλεονεξία
2369 5048 2568 5118 χείρων
2587 5065 2601 5077 ⁸
2630 5047 2806 5119 ψυχὴν
2837 5050 2963 5120 γὰρ,
2986 5051 3045 5103 οὑ
3070 5050 3228 5120 σῶμα
3257 5052 3475 5120 μολύνει
3497 5097 3511 5117 ,

1942 5132 2038 5184 καλ⁸
2071 5136 2215 5185 ποιεῖ
2243 5134 2628 5190 δυσέκπλυτον.
2655 5137 2725 5188 Σὺ
2757 5139 2934 5189 τοίνυν
2963 5139 3103 5208 ὀρῶν
3131 5139 3223 5191 τοῦ
3249 5139 3513 5210 βορϐόρου

1940 5219 2128 5272 τούτου
2151 5222 2637 5293 ἀνακεχρωσμένον
2669 5225 2766 5293 μὲν
2788 5224 2879 5277 τὸν
2903 5225 3382 5295 κατακλινόμενον,
3420 5229 3514 5279 καὶ

1938 5307 2037 5369 τὰς
2070 5310 2256 5380 χεῖρας
2284 5312 2378 5363 καί.
2411 5312 2508 5382 τὴν
2531 5312 3173 5383 ὅψιν,.ἐμπεπλησμένην
3205 5314 3262 5366 δὲ
3300 5314 3399 5381 τὴν
3435 5317 3514 5366 οἰ-

1941 5397 2085 5462 κίαν,
2126 5398 2593 5472 ἐμπεπλησμένην
2621 5402 2677 5454 δὲ
2708 5403 2801 5454 καὶ
2835 5401 2932 5470 τὴν
2977 5403 3254 5470 τράπεζαν
3287 5402 3509 5471 (βολϐί-

1939 5500 2046 5535 των
2084 5487 2212 5552 γὰρ,
2261 5485 2353 5538 καὶ
2399 5487 2451 5539 εί
2494 5505 2546 5540 τι
2593 5488 2797 5540 τούτων
2836 5489 3048 5557 χεῖρον,
3093 5487 3507 5559 ἀκαθαρτότερα

1940 5571 2121 5624 ἐκεῖνα
2145 5574 2237 5623 καὶ
2263 5574 2574 5642 μιαρώτεροι
2612 5575 2678 5626 τὰ
2712 5573 3023 5641 ἐδέσματα),
3049 5572 3125 5635 ὡς
3153 5572 3217 5643 δὴ
3253 5575 3505 5646 τιμηθεὶς

2007 5815 2024 5839 θ
2050 5810 2183 5871 Conj.
2214 5813 2406 5866 πίνακας
2432 5813 2655 5861 Πιιηςτυε.
