3980 6142
403 381 506 436 177

405 494 715 555 διάκεισαι,
763 491 855 544 καὶ
900 490 977 554 ῶς
1029 491 1240 560 μέλλων
1274 491 1520 560 τρυφᾷν;
1574 491 1668 542 καὶ
1721 488 1842 541 οὐδέ
1884 487 1977 538 τὸν

409 575 622 628 Παῦλον
663 574 927 636 δέδοικας,
976 574 1058 635 εἰς
1114 573 1212 640 μὲν
1273 573 1541 642 Ἑλλήνων
1581 571 1886 641 τράπεζαν,
1930 569 1978 620 εἰ

410 659 751 730 βουλοίμεθα,
774 657 1067 720 ἀκωλύτως
1092 656 1480 727 συγχωροῦντα
1507 656 1781 718 ἀπελθεῖν,
1817 655 1897 716 εἰς
1925 651 1981 705 δὲ

375 740 507 820 ῥτάς
541 741 646 794 τῶν
675 740 1016 792 πλεονεκτῶν
1044 741 1164 792 οὐδέ
1191 739 1549 809 βουλομένους
1579 739 1791 802 ἐῶντας
1841 736 1982 790 Ἐὰν

407 825 516 894 γάρ
539 841 628 888 τις
656 823 920 891 ἀδελφὸς
943 823 1396 892 ὀνομαζόμενος,
1420 818 1458 894 ᾖ
1483 863 1496 887 ,
1531 824 1685 891 φησὶ,
1725 822 1948 888 πόρνος
1965 836 1978 849 ·

408 911 638 980 ἀδελφὸν
664 910 895 964 ἐνταῦθα
917 911 1092 978 λέγων
1123 912 1301 964 πάντα
1330 911 1422 964 τὸν
1452 901 1640 964 πιστὸν
1679 909 1890 973 ἁπλῶς,
1919 908 1982 960 οὐ

407 996 499 1048 τὸν
542 995 863 1065 μονάζοντα.
898 996 962 1048 Τί
1003 996 1112 1062 γάρ
1160 998 1279 1048 ἐστι
1312 996 1371 1048 τὸ
1415 995 1601 1048 ποιοῦν
1631 995 1729 1064 τὴν
1757 992 1986 1059 ἀδελφό-

408 1094 581 1148 τητα;
625 1079 686 1129 τὸ
715 1077 940 1147 λουτρὸν
979 1081 1079 1148 τῆς
1116 1078 1568 1144 παλιγγενεσίας,
1605 1077 1665 1128 τὸ
1695 1075 1986 1144 δυνηθῆναι

413 1159 644 1213 καλέσαι
682 1160 901 1231 Πατέρα
934 1160 1198 1212 τὸνθεόν.
1242 1161 1405 1212 Ὥστε
1431 1161 1459 1211 6
1504 1161 1604 1228 μὲν
1645 1157 1988 1227 κατηχούμε-

411 1261 520 1325 νος,
547 1244 649 1296 κᾶν
686 1243 916 1313 μοναχὸς
1001 1285 1015 1306 ,
1040 1245 1140 1296 οὐκ
1175 1243 1397 1311 ἀδελφός
1420 1255 1466 1282 ιι·
1499 1245 1527 1296 6
1548 1243 1603 1295 δέ
1631 1241 1819 1303 πιστὸς
1839 1279 1852 1303 ,
1886 1240 1989 1293 κᾶν

413 1323 683 1396 κοσμικδς
777 1369 790 1391 ,
823 1327 1049 1394 ἀδελφός
1082 1329 1247 1378 ἐστιν.
1282 1327 1352 1379 ΕΖ
1381 1344 1491 1391 τις,
1511 1325 1696 1394 φησὶν,
1728 1323 1991 1392 ἀδελφὸς

416 1411 872 1479 ὀνομαζόμενος.
906 1411 1041 1463 Οὐδὲ
1079 1410 1188 1480 γὰρ
1224 1411 1367 1479 ἰχνος
1400 1411 1518 1462 τότε
1549 1408 1870 1479 μονάζοντος
1899 1403 1988 1478 ἦν,

417 1495 554 1548 ἀλλά
595 1496 771 1547 πάντα
815 1494 950 1565 πρὸς
995 1496 1294 1564 κοσμικοὺς
1337 1493 1606 1560 διελέγετο
1647 1494 1674 1544 6
1721 1490 1992 1560 μακάριος

420 1571 593 1640 οὗτος.
635 1577 776 1631 Ἐάν
799 1595 908 1644 τις,
942 1579 1126 1648 φησὶν,
1158 1577 1422 1645 ἀδελφὸς
1448 1575 1879 1645 ὀνομαζόμενος
1898 1615 1912 1635 .
1951 1569 1994 1644 ᾖ

420 1663 664 1727 πόρνος,
706 1661 744 1728 ἢ
791 1663 1190 1728 πλεονέκτης,
1231 1662 1269 1730 ἣ
1302 1663 1598 1726 μέθυσος.
1631 1659 1710 1723 τῷ
1748 1659 1994 1724 τοιούτῳ

413 1745 570 1813 μηδὲ
593 1746 961 1799 συνεσθίειν.
993 1745 1134 1798 Ἀλλ’
1150 1745 1248 1797 οὐκ
1270 1744 1486 1797 ἐπὶτῶν
1515 1744 1783 1812 Ἐλλήνων
1798 1741 1990 1806 οὕτως,

419 1828 556 1880 ἀλλά
583 1829 634 1880 τί
657 1827 824 1892 ;Ἑιὶν
847 1844 938 1894 τις
960 1826 1116 1896 ὑμᾶς
1143 1827 1374 1896 καλέσῃ
1405 1826 1524 1880 τῶν
1550 1827 1842 1886 ἀπίστων,
1867 1827 1993 1886 τοὺς

422 1910 688 1980 ’Έλληνας
717 1910 910 1978 λέγων,
949 1909 1047 1964 καὶ
1100 1910 1314 1977 θέλητε
1346 1912 1724 1977 πορεύεσθαι,
1758 1906 1881 1963 πᾶν
1925 1906 1992 1960 τὸ

419 1991 888 2062 παρατιθέμενον
910 1992 1050 2061 ὑμῖν
1069 1993 1322 2048 ἐσθίετε.
1363 1991 1505 2045 Ἐὰν
1526 1991 1594 2046 δέ
1613 2009 1706 2058 τις
1725 1990 1873 2046 ἀδελ
1877 1988 1992 2058 ,σὸς

419 2075 868 2145 ὀνομαζόμενος,
896 2071 959 2147 ᾖ,
992 2077 1146 2145 φησὶ,
1173 2075 1476 2145 μέθυσοςυ

486 2242 548 2296 δ’.
585 2242 780 2308 Βαϐαῖ,
810 2243 951 2313 πόση
983 2243 1017 2312 ἡ
1049 2242 1340 2312 ἀκρίϐειαι
1381 2242 1544 2312 ἡμεῖς
1569 2241 1626 2295 δὲ
1646 2240 1707 2294 οὐ
1740 2239 1901 2310 μόνον
1930 2239 1991 2291 οὐ

418 2325 692 2396 φεύγομεν
710 2326 836 2386 τούς
864 2324 1151 2393 μεθύσους,
1204 2324 1339 2377 ἀλλά
1363 2324 1456 2376 καὶ
1476 2323 1828 2394 ἀπερχόμεθα
1857 2322 1994 2391 πρὸς

419 2410 637 2470 αὐτοὺς,
672 2406 985 2477 μεθέξοντες
999 2406 1106 2460 τῶν
1132 2407 1260 2476 παρ’
1289 2406 1488 2460 αὐτῶν,
1519 2406 1616 2459 Διὰ
1635 2405 1792 2458 τοῦτο
1814 2406 1993 2458 πάντα

419 2491 532 2544 ἀνω
555 2491 648 2544 καὶ
663 2491 816 2544 κάτω
837 2489 1151 2559 γεγένηται,
1177 2491 1357 2543 πάντα
1391 2487 1722 2558 συγκέχυται
1742 2489 1836 2541 καὶ
1862 2491 1994 2542 ἀνα-

418 2575 724 2645 τέτραπται
766 2575 860 2626 καὶ
887 2572 1184 2626 ἀπόλωλεν.
1218 2571 1351 2626 Εἰπέ
1381 2573 1488 2642 γάρ
1521 2589 1632 2642 μοι,
1662 2574 1710 2625 εί
1747 2571 1994 2625 καλέσειέ

425 2659 483 2710 σέ
515 2673 598 2719 τις
638 2655 746 2710 τῶν
781 2656 1038 2708 τοιούτων
1069 2657 1162 2709 ἐπὶ
1190 2655 1434 2708 ἑστίασιν
1462 2655 1894 2726 ἡτοιμασμένην,
1933 2654 1994 2707 σὲ

419 2739 511 2792 τὸν
541 2739 751 2810 πένητα
786 2740 884 2793 καί
911 2739 1101 2809 εὐτελῆ
1151 2737 1530 2808 νομιζόμενον,
1581 2734 1702 2791 εἶτα
1739 2738 1993 2792 ἀκούσειε

421 2823 572 2895 παρὰ
599 2823 692 2876 σοῦ
717 2825 796 2876 ὅτι
820 2823 1006 2892 ἐπειδὴ
1041 2825 1149 2876 ἀπὸ
1178 2823 1492 2886 πλεονεξίας
1517 2822 1634 2875 ἐστὶ
1662 2821 1733 2874 τά
1762 2839 1995 2893 παρατι-

422 2905 643 2974 θέμενα,
673 2906 772 2958 οὐκ
801 2904 1061 2975 ἀνέξομαι
1093 2905 1341 2975 μολύνειν
1387 2905 1486 2976 τὴν
1519 2903 1761 2974 ἐμαυτοῦ
1791 2903 1992 2973 ψυχὴν,

421 2993 518 3043 οὐκ
535 2990 600 3044 ἂν
619 2990 814 3060 ᾐδέσθη
835 3009 852 3053 ;
871 2991 972 3044 οὐκ
1001 2991 1066 3044 ἂν
1082 2990 1354 3060 ἐνετράπη
1377 3007 1390 3055 ;
1412 2992 1510 3043 οὐκ
1525 2991 1590 3044 ἂν
1607 2989 1952 3060 κατῃσχύνθη
1977 3007 1993 3056 ;

424 3072 573 3145 [235]
605 3073 776 3125 Τοῦτο
801 3073 961 3144 μόνον
999 3072 1180 3126 ἱκανὸν
1211 3068 1277 3144 ἦν
1307 3073 1615 3144 διορθῶσαι,
1649 3075 1746 3126 καὶ
1775 3073 1997 3142 ποιῆσαι

485 3203 694 3273 I_C(_)lb.,
713 3263 723 3273 _
748 3203 874 3251 ὥστε
913 3205 953 3273 6_
983 3203 1065 3263 μὲν
1111 3203 1330 3266 μοναχὸς,
1352 3203 1408 3251 ἂν
1441 3202 1794 3267 κατηχούμενος
1837 3201 1888 3264 ᾖ,
1911 3202 1999 3250 οὐκ

421 3267 638 3328 ἀδελφός,
660 3267 825 3314 minus
856 3269 1012 3314 recte.

1085 377 1143 432 S.
1180 374 1464 433 JOANNIS
1500 370 1991 431 CHRYSOSTOMI
2032 369 2349 426 ARCIIIEP.
2388 325 2920 425 CONSTANTINbP.

3554 364 3654 420 178

2079 484 2362 538 ταλανίσαι
2391 484 2488 553 μὲν
2516 484 2608 535 ἐπὶ
2639 481 2716 552 τῷ
2751 481 2965 550 πλούτῳ
3000 479 3194 532 ἐαυτὸν
3216 519 3232 544 ,
3272 481 3555 550 θαυμάσαι
3596 481 3654 532 δὲ

2081 567 2172 619 ἐπὶ
2209 569 2274 637 τῇ
2310 567 2470 636 πενίᾳ
2503 582 2582 626 σε,
2623 566 2675 616 εἴ
2709 582 2772 631 γε
2808 563 2955 632 ἐώρα
2987 564 3178 616 ἐαυτὸν
3207 564 3348 631 μετά
3388 563 3656 630 τοσαύτης

2083 651 2318 720 σπουδῆς
2333 639 2839 719 καταφρονούμενον
2857 646 3008 716 παρὰ
3025 644 3143 698 σοῦ.
3175 645 3336 698 Ἀλλά
3351 646 3659 713 γεγόναμεν

2081 734 2257 788 δοῦλοι
2286 732 2609 802 ἀνθρώπων,
2657 731 2758 784 οὐκ
2797 727 2915 784 οῖδα
2939 729 3124 794 πόθεν,
3174 730 3271 782 τοῦ
3304 729 3520 782 Παύλου
3545 729 3659 781 ἄνω

2084 819 2176 870 καὶ
2210 818 2359 870 κάτω
2383 817 2632 886 βοῶντοςο
2669 815 2766 882 Μὴ
2797 815 3039 882 γίνεσθε
3073 812 3283 866 δοῦλοι
3311 811 3657 878 ἀνθρώπων.

2084 905 2254 958 Πόθεν
2271 900 2364 958 οὖν
2385 905 2686 971 γεγόναμεν
2705 900 2880 954 δοῦλοι
2899 901 2994 952 ἀνθ
3006 899 3203 970 ρώπων
3223 917 3238 966 ;
3284 899 3503 969 Ἐπειδὴ
3525 898 3660 968 πρό-

2084 1011 2240 1064 τερον
2278 992 2514 1062 γαστρὸς
2537 989 2837 1059 ἐγενόμεθα
2879 989 3056 1042 δοῦλοι
3091 989 3187 1042 καὶ
3231 988 3531 1058 χρημάτων
3563 987 3663 1041 καὶ

2086 1081 2244 1148 δόξης
2277 1079 2372 1132 καὶ
2416 1079 2525 1130 τῶν
2577 1078 2750 1131 ἄλλων
2779 1076 3034 1129 ἁπάντων
3059 1091 3073 1104 ’
3118 1073 3514 1144 προεδὼκαμεν
3558 1073 3660 1142 τὴν

2089 1162 2420 1230 ἐλευθερίαν,
2456 1162 2522 1230 ἦν
2565 1160 2862 1230 ἐχαρίσατο
2909 1159 3038 1229 ἡμῖν
3077 1159 3106 1208 6
3150 1155 3406 1226 Χριστός.
3458 1155 3525 1207 Τί
3567 1151 3662 1208 οὖν

2093 1246 2240 1316 μένει
2275 1244 2365 1296 τὸν
2415 1243 2706 1312 γενόμενον
2741 1241 2948 1304 δοῦλον,
2990 1239 3111 1292 εἰπέ
3143 1255 3272 1308 μοι;
3332 1238 3533 1289 Ἀκουε
3567 1236 3663 1290 τοῦ

2089 1326 2325 1397 Χριστοῦ
2355 1326 2622 1393 λέγοντοςο
2667 1326 2727 1376 '0
2751 1324 2970 1388 δοῦλος
3005 1323 3077 1376 οὐ
3093 1321 3260 1390 μένει
3299 1318 3365 1371 ὲν
3391 1317 3466 1386 τῇ
3503 1319 3666 1386 οἰκίᾳ

2089 1413 2175 1474 είς
2223 1409 2329 1462 τὸν
2382 1406 2587 1462 αἰῶνα.
2632 1409 2819 1476 Ἔχεις
2871 1406 3147 1472 ἀπόφασιν
3221 1402 3524 1474 αὐτοτελῆ,
3582 1403 3666 1455 ὅτι

2091 1492 2346 1546 οὐδέποτε
2399 1492 2476 1554 εἰς
2536 1489 2814 1559 βασιλείαν
2865 1487 3213 1558 εἰσέρχεταιο
3270 1493 3303 1561 ἡ
3355 1491 3464 1560 γὰρ
3518 1486 3668 1540 οἰκία

2091 1575 2247 1628 τοῦτό
2271 1578 2438 1627 ἐστιν.
2479 1574 2581 1626 Ἐν
2612 1571 2720 1642 γὰρ
2772 1569 2844 1638 τῇ
2877 1572 3053 1637 οἰκίᾳ,
3100 1572 3256 1641 φησὶ,
3296 1572 3406 1626 τοῦ
3437 1568 3669 1636 Πατρός

2090 1675 2208 1727 μου
2231 1657 2409 1726 μοναὶ
2439 1655 2664 1708 πολλαί
2679 1656 2856 1708 εἰσιν.
2899 1653 2958 1705 Ὁ
2984 1653 3164 1706 τοίνυν
3197 1655 3384 1718 δοῦλος
3415 1655 3474 1706 οὐ
3499 1653 3670 1725 ,μένει

2095 1744 2152 1794 ἐν
2184 1745 2249 1811 τῇ
2272 1741 2418 1811 οίκίᾳ
2465 1740 2547 1802 είς
2579 1738 2670 1790 τδν
2701 1737 2908 1790 αἰῶναο
2939 1736 3125 1789 δοῦλον
3149 1737 3357 1790 ἐκεῖνον
3395 1736 3545 1804 λέγει
3574 1734 3671 1786 τὸν

2091 1824 2192 1895 τῆς
2229 1822 2504 1894 ἁμαρτίας
2561 1819 2744 1872 δοῦλον
2775 1835 2789 1850 ο
2844 1819 2873 1870 6
2908 1819 2966 1870 δέ
3009 1818 3082 1889 μὴ
3122 1819 3301 1888 μένων
3334 1821 3391 1872 ἐν
3417 1822 3482 1889 τῇ
3521 1817 3675 1886 οἰκίᾳ

2092 1909 2174 1971 εἰς
2207 1908 2296 1960 τὸν
2343 1905 2536 1968 αἰῶνα,
2583 1905 2642 1957 ἐν
2689 1905 2755 1974 τῇ
2789 1902 2982 1974 γεέννῃ
3018 1903 3167 1970 μένει
3208 1904 3290 1965 εἰς
3337 1902 3431 1956 τὸν
3471 1901 3670 1963 αἰῶνα,

2093 1989 2386 2059 οὐδαμόθεν
2403 1989 2542 2058 ἔχων
2573 1986 2949 2058 παραμυθίαν.
2982 1985 3144 2038 Ἀλλά
3164 1986 3270 2055 γὰρ
3300 1987 3381 2048 εἰς
3411 1983 3674 2038 τοσοῦτον

2093 2074 2294 2135 κακίας
2353 2073 2422 2124 τὰ
2477 2071 2782 2142 πράγματα
2835 2064 3020 2140 ἦλθεν,
3048 2068 3125 2132 ὡς
3165 2069 3262 2121 καὶ
3299 2067 3676 2138 ἐλεημοσύνας

2094 2158 2293 2220 αὐτοὺς
2343 2156 2454 2210 ἀπὸ
2501 2155 2712 2208 τούτων
2751 2155 2948 2216 ποιεῖν,
2997 2153 3091 2205 καὶ
3121 2151 3348 2214 πολλοὺς
3389 2150 3674 2220 δέχεσθαι.

2094 2241 2193 2294 Διά
2213 2239 2370 2294 τοῦτο
2415 2241 2449 2308 ἡ
2488 2237 2770 2309 παρρησία
2795 2235 2952 2305 ἡμῶν
2997 2234 3348 2299 ἐκκέκοπται,
3406 2234 3504 2287 καὶ
3547 2233 3680 2286 οὐδὲ

2093 2322 2419 2393 ἐπιτιμῆσαί
2475 2337 2582 2374 τινι
2636 2317 2932 2387 δυνάμεθα.
3001 2318 3139 2370 Ἀλλ’
3190 2319 3340 2387 ὅμως
3410 2315 3515 2370 κᾶν
3563 2314 3682 2368 ἀπὸ

2094 2406 2189 2460 τοῦ
2220 2405 2314 2458 νῦν
2341 2403 2635 2472 φεύγωμεν
2664 2402 2762 2472 τὴν
2785 2401 3037 2456 ἐντεῦθεν
3069 2400 3274 2471 βλάϐην
3297 2417 3310 2429 ·
3341 2400 3500 2469 ὑμεῖς
3528 2415 3589 2450 τε
3619 2397 3680 2449 οἰ

2094 2491 2184 2544 τὸν
2233 2489 2489 2560 βόρϐορον
2535 2487 2724 2541 τοῦτον
2767 2485 3133 2548 ἀνελίττοντες
3157 2484 3209 2550 δ,
3259 2483 3539 2538 παύσασθε
3570 2484 3681 2552 τῆς

2093 2572 2350 2639 τοιαύτης
2375 2571 2573 2640 λύμης,
2598 2570 2691 2623 καὶ
2729 2569 2980 2639 ἐπίσχετε
3007 2568 3106 2640 τὴν
3150 2569 3207 2621 ἐν
3248 2569 3362 2629 τοῖς
3405 2565 3681 2627 τοιούτοις

2097 2654 2417 2724 συμποσίοις
2464 2654 2639 2723 ὁρμὴν
2660 2691 2674 2715 ,
2711 2651 2766 2704 εἴ
2797 2671 2911 2712 πως
2939 2651 3044 2704 κᾶν
3070 2650 3166 2706 νῦν
3201 2649 3522 2719 δυνηθῶμεν
3554 2646 3674 2712 ἐξι-

2093 2737 2396 2790 λεώσασθαι
2431 2736 2521 2788 τὸν
2546 2736 2699 2797 Θεὸν,
2737 2735 2832 2788 καὶ
2860 2737 3042 2804 τυχεῖν
3093 2733 3203 2786 τῶν
3231 2729 3676 2800 ἐπηγγελμένων

2094 2820 2314 2888 ἀγαθῶν
2338 2835 2351 2848 ·
2383 2812 2456 2871 ὧν
2485 2817 2692 2886 γένοιτο
2720 2817 2929 2878 πάντας
2963 2818 3109 2885 ἡμᾶς
3148 2816 3449 2884 ἐπιτυχεῖν,
3481 2812 3682 2882 χάριτι

2095 2905 2191 2959 καὶ
2221 2902 2599 2972 φιλανθρωπίᾳ
2622 2901 2716 2954 τοῦ
2758 2900 2960 2969 Κυρίου
2988 2899 3146 2970 ἡμῶν
3182 2898 3358 2969 Ἰησοῦ
3402 2895 3680 2969 Χριστοῦ,

2101 2985 2219 3058 μεθ’
2251 2980 2312 3039 οὗ
2341 2984 2418 3054 τῷ
2447 2986 2620 3053 Πατρὶ
2651 2983 2768 3053 ἅμα
2792 2982 2870 3052 τῷ
2892 2983 3033 3052 ἁγίῳ
3056 2981 3337 3052 Πνεύματι
3369 2979 3686 3050 δόξα.κρά-

2097 3086 2208 3133 τος,
2231 3069 2385 3139 τιμὴ,
2405 3068 2500 3122 νῦν
2512 3068 2602 3120 καὶ
2619 3067 2726 3130 ἀεὶ,
2747 3067 2842 3119 καὶ
2858 3067 2935 3130 εἰς
2951 3066 3073 3130 τούς
3091 3065 3294 3129 αἰῶνας
3309 3064 3416 3117 τῶν
3434 3064 3680 3118 αἰώνων.

2113 3151 2303 3222 Ἀμήν.

2161 3264 2190 3304 b
2210 3263 2448 3322 ColberL,
2471 3262 2812 3326 ἀνορύττοντες.

3287 3379 3337 3397 κ

3337 3379 3614 3397 ——‘

1776 3466 1927 3539 [εδδ]
1964 3467 2205 3520 ΟΜΙΛΙΑ
2241 3463 2387 3533 Kq'.

426 3567 625 3624 Πίστει
652 3560 748 3615 καὶ
782 3561 916 3627 περί
935 3560 1288 3630 μελλόντων
1313 3561 1660 3630 ηὐλόγησεν
1685 3559 1880 3630 Ἰσαὰκ
1898 3557 2005 3630 τὸν

507 3634 715 3690 Ἰακὼϐ
745 3632 841 3685 καὶ
867 3627 974 3685 τὸν
1025 3629 1233 3684 Ἡσαῦ.
1268 3627 1488 3684 Πίστει
1515 3629 1721 3682 Ἰακὼϐ
1747 3627 2006 3694 ἀποθνή-

493 3721 660 3759 σκων
715 3701 978 3756 ἕκαστον
1014 3700 1132 3752 τῶν
1186 3698 1333 3752 υίῶν
1391 3699 1612 3768 Ἰωσὴφ
1672 3699 1999 3768 ηὑλόγησε,

495 3776 589 3828 καὶ
618 3773 1081 3838 προσεκύνησεν
1130 3769 1228 3821 ἐπὶ
1277 3768 1342 3821 τὸ
1391 3766 1580 3838 ἄκρον
1627 3767 1735 3835 τῆς
1775 3766 2000 3838 ῥάϐδου

493 3836 700 3898 αὐτοῦ.
738 3836 1195 3906 ΠίστειἸωσὴερ
1225 3837 1537 3900 τελευτῶν,
1572 3837 1836 3906 περὶτῆς
1869 3836 2002 3906 ἑξότ

493 3915 602 3968 ὅου
644 3911 762 3964 τῶν
788 3910 934 3966 υἱῶν
976 3905 1225 3976 Ἰσραὴλ
1258 3905 1694 3977 ἐμνημόνευσε,
1729 3907 1828 3959 καὶ
1868 3905 2000 3973 περὶ

493 3984 611 4038 τῶν
638 3981 834 4036 ὀστῶν
859 3979 1427 4034 αὐτοῦ’ἐνετείλατο.

496 4150 565 4204 α’.
588 4148 831 4211 Πολλοὶ,
854 4147 1010 4215 φησὶ,
1031 4145 1327 4214 προφῆται
1343 4145 1440 4197 καί
1464 4144 1682 4197 δίκαιοι
1706 4143 1998 4211 ἐπεθύμη-

425 4251 549 4288 σαν
578 4232 725 4284 ἰδεῖν
743 4230 781 4286 d
804 4230 1084 4294 βλέπετε.
1104 4228 1199 4281 καὶ
1219 4229 1329 4282 οὐκ
1344 4223 1529 4288 εἶδον,
1561 4226 1657 4280 καί
1684 4225 1942 4280 ἀκοῦσαι
1961 4223 2000 4277 ἁ

425 4315 696 4374 ἀκούετε,
731 4312 829 4365 καί
861 4313 973 4365 οὐκ
1016 4309 1314 4378 ἤκουσαν.
1365 4309 1513 4376 *Αρα
1543 4308 1718 4362 πάντα
1756 4307 1827 4361 τά
1869 4307 1998 4376 μέλ-

427 4399 585 4452 λοντα
615 4395 813 4466 ᾔδεσαν
845 4395 894 4444 οἰ
923 4393 1156 4456 δίκαιοι;
1205 4394 1314 4445 Καὶ
1366 4393 1590 4463 σφόδρα.
1647 4392 1709 4444 Εἰ
1763 4389 1870 4459 γὰρ
1904 4390 2001 4444 καὶ

424 4482 514 4536 διὰ
566 4481 665 4551 τὴν
704 4478 988 4532 ἀσθένειαν
1032 4476 1140 4528 τῶν
1194 4477 1271 4546 μὴ
1332 4475 1642 4546 δυναμένων
1694 4474 1855 4529 αὐτὸν
1911 4473 1997 4527 δέ-

426 4563 642 4630 εισθαι,
697 4561 796 4615 οὐκ
828 4559 1242 4613 ἀπεκαλύπτετο
1292 4561 1320 4612 6
1350 4571 1377 4600 ι
1401 4559 1548 4625 Υἱὸς,
1600 4561 1710 4621 τοῖς
1746 4560 1805 4610 ἐν
1829 4557 1996 4628 ἀρετῇ

424 4648 826 4716 διαλάμπουσιν
878 4642 1103 4706 εἰκότως
1181 4641 1614 4695 ἀπεκαλύπτετο.
1676 4639 1847 4693 Τοῦτο
1905 4642 1999 4693 καὶ

425 4734 522 4786 νῦν
552 4734 580 4785 6
608 4729 817 4790 Παῦλός
853 4743 1018 4795 φησιν
1041 4765 1055 4789 ,
1086 4726 1168 4778 ὅτι
1197 4725 1265 4778 τὰ
1296 4725 1559 4795 μέλλοντα
1594 4725 1810 4794 ᾔδεσαν,
1845 4740 1999 4776 τουτο

425 4818 570 4878 ἐστι,
623 4813 721 4882 τὴν
766 4810 1061 4864 ἀνάστασιν
1114 4807 1205 4861 τοῦ
1249 4806 1508 4879 Χριστοῦ.
1571 4808 1642 4860 Ἦ
1701 4802 1794 4859 οὖν
1841 4805 1999 4858 τοῦτό

428 4914 580 4967 φησι,
617 4896 649 4966 ἢ
683 4895 764 4957 τὸ,
821 4893 1024 4946 Πίστει
1071 4891 1205 4960 περὶ
1247 4892 1618 4960 μελλόντων,
1648 4890 1709 4942 οὐ
1750 4890 1878 4960 περὶ
1905 4889 1999 4942 τοῦ

429 4982 713 5050 μέλλοντος
736 4976 952 5040 αἰῶνος,
986 4975 1122 5030 ἀλλὰ
1157 4993 1222 5028 πε
1233 4976 1284 5046 ρὶ
1311 4976 1416 5028 τῶν
1447 4974 1680 5028 ἐνταῦθα
1699 4974 2001 5043 μελλόντων

427 5065 652 5134 ὓστερον
668 5060 1220 5130 γίνεσθαι,λέγει.’“Αν
1242 5059 1346 5130 γάρ
1367 5059 1442 5130 μὴ
1455 5060 1629 5124 τοῦτο,
1653 5059 1769 5122 πῶς
1789 5058 2000 5128 ἄνθρω-

427 5165 526 5208 ςτος
553 5145 864 5212 καθήμενος
889 5145 946 5196 ἐν
965 5142 1111 5214 ξένῃ,
1137 5141 1386 5204 τοιαύτας
1410 5141 1658 5209 εὐλογίας
1677 5141 1903 5210 ἠδύνατο
1920 5140 2001 5192 δι-

425 5230 572 5282 δόναι
595 5245 609 5291 ς
645 5226 763 5288 πῶς
776 5227 863 5278 δαὶ
881 5224 1044 5277 πάλιν
1062 5223 1325 5293 ἐπέτυχεν
1353 5223 1622 5292 εὐλογίας,
1646 5225 1737 5277 καὶ
1753 5224 1851 5277 οὐκ
1874 5223 1997 5276 ἐλα-

427 5313 520 5363 ϐεν
554 5311 723 5378 αὐτήν
744 5325 760 5374 ;
817 5308 980 5376 Ὁρᾷς
995 5309 1076 5360 ὅτι
1092 5309 1228 5376 ὅπερ
1246 5307 1381 5377 ἔφην
1397 5308 1488 5360 ἐπὶ
1506 5306 1605 5375 μὲν
1624 5306 1716 5358 τοῦ
1751 5307 1998 5376 Ἀϐραὰμ

428 5396 524 5450 καὶ
539 5394 631 5446 ἐπὶ
659 5391 753 5445 τοῦ
787 5390 979 5444 Ἰακὼϐ
1003 5391 1149 5443 ἐστιν
1183 5393 1377 5456 εἰπεῖν,
1395 5393 1476 5444 ὃτι
1503 5392 1604 5443 οὐκ
1625 5389 1999 5459 ἀπώνατοιτῆς

426 5476 696 5545 εὐλογίας,
736 5475 852 5528 ἀλλ’
890 5475 969 5536 είς
996 5474 1252 5542 ἐκγόνους
1287 5474 1474 5544 ἐξῆλθε
1499 5473 1565 5526 τὰ
1580 5473 1688 5526 τῶν
1711 5473 1991 5541 εὐλογιῶν,

431 5559 591 5622 αὐτὸς
609 5560 667 5612 δέ
705 5557 811 5610 τῶν
840 5556 1144 5626 μελλόντων
1173 5556 1392 5627 ἐτυχενς
1425 5556 1751 5628 εὑρίσκομεν
1777 5556 1885 5626 γὰρ
1907 5556 1997 5608 τὸν

433 5745 608 5866 θίόῗιὶο
629 5746 789 5807 (1016.,
829 5756 976 5809 atque
1033 5751 1102 5799 ila
1157 5750 1282 5812 legit
1329 5749 1727 5815 Lal.lnlcrprcs.
1784 5747 1998 5801 Savilius

2103 3558 2331 3626 ἀδελφὸν
2374 3557 2572 3628 μᾶλλον
2611 3557 3040 3612 ἀπολελαυκότα.
3083 3558 3140 3610 '0
3179 3556 3278 3627 μὲν
3305 3556 3412 3626 γὰρ
3457 3559 3519 3609 ἐν
3545 3557 3691 3611 δου..

2101 3641 2222 3710 λείᾳ
2251 3642 2344 3694 καὶ
2393 3640 2584 3712 θητείᾳ
2629 3642 2721 3694 καὶ
2771 3639 3036 3703 κινδύνοις
3073 3641 3168 3693 καὶ
3217 3639 3533 3702 ἐπιϐουλαῖς
3578 3646 3694 3698 καὶ

2102 3724 2340 3784 ἀπάταις
2360 3725 2453 3776 καὶ
2474 3724 2656 3794 φόϐοις
2677 3724 2767 3776 τὸν
2788 3724 3006 3777 ἅπαντα
3023 3723 3292 3791 διεγένετο
3313 3723 3525 3792 χρόνον,
3546 3727 3691 3795 ἐρω-

2101 3807 2342 3877 τώμενός
2358 3825 2414 3860 τε
2439 3808 2589 3877 παρά
2617 3808 2708 3860 τοῦ
2732 3807 2930 3876 Φαραὼ
2951 3809 3104 3878 φησί’
3134 3805 3347 3874 Μικραὶ
3371 3806 3467 3859 καὶ
3487 3822 3688 3877 πονη-

2091 3892 2194 3960 ραὶ
2215 3895 2273 3944 αἱ
2305 3891 2516 3961 ἡμέραι
2533 3909 2648 3960 μου
2672 3892 3018 3962 γεγόνασιν·
3035 3894 3238 3954 ἐκεῖνος
3257 3891 3313 3944 δὲ
3338 3894 3393 3944 ἐν
3405 3890 3557 3962 ἀδείᾳ
3583 3895 3689 3946 καὶ

2101 3974 2358 4042 αὐθεντίᾳ
2392 3973 2582 4046 πολλῇ,
2630 3974 2724 4026 καὶ
2777 3973 2915 4044 μετὰ
2945 3973 3118 4028 ταῦτα
3143 3969 3208 4045 ἦν
3238 3975 3384 4044 αὐτῷ
3419 3975 3681 4045 φοϐερός.

2101 4057 2212 4111 Ποῦ
2245 4053 2336 4109 οὖν
2360 4056 2625 4126 ἐξέϐησαν
2653 4057 2708 4109 αἱ
2739 4056 3000 4124 εὐλογίαι,
3033 4056 3363 4128 ἀλλ’ἣέντῴ
3394 4057 3684 4128 μέλλοντι;

2112 4141 2275 4211 Ὁρᾷς
2307 4140 2388 4192 ὅτι
2426 4138 2632 4192 ἄνωθεν
2650 4141 2698 4192 οἰ
2725 4141 2950 4212 πονηροὶ
2965 4140 3072 4192 τῶν
3103 4140 3337 4194 ἐνταῦθα
3367 4142 3682 4212 ἀπήλαυοψ

2099 4228 2145 4277 οἰ
2179 4226 2235 4276 δέ
2265 4224 2460 4276 δίκαιοι
2490 4223 2820 4284 τούναντίον,
2851 4223 2911 4275 οὐ
2954 4223 3059 4293 μὴν
3093 4226 3312 4288 πάντες.
3352 4226 3478 4279 Ἰδοὺ
3513 4224 3628 4293 γὰρ
3655 4226 3686 4277 6

2114 4307 2362 4380 Ἀϐραὰμ
2385 4308 2590 4369 δίκαιος
2611 4302 2678 4377 ἦν
2704 4307 2800 4360 καὶ
2843 4308 3124 4379 ἀπήλαυσε
3153 4309 3246 4361 καὶ
3275 4309 3383 4361 τῶν
3410 4307 3680 4372 ἐνταῦθα,

2102 4392 2238 4461 πλὴν
2275 4391 2411 4460 μετά
2443 4389 2672 4458 θλίψεως
2696 4389 2790 4442 καὶ
2813 4391 3133 4460 πειρασμῶν
3161 4407 3172 4420 ’
3193 4392 3284 4444 καὶ⁵
3308 4392 3416 4461 γὰρ
3443 4389 3686 4456 πλοῦτος

2098 4469 2166 4542 ἦν
2197 4473 2344 4542 αὐτῷ
2376 4473 2553 4542 μόνον,
2589 4473 2712 4525 ἐπεὶ
2756 4473 2824 4525 τὰ
2854 4472 2990 4526 άλλα
3024 4475 3202 4528 πάντα
3235 4473 3466 4543 θλίψεως
3502 4473 3685 4543 ἔγεμε

2099 4557 2168 4609 τὰ
2201 4559 2319 4609 κατ’
2341 4555 2520 4609 αὐτόν.
2545 4556 2618 4608 Οὐ
2641 4556 2750 4626 γὰρ
2779 4556 2895 4608 ἔστι
2916 4557 3008 4610 τὸν
3036 4557 3241 4610 δίκαιον
3268 4557 3340 4629 μὴ
3366 4556 3680 4623 θλίϐεσθαι,

2100 4640 2201 4694 κᾶν
2231 4640 2456 4708 πλουτῇ·
2491 4640 2617 4692 ὅταν
2646 4639 2755 4708 γάρ
2779 4639 3032 4711 βούληται
3055 4640 3523 4704 πλεονεκτεῖσθαι,
3556 4640 3684 4693 ἀδι-

2100 4723 2334 4783 κεῖσθαι,
2374 4719 2524 4792 [256]
2562 4721 2629 4772 τὰ
2661 4721 2798 4775 ἀλλα
2833 4723 3086 4792 πάσχειν,
3115 4724 3328 4793 ἀνάγκη
3363 4722 3678 4778 θλίϐεσθαι.

2102 4807 2263 4860 Ὥστε
2294 4804 2396 4856 κάν
2445 4802 2692 4874 ἀπολαύῃ
2737 4803 2831 4856 τοῦ
2887 4805 3145 4868 πλούτου,
3177 4807 3279 4858 οὐκ
3325 4806 3565 4869 ἀλύπως.
3606 4808 3681 4859 Τί

2095 4889 2333 4958 δήποτες
2366 4887 2488 4939 Ὅτι
2537 4887 2594 4937 ἐν
2625 4885 2799 4955 θλίψει
2855 4887 2974 4939 ἐστὶ
3007 4889 3102 4940 καὶ
3143 4889 3328 4960 ὀδύνῃ.
3365 4891 3428 4943 Εἰ
3461 4889 3518 4942 δὲ
3546 4890 3676 4943 τότε

2097 4973 2156 5025 ἐν
2205 4970 2382 5039 θλίψει
2436 4971 2484 5022 οἱ
2536 4969 2755 5036 δίκαιοι,
2810 4970 2991 5041 πολλῷ
3027 4972 3227 5040 μᾶλλον
3286 4972 3402 5026 νῦν.
3463 4973 3679 5026 Πίστει

2097 5053 2228 5124 περί
2258 5053 2623 5120 μελλόντων,
2681 5053 2879 5122 φησὶν,
2918 5056 3257 5124 εὐλόγησεν
3302 5055 3506 5111 Ἰσαὰκ
3559 5058 3679 5109 τὸν

2110 5136 2321 5192 Ἰακὼϐ
2364 5135 2463 5190 καὶ
2513 5134 2619 5188 τὸν
2661 5135 2864 5192 Ἠσαῦ.
2901 5137 3090 5190 Καίτοι
3136 5155 3201 5206 γε
3260 5139 3463 5208 μείζων
3521 5135 3590 5209 ἦν
3644 5140 3680 5191 ὁ

2109 5219 2279 5272 Ἠσαῦ
2301 5234 2314 5249 ⁶
2351 5217 2488 5271 ἀλλά
2515 5218 2832 5289 προτίθησιν
2859 5219 2966 5272 ἀπὸ
2989 5221 3086 5290 τῆς
3116 5221 3315 5292 ἀρετῆς
3333 5221 3422 5274 τὸν
3448 5219 3674 5274 Ἰακώϐ.

2109 5301 2272 5372 Ὁρᾷς
2294 5302 2373 5354 ὅτι
2396 5296 2465 5371 ἦν
2495 5302 2528 5369 ή
2567 5300 2782 5365 πίστις;
2815 5301 2987 5354 Πόθεν
3020 5303 3130 5370 γὰρ
3164 5302 3528 5374 ἐπηγγείλατο
3556 5305 3678 5365 τοῖς

2099 5387 2234 5449 υίοῐς
2282 5384 2350 5438 τὰ
2405 5383 2645 5437 τοσαῦτα
2670 5383 2868 5452 ἀγαθὰ,
2918 5384 2951 5454 ἢ
3002 5387 3109 5439 ἀπὸ
3139 5387 3231 5440 τοῦ
3281 5385 3555 5439 πιστεύειν
3585 5384 3674 5454 τῷ

2099 5468 2216 5539 Θεῷ
2240 5468 2489 5533 πάντως;
2521 5467 2728 5521 Πίστει
2757 5468 2966 5522 Ἰακὼϐ
2987 5470 3392 5534 ἀποθνήσκων
3403 5469 3676 5522 ἕκαστον

2097 5553 2215 5605 τῶν
2243 5550 2389 5604 υἱῶν
2427 5550 2648 5619 Ἰωσὴφ
2669 5552 3026 5621 εὐλόγησεν.
3067 5553 3331 5606 Ἐνταῦθα
3361 5551 3466 5623 χρὴ
3495 5551 3674 5604 θεῖναι

2105 5636 2202 5695 τὰς
2219 5634 2467 5701 εὐλογίας
2491 5633 2638 5698 ὅλας,
2665 5634 2751 5688 ἴνα
2786 5637 2878 5687 καὶ
2905 5639 2936 5704 ἡ
2962 5637 3139 5699 πίστις
3160 5636 3274 5688 ’καὶ
3303 5637 3335 5704 ἡ
3362 5633 3672 5706 προφητεία

2106 5717 2271 5771 αὐτοῦ
2330 5717 2626 5786 κατάδηλος
2668 5717 2910 5788 γένηται.
2939 5719 3046 5771 Καὶ
3075 5720 3519 5785 προσεκύνησε,
3562 5732 3676 5782 φη·

2109 5801 2213 5870 σὶν,
2244 5801 2338 5854 ἐπὶ
2395 5801 2456 5855 τὸ
2489 5800 2672 5870 ἀκρον
2713 5800 2816 5870 τῆς
2851 5801 3074 5869 ῥάϐδου
3129 5802 3334 5857 αὑτοῦ.
3407 5797 3668 5855 Ἐνταῦθα

3754 5736 3782 5776 Μ
