3980 6142
231 344 309 399 1¹Π
968 329 1033 388 ΙΝ
1069 331 1286 391 Εριετ.
1328 331 1420 388 AD
1456 311 1794 385 HEBBEOS

1900 322 2013 377 ΑΡ.
2055 321 2143 378 XI.
2213 321 2445 379 ilOMIL.
2494 319 2688 376 XXVI.

230 444 430 497 ditantur
462 434 688 499 alicnis,
735 445 804 486 ne
855 429 1094 484 volentes
1144 423 1358 496 quidem
1428 422 1574 477 sinit.
1648 419 1781 475 Nam

230 534 285 587 ait
326 530 429 600 (α),
492 526 555 582 Si
615 524 660 578 is
689 522 778 591 qui
822 524 979 589 frater
1026 517 1318 572 nominatur
1367 515 1499 568 inter
1545 528 1667 577 vos,
1708 519 1783 565 est

236 623 520 694 fornicator;
540 618 759 669 fratrem
790 613 876 665 hic
904 610 1089 664 dicens
1116 606 1355 661 absolute
1379 603 1624 675 quemvis
1651 602 1781 694 tidef

231 693 329 773 lein.
353 727 462 765 non
489 722 616 763 eum
639 705 727 774 qui
753 711 838 757 est
868 700 1182 756 monachus.
1208 696 1340 751 Nam
1367 695 1492 767 quid
1530 703 1613 749 est
1635 693 1778 763 quod

231 804 332 859 lavit
357 793 789 855 fraternitatem?
819 794 1088 846 lavacrum
1119 787 1544 859 regenerationis
1567 826 1583 850 ,
1621 798 1785 854 posse

232 898 367 951 Deum
422 892 638 946 Patrem
691 898 902 942 vocare.
956 881 1314 950 Quamobrem
1364 877 1781 934 eatechumenus

229 982 410 1045 etiamsi
436 981 510 1036 sit
537 975 849 1039 monachus,
889 986 995 1027 non
1021 980 1105 1026 est
1126 969 1291 1024 frater
1323 987 1337 1022 :
1371 967 1544 1022 ﬁdelis
1578 976 1779 1031 autem,

229 1076 409 1136 etiamsi
436 1071 741 1128 mundanus
773 1066 884 1131 sit,
913 1080 1008 1120 seu
1035 1062 1334 1128 saecularis,
1365 1071 1449 1118 est
1492 1059 1676 1116 frater.
1718 1059 1781 1114 Si

228 1171 336 1242 quis,
358 1165 552 1238 inquit,
573 1163 730 1233 frater
751 1159 1043 1214 nominatur
1065 1156 1113 1227 (l
1127 1194 1143 1209 .
1175 1154 1294 1211 Cor.
1313 1155 1368 1210 5.
1392 1154 1506 1223 11).
1528 1153 1660 1208 Nam
1682 1166 1783 1207 nec

228 1259 370 1313 ullum
388 1255 609 1326 quidem
630 1261 757 1306 tunc
777 1255 895 1305 erat
918 1245 1167 1302 monachi
1192 1244 1494 1315 vestigium,
1515 1243 1608 1299 sed
1628 1257 1784 1297 mun-

226 1340 357 1395 danis
383 1355 479 1395 seu
506 1337 855 1394 sxecuiaribus
881 1337 994 1391 haec
1018 1337 1201 1391 omnia
1221 1337 1435 1392 dicebat
1461 1337 1547 1391 hic
1573 1337 1782 1393 beatus.

226 1431 279 1486 Si
292 1433 353 1494 is,
389 1430 582 1499 inquit,
607 1430 699 1499 qui
735 1432 894 1494 frater
916 1430 1233 1493 nominetur,
1269 1430 1332 1482 sit
1362 1429 1667 1499 fornicator,
1695 1437 1787 1483 aut

223 1536 405 1585 eam,
432 1530 522 1573 aut
551 1519 793 1584 ebriosus,
813 1534 928 1572 cum
945 1518 1239 1588 hujusmodi
1260 1535 1349 1572 nec
1371 1517 1536 1572 cibum
1562 1535 1782 1574 sumere.

223 1609 311 1665 Sed
348 1623 450 1663 non
488 1610 560 1664 ita
590 1609 700 1679 agit
741 1623 863 1664 cum
892 1608 1180 1678 gentilibus
1203 1649 1220 1675 ,
1266 1608 1360 1663 sed
1389 1607 1551 1679 quid?
1582 1609 1642 1663 Si
1670 1610 1787 1681 quis

224 1708 347 1753 mat
368 1715 454 1753 eos
479 1698 785 1768 inﬁdelium,
815 1708 862 1752 et
890 1698 1040 1752 vultis
1069 1698 1163 1762 ire,
1191 1715 1338 1753 omne
1364 1699 1500 1768 quod
1526 1700 1663 1754 vobis
1684 1716 1780 1769 ap-

223 1790 408 1858 ponitur
430 1789 772 1859 comedite(l.
813 1788 934 1847 Cor.
969 1789 1056 1844 10.
1079 1788 1194 1859 27).
1243 1789 1304 1845 Si
1343 1790 1455 1859 quis
1479 1800 1668 1859 autem,
1697 1791 1782 1845 in-

225 1880 336 1949 quit,
364 1884 524 1950 frater
550 1881 856 1947 nominatur,
890 1889 935 1935 et
964 1882 1027 1934 sit
1056 1880 1301 1935 ebriosus.

282 1973 334 2026 4.
363 1971 522 2041 Papae
568 1988 728 2043 quam
772 1982 960 2028 exacte
989 1974 1221 2044 loquitur
1247 1984 1302 2029 et
1343 1978 1628 2029 accurate!
1682 1988 1781 2029 nos

226 2073 379 2117 autem
423 2078 532 2117 non
570 2063 742 2117 solum
780 2078 887 2118 non
930 2062 1160 2134 fugimus
1184 2064 1448 2130 ebriosos,
1495 2064 1588 2119 sed
1623 2065 1782 2118 etiam

227 2167 306 2208 eos
334 2152 543 2208 adimus
563 2193 578 2215 .
608 2168 792 2208 eorum
823 2168 939 2223 qua:
983 2153 1053 2207 ab
1100 2154 1230 2222 ipsis
1268 2163 1603 2222 apponuntur
1625 2152 1787 2209 futuri

226 2243 515 2312 participes.
546 2241 847 2312 Propterea
865 2243 1043 2297 omnia
1064 2257 1265 2313 susque
1296 2244 1467 2312 deque
1492 2252 1619 2298 sunt
1671 2244 1787 2314 agi-

227 2343 340 2399 tata,
363 2333 545 2387 omnia
577 2342 703 2387 sunt
731 2333 971 2398 confusa,
1005 2349 1193 2388 eversa
1219 2343 1274 2389 et
1301 2334 1527 2402 perdita.
1550 2333 1681 2388 Nam
1702 2333 1790 2387 die

224 2423 367 2487 mihi,
402 2425 446 2477 si
477 2423 601 2493 quis
631 2437 820 2478 eorum
860 2424 950 2493 qui
992 2432 1117 2477 sunt
1142 2424 1448 2494 hujusmodi
1477 2436 1528 2480 te
1555 2425 1790 2479 invitarit

224 2513 281 2568 ad
307 2515 629 2579 convivium,
672 2522 727 2569 te
752 2514 841 2584 qui
870 2514 1196 2569 existimaris
1235 2531 1436 2585 pauper
1465 2517 1692 2587 vilisque
1737 2527 1791 2571 et

225 2603 447 2673 abjectus
470 2642 487 2668 ,
519 2602 717 2658 deinde
743 2618 773 2657 a
808 2613 860 2658 te
885 2604 1113 2664 audierit
1144 2623 1157 2658 :
1185 2604 1446 2673 Quoniam
1475 2622 1592 2677 qua:
1621 2621 1792 2676 appo-

224 2703 404 2749 nuntur
433 2702 585 2764 parta
603 2703 731 2749 sunt
758 2709 824 2747 ex
846 2695 1088 2759 avaritia.
1118 2710 1223 2749 non
1264 2697 1433 2765 patiar
1460 2712 1632 2753 meam
1671 2697 1789 2767 pol-

223 2782 357 2839 luere
378 2785 608 2838 animam
638 2800 652 2839 :
682 2798 859 2838 annon
885 2783 1046 2840 fuerit
1072 2785 1347 2851 reveritus,
1382 2803 1557 2841 annon
1585 2788 1788 2858 pudore

223 2874 471 2932 affectus?
505 2875 620 2931 lloc
660 2876 834 2931 solum
872 2876 1142 2932 sufﬁceret
1190 2877 1257 2933 ad
1300 2880 1690 2949 corrigendum,
1737 2892 1791 2935 et

223 2964 551 3021 efﬁciendum
580 2974 636 3020 ιιι
663 2980 722 3020 se
754 2966 968 3034 quidem
1007 2968 1259 3022 miserum
1305 2969 1524 3025 duceret
1567 2980 1783 3040 propter

268 3052 336 3116 (α)
357 3053 449 3103 Hic
468 3055 637 3116 incipit
655 3053 856 3105 homilia
876 3056 1111 3117 vigesima
1133 3062 1296 3122 quinta
1321 3064 1368 3110 in
1392 3062 1526 3113 Colb.

3364 320 3467 373 I78

1884 416 2119 477 divitias.
2148 428 2199 473 te
2221 428 2399 473 autem
2434 415 2791 471 admiraretur
2825 426 3042 487 propter
3073 426 3461 486 paupertatem,

1884 513 1930 567 si
1959 526 2018 566 se
2044 511 2246 564 videret
2292 524 2324 563 a
2364 520 2415 564 te
2445 518 2589 564 tanto
2618 508 2795 564 studio
2820 508 3044 579 despici.
3070 508 3174 565 Sed
3205 508 3328 563 facti
3366 525 3457 563 su-

1887 618 2024 668 mus,
2058 602 2239 656 nescio
2266 599 2425 667 unde,
2452 600 2597 655 servi
2644 599 2946 665 hominum,
2972 616 3093 656 cum
3123 600 3316 656 Paulus
3338 615 3461 655 sum
3532 602 3541 674 ξ

1887 710 1990 766 que
2017 693 2188 763 deque
2210 692 2404 746 clamet
2434 708 2448 746 :
2476 690 2651 746 Nolite
2673 691 2783 759 ﬁeri
2807 691 2936 744 servi
2960 691 3218 745 hominum
3243 692 3319 759 (1.
3346 690 3474 746 (ἐστι
3529 690 3537 706 ’

1888 788 1944 841 7.
1971 785 2089 852 25).
2121 783 2274 839 Unde
2303 781 2429 837 facti
2462 798 2650 837 sumus
2674 784 2815 837 servi
2844 782 3162 839 hominum?
3184 782 3319 851 Quia
3344 782 3475 838 facti

1891 888 2077 932 sumus
2100 874 2241 928 servi
2273 873 2473 927 ventris
2497 882 2552 927 et
2579 876 2819 942 pecunia:
2843 882 2897 927 et
2921 873 3108 942 gloria:
3143 884 3197 929 et
3240 873 3478 929 aliorunr

1893 971 2133 1028 omnium
2174 967 2550 1038 :prodidimus
2599 967 2902 1023 libertatem
2948 982 3050 1037 qua
3101 982 3202 1022 uos
3259 968 3480 1022 donavit

1896 1040 2162 1118 Christus.
2186 1057 2323 1125 Quid
2350 1071 2480 1127 ergo
2494 1065 2676 1111 manet
2694 1071 2818 1110 eum
2838 1056 2929 1125 qui
2957 1056 3130 1112 factus
3153 1066 3237 1111 est
3260 1072 3470 1120 servus,

1899 1149 1987 1207 die
2012 1149 2180 1205 mihi?
2208 1147 2346 1202 Audi
2375 1146 2647 1202 Christum
2677 1146 2945 1201 dicentem
2978 1163 2992 1201 :
3027 1146 3216 1202 Servus
3238 1164 3337 1200 non
3368 1164 3483 1199 nia-

1896 1251 1979 1296 net
2008 1241 2059 1294 in
2085 1239 2234 1293 domo
2262 1240 2314 1291 in
2342 1249 2584 1292 teternum
2638 1236 2816 1309 (Joau.
2839 1238 2893 1293 8.
2922 1236 3036 1309 55).
3071 1237 3245 1291 Habes
3266 1238 3481 1291 absolu-

1898 1341 2005 1386 tam
2051 1329 2396 1394 sententiam,
2436 1329 2579 1399 quod
2627 1343 2917 1399 numquam
2948 1329 3001 1383 in
3041 1344 3264 1398 regnum
3308 1329 3485 1395 ingrec

1897 1421 2041 1476 ditur
2076 1436 2090 1472 :
2130 1420 2234 1474 hoc
2281 1419 2426 1474 enim
2455 1429 2539 1473 est
2566 1419 2777 1474 domus.
2812 1419 2945 1474 Nam
2975 1418 3044 1473 In
3073 1420 3245 1483 domo,
3280 1420 3471 1488 inquit.

1900 1510 2073 1566 Patris
2101 1513 2198 1566 mei
2244 1512 2531 1565 mansiones
2556 1513 2730 1565 multa:
2754 1520 2872 1565 sunt
2904 1509 2972 1581 (1
2980 1512 3204 1566 0am”.
3235 1510 3315 1582 2).
3349 1510 3482 1565 Scr-

1906 1617 2005 1656 vus
2033 1617 2162 1671 ergo
2190 1616 2296 1655 non
2336 1612 2516 1655 manet
2548 1601 2599 1654 in
2640 1602 2800 1655 domo
2845 1600 2898 1655 in
2942 1611 3199 1656 mteruum
3229 1619 3241 1655 :
3268 1617 3485 1656 servum

1900 1694 2029 1749 dicit
2055 1694 2256 1762 peccati
2284 1710 2299 1747 :
2327 1692 2417 1762 qui
2437 1701 2613 1746 autem
2638 1693 2690 1747 in
2714 1692 2882 1748 domo
2906 1707 3011 1746 non
3033 1701 3215 1747 manet
3242 1694 3295 1748 in
3320 1704 3482 1749 aeter-

1902 1800 2052 1850 num,
2085 1785 2137 1839 in
2162 1784 2402 1854 geheuna
2431 1794 2608 1837 manet
2637 1784 2688 1836 in
2735 1792 3015 1847 aeternum,
3038 1783 3237 1838 nullam
3282 1784 3487 1839 habens

1902 1876 2347 1931 consolationem.
2362 1873 2466 1929 Sed
2482 1873 2624 1927 enim
2646 1887 2732 1927 res
2752 1874 2816 1926 ad
2837 1888 2953 1926 eam
2977 1873 3249 1928 redierunt
3272 1876 3447 1945 impro
3462 1905 3479 1917 -

1902 1963 2122 2018 bitatem
2149 1973 2204 2018 et
2233 1965 2445 2032 vitium,
2473 1975 2531 2021 ut
2574 1968 2735 2023 etiam
2765 1983 2830 2023 ex
2863 1969 2993 2037 ipsis
3019 1969 3213 2025 iaciant
3240 1970 3482 2023 eleemo-

1900 2067 2080 2123 synas.
2120 2064 2173 2108 et
2223 2056 2419 2111 multos
2463 2058 2743 2111 accipiant.
2775 2059 3064 2127 Propterea
3099 2069 3367 2130 amputata
3402 2069 3491 2115 est

1902 2152 2079 2194 nostra
2120 2143 2358 2211 libertas,
2399 2155 2454 2200 et
2486 2161 2589 2199 non
2620 2162 2898 2215 possumus
2927 2150 3154 2218 aliquem
3179 2153 3474 2219 increpare.

1900 2229 2002 2284 Sed
2036 2247 2176 2285 nuuc
2200 2232 2267 2287 de
2297 2243 2499 2291 caztero
2527 2235 2790 2304 fugiamus
2831 2253 3027 2292 nosam
3064 2254 3182 2307 qua:
3219 2241 3341 2294 inde
3368 2239 3482 2293 ori-

1902 2330 1989 2374 tur
2021 2338 2034 2373 :
2080 2331 2135 2376 et
2164 2338 2259 2377 vos
2287 2325 2375 2393 qui
2408 2324 2510 2380 hoc
2555 2326 2723 2381 lutum
2752 2329 2999 2389 volvitis,
3033 2340 3242 2383 cessate
3272 2330 3340 2384 ab
3381 2329 3483 2383 hae

1898 2412 2158 2483 pernicie,
2194 2422 2250 2469 et
2268 2415 2515 2471 cohibete
2529 2428 2767 2474 vestrum
2780 2422 3070 2490 appetitum
3088 2422 3155 2475 ab
3176 2420 3483 2488 hujusmodi

1894 2513 2175 2580 conviviis,
2198 2513 2244 2568 si
2261 2512 2443 2583 aliquo
2469 2514 2632 2569 modo
2654 2515 2921 2585 possimus
2936 2515 3127 2571 saltem
3147 2532 3289 2573 nunc
3306 2518 3476 2574 Deum

1901 2606 2135 2675 placare,
2158 2615 2213 2658 et
2241 2602 2381 2658 bona
2410 2608 2667 2672 consequi
2700 2604 2961 2674 promissa
2992 2623 3008 2659 :
3038 2622 3159 2667 qua
3178 2608 3336 2663 detur
3359 2624 3471 2663 om-

1900 2696 2057 2749 nibus
2096 2695 2308 2764 assequi
2338 2736 2355 2760 ,
2408 2694 2578 2764 gratis
2620 2704 2674 2750 et
2704 2696 3035 2766 benignitate
3064 2699 3276 2754 Domini
3307 2700 3477 2757 nostri

1894 2783 2020 2838 Jesu
2050 2783 2271 2848 Christi,
2302 2800 2423 2839 eum
2454 2799 2562 2852 quo
2590 2784 2731 2838 l’atri
2771 2800 2873 2839 una
2914 2802 3036 2840 eum
3065 2798 3250 2843 saneto
3279 2790 3479 2858 Spiritu

1895 2874 2085 2942 gloria,
2115 2875 2419 2944 imperium,
2442 2874 2632 2940 honor,
2653 2890 2792 2930 nntie
2807 2886 2859 2930 et
2886 2891 3117 2945 semper,
3136 2887 3190 2932 et
3214 2879 3265 2933 in
3286 2879 3481 2933 saecula

1897 2962 2237 3016 set-culorum.
2269 2965 2461 3016 Amen.

3090 3182 3428 3204 -1--ῌ

1547 3248 1880 3312 HOMILIA
1925 3248 2162 3311 XXVI.

227 3385 347 3441 Cn.
375 3390 460 3444 11.
489 3403 545 3442 v.
575 3388 668 3445 20.
702 3389 836 3444 Fide
861 3399 909 3445 et
929 3392 993 3446 de
1010 3391 1199 3460 [utaris
1223 3391 1478 3447 benedixit
1515 3389 1664 3445 Isaae
1691 3389 1792 3442 Ja-

299 3479 384 3531 cob
402 3488 449 3532 et
477 3477 641 3534 Esau.
668 3478 759 3534 2i.
789 3479 918 3534 Fide
941 3479 1101 3535 Iacob
1130 3481 1349 3534 moriens
1398 3481 1627 3549 singulos
1661 3478 1797 3547 ﬁlio-

294 3584 404 3622 rum
448 3568 645 3641 Ioseph
691 3570 962 3637 benedixit,
1015 3580 1063 3624 et
1105 3570 1333 3625 adoravit
1361 3571 1616 3641 fastigium
1644 3571 1800 3639 cirgte

291 3662 416 3730 ejus.
448 3661 543 3716 ἥ.
579 3660 716 3717 Fide
753 3661 946 3733 Joseplt
976 3663 1195 3719 moriens
1234 3663 1301 3718 de
1332 3663 1641 3733 profectione
1664 3662 1799 3730 [ilio-

296 3767 406 3804 runs
431 3752 602 3807 Israel
634 3764 936 3807 memoratus
963 3762 1057 3822 est,
1086 3763 1133 3808 et
1170 3755 1235 3809 de
1267 3755 1460 3809 ossibus
1502 3753 1607 3809 suis
1650 3769 1799 3808 man-

291 3841 444 3895 ducit.

298 3930 349 3983 1.
381 3932 553 4000 Multi,
593 3933 785 4004 inquit,
827 3937 1090 4005 propheta
1115 3944 1165 3990 et
1180 3937 1314 4007 ju‘sti
1341 3937 1606 4007 cupierunt
1633 3940 1802 3993 videre

229 4034 342 4088 qui:
364 4022 558 4090 videtis,
590 4033 640 4077 et
668 4041 771 4077 non
793 4025 1026 4079 uiderunt
1043 4044 1064 4091 ;
1089 4036 1136 4081 et
1170 4028 1349 4082 audire
1376 4044 1489 4098 quae
1531 4030 1718 4085 auditis
1755 4041 1802 4085 et

231 4125 328 4164 non
353 4114 618 4168 audierunt
636 4114 851 4185 (Matth.
879 4118 965 4172 l5.
987 4116 1100 4186 l7).
1129 4117 1396 4189 Numquid
1422 4121 1597 4174 omnia
1627 4120 1801 4176 futura

235 4213 490 4258 noverunt
525 4204 700 4274 justi?
725 4205 976 4263 Maxime.
1004 4206 1139 4263 Nam
1168 4209 1213 4263 si
1245 4209 1367 4264 ideo
1396 4224 1501 4265 non
1531 4213 1804 4267 revelabao

238 4297 319 4344 tur
349 4292 510 4349 Filius
529 4305 753 4365 propter
780 4296 1202 4354 imbecillitatem
1242 4314 1428 4355 eorum
1454 4302 1547 4371 qui
1573 4317 1678 4356 non
1711 4317 1806 4372 po-

239 4386 402 4436 terant
430 4383 603 4455 ipsum
620 4386 914 4456 suscipere,
942 4386 1028 4452 iis,
1050 4388 1139 4456 qui
1167 4388 1802 4459 virtuteresplendebant,

241 4474 421 4528 merito
464 4475 829 4531 revelabatur.
878 4477 991 4534 Hoc
1047 4494 1189 4533 nunc
1227 4482 1385 4534 etiam
1417 4481 1547 4536 dicit
1588 4482 1804 4549 Paulus,

248 4564 379 4629 quod
422 4567 663 4622 sciebant
706 4567 923 4635 futura,
951 4584 1145 4639 nempe
1192 4570 1391 4626 Christi
1456 4576 1809 4628 resurrectio-

246 4667 381 4709 nem.
410 4656 503 4711 νει
532 4658 694 4729 igitur
721 4659 824 4714 hoc
840 4659 995 4725 dicit;
1023 4662 1109 4717 vel
1135 4662 1288 4727 illud,
1321 4660 1450 4717 Fide
1477 4663 1539 4718 de
1586 4666 1770 4735 futuris
1790 4706 1805 4731 ,

245 4740 430 4802 dicitur
452 4764 559 4804 non
583 4749 652 4804 de
676 4748 855 4806 futuro
872 4754 1090 4819 sarculo,
1106 4754 1197 4809 sed
1228 4755 1295 4810 de
1325 4756 1387 4810 iis
1414 4772 1532 4826 qua:
1559 4758 1645 4812 hic
1673 4767 1812 4827 post-

242 4846 297 4885 ea
332 4848 463 4891 suut'
494 4839 694 4893 futura.
747 4840 806 4896 Si
857 4841 959 4897 hoc
988 4859 1093 4898 non
1137 4854 1299 4909 esset,
1331 4849 1598 4917 quomodo
1650 4850 1811 4905 homo

241 4923 424 4979 sedens
453 4928 508 4981 in
538 4938 680 4983 terra
709 4932 991 5001 peregrina
1022 4934 1154 4988 tales
1182 4934 1337 4990 daret
1367 4930 1811 4994 benedictiones?

241 5018 502 5079 quomodo
528 5019 851 5076 obtinuisset
877 5020 1327 5092 benedictionem,
1362 5038 1416 5082 et
1441 5044 1557 5083 eam
1592 5046 1695 5084 non
1725 5046 1812 5085 ae-

243 5105 421 5190 cepit?
454 5108 618 5165 Vides
656 5110 799 5179 quod
832 5110 971 5166 idem
1019 5113 1302 5169 dicendum
1344 5117 1396 5171 in
1444 5118 1640 5188 .losepb
1671 5122 1811 5190 quod

242 5189 343 5249 disi
365 5196 415 5251 in
439 5199 766 5266 Abrahamo,
786 5203 927 5271 quod
950 5219 1053 5259 non
1073 5219 1198 5259 usus
1218 5208 1289 5261 sit
1312 5189 1700 5277 benedictione,
1719 5213 1812 5266 sed

227 5279 632 5342 benedietiones
670 5286 919 5340 exierunt
944 5287 1009 5340 ad
1038 5300 1322 5357 posteros;
1357 5293 1468 5361 ipse
1495 5305 1674 5347 autem
1725 5294 1808 5345 ru-

231 5383 340 5429 tura
368 5389 449 5433 est
476 5388 800 5448 assequutus
819 5378 844 5432 ?
865 5379 1166 5436 invenimus
1196 5384 1338 5440 enim
1369 5387 1582 5443 fratrem
1610 5386 1672 5438 iis
1695 5398 1809 5436 ma-

240 5469 304 5534 gis
332 5473 576 5539 potitum.
605 5471 737 5527 Nam
774 5473 887 5541 ipse
911 5474 1124 5542 quidem
1163 5477 1213 5529 in
1244 5479 1501 5531 servitute
1525 5489 1576 5532 et
1606 5478 1659 5530 in
1700 5478 1804 5529 rita

236 5565 556 5618 mercenaria
580 5562 719 5617 etin
753 5563 1006 5630 periculis
1036 5574 1090 5618 et
1128 5565 1178 5619 in
1226 5567 1429 5622 insidiis
1457 5579 1511 5622 et.
1562 5572 1612 5621 in
1659 5568 1810 5620 dece-

239 5652 500 5713 ptionibus
517 5664 571 5709 et
601 5654 656 5708 iu
675 5654 952 5709 timoribus
980 5666 1088 5709 toto
1110 5667 1345 5728 tempore
1360 5670 1441 5714 est
1461 5673 1700 5714 versatus
1720 5677 1733 5721 ;
1754 5668 1802 5710 ct

241 5752 267 5787 ει
282 5739 544 5800 Pharaone
562 5744 919 5815 interrogatus
934 5745 1267 5835 d'q:it,Pauci,
1288 5750 1473 5821 inquit,
1493 5761 1538 5803 et
1560 5751 1678 5803 ηυτιὶ
1707 5754 1808 5818 [uc-

1889 3390 2010 3433 runt
2025 3380 2131 3435 dies
2151 3382 2248 3434 mei
2270 3379 2421 3453 (Gen.
2439 3383 2527 3438 47.
2547 3384 2601 3455 9)
2632 3403 2644 3439 :
2670 3386 2758 3442 ille
2783 3404 2912 3444 vero
2937 3390 2990 3445 in
3029 3394 3316 3450 Securitate
3341 3392 3473 3447 visit

1891 3477 1947 3524 et
1975 3485 2163 3540 magna
2193 3472 2525 3539 auctoritate,
2570 3486 2627 3530 et
2655 3489 2836 3546 postea
2860 3480 2955 3537 fuit
2979 3482 3028 3536 ei
3058 3483 3331 3538 terribilis.
3364 3481 3462 3537 libi

1892 3572 2020 3629 ergo
2066 3570 2357 3616 evenerunt
2394 3563 2798 3623 benedictiones
2841 3572 2947 3626 nisi
2983 3573 3034 3626 iu
3066 3572 3285 3628 futuro?
3315 3573 3477 3629 Vides

1893 3651 2033 3720 quod
2051 3651 2119 3706 ab
2137 3653 2286 3708 initio
2307 3654 2469 3710 rebus
2493 3661 2845 3726 praesentibus
2866 3664 3017 3732 potiti
3047 3675 3170 3719 sunt
3189 3667 3334 3728 mali;
3347 3665 3481 3735 justi

1895 3752 2070 3798 autem
2090 3756 2298 3811 contra,
2325 3761 2430 3800 non
2458 3756 2635 3804 tamen
2653 3766 2861 3807 omnes.
2888 3754 3027 3809 Ecce
3042 3756 3183 3809 enim
3209 3756 3476 3810 Abraham

1897 3844 2012 3889 erat
2030 3836 2228 3903 justus,
2256 3845 2311 3891 et
2337 3842 2679 3907 praesentium
2709 3858 2886 3899 rerum
2917 3848 3127 3916 copiam
3157 3849 3360 3915 habuit,
3384 3850 3478 3904 sed

1896 3939 2018 3979 cum
2067 3924 2356 3982 afﬂictione
2397 3938 2454 3984 et
2481 3931 2865 3989 tentationibus
2897 3951 2911 3988 :
2944 3939 3141 3993 etenim
3169 3942 3297 3993 solae
3326 3949 3482 3994 erant

1897 4016 2127 4083 divitize;
2181 4018 2417 4089 alioquin
2446 4030 2602 4077 erant
2633 4023 2751 4093 ejus
2777 4027 2957 4082 omnia
2987 4028 3139 4097 plena
3173 4030 3481 4085 afﬂictioni-

1899 4109 2019 4163 bus.
2051 4108 2234 4180 Neque
2261 4112 2404 4166 enim
2430 4111 2548 4168 ﬁeri
2568 4124 2746 4185 potest
2773 4128 2830 4170 ut
2861 4133 2964 4172 non
2994 4118 3260 4188 aiﬂigatur
3278 4119 3483 4190 justus,

1900 4199 2109 4253 etiamsi
2140 4202 2209 4255 sit
2230 4201 2381 4256 dives
2411 4221 2424 4257 :
2454 4220 2578 4261 nam
2609 4206 2824 4275 quando
2847 4210 2955 4263 vult
2985 4210 3036 4264 in
3064 4212 3225 4265 rebus
3252 4212 3363 4265 suis
3392 4212 3484 4266 lac-

1901 4293 2179 4361 di,injuria
2206 4291 2346 4349 afﬁci
2375 4305 2428 4351 et
2454 4296 2555 4351 alia
2584 4300 2709 4377 pati,
2754 4315 2974 4356 necesse
3000 4311 3083 4357 est
3115 4312 3171 4356 ut
3198 4302 3482 4373 aﬂtigatur.

1902 4382 2258 4449 Quamobrem
2277 4386 2484 4441 etiamsi
2501 4389 2703 4443 fruatur
2718 4391 2938 4455 divitiis,
2964 4392 3155 4447 fruitur
3169 4408 3272 4447 non
3285 4394 3489 4464 absque

1904 4474 2167 4528 molestia.
2191 4475 2401 4542 Quare?
2428 4476 2687 4545 Quoniam
2711 4482 2863 4535 estin
2892 4482 3180 4537 al‘llictioue
3204 4493 3258 4537 et
3276 4484 3487 4537 dolore.

1904 4562 1958 4617 Si
1988 4574 2163 4618 autem
2186 4565 2314 4634 justi
2340 4578 2466 4622 tunc.
2513 4581 2664 4623 erant
2699 4571 2748 4625 in
2779 4572 3086 4639 amictione,
3118 4575 3281 4627 multo
3314 4574 3489 4641 magis

1906 4672 2068 4711 nunc.
2097 4655 2227 4710 Fide
2255 4668 2301 4711 et
2328 4659 2390 4712 de
2415 4663 2621 4731 futuris,
2654 4663 2840 4733 inquit,
2873 4665 3124 4719 benedixit
3153 4664 3303 4717 Isaac
3326 4663 3495 4716 Jacob

1915 4763 1962 4806 et
1992 4751 2152 4807 Esaia.
2177 4755 2333 4824 Atqui
2357 4754 2497 4808 Esau
2524 4765 2639 4809 erat
2660 4753 2829 4823 major
2848 4766 3004 4819 natu;
3033 4754 3124 4808 sed
3144 4765 3361 4824 prepter
3387 4755 3495 4807 viro

1918 4853 2080 4897 tutetn
2111 4846 2373 4913 pra‘pouit
2395 4844 2584 4899 Jacoh.
2620 4844 2782 4898 Vides
2799 4854 2993 4914 quanta
3018 4854 3161 4898 esset
3190 4845 3360 4898 fides?
3386 4844 3499 4899 Unc

1915 4934 2105 4987 denam
2132 4935 2477 5002 pollicebatur
2496 4934 2615 4988 liliis
2641 4943 2745 4987 tam
2775 4936 2936 4987 multa
2957 4936 3116 5000 bona,
3145 4935 3244 4988 nisi
3268 4950 3332 4988 eo
3353 4936 3499 5002 quod

1915 5025 2133 5077 omnino
2182 5025 2289 5077 Deo
2330 5023 2613 5078 crederet?
2645 5024 2775 5077 Fide
2811 5023 2971 5077 Jacob
3014 5027 3229 5078 moriens
3269 5028 3502 5096 singulos

1914 5116 2135 5184 ﬁliorum
2181 5113 2370 5184 Joseph
2422 5115 2694 5169 benedixit.
2753 5115 2847 5168 llic
2902 5115 3159 5184 ponenda:
3197 5125 3322 5169 sunt
3369 5126 3497 5170 ῑυιςυ

1914 5205 2333 5269 benedictioucs,
2361 5213 2484 5259 utet
2508 5206 2638 5258 ﬁdes
2655 5214 2710 5259 et
2731 5206 3007 5273 prophetia
3038 5205 3152 5272 ejus
3173 5206 3241 5259 sit
3270 5207 3490 5259 manife-

1913 5304 2016 5350 sta.
2064 5294 2128 5348 Et
2167 5298 2418 5360 adoravit,
2471 5297 2659 5365 inquit,
2711 5296 2968 5365 fastigium
3026 5298 3179 5365 virga
3222 5299 3348 5368 ejus.
3397 5298 3499 5351 llie

1911 5385 2145 5438 ostendit
2174 5385 2315 5453 quod
2343 5402 2445 5439 non
2465 5386 2635 5439 solum
2668 5386 2881 5451 dixerit,
2913 5386 3002 5439 sed
3026 5387 3185 5439 etiam
3205 5387 3338 5441 adeo
3359 5402 3490 5439 cou-

1912 5471 2102 5529 Iidetet
2129 5474 2342 5541 futnris,
2364 5487 2420 5529 ut
2447 5477 2606 5530 etiam
2635 5493 2692 5530 re
2716 5476 2826 5543 ipsa
2851 5476 3177 5531 ostenderet.
3204 5479 3333 5531 Nam
3360 5494 3494 5545 quo-

1912 5565 2050 5618 niam
2083 5579 2418 5620 surrecturus
2435 5578 2547 5619 erat
2574 5583 2666 5620 rex
2697 5566 2830 5618 alius
2852 5581 2914 5618 ex
2942 5566 3215 5635 Ephraim,
3239 5576 3490 5636 propter.

1909 5672 1992 5716 ea,
2057 5657 2227 5724 inquit
2255 5671 2268 5707 :
2305 5655 2365 5707 Et
2391 5656 2617 5707 adoravit
2632 5654 2890 5724 fastigium
2916 5657 3067 5725 virga!
3097 5660 3222 5728 ejus.
3253 5659 3364 5712 Hoc
3385 5667 3497 5713 est.

1908 5749 2114 5803 etiamsi
2147 5758 2287 5802 esset
2317 5762 2477 5801 senex
2506 5747 2638 5814 jam,
2665 5745 2918 5799 adorabat
2942 5747 3160 5817 Josepb,
3185 5753 3495 5823 significans
