3970 6152
409 358 511 418 ΠΘ

418 458 578 512 totius
605 447 785 522 populi
812 442 1179 501 adorationem
1209 436 1258 490 ei
1278 437 1527 489 futuram.
1562 432 1628 486 Et
1654 431 1755 484 hoc
1778 429 1991 499 quidem

411 547 521 617 jam
540 521 739 606 evenit,
763 533 975 606 quando
995 545 1117 586 eum
1134 527 1424 582 adorarunt
1443 523 1635 577 fratres
1655 521 1791 590 ejus;
1814 531 1994 590 postea

416 645 594 690 autem
626 641 739 686 erat
764 628 923 683 etiam
954 630 1268 678 eventurum
1292 630 1386 686 per
1405 615 1588 670 decem
1618 611 1808 667 tribus.
1835 610 1998 664 Vides

418 724 686 797 quomodo
713 718 958 791 pra-dixit
983 729 1045 770 ea
1090 726 1210 782 qua:
1240 717 1421 780 postea
1439 716 1593 762 erant
1619 703 1827 758 futura?
1853 703 2000 757 vides

417 794 667 888 quantam
702 812 965 865 haberent
994 803 1189 859 ﬁdem?
1220 797 1490 871 quomodo
1518 795 1801 852 crederent
1826 794 1894 849 de
1921 794 1999 848 fu-

420 885 591 962 turis?
619 903 752 959 Nam
768 900 871 956 alia
900 896 1116 968 quidem
1148 907 1268 960 qure
1290 897 1416 944 sunt
1441 886 1529 941 hic
1550 885 1854 955 praesentia,
1878 893 2003 938 sunt

420 997 663 1067 exempla
692 992 835 1049 male
864 986 1097 1059 patiendi
1125 992 1176 1038 et
1203 980 1400 1035 nullius
1425 977 1552 1032 boni
1575 975 1803 1040 fruendi,
1833 983 1888 1029 ut
1912 988 2003 1028 ac-

420 1088 548 1143 cidit
577 1087 628 1140 in
658 1083 961 1139 Abrahamo
986 1085 1040 1131 et
1063 1076 1115 1129 in
1144 1071 1309 1127 Abele
1338 1088 1352 1125 :
1383 1068 1486 1123 alia
1544 1077 1725 1122 autem
1762 1074 1886 1119 sunt
1909 1079 2005 1120 ex-

422 1177 597 1244 empla
626 1173 842 1237 ﬁdei,ut
862 1169 913 1222 in
938 1165 1071 1231 Noe,
1095 1160 1237 1233 quod
1258 1160 1328 1214 sit
1358 1158 1516 1222 Deus,
1548 1156 1689 1226 quod
1720 1155 1787 1209 sit
1816 1170 2000 1209 remu-

426 1269 653 1325 neratio.
699 1263 834 1319 Nam
889 1260 992 1314 hoc
1036 1268 1229 1310 nomen
1263 1250 1388 1321 ﬁdes
1435 1248 1580 1303 varie
1624 1246 1905 1316 accipitur,
1952 1255 2005 1301 et

427 1359 588 1414 modo
618 1356 721 1410 hoc
751 1350 911 1406 modo
956 1345 1085 1404 illud
1114 1343 1382 1412 signiﬁcat
1415 1356 1427 1393 :
1461 1338 1547 1393 hic
1574 1346 1753 1392 autem
1784 1336 2002 1401 indicat,

429 1448 570 1520 quod
599 1447 667 1501 sit
693 1438 1073 1500 remuneratio,
1093 1433 1234 1505 quod
1260 1447 1364 1485 non
1386 1431 1438 1485 in
1460 1429 1648 1484 iisdem
1669 1428 1857 1484 eadem
1897 1444 2008 1482 ma-

432 1550 576 1604 neat,
608 1547 662 1591 et
688 1534 829 1606 quod
873 1520 1291 1587 certandum‘sit
1313 1532 1435 1577 ante
1467 1521 1704 1591 praemia.
1749 1520 1880 1588 Quae
1910 1535 2007 1579 all-3

433 1644 543 1688 tem
591 1630 643 1683 in
685 1623 884 1692 Joseph
935 1626 1249 1679 evenerunt,
1304 1623 1427 1668 sunt
1451 1612 1615 1666 solius
1669 1610 1791 1666 ﬁdei
1825 1628 1838 1664 :
1867 1610 2004 1679 quod

434 1720 751 1792 promiserat
780 1711 1106 1772 Abrahamo,
1157 1705 1301 1776 quod
1360 1702 1538 1757 fuerat
1580 1701 1863 1771 pollicitus,
1900 1699 2015 1755 Tibi

434 1789 565 1863 dabo
581 1819 625 1862 et
643 1804 820 1861 semini
839 1812 924 1855 tuo
947 1810 1129 1853 terram
1150 1796 1299 1859 hanc,
1325 1791 1527 1846 audivit
1541 1789 1739 1858 Joseph
1772 1807 1785 1841 :
1813 1800 1869 1845 et
1892 1805 2013 1845 cum

434 1909 579 1959 esset
609 1900 660 1953 in
682 1908 835 1951 terra
862 1892 1054 1953 aliena,
1086 1882 1311 1939 necdum
1341 1877 1551 1933 videret
1578 1871 1823 1928 evenisse
1868 1882 2003 1936 pra:-

436 1991 744 2050 dietionem,
774 1981 949 2037 ne'sic
975 1974 1188 2046 quidem
1217 1967 1504 2039 despondit
1530 1964 1787 2025 animum,
1816 1955 1910 2012 sed
1939 1955 2011 2008 ita

440 2081 688 2141 credidit,
721 2085 778 2129 ut
802 2074 962 2129 etiam
985 2068 1191 2123 diceret
1212 2063 1278 2117 de
1307 2061 1471 2123 exitu,
1500 2066 1554 2113 et
1578 2056 1645 2109 de
1665 2054 1776 2107 suis
1796 2047 2017 2105 manda-

450 2263 584 2318 alios
625 2255 836 2313 induxit
861 2251 925 2306 ad
954 2249 1133 2304 ﬁdem.
1159 2244 1284 2298 Ideo
1310 2242 1469 2297 etiam
1510 2234 1783 2291 mandavit
1809 2240 1867 2285 ut
1889 2244 2023 2284 sem-

448 2369 545 2424 per
556 2347 833 2405 exitumjn
849 2343 1028 2397 animo
1044 2344 1353 2398 versentur;
1383 2346 1486 2385 non
1514 2337 1691 2383 autem
1717 2324 1784 2379 de
1806 2323 2020 2377 ossibus

452 2442 753 2497 mandasset
772 2434 871 2490 nisi
889 2432 958 2487 de
981 2429 1158 2498 futuro
1176 2424 1350 2480 reditu
1371 2420 1576 2475 ﬁrmam
1599 2413 2024 2487 persuasionem,

455 2532 742 2587 habuisset.
801 2520 1162 2598 Quamobrem
1209 2529 1331 2570 cum
1378 2511 1565 2566 dicunt
1613 2504 1774 2575 aliqui
1822 2518 1838 2556 :
1887 2501 2027 2555 Ecce

455 2625 614 2681 etiam
639 2620 761 2689 iusti
784 2630 966 2672 curam
993 2615 1277 2683 gesserunt
1316 2608 1786 2659 monumentorum
1810 2613 1824 2648 :
1845 2598 1927 2650 eis
1946 2592 2028 2645 di-

454 2729 641 2796 eamus
669 2708 812 2782 quod
839 2706 959 2762 ideo
987 2715 1171 2758 curam
1199 2701 1516 2769 gesserunt,
1571 2688 1808 2759 alioquin
1852 2694 2030 2739 autem

1049 2793 1059 2796 -
1266 2787 1280 2796 .
1331 2784 1364 2796 ..
1459 2783 1526 2796 ..
1745 2795 1783 2796 νγ

462 2775 721 2862 minime}
749 2798 954 2855 sciebat
974 2793 1121 2850 enim
1141 2787 1283 2860 quod
1319 2783 1526 2839 Domini
1552 2789 1625 2835 est
1653 2790 1785 2833 terra
1812 2786 1858 2829 et
1877 2775 2040 2844 pleni-

1184 340 1243 396 S.
1282 331 1557 394 JOANNIS
1592 314 2064 388 CllRYSOSTOMl
2106 308 2418 370 ARCIIIEP.
2460 298 2986 363 CONSTANTIXOP.

3584 288 3676 343 ιε’)

2112 416 2179 471 de
2201 412 2421 484 Joseplt,
2454 410 2544 481 qui
2574 414 2698 463 sunt
2726 417 2913 460 omnes
2941 398 3108 471 gloria
3137 395 3371 464 insignes
3396 399 3451 446 et
3470 389 3697 445 admira-

2114 509 2268 564 biles.
2303 478 2509 560 Rursus
2537 506 2697 570 auget
2715 492 3164 554 consolationem,
3193 502 3306 541 rem
3332 482 3609 539 deducens
3632 478 3691 536 ad

2115 601 2248 656 viles
2270 602 2547 669 personas.
2580 591 2710 646 Nam
2749 585 2892 657 quod
2933 579 3280 637 admirabiles
3315 574 3531 646 quidem
3580 587 3694 642 per;

2113 705 2261 747 sonte
2287 690 2403 743 inec
2435 686 2544 741 sint
2565 696 2757 753 passae,
2788 687 2844 732 et
2870 673 3012 746 quod
3045 671 3150 726 illis
3180 669 3417 724 minores
3438 678 3696 735 apparuc-
3750 732 3755 735 _

2115 785 2244 849 rint,
2277 796 2382 836 non
2427 776 2670 834 estadeo
2699 785 2861 843 grave
2891 786 2904 821 :
2935 766 3078 838 quod
3109 773 3287 821 autem
3338 759 3575 815 minores
3602 756 3696 815 visi

2114 848 2596 943 sintignobilibus,
2622 868 2724 919 hoc
2750 875 2879 917 vero
2905 868 2987 914 est
3015 853 3289 927 grave.‘Et
3322 848 3507 919 incipit
3547 860 3578 901 a
3607 863 3695 919 pa-

2116 941 2357 1024 rentibus
2385 961 2601 1034 Moysis,
2630 958 2718 1029 qui
2748 953 2969 1009 minime
3011 958 3164 1005 erant
3195 947 3450 1016 insignes,
3482 950 3539 998 et
3568 941 3700 996 nihil

2117 1059 2224 1114 tale
2255 1055 2519 1123 habebant
2551 1051 2709 1122 quale
2739 1047 2897 1102 ﬁlius.
2928 1043 2995 1098 Et
3020 1040 3144 1096 ideo
3174 1035 3471 1109 procedens
3490 1047 3703 1103 quoque

2117 1159 2276 1220 auget
2301 1148 2377 1204 rei
2395 1142 2730 1202 insolentiam
2752 1149 3042 1195 recensens
3063 1132 3313 1188 mulieres
3326 1127 3636 1183 meretrices
3647 1133 3703 1179 et

2120 1243 2311 1298 viduas
2339 1258 2354 1294 :
2389 1237 2520 1291 Fide
2539 1235 2705 1301 enim,
2735 1227 2937 1302 inquit,’
2961 1224 3142 1280 Rahab
3167 1220 3404 1277 meretrix
3428 1206 3529 1273 non
3553 1216 3703 1293 periit

2117 1352 2230 1391 eum
2242 1331 2538 1395 incredulis,
2561 1326 2816 1396 excipiens
2832 1317 3175 1390 exploratores
3194 1328 3309 1367 cum
3330 1326 3454 1382 pace
3478 1311 3551 1379 (υ.
3583 1308 3645 1364 ’51
3660 1286 3699 1377 )ξ

2121 1429 2189 1483 Et
2218 1442 2321 1481 non
2349 1423 2524 1478 solmu
2555 1410 2698 1484 ﬁdei,
2726 1413 2821 1470 sed
2852 1412 3012 1467 etiam
3037 1403 3367 1462 inﬁdelitatis
3390 1400 3538 1471 ponit
3564 1410 3705 1453 mer.

2121 1517 2330 1582 cedem,
2355 1523 2413 1567 ut
2433 1512 2486 1566 in
2515 1509 2649 1565 Noe.
2680 1504 2896 1561 Interim
2925 1508 3104 1555 autem
3137 1508 3359 1551 necesse
3403 1500 3487 1545 est
3526 1489 3705 1543 dicere

2119 1610 2184 1665 de
2210 1606 2518 1680 parentibus
2545 1601 2761 1672 Moysis.
2793 1595 2992 1652 Omnes
3013 1590 3280 1645 masculos
3308 1583 3518 1641 Pharao
3539 1582 3701 1652 jussit

2121 1673 2375 1765 interﬁci,
2420 1706 2473 1753 et
2527 1694 2705 1750 nullus
2756 1687 2941 1758 effugit
2995 1681 3313 1755 periculum.
3373 1673 3523 1731 Unde
3569 1684 3700 1739 ergo

2120 1800 2402 1865 sperarunt
2430 1790 2464 1844 ii
2493 1788 2606 1843 fore
2632 1794 2690 1841 ut
2718 1789 2993 1839 servarent
3028 1771 3321 1830 infantem?
3346 1768 3423 1825 Es
3475 1763 3599 1818 ﬁde.
3626 1761 3701 1815 Ex

2122 1854 2224 1958 qiua
2253 1883 2397 1939 ﬁde?
2421 1880 2703 1943 Viderunt,
2730 1873 2921 1944 inquit,
2950 1870 3246 1938 elegantem
3277 1862 3549 1917 infantem.
3584 1854 3705 1924 Ipse

2125 1985 2370 2048 aspectus
2394 1989 2489 2029 eos
2515 1969 2733 2026 attraxit
2758 1965 2823 2020 ad
2853 1963 3032 2017 ﬁdem.
3066 1959 3140 2012 ita
3171 1955 3349 2010 statim
3372 1950 3440 2005 ab
3467 1946 3626 2002 initio
3656 1955 3709 1998 ct

2127 2071 2194 2125 ab
2225 2068 2356 2139 ipsis
2382 2065 2560 2122 fasciis
2586 2063 2732 2132 justo
2772 2055 2937 2111 multa
2992 2052 3165 2105 infusa
3193 2055 3308 2101 erat
3349 2041 3550 2112 gratia,
3601 2045 3708 2090 non

2130 2176 2332 2218 natura:
2362 2157 2455 2214 sed
2480 2156 2574 2211 Dei
2602 2166 2785 2224 opera.
2812 2144 3104 2203 Considera
3136 2140 3276 2194 enim
3309 2155 3321 2189 :
3348 2133 3527 2189 statim
3556 2141 3713 2182 natus

2134 2254 2353 2326 pulcher
2401 2217 2664 2319 apparuit,
2722 2257 2830 2298 non
2875 2235 3146 2293 deformis.
3186 2227 3322 2297 Quid
3365 2226 3469 2280 hoc
3494 2217 3717 2277 eﬁ'ecit?

2132 2313 2246 2404 ίῖοιι
2276 2313 2486 2403 natura;
2517 2338 2608 2395 sed
2652 2335 2821 2407 gratia
2864 2329 2979 2394 Dei,
3015 2340 3134 2396 qua:
3162 2332 3217 2377 et
3258 2318 3537 2374 barbaram
3569 2313 3717 2368 illam

2136 2438 2385 2497 excitavit
2408 2433 2683 2489 mulierem
2711 2423 3014 2497 Egyptiam
3037 2428 3090 2474 et
3111 2409 3495 2471 corroboravit,
3516 2415 3569 2460 et
3595 2418 3721 2458 eum

2137 2533 2344 2603 accepit
2369 2538 2423 2585 et
2442 2521 2730 2593 assumpsit
2751 2537 2763 2573 :
2786 2494 3107 2587 quamquam
3130 2506 3260 2562 fides
3277 2504 3330 2559 in
3353 2502 3435 2556 his
3459 2514 3564 2554 non
3590 2494 3726 2550 satis

2139 2589 2374 2699 antpium
2428 2589 3032 2699 habuit:argumentum
3081 2620 3096 2658 :
3140 2598 3266 2672 quid
3312 2595 3454 2652 enim
3499 2607 3566 2646 ex
3609 2589 3727 2643 visu

2142 2680 2293 2780 credi
2330 2711 2579 2788 poterat?
2605 2690 2700 2765 sed
2728 2680 2864 2766 vvos,
2892 2696 3085 2768 inquit,
3139 2707 3210 2748 ex
3267 2687 3428 2744 rebus
3468 2680 3730 2743 creditis,

2145 2816 2304 2872 etiam
2331 2781 2508 2865 multa
2548 2801 2808 2858 habentes
2848 2791 2972 2848 ﬁdei
3019 2789 3238 2859 pignora
3294 2781 3369 2853 (α)
3395 2796 3407 2833 :
3435 2791 3556 2831 nam
3608 2789 3734 2828 cum

465 2899 584 2954 mdo
606 2897 715 2975 eius
741 2890 859 2963 (PL
885 2888 979 2943 25°
1008 2887 1084 2953 θ’
1132 2882 1249 2938 Non
1279 2880 1383 2975 h.“
1418 2891 1546 2945 ergo
1576 2866 1955 2975 “mm”???
2380 2897 2651 2965 suscipere
2676 2891 2936 2944 bonorum
2964 2877 3339 2947 direptionem,
3371 2873 3426 2924 et
3450 2876 3738 2936 quaecum—

469 2903 584 2954 ‘udo
606 2903 715 2996 ei“?
740 2903 859 2994 θυι
885 2903 979 2991 ’ξδ’
1008 2903 1084 2953 ³)·
1104 2903 1249 2986 ,ΝΜ
1282 2903 1383 2981 ",W
1418 2903 1546 2945 “5°
1578 2903 1955 2970 ’δ¹“”““’“,“¹ῖ“
1984 2903 2038 2969 ,'"
2145 2903 2342 2978 gaudio
2380 2903 2651 2965 suscipere
2677 2903 2936 2944 bonorum
2964 2903 3339 2947 υιτυμιιυιιυυιν
3371 2903 3426 2924 υι
3450 2903 3725 2936 ιιυιιινυηΓ

469 2997 615 3042 “ma
646 2992 780 3037 mm
818 2977 1154 3051 plmosomna
1182 3013 1197 3038 ’
1229 2987 1319 3041 qm
1369 2978 1481 3023 [om
1525 2975 1767 3032 ‘empore
1810 2966 2038 3051 mn-m
2148 3013 2253 3051 oue
2273 2999 2395 3049 sunt
2420 2978 2743 3051 huiusmodi,
2777 2974 2898 3030 ﬁdei
2921 2981 3034 3026 erat
3054 2978 3108 3024 et
3126 2960 3441 3020 tolerantite.
3466 2955 3572 3011 Sed
3596 2969 3744 3026 quo-

471 2997 615 3134 :zgma
646 2977 1154 3126 :lmAplnl.03‘.0p':f‘
1182 3013 1197 3038 ’
1229 2987 1343 3085 9m.
1369 2975 1779 3111 ‘01:;‘telnp,ore.
1810 2973 2038 3104 ml.“me
2148 2973 2253 3069 que
2273 2999 2395 3049 sunt
2420 2978 2743 3056 hujusmodi,
2777 2974 2898 3030 ﬁdei
2921 2981 3034 3026 erat
3054 2978 3108 3024 et
3126 2973 3441 3020 tolerantue.
3466 2973 3572 3011 aea
3596 2973 3680 3026 qu

545 3091 648 3147 ΗΡ
671 3089 724 3127 θ’
824 3082 936 3140 mm
1001 3081 1082 3121 me
1121 3073 1173 3116 δι
1200 3078 1271 3125 c"
1303 3078 1346 3114 δ’
1375 3075 1439 3113 vc
1483 3066 1559 3122 α’
1585 3066 1803 3147 τωίῖτυῖ
1875 3064 1952 3103 ’ω
1993 3057 2050 3101 δι
2150 3089 2292 3144 niam
2341 3083 2425 3138 isti
2451 3089 2663 3147 quoque
2707 3065 3071 3125 crediderunt,
3119 3054 3315 3112 deinde
3344 3048 3531 3122 pusillo
3554 3057 3622 3101 et
3650 3063 3680 3100 a

472 3076 724 3202 Egyp‘f'
777 3075 936 3140 Amm
977 3066 1173 3206 “cem:
1200 3078 1271 3180 θ’
1303 3078 1346 3114 δ’
1375 3058 1559 3122 vene“
1585 3066 1803 3114 reveru’
1855 3047 2050 3104 hcebm
2150 3045 2292 3144 iiiam
2341 3083 2425 3138 isti
2451 3045 2663 3150 quoque
2707 3065 3071 3125 crediderunt,
3119 3054 3315 3112 deinde
3344 3048 3531 3122 pusillo
3554 3057 3622 3101 et
3650 3045 3745 3100 ab-

472 3182 577 3221 "0"
605 3165 809 3221 lu“ere’
833 3173 932 3213 nec
959 3170 1100 3221 mm
1156 3166 1275 3207 e'rc
1298 3160 1353 3204 et
1391 3148 1661 3218 plangere'
1695 3141 1799 3198 scd
1830 3150 1884 3195 et
1925 3153 2045 3193 cum
2154 3181 2294 3221 ὶρριη
2325 3174 2537 3221 [tierunt
2573 3163 2786 3221 animo,
2825 3152 3060 3210 ostendit
3096 3140 3238 3219 quod
3283 3140 3497 3197 illorum
3519 3149 3743 3207 quoque

661 3175 809 3232 gere,
833 3170 1100 3249 nectis":
1136 3152 1275 3207 Ῑθιτθ
1298 3160 1353 3204 ει
1391 3148 1661 3218 νιειηεθνθ·
1695 3141 1799 3249 ⁵εέ
1830 3150 2049 3249 fixa":
2148 3140 2294 3249 ἐέριυ
2325 3140 2537 3228 mentiti.
2573 3140 2786 3223 animo,
2825 3152 3060 3210 ostendit
3096 3140 3238 3219 quod
3283 3140 3497 3197 illorum
3519 3149 3743 3207 quoque

3127 3239 3159 3249 ..
3215 3236 3237 3249 ..
3271 3236 3302 3249 ._
3330 3233 3357 3249 ,.
3381 3229 3457 3249 τί,
3493 3232 3511 3249 ι
3534 3228 3717 3249 ,ν-,ιω

478 3266 679 3325 patrem
713 3250 840 3305 illuc
866 3245 1202 3305 reduxisset,
1233 3256 1328 3294 cur
1354 3252 1477 3291 ossa
1513 3249 1726 3305 quoque
1765 3245 1861 3289 sua
1903 3228 2051 3284 illinc

475 3324 667 3400 abduci
695 3338 895 3411 jussit?
924 3349 1102 3390 annon
1123 3331 1327 3387 scilicet
1351 3336 1634 3399 propterea
1655 3324 1680 3377 ?

546 3433 601 3488 2.
638 3431 801 3497 Petri,
854 3425 1030 3492 Pauli,
1062 3422 1279 3477 Joannis
1317 3430 1361 3474 et
1404 3417 1610 3471 Thema:
1632 3411 1898 3481 manifesta
1939 3417 2058 3463 sunt

479 3525 735 3596 sepulcra.
761 3515 983 3583 —Quid
1001 3529 1152 3579 vero,
1178 3512 1265 3567 die
1286 3509 1415 3564 mihi
1437 3521 1643 3578 quasso,
1672 3503 1837 3573 ipsius
1863 3499 2060 3570 Moysis

481 3635 602 3673 ossa
631 3628 807 3670 annon
839 3611 939 3665 sita
970 3616 1088 3662 sunt
1123 3606 1175 3660 in
1205 3614 1344 3658 terra
1373 3598 1579 3654 aliena?
1604 3594 1830 3651 Aaronis
1859 3601 2058 3652 autem,

484 3709 739 3772 Danielis,
764 3701 1032 3765 Ieremia},
1056 3709 1110 3755 et
1131 3697 1494 3768 apostolorum
1528 3686 1837 3753 multorum,
1871 3701 1938 3739 ne
1961 3683 2065 3737 sci-

486 3817 603 3856 mus
625 3795 840 3868 quidem
864 3793 953 3848 uhi
975 3792 1076 3845 sita
1107 3789 1234 3844 sint.
1262 3786 1395 3841 Nam
1417 3783 1560 3838 Petri
1588 3780 1801 3850 quidem
1834 3787 1888 3831 et
1917 3774 2064 3829 Pauli

488 3902 541 3946 ct
559 3889 778 3946 Joannis
801 3896 856 3941 et
878 3885 1099 3940 Thom-.e
1123 3893 1246 3936 nota
1276 3890 1402 3934 sunt
1426 3875 1667 3946 sepulcra
1704 3873 1809 3943 (a);
1842 3870 2067 3924 aliorqu

490 3990 690 4046 autem,
731 3992 852 4032 cum
883 3976 992 4028 sint
1032 3982 1137 4027 tam
1170 3970 1345 4033 multi,
1386 3981 1649 4037 nusquam
1680 3973 1801 4018 sunt
1829 3970 1973 4014 nota.
2000 3958 2073 4012 De

492 4086 558 4125 eo
581 4081 707 4137 ergo
734 4080 801 4120 ne
828 4066 1162 4153 plangamus,
1192 4074 1365 4129 neque
1395 4058 1529 4113 adeo
1557 4054 1751 4124 pusillo
1779 4064 1833 4107 ct
1861 4050 2075 4119 abjecto

497 4160 664 4211 simus
684 4155 864 4208 animo
888 4142 913 4206 ξ
935 4167 1057 4205 nam
1086 4150 1409 4217 ubicumque
1437 4146 1694 4200 fuerimus
1722 4140 1936 4211 sepulti,
1970 4139 2076 4191 Do-

502 4253 632 4309 mini
659 4266 731 4309 est
759 4263 915 4314 terra,
939 4256 987 4303 et
1014 4242 1271 4318 plenitudo
1311 4241 1443 4312 ejus.
1484 4235 1650 4293 Plane
1684 4231 1745 4284 ﬁt
1785 4224 1925 4298 quod
1957 4219 2071 4276 ﬁeri

499 4358 712 4419 Oportet
740 4363 756 4400 :
787 4344 971 4412 lugere
998 4347 1176 4392 autem
1197 4344 1251 4390 et
1279 4310 1533 4403 plangere
1560 4335 1616 4382 et
1640 4320 1839 4380 deﬂere
1867 4332 1960 4371 eos
1984 4310 2075 4381 qui

499 4442 872 4498 excesserunt,
903 4446 965 4486 ex
997 4428 1192 4499 pusillo
1232 4435 1288 4480 et
1316 4422 1522 4491 abjeeto
1546 4417 1718 4472 oritur
1755 4410 1954 4466 animo.
1982 4404 2075 4459 23.

505 4532 634 4588 Fide
659 4527 861 4599 Moyses
882 4533 1029 4575 natus
1051 4517 1330 4574 occultatus
1359 4522 1430 4566 est
1467 4510 1623 4564 tribus
1649 4501 1897 4558 mensibus
1925 4515 1957 4551 a
1987 4510 2079 4565 pa-

502 4620 722 4677 rentibus
750 4598 875 4672 suis.
905 4611 1063 4666 Vides
1090 4605 1231 4678 quod
1252 4604 1338 4659 ltie
1359 4600 1643 4671 sperabant
1665 4608 1783 4665 quae
1800 4598 1923 4663 post
1936 4601 2080 4642 mor-

504 4724 608 4768 tem
637 4717 789 4765 erant
817 4705 1014 4767 futura,
1046 4697 1255 4767 impleri
1284 4695 1336 4748 in
1366 4690 1546 4745 terra?
1586 4687 1652 4742 Et
1696 4682 1860 4737 multa
1887 4690 2081 4735 evene-

504 4813 629 4862 runt
677 4810 795 4873 post
824 4805 1049 4852 tuortcm
1072 4804 1276 4846 eorum.
1314 4786 1424 4840 lloc
1460 4782 1526 4836 ad
1576 4780 1628 4835 id
1672 4774 1812 4847 quod
1865 4769 2080 4842 quidam

503 4869 707 4959 dicunt,
737 4892 863 4948 H;ee
892 4896 1009 4958 post
1036 4892 1263 4939 mortem
1297 4877 1401 4932 illis
1435 4874 1650 4936 fiebant,
1679 4884 1798 4937 qua:
1828 4880 1931 4918 non
1959 4869 2084 4916 sunt

503 4986 776 5058 assequuti
804 4982 1063 5042 viventes,
1088 4990 1260 5044 neque
1279 4966 1571 5025 credebant
1597 4965 1772 5016 futura
1794 4965 1914 5028 post
1942 4968 2084 5007 mor-

505 5043 659 5138 ιυιη.⁸
691 5075 759 5131 Et
808 5090 913 5128 non
942 5069 1077 5125 dixit
1104 5043 1302 5133 Juseplt
1339 5080 1351 5114 :
1384 5057 1511 5115 Mihi
1560 5049 1759 5108 \ivcmi
1803 5064 1908 5104 non
1938 5043 2087 5100 dedit

507 5186 725 5234 terram,
747 5182 918 5236 neque
943 5162 1073 5234 patri
1099 5174 1239 5223 meo,
1269 5168 1439 5223 neque
1463 5162 1563 5204 avo
1590 5158 1732 5208 meo,
1753 5142 1906 5211 cujus
1924 5139 2086 5192 etiam

506 5262 789 5335 oportebat
839 5253 1077 5312 revereri
1126 5250 1375 5304 virtutem
1413 5261 1425 5301 :
1457 5241 1558 5295 hos
1587 5248 1765 5292 autem
1797 5232 2088 5288 sceleratos

509 5319 904 5423 iisdiguabitur
952 5343 1147 5416 quibus
1197 5340 1316 5394 illos
1363 5351 1467 5390 non
1496 5342 1578 5386 est
1631 5323 1919 5398 dignatus?
1945 5319 2088 5376 Nihil

510 5410 702 5500 horum
725 5441 877 5505 dixit,
907 5410 1002 5493 sed
1032 5433 1135 5488 ﬁde
1173 5429 1351 5485 omnia
1377 5425 1506 5479 vicit
1546 5431 1601 5476 et
1626 5414 1918 5487 superavit.
1951 5410 2092 5466 Dixit

508 5537 577 5591 de
602 5535 793 5599 Abcle,
820 5501 886 5585 de
911 5528 1044 5593 Noe,
1074 5524 1141 5580 de
1172 5518 1497 5580 Abrahamo,
1522 5512 1590 5567 de
1613 5511 1782 5576 Isaac,
1810 5505 1877 5560 de
1900 5501 2089 5565 Jacob,

577 5632 656 5739 (a1~
675 5628 751 5676 De
774 5626 928 5681 Petri,
962 5621 1107 5676 Pauli.
1143 5629 1195 5689 et
1216 5614 1417 5687 Joannis
1447 5608 1685 5683 sepulcris
1715 5620 1858 5657 nemo
1880 5603 2078 5654 dubitaL

577 5707 598 5739 e
664 5691 819 5738 homo:
843 5684 1067 5739 sepulcro
1090 5684 1169 5732 ubt
1190 5680 1356 5739 fuerit,
1380 5686 1476 5727 non
1502 5683 1565 5724 tta
1588 5684 1797 5722 curtum.

522 5680 598 5743 De
621 5680 819 5739 Thomas
843 5680 1067 5748 sepulcro
1090 5684 1169 5732 ubi
1190 5680 1356 5740 fuerit,
1380 5686 1476 5727 non
1502 5680 1565 5724 ita
1588 5684 1797 5722 curtum.

2158 3228 2291 3325 ﬁdes
2314 3263 2536 3319 multum
2558 3251 2946 3312 extendebatur
2978 3261 2993 3299 :
3020 3239 3191 3312 qualis
3214 3236 3308 3290 fuit
3329 3229 3462 3288 ﬁdes
3483 3228 3742 3291 Abrahae,

2069 3403 2073 3406 ~
2158 3357 2367 3418 etiamsi
2417 3369 2502 3409 res
2541 3348 2849 3404 viderentur
2882 3349 3135 3410 pugnare.
3179 3330 3244 3385 Et
3287 3342 3388 3382 non
3429 3324 3744 3382 timuerunt,

2162 3451 2350 3521 inquit,
2379 3445 2510 3515 regis
2537 3440 2775 3494 edictum.
2807 3409 2967 3499 Atqui
2996 3422 3126 3480 illud
3153 3432 3314 3490 opere
3336 3412 3617 3476 constitit;
3648 3409 3750 3464 hoc

3009 3516 3022 3521 _
3553 3501 3619 3521 η,
3652 3498 3750 3521 LM

2162 3498 2484 3598 auiem'era’t
2511 3532 2667 3602 plane
2706 3522 2845 3579 nuda
2873 3498 3116 3590 quaedam
3161 3504 3507 3577 exspectatio.
3552 3501 3627 3555 Et
3652 3498 3752 3553 hoc

2163 3632 2378 3701 quidem
2398 3589 2812 3692 eratparentum
2836 3629 2849 3664 :
2874 3589 2988 3678 ipse
3012 3618 3137 3660 vero
3163 3600 3371 3669 Moyses
3392 3591 3523 3648 nihil
3547 3589 3750 3645 attulit.

2961 3697 2971 3701 _
3151 3691 3189 3701 ,_
3250 3698 3259 3701 _
3385 3699 3393 3701 _
3422 3681 3612 3701 __,____
3671 3678 3750 3701 ml

2169 3678 2375 3778 Deinde
2402 3724 2589 3771 rursus
2633 3707 2712 3762 eis
2751 3697 3074 3758 conveniens
3113 3691 3268 3745 affert
3303 3681 3640 3750 exemplum,
3671 3678 3755 3732 vel

2168 3769 2466 3885 plutius—illo
2494 3800 2684 3870 majus.
2709 3793 2878 3863 Quale
2903 3785 3068 3843 illttd?
3089 3782 3181 3836 2t.
3208 3778 3359 3839 Fide,
3383 3772 3580 3842 inquit,
3608 3769 3759 3838 May.

2172 3861 2485 3974 Istas-vorandis
2515 3861 2678 3966 factus
2696 3861 2891 3955 negavit
2908 3896 2960 3934 se
2981 3891 3088 3932 esse
3108 3873 3273 3943 ﬁlium
3294 3868 3416 3937 ﬁlia:
3439 3861 3757 3921 Pharaonis,

2171 3960 2465 4061 25:11am:
2493 3960 2681 4054 eiigens
2706 3974 2858 4048 afﬂigi
2886 3986 2998 4024 cunt
3024 3966 3212 4040 papula
3233 3960 3353 4025 Dei,
3378 3973 3530 4027 quam
3557 3965 3762 4022 tenipo-

2175 4085 2335 4141 ralem
2356 4045 2546 4151 peccati
2560 4045 3132 4137 inuberejucnnditatetrt
3152 4071 3169 4118 ;
3192 4052 3284 4107 26.
3311 4052 3529 4119 majores
3550 4045 3764 4098 divitias

2176 4148 2434 4233 aestimans
2462 4170 2698 4224 thesauro
2723 4162 3089 4235 )Eggpt‘iorum
3122 4154 3486 4224 impr-operiunt
3521 4148 3717 4206 Christi
3743 4163 3764 4198 :

2177 4266 2450 4339 aspiciebat
2475 4262 2609 4317 enim
2654 4260 2707 4313 in
2748 4252 3220 4311 rerrtnnerationem.
3255 4247 3548 4314 Tamquam
3586 4242 3632 4297 si
3686 4242 3765 4295 eis

2179 4358 2382 4414 diceret
2413 4371 2427 4408 :
2456 4352 2622 4408 Nemo
2641 4357 2874 4403 vestrum
2904 4342 3107 4399 dimisit
3127 4338 3351 4408 regiam,
3371 4348 3602 4402 eamque
3625 4347 3766 4402 prte-

2178 4450 2588 4513 elaram,ncque
2600 4436 2860 4510 ejusmodi
2888 4435 3396 4496 thesauros,neque,
3418 4439 3542 4479 cum
3576 4423 3768 4477 liceret

2183 4555 2302 4596 esse
2325 4539 2485 4593 ﬁlium
2505 4511 2675 4604 regis,
2699 4530 2801 4584 hoc
2825 4523 3082 4595 despexit,
3117 4522 3251 4575 sicut
3272 4516 3394 4572 fecit
3429 4516 3659 4584 Moyses.
3702 4511 3768 4565 Et

2183 4629 2323 4699 quod
2343 4644 2445 4682 non
2460 4636 2660 4680 temere
2675 4618 2931 4675 aeleviter
2949 4603 3766 4677 dimiserit,siguilieavitdieens:

2189 4717 2435 4787 Negavit;
2463 4715 2565 4769 hoc
2589 4724 2690 4773 est,
2721 4708 2853 4772 odit,
2883 4709 3156 4758 aversatus
3183 4708 3284 4752 est.
3313 4693 3620 4759 Caeloenim
3642 4705 3768 4759 pro-

2191 4809 2360 4879 posito
2381 4810 2964 4873 eratsupervacaneum
3012 4789 3261 4846 admirari
3290 4787 3487 4856 regiam
3516 4783 3768 4854 Egypti.

2259 4899 2314 4953 5.
2343 4896 2411 4949 Ει
2428 4894 2553 4948 vide
2577 4871 2737 4961 quam
2760 4882 3147 4942 admirabiliter
3163 4878 3266 4932 hoc
3294 4876 3529 4946 posuerit
3549 4871 3769 4926 Paulus.

2189 4987 2304 5043 Non
2330 4985 2487 5048 dixit,
2517 4959 2747 5051 Major-es
2788 4975 2999 5030 divitias
3024 4970 3297 5025 aestimans
3327 4965 3583 5019 thesauro
3604 4959 3770 5028 Egy-

2192 5079 2421 5147 ptiorum
2439 5073 2627 5128 caelum
2649 5080 2698 5123 et
2718 5084 2835 5137 qua:
2849 5074 2972 5118 sunt
2993 5064 3044 5116 iu
3061 5060 3206 5114 cmlis
3227 5074 3241 5121 ;
3261 5054 3355 5109 sed
3380 5052 3544 5123 quid?
3566 5048 3777 5118 Impro-

2193 5139 2389 5242 jterium
2414 5165 2622 5221 Christi.
2658 5160 2789 5215 Nam
2832 5163 3047 5227 propter
3073 5150 3342 5206 Christum
3390 5142 3602 5214 probris
3628 5139 3776 5193 afﬁci

2195 5261 2385 5315 melius
2413 5253 2753 5315 existimavit,
2780 5261 2936 5318 quam
2964 5256 3083 5298 esse
3113 5241 3165 5294 in
3194 5237 3372 5308 quiete
3396 5243 3451 5288 et
3478 5230 3644 5285 animi
3678 5242 3784 5282 re—

2198 5351 2448 5407 missione
2480 5366 2492 5401 :
2524 5346 2597 5400 ita
2636 5342 2795 5397 etiam
2837 5337 2939 5391 hoc
2966 5336 3137 5405 ipsum
3181 5344 3278 5398 per
3305 5341 3364 5380 se
3390 5333 3507 5379 erat
3538 5334 3783 5375 merces.

2201 5444 2368 5515 Magis
2395 5441 2584 5511 eligens
2604 5433 2757 5505 afﬂigi
2784 5447 2900 5484 eum
2929 5427 3116 5498 papula
3136 5422 3251 5478 Dei.
3279 5418 3410 5474 Nam
3435 5430 3529 5469 vos
3555 5411 3787 5481 quidem

2202 5503 2484 5608 provvobis'
2499 5503 2770 5601 patimini;
2795 5524 2885 5578 ille
2914 5530 3096 5575 autem
3121 5531 3217 5587 pro
3252 5512 3374 5569 aliis
3401 5507 3588 5581 elegit,
3618 5514 3679 5561 ct
3702 5503 3789 5558 lu-

2257 5654 2329 5713 (n)
2360 5650 2449 5700 llic
2472 5658 2674 5708 magnus
2694 5642 2857 5691 hiatu;
2882 5644 2961 5687 est,
2983 5640 3033 5686 i.t
3057 5632 3192 5686 Colb.
