3970 6152
274 325 361 382 181

269 450 394 501 hens
421 458 487 499 ac
513 444 704 498 volens
748 454 983 510 sctpsum
1013 440 1243 509 conjecit
1283 439 1336 493 iu
1368 447 1474 493 tam
1504 437 1670 494 multa
1702 438 1848 508 peri-

266 539 401 603 cula,
422 552 546 592 cum
569 536 620 591 ei
646 536 833 590 liceret
858 545 912 590 et
957 532 1044 603 pie
1067 546 1229 602 agere
1255 541 1311 586 et
1338 531 1439 586 l'rui
1471 531 1647 585 bonis.
1681 530 1847 596 Quam

269 629 611 699 temporalem,
639 628 833 697 inquit,
855 626 1050 697 peccati
1077 624 1259 678 habere
1291 624 1619 694 voluptatem.
1648 623 1873 679 Pecca-x

269 732 371 776 tum
387 719 524 773 dixit
542 719 691 773 nolle
708 732 829 772 eum
850 718 968 773 aliis
993 715 1155 787 afﬂigi
1183 732 1196 769 :
1222 714 1326 771 hoc
1344 716 1535 785 inquit,
1568 727 1847 786 peccatum

269 812 606 868 existimavit.
637 811 695 865 Si
725 825 853 880 ergo
893 809 984 865 ille
1038 816 1314 879 peccatum
1363 807 1695 862 existimavit
1742 823 1847 861 non

271 913 508 973 prompto
533 910 589 956 et
633 901 799 956 alacri
837 899 1017 954 animo
1059 913 1183 955 eum
1225 898 1346 952 aliis
1387 898 1567 968 alﬂigi,
1598 913 1846 969 magnum

269 1010 388 1065 ergo
415 996 616 1048 bonum
645 1005 730 1049 est
755 991 992 1052 afﬂictio.
1026 991 1079 1046 in
1105 1005 1266 1061 quam
1295 1005 1354 1045 se
1373 989 1602 1061 coniecit
1620 1005 1652 1045 e
1678 992 1843 1060 regia.

271 1088 387 1141 time
413 1096 596 1140 autem
624 1084 850 1139 faciebat
876 1082 1118 1153 qumdam
1145 1097 1337 1152 magna
1366 1079 1703 1151 prazvidcns:
1730 1081 1850 1135 ideo

270 1178 343 1231 sic
367 1176 523 1239 dixit.
554 1175 784 1245 Ilajores
807 1174 1010 1227 diuitias
1028 1173 1287 1227 restituens
1308 1171 1560 1225 thesauris
1573 1169 1849 1251 Egyplio-
1874 1162 1877 1163 ⁷

268 1284 378 1322 rum
427 1266 794 1337 impmperitmt
842 1264 1056 1319 Christi.
1109 1261 1247 1331 Quid
1298 1271 1381 1318 est
1403 1302 1419 1328 ,
1473 1261 1850 1333 [rupi-operiunt

271 1360 490 1416 Christi?
533 1361 644 1415 IIoc
669 1368 781 1424 est,
833 1357 1194 1429 Opprobrium
1241 1357 1387 1428 quod
1424 1370 1523 1412 vos
1568 1354 1844 1425 patimini,

269 1450 618 1520 opprobrium
659 1449 803 1519 quod
830 1447 1077 1503 Christus
1102 1447 1396 1502 sustinuit:
1424 1455 1517 1501 aut
1552 1446 1694 1517 quod
1724 1460 1849 1516 pro-

271 1551 393 1610 pter
415 1539 681 1595 Christum
713 1538 984 1602 sustinuit,
1016 1536 1228 1607 quando
1250 1545 1468 1607 propter
1487 1547 1691 1607 petram
1721 1551 1850 1607 pro-

271 1634 381 1688 bris
410 1632 761 1694 afﬁciebatur,
809 1646 875 1686 ex
927 1646 1029 1701 qua
1068 1644 1259 1700 aquam
1300 1628 1504 1684 eduxit.
1535 1629 1691 1683 Petra
1717 1629 1852 1683 enim

264 1720 371 1764 erat
420 1710 655 1765 Christus
708 1710 803 1778 (1.
852 1708 972 1765 Cor.
1039 1711 1227 1780 10.4)
1262 1751 1277 1775 ,
1321 1712 1513 1783 inquit.
1565 1714 1847 1782 Quomodo

265 1799 612 1869 opprobrium
679 1799 917 1855 Christi?
990 1800 1124 1868 Quia
1183 1800 1338 1857 bonis
1410 1805 1645 1873 paternis
1693 1821 1849 1862 ever-

268 1891 421 1945 timur
476 1890 690 1960 probris
737 1890 1044 1958 aflicimur,
1099 1892 1240 1948 male
1283 1894 1512 1963 patimur
1562 1895 1631 1950 ad
1680 1888 1850 1953 Deum

267 1981 654 2052 confugientes.
686 1981 982 2038 Verisimile
1029 1992 1146 2039 erat
1174 1984 1321 2040 illum
1374 2000 1583 2056 quoque
1638 1989 1851 2058 probris

268 2072 428 2126 afliei-
451 2072 669 2142 quando
707 2070 873 2127 audiit
914 2090 931 2129 :
981 2071 1126 2126 Num
1160 2090 1241 2127 me
1270 2075 1343 2129 eis
1385 2075 1695 2145 inter/icere,
1720 2079 1853 2133 sicut

270 2162 371 2216 lteri
440 2163 751 2234 interfecisti
783 2161 1086 2234 Egyptians
1147 2165 1351 2235 (Exod.
1420 2165 1476 2221 2.
1532 2166 1689 2239 ﬂ)?
1735 2170 1848 2227 lloc

268 2266 347 2311 est
374 2256 760 2325 improperiurn
781 2255 1004 2321 Christi,
1032 2257 1100 2313 ad
1124 2257 1284 2325 linem
1308 2273 1476 2330 usque
1502 2269 1557 2316 et
1580 2260 1647 2315 ad
1672 2271 1850 2319 extre-

271 2362 409 2400 mum
439 2362 610 2415 usque
629 2347 872 2415 spiritum
901 2348 1039 2403 male
1069 2348 1175 2418 pati
1203 2368 1217 2404 :
1246 2351 1383 2405 sicut
1413 2351 1626 2422 probris
1646 2353 1849 2410 allicie-

270 2434 421 2490 batur
439 2435 852 2501 etaudiebat,Si
865 2432 1031 2491 Filius
1051 2438 1148 2492 Dei
1171 2455 1222 2493 es
1242 2439 1263 2510 (
1281 2439 1468 2496 Matth.
1495 2440 1586 2495 27.
1610 2442 1716 2515 40)
1738 2484 1753 2510 ,
1783 2444 1853 2500 ab

271 2524 334 2580 iis
358 2539 456 2593 pro
482 2525 681 2595 quibus
707 2525 760 2579 in
789 2541 1006 2583 crucem
1034 2527 1313 2598 agebatur.
1343 2531 1411 2584 ab
1433 2531 1621 2587 horum
1651 2536 1850 2588 contri-

272 2616 499 2673 bulibus.
532 2617 648 2673 Hoc
672 2628 755 2674 est
780 2620 1160 2690 improperium
1198 2620 1428 2689 Christi,
1460 2625 1670 2693 quando
1703 2628 1852 2696 quis-

273 2710 407 2779 piam
437 2724 468 2763 a
515 2711 630 2765 suis
650 2752 666 2775 ,
697 2711 911 2781 quando
931 2711 1001 2766 ab
1045 2712 1111 2767 iis
1131 2754 1147 2778 ,
1191 2728 1329 2783 quos
1359 2715 1621 2770 benelicio
1648 2716 1813 2771 aflicit
1835 2759 1849 2779 .

272 2802 481 2871 probris
505 2801 755 2857 afﬁcitur.
791 2803 886 2858 ille
914 2803 1057 2859 enim
1087 2804 1155 2859 ab
1192 2819 1259 2859 eo
1283 2806 1579 2875 patiebatur
1618 2809 1707 2877 qui
1739 2817 1856 2864 erat

272 2893 531 2948 beneficio
577 2891 823 2948 aﬂ‘ectus.
867 2893 963 2949 Hic
990 2909 1086 2950 eos
1110 2897 1379 2962 excitavit,
1406 2898 1692 2955 ostendens
1711 2901 1861 2971 quod

272 2982 515 3040 Christus
564 2998 779 3054 quoque
825 2984 942 3041 lucc
985 2985 1303 3055 patiebatur,
1357 2997 1414 3042 et
1454 2988 1686 3061 Moyses,
1734 2991 1856 3047 dua:

272 3074 425 3130 clara:
450 3084 511 3130 et
549 3074 788 3145 insignes
816 3089 1083 3148 personas.
1114 3076 1470 3145 Quamobrem
1513 3080 1616 3136 hoc
1655 3084 1856 3151 impro-

274 3167 476 3234 perium
530 3173 616 3220 est
661 3165 832 3235 magis
855 3164 1052 3223 Christi
1092 3182 1249 3237 quam
1277 3168 1497 3240 Moysis,
1545 3172 1797 3245 quoniam
1823 3190 1853 3228 a

276 3257 381 3312 suis
404 3257 522 3313 huic
543 3270 737 3327 passus
757 3267 861 3313 est.
891 3257 997 3313 Sed
1013 3273 1186 3329 neque
1207 3259 1296 3315 ille
1318 3259 1540 3316 fulmina
1557 3263 1856 3331 emittebat,

276 3362 442 3418 neque
468 3347 560 3403 hic
604 3347 807 3418 aliquid
830 3357 915 3403 est
958 3364 1171 3420 passus,
1200 3350 1296 3407 sed
1324 3353 1533 3422 probris
1581 3356 1855 3412 allicieba-

278 3447 374 3501 tur,
400 3446 457 3493 ct
484 3436 696 3493 ferebat
742 3439 942 3505 omnia,
991 3439 1098 3495 illis
1124 3442 1462 3499 moventibus
1486 3445 1680 3514 capita.
1709 3445 1857 3514 Quo-

279 3527 411 3582 niam
440 3542 574 3598 ergo
605 3528 894 3585 verisimile
914 3538 1030 3585 erat
1052 3544 1147 3587 eos
1174 3548 1388 3603 quoque
1430 3534 1546 3590 lucc
1571 3536 1776 3607 audire,
1805 3548 1861 3593 et

278 3620 583 3676 desiderare
611 3622 1122 3689 remunerationem,
1150 3624 1282 3679 dicit
1324 3625 1597 3681 Christum
1623 3636 1679 3683 et
1707 3629 1859 3700 Moy-

279 3725 384 3764 sem
410 3709 536 3765 talia
558 3725 682 3766 esse
703 3708 1007 3781 perpessos.
1032 3712 1267 3783 Requies
1286 3731 1413 3786 ergo
1432 3728 1483 3771 et
1503 3719 1750 3776 remissio
1778 3730 1863 3776 cst

280 3804 517 3870 peccati;
550 3803 762 3873 probris
784 3813 960 3860 autem
988 3804 1151 3872 afﬁci,
1181 3806 1399 3862 Christi.
1424 3809 1561 3876 Quid
1589 3825 1717 3881 ergo
1741 3829 1859 3868 ma-

279 3895 389 3948 vis?
413 3895 799 3965 improperium
820 3896 1042 3963 Christi,
1060 3912 1130 3952 an
1155 3899 1394 3967 requiem
1416 3910 1471 3954 et
1485 3900 1648 3955 animi
1669 3902 1864 3959 remis-

281 3986 481 4041 sionem
498 3986 524 4039 ?
551 3987 644 4040 27.
677 3985 811 4042 Fide
838 3988 1037 4059 reliquit
1063 3988 1375 4061 Egyptum,
1407 4007 1508 4046 non
1536 3993 1720 4048 ueritus
1745 3996 1862 4050 uni-

278 4079 564 4133 mositatem
587 4079 722 4150 regis
744 4095 763 4133 :
778 4081 1076 4136 inuisibilem
1101 4084 1233 4136 enim
1264 4093 1521 4154 tamquam
1548 4088 1720 4142 videns
1747 4106 1865 4144 sus-

280 4173 449 4225 tinuit.
477 4172 621 4239 Quid
675 4171 844 4227 dicis?
871 4189 976 4227 non
1006 4174 1216 4230 timuit?
1236 4178 1396 4247 Atqui
1418 4179 1547 4234 dicit
1569 4178 1865 4252 Scriptura,

279 4264 421 4334 quod
461 4280 586 4319 cum
610 4264 903 4320 audivisset
927 4266 1121 4333 timuit,
1152 4277 1208 4323 et
1233 4269 1354 4325 ideo
1401 4271 1520 4343 fuga
1563 4288 1675 4329 suae
1702 4275 1864 4330 saluti

279 4355 550 4412 consuluit
574 4362 630 4410 ct
654 4355 856 4425 aufugit
877 4365 931 4411 et
954 4354 1137 4412 furtim
1163 4372 1223 4413 se
1252 4362 1539 4431 subduxit,
1584 4374 1639 4419 et
1665 4376 1852 4435 postea

277 4454 391 4499 erat
411 4446 467 4500 in
495 4444 717 4501 timore.
740 4443 972 4501 Attende
999 4445 1289 4518 diligenter
1309 4459 1361 4504 et
1380 4464 1627 4510 accurate
1642 4456 1695 4510 ei
1722 4456 1865 4526 quod

276 4536 474 4593 dictum
497 4547 620 4593 est:
647 4537 801 4603 illud,
843 4536 967 4593 Non
989 4539 1179 4594 veritus
1200 4540 1332 4596 iram
1358 4545 1511 4614 regis,
1534 4545 1669 4602 dixit
1688 4551 1863 4620 respi-

272 4630 418 4686 ciens
434 4628 505 4684 ad
534 4628 589 4684 id
612 4629 757 4700 quod
784 4636 967 4698 postea
986 4630 1271 4687 adstiterit.
1295 4633 1557 4692 Timentis
1578 4638 1720 4695 enim
1748 4649 1866 4696 erat

273 4738 376 4777 non
403 4722 679 4792 attingere
729 4735 920 4778 rursus
963 4722 1331 4780 defensionem
1373 4733 1427 4783 et
1465 4732 1817 4798 patrocinium
1843 4774 1859 4801 ,

272 4828 445 4884 neque
464 4829 584 4869 rem
611 4813 831 4884 aggredi
855 4829 872 4878 ;
893 4813 1068 4871 denuo
1090 4825 1271 4871 autem
1298 4819 1578 4889 attingere,
1608 4832 1724 4878 erat
1746 4824 1861 4895 ejus

272 4909 358 4978 qui
390 4908 507 4964 Deo
537 4907 721 4963 omnia
751 4908 1140 4964 committebat.
1163 4908 1280 4964 Non
1310 4911 1454 4966 enim
1476 4913 1628 4981 dixit,
1658 4917 1862 4982 Quazrit

266 5016 384 5070 me,
432 5011 491 5057 et
532 4999 794 5069 indagat,
849 5015 949 5055 nec
973 5000 1146 5057 audeo
1182 5002 1369 5059 eadem
1404 5020 1590 5060 rursus
1618 5009 1854 5078 aggredi.

264 5093 393 5150 Erat
419 5096 607 5163 itaque
633 5092 754 5148 lidei
774 5092 979 5163 fugere.
1005 5092 1113 5149 Cur
1136 5108 1265 5164 ergo
1287 5111 1391 5150 non
1418 5098 1634 5163 mansit,
1656 5099 1859 5170 inquit?

261 5185 337 5242 Ne
385 5188 440 5243 in
472 5186 765 5258 praevisum
796 5200 855 5241 se
898 5185 1143 5255 injiceret
1187 5188 1501 5256 periculum.
1554 5192 1666 5248 lloc
1714 5196 1853 5250 enim

258 5279 366 5347 iam
419 5289 542 5337 erat
603 5278 881 5346 tentantis,
943 5275 995 5333 in
1048 5279 1224 5334 media
1290 5282 1535 5350 prosilire
1595 5286 1851 5355 pericula,

260 5381 315 5427 ct
336 5371 553 5436 dicere,
604 5369 826 5424 Videam
884 5384 951 5424 an
1000 5385 1088 5425 me
1137 5380 1314 5429 servet
1363 5373 1521 5429 Deus.
1553 5376 1664 5432 lloc
1690 5379 1852 5435 etiam

262 5462 479 5519 Christo
521 5460 661 5516 dixit
714 5459 989 5528 diabolus,
1047 5460 1195 5517 Mille
1249 5472 1294 5517 te
1346 5464 1580 5519 deorsum
1639 5466 1847 5539 (Matth.

262 5556 312 5610 4.
360 5555 462 5625 6).
517 5552 687 5609 Vides
740 5552 883 5623 quod
941 5559 1048 5611 hoc
1123 5555 1193 5610 sit
1242 5554 1599 5627 diabolicum,
1651 5569 1852 5616 temere

262 5655 314 5700 et
367 5645 766 5703 inconsiderate
812 5659 875 5702 se
915 5646 967 5700 in
1017 5648 1247 5715 pericula
1276 5649 1578 5719 conjicere,
1622 5660 1679 5707 et
1729 5661 1845 5707 ten-

264 5749 372 5797 tare
410 5757 480 5796 an
512 5740 659 5796 Deus
697 5738 1016 5793 conservet?
1066 5740 1157 5794 Eis
1201 5743 1343 5799 enim
1395 5759 1623 5813 prmcssc
1653 5754 1703 5800 et
1755 5761 1849 5802 eos

599 5834 874 5898 PATRUL.
922 5835 1037 5898 Gn.
1086 5837 1308 5901 LXIII.

1067 316 1131 373 IN
1173 314 1386 373 EPIST.
1416 315 1505 371 AD
1542 314 1908 375 I‘IEBREOS.
1952 312 2104 371 CAP.
2140 308 2226 363 XI.
2282 311 2514 369 llOMlL.
2560 310 2746 369 XXVI.

3429 316 3531 372 IS!

1952 433 2180 507 amplius
2230 429 2518 487 defendere
2569 442 2673 480 non
2721 432 2969 497 poterat,
3015 436 3136 480 cum
3181 434 3288 482 tam
3338 426 3528 499 ingrati

1947 536 2127 588 essent
2148 524 2335 586 animi,
2357 522 2446 592 qui
2474 520 2842 574 alliciebantur
2864 518 3124 575 bcnehcio
3150 535 3164 573 :
3191 518 3377 574 fuisset
3400 536 3529 591 ergo

1950 619 2180 677 stultitia
2209 625 2265 673 et
2293 615 2488 670 mentis
2519 611 2764 668 vecordia
2799 611 2905 666 illic
2940 625 3177 667 manere.
3202 611 3327 667 Haec
3349 623 3525 667 autem

1944 713 2122 770 omnia
2147 710 2285 765 facta
2300 715 2438 762 sunt
2457 746 2471 771 ,
2502 704 2643 775 quod
2671 705 2742 759 ita
2765 703 3028 758 tolerabat
3051 714 3319 773 tamquam
3342 705 3529 760 videns

1945 819 2068 861 eum
2098 802 2188 873 qui
2227 813 2333 854 non
2386 796 2531 854 cadit
2577 795 2678 850 sub
2729 793 3107 865 aspectuttt.(a)
3170 794 3224 850 Si
3268 808 3398 865 ergo
3429 813 3526 850 Im,-

1943 907 2159 967 quoque
2173 892 2339 946 Deum
2350 895 2531 942 mente
2546 898 2759 953 semper
2771 882 3067 962 videamus,
3084 883 3130 937 si
3144 884 3196 938 in
3209 884 3327 954 ejus
3343 899 3518 940 recor-

1941 987 2160 1042 datione
2185 996 2400 1050 semper
2415 986 2650 1032 nostram
2669 988 2946 1030 versemus
2958 975 3354 1045 cogitationem,
3369 978 3525 1032 nobis

1941 1076 2119 1133 eninia
2142 1087 2357 1143 semper
2380 1077 2539 1126 erunt
2568 1066 2767 1133 facilia,
2797 1065 2978 1121 omnia
3001 1065 3317 1134 tolerabilia,
3340 1069 3523 1123 omnia

1940 1171 2097 1227 facile
2136 1168 2372 1223 feremus
2390 1205 2404 1228 ,
2450 1161 2653 1217 erimus
2677 1157 2931 1214 omnibus
2957 1159 3284 1227 superiores.
3312 1158 3368 1215 Si
3399 1163 3521 1230 quis

1938 1265 2081 1319 enim
2122 1260 2313 1315 videns
2359 1256 2650 1318 dilectum,
2690 1250 2776 1306 vel
2805 1249 2982 1318 potius
3026 1249 3144 1320 ejus
3188 1252 3514 1317 recordans,

1935 1353 2171 1425 exSttrgit
2197 1354 2378 1406 animo
2401 1356 2457 1403 et
2479 1355 2661 1401 mente
2686 1343 2745 1397 lit
2765 1341 3001 1407 sublimi,
3025 1352 3077 1396 et
3094 1343 3272 1398 omnia
3312 1342 3415 1398 fert
3442 1345 3520 1398 fa-

1936 1450 2055 1514 cile,
2076 1462 2141 1503 ex
2171 1444 2289 1515 ejus
2315 1438 2570 1497 memoria
2599 1436 2816 1507 capiens
2830 1434 3159 1504 voluptatem
3186 1436 3309 1506 :qui
3340 1446 3518 1491 versat

1933 1541 1988 1595 in
2004 1537 2328 1609 cogitatione
2356 1547 2479 1589 eum
2503 1531 2593 1602 qui
2614 1542 2721 1586 nos
2740 1540 2867 1583 vere
2892 1526 3142 1597 dignatus
3156 1535 3238 1581 est
3262 1542 3446 1583 amare
3461 1539 3518 1583 et

1936 1632 2057 1703 ejus
2096 1628 2370 1697 meminit,
2401 1622 2616 1696 quando
2658 1621 2741 1677 vel
2768 1619 3051 1677 molestum
3079 1619 3280 1690 aliquid
3319 1621 3517 1676 sentiet

1937 1711 2021 1764 vel
2052 1710 2289 1764 terribile
2312 1720 2368 1764 et
2388 1709 2749 1779 periculosum
2778 1707 3098 1764 extimescct
3122 1705 3148 1760 ἳ
3175 1703 3392 1777 quando
3416 1708 3527 1764 erit

1938 1801 2135 1871 pusillo
2158 1809 2215 1856 et
2259 1800 2470 1871 abjecto
2496 1800 2726 1855 animo?
2767 1783 3087 1869 Numquam.
3137 1798 3328 1854 Omnia
3376 1803 3523 1855 enim

1938 1891 2092 1945 nobis
2118 1891 2367 1946 videntur
2392 1889 2632 1946 difﬁcilia
2650 1930 2665 1955 ,
2695 1889 2838 1959 quod
2879 1888 2971 1943 Dei
3003 1887 3203 1943 nullam
3231 1886 3527 1944 habeamus

1937 1981 2255 2035 memoriam
2278 1990 2341 2035 ut
2380 1980 2579 2036 habere
2607 1990 2856 2051 oportet,
2887 1979 3032 2050 quod
3062 1993 3168 2033 non
3196 1993 3321 2034 eum
3353 1978 3405 2034 in
3432 1995 3524 2035 eos
3596 1992 3604 2000 ‘

1936 2075 2193 2145 gitatione
2228 2084 2489 2144 perpetuo
2513 2075 2952 2129 cireumferamus
2981 2090 2996 2129 :
3033 2060 3398 2129 merito’enim
3427 2089 3524 2127 nn-

1938 2165 2020 2220 bis
2044 2165 2270 2231 dixerit,
2297 2162 2508 2220 Oblitus
2535 2179 2597 2220 es
2626 2164 2768 2231 mei,
2796 2179 2896 2236 ego
2940 2178 3154 2235 quoque
3196 2164 3274 2218 tui
3325 2164 3522 2219 oblivi-

1937 2273 2058 2312 scar
2090 2274 2103 2312 :
2133 2267 2189 2313 et
2216 2257 2417 2327 duplici
2445 2257 2654 2312 ratione
2685 2255 2745 2310 lit
2774 2257 2993 2323 malum,
3027 2255 3170 2326 quod
3196 2264 3252 2311 et
3277 2268 3378 2310 nos
3404 2253 3522 2325 ejus

1936 2350 2336 2415 obliviscamur,
2363 2359 2418 2403 et
2434 2348 2550 2419 ipse
2572 2347 2762 2404 nostri.
2787 2347 2914 2402 llaec
2935 2347 3079 2402 enim
3104 2347 3213 2401 duo
3233 2355 3358 2402 sunt
3383 2346 3523 2401 inter

1937 2456 1998 2497 se
2021 2443 2237 2513 quidem
2267 2440 2544 2512 complexa
2562 2482 2579 2509 ,
2605 2449 2733 2496 sunt
2754 2449 2931 2495 tamen
2956 2439 3084 2495 duo.
3109 2439 3241 2495 Nam
3271 2453 3519 2511 magnam

1937 2531 2152 2603 quidem
2178 2546 2294 2587 rem
2318 2530 2445 2587 facit
2482 2529 2577 2585 Dei
2603 2530 2897 2595 memoria;
2940 2545 3186 2599 magnam
3234 2531 3420 2597 etiam,
3467 2541 3522 2585 et

1937 2621 2078 2693 quod
2102 2635 2198 2677 nos
2219 2636 2342 2677 eum
2359 2620 2651 2676 habeamus
2674 2618 3154 2677 in.memoria.Htec
3167 2614 3292 2671 facit
3305 2622 3366 2670 ut
3382 2619 3521 2674 bona

1937 2714 2195 2786 eligamus
2212 2730 2228 2780 ;
2251 2712 2363 2780 illa,
2375 2720 2436 2768 ut
2449 2710 2817 2784 perficiamus,
2827 2711 2959 2766 etad
2972 2709 3135 2765 linem
3175 2710 3519 2767 deducamus.

1943 2807 2230 2877 Propterea
2253 2805 2382 2861 dicit
2400 2804 2659 2875 propheta
2685 2816 2701 2859 :
2729 2803 2927 2858 Memor
2971 2818 3056 2859 ero
3077 2805 3151 2857 tui
3171 2803 3234 2858 de
3253 2813 3387 2857 terra
3410 2804 3526 2858 Jor-

1941 2897 2110 2964 danis,
2134 2903 2180 2951 et
2196 2893 2564 2950 Hermoniima
2580 2902 2750 2948 πωπω
2781 2893 2980 2948 modico
3013 2891 3184 2963 (Psal.
3200 2891 3380 2964 ΗΛ).
3398 2892 3525 2949 [huc

1940 2989 2070 3046 dicit
2097 2987 2322 3058 populus
2342 2986 2434 3058 qui
2455 2994 2571 3042 erat
2594 2986 2647 3041 in
2679 2986 2948 3057 Babylone
2963 2983 3185 3053 ,Hsmor
3203 3001 3291 3040 era
3306 2986 3399 3039 tui.

2011 3083 2066 3137 4.
2109 3081 2255 3151 Ergo
2282 3089 2336 3134 et
2381 3094 2511 3145 nos,
2557 3087 2615 3132 ut
2641 3078 2730 3148 qui
2758 3078 2928 3133 simus
2970 3077 3027 3133 in
3074 3076 3380 3150 Babylone,
3410 3077 3524 3133 bare

1940 3175 2200 3230 dicamus.
2228 3171 2340 3226 Etsi
2364 3171 2506 3226 enim
2537 3185 2643 3224 non
2669 3169 2921 3224 sedemus
2948 3168 3090 3223 inter
3112 3168 3316 3238 hostes,
3339 3184 3527 3225 sumus

1945 3276 2123 3321 tamen
2149 3264 2292 3320 inter
2319 3262 2587 3318 inimicos.
2615 3261 2748 3317 Nam
2779 3275 2844 3316 ex
2875 3261 2985 3316 illis
3011 3262 3099 3326 alii
3129 3261 3342 3333 quidem
3369 3263 3525 3319 sedc-

1940 3359 2069 3414 bant
2095 3366 2364 3427 tamquam
2406 3353 2607 3425 captivi
2632 3370 2647 3407 :
2672 3353 2759 3423 alii
2784 3361 2963 3408 autem
2993 3367 3059 3408 nc
3083 3353 3384 3409 sentiebant
3406 3355 3524 3424 qui-
3560 3340 3575 3343 C

1941 3451 2063 3506 dem
2088 3448 2475 3518 captivitatem,
2504 3453 2564 3499 ut
2587 3444 2791 3509 Daniel,
2824 3453 2883 3498 ut
2909 3454 3018 3499 trcs
3040 3444 3213 3514 pueri,
3257 3444 3522 3514 quietiam

1944 3559 2065 3599 cum
2094 3548 2278 3597 essent
2320 3540 2374 3594 iu
2401 3539 2746 3609 captivitate,
2797 3539 2914 3607 ipso
2963 3552 3121 3607 rege,
3168 3538 3256 3608 qui
3305 3552 3400 3594 eos
3426 3538 3523 3592 ab-
3610 3582 3621 3599 χ

1941 3625 2264 3690 ιιιιιθτειιλίιι
2306 3631 2699 3699 captivitatem,
2731 3637 2885 3683 erant
2928 3628 2981 3682 in
3021 3628 3111 3682 illa
3156 3628 3267 3699 ipsa
3307 3628 3526 3698 regione

1941 3728 2197 3784 clariores
2226 3742 2239 3778 :
2269 3724 2466 3779 etenim
2513 3725 2756 3791 captivos
2784 3720 3043 3775 adorabat
3085 3722 3132 3774 is
3170 3720 3258 3789 qui
3303 3721 3524 3775 abduxit

1940 3821 1994 3876 in
2025 3818 2407 3888 captivitatem.
2458 3813 2645 3868 Vidisti
2677 3820 2876 3882 quanta
2904 3825 2992 3866 res
3017 3812 3085 3864 sit
3112 3810 3318 3864 virtus?
3347 3811 3522 3867 Etiam

1940 3929 2064 3970 cum
2103 3919 2285 3967 essent
2313 3909 2366 3963 in
2413 3907 2723 3975 captivitate
2753 3903 3012 3960 adorabat
3050 3912 3320 3973 tamquam
3348 3902 3522 3958 domi-

1941 4021 2061 4063 nos.
2090 4004 2184 4058 Ille
2202 4016 2332 4071 ergo
2354 4010 2472 4055 erat
2498 3997 2743 4068 captivus
2770 3997 2938 4067 magis
2965 4013 3120 4066 quam
3148 3996 3223 4051 hi.
3257 3997 3374 4052 Non
3397 3996 3523 4053 luis.

1940 4111 2021 4156 set
2047 4112 2199 4169 atque
2223 4093 2549 4157 mirandum,
2582 4090 2628 4145 si
2657 4105 2777 4145 cum
2802 4100 2984 4145 essent
3008 4090 3058 4143 in
3086 4102 3181 4144 sua
3212 4090 3408 4160 patria,
3437 4091 3526 4144 Ηιτ

1938 4193 2162 4248 veniens
2195 4203 2291 4245 eos
2323 4186 2631 4252 adorasset,
2665 4197 2757 4238 aut
2786 4184 2831 4238 si
2879 4183 2988 4238 illic
3026 4193 3342 4253 regnasscut
3375 4202 3389 4237 :
3428 4187 3526 4238 mi-

1940 4286 2107 4344 rabile
2137 4291 2220 4338 est
2245 4290 2428 4335 autem
2460 4276 2603 4347 quod
2629 4291 2750 4330 cum
2777 4288 2872 4330 eos
2899 4273 3179 4338 vinxisset,
3207 4284 3263 4329 ct
3285 4276 3525 4344 captivos

1941 4382 1993 4435 in
2024 4383 2286 4446 potestate
2333 4385 2427 4425 sua
2472 4368 2730 4432 haberet,
2770 4364 3025 4422 onmibus
3064 4365 3372 4422 videntibus
3418 4383 3522 4420 mm

1952 4461 2149 4532 puduit
2174 4477 2271 4517 eos
2312 4461 2565 4525 adorare.
2607 4472 2662 4518 et
2699 4461 2891 4518 Manaa
2920 4459 3116 4515 libare.
3148 4453 3360 4511 Videtis
3387 4446 3533 4522 quod

1953 4569 2043 4610 res
2073 4554 2172 4610 Dei
2199 4561 2330 4610 sunt
2371 4570 2561 4610 revera
2606 4556 2905 4625 praaclarre,
2938 4565 3026 4606 res
3062 4557 3246 4603 autem
3286 4545 3538 4599 humanas

1947 4660 2074 4708 sunt
2102 4650 2334 4707 umbra?
2367 4648 2650 4720 lgporabat
2679 4659 2807 4716 ergo
2852 4660 2911 4699 se
2938 4643 3037 4697 sibi
3069 4642 3318 4696 dominos
3364 4639 3535 4694 addu-

1948 4760 2072 4801 cere
2096 4786 2111 4812 ,
2140 4753 2194 4800 et
2214 4758 2349 4816 quos
2375 4749 2491 4797 erat
2520 4738 2838 4796 ad’oraturus
2857 4780 2872 4803 ,
2903 4751 2998 4791 cos
3021 4735 3165 4804 ipsos
3190 4733 3241 4787 in
3263 4731 3533 4785 fornacem

1950 4838 2203 4909 injicere;
2228 4837 2322 4893 sed
2347 4835 2450 4891 hoc
2476 4835 2581 4890 illis
2608 4842 2722 4888 erat
2749 4833 2919 4885 instar
2939 4828 3159 4883 somnii.

2024 4927 2332 4984 Timentibus
2364 4926 2530 4981 Deum
2551 4923 2682 4978 nihil
2703 4923 2987 4977 molestum.
3017 4948 3089 4960 —-
3112 4918 3425 4974 Timeamus
3448 4929 3535 4970 cr-

1946 5036 2012 5092 go
2032 5066 2048 5089 ,
2072 5037 2103 5076 o
2126 5020 2306 5076 diiecti
2330 5060 2344 5083 ,
2379 5019 2662 5072 timeamus
2703 5016 2868 5070 Deum
2900 5030 2911 5064 :
2944 5012 3069 5065 licet
3091 5010 3261 5064 simus
3291 5008 3341 5061 in
3367 5007 3535 5074 capti-

1949 5116 2142 5180 vitate,
2182 5113 2383 5169 erimus
2425 5109 2663 5163 omnium
2686 5105 2967 5162 clarissimi
2997 5121 3008 5154 :
3035 5102 3174 5155 adsit
3215 5101 3372 5154 timor
3402 5098 3528 5161 Dei,

1949 5216 2002 5260 ct
2051 5205 2183 5260 nihil
2228 5203 2332 5259 erit
2363 5201 2649 5256 molestum
2672 5240 2687 5263 ,
2718 5198 2831 5252 sive
2872 5194 3075 5249 dixeris
3125 5199 3488 5261 paupertatem
3516 5230 3530 5253 ,

1948 5300 2061 5353 sive
2112 5296 2397 5362 morbum,
2428 5293 2539 5348 sive
2568 5289 2930 5360 captivitatem
2958 5327 2971 5350 ,
3022 5285 3136 5339 sive
3178 5282 3491 5338 servitutem
3515 5322 3530 5343 ,

1949 5391 2060 5444 sive
2088 5388 2296 5458 quidvis
2337 5385 2659 5446 molestum;
2687 5379 2781 5435 sed
2806 5379 2899 5432 illa
2939 5378 3049 5444 ipsa
3078 5374 3232 5429 nobis
3268 5386 3428 5442 opem
3450 5371 3530 5423 fe-

1950 5489 2067 5534 rcut
2095 5479 2160 5534 ad
2191 5477 2483 5533 contraria.
2514 5474 2618 5543 ipsi
2646 5479 2799 5529 erant
2821 5467 3044 5536 captivi,
3079 5474 3248 5520 etrex
3279 5478 3374 5520 eos
3398 5461 3532 5515 adu-

1950 5570 2088 5624 ravit
2118 5588 2130 5623 :
2162 5565 2627 5623 tabernaculorum
2657 5561 2832 5631 opifex
2878 5564 2995 5612 erat
3021 5556 3251 5622 Paulus,
3288 5563 3343 5609 et
3371 5551 3422 5607 ci
3449 5565 3536 5605 sa.

2034 5740 2106 5802 (Il)
2129 5739 2220 5788 Hic
2248 5751 2437 5802 quoque
2463 5737 2618 5786 hiatus
2642 5735 2866 5784 habetur.

3146 5833 3219 5895 12
