  <div class='ocr_page' id='page_1' title='image "/cluster/home/n/w/nwhite01/storage/ocr_20150623/63/mdp.39015008641394/190.png"; bbox 0 0 3970 6152; ppageno 0'>
   <div class='ocr_carea' id='block_1_1' title="bbox 272 352 381 407">
    <p class='ocr_par' dir='ltr' id='par_1_1' title="bbox 272 352 381 407">
     <span class='ocr_line' id='line_1_1' title="bbox 272 352 381 407; baseline -0.009 0"><span class='ocrx_word' id='word_1_1' title='bbox 272 352 381 407; x_wconf 69' lang='grc'><strong>185</strong></span> 
     </span>
    </p>
   </div>
   <div class='ocr_carea' id='block_1_2' title="bbox 1136 354 2829 432">
    <p class='ocr_par' dir='ltr' id='par_1_2' title="bbox 1136 354 2829 432">
     <span class='ocr_line' id='line_1_2' title="bbox 1136 354 2829 432; baseline 0.011 -19"><span class='ocrx_word' id='word_1_2' title='bbox 1136 356 1200 413; x_wconf 83' lang='lat' dir='ltr'><strong>IN</strong></span> <span class='ocrx_word' id='word_1_3' title='bbox 1236 354 1455 416; x_wconf 79' lang='lat' dir='ltr'><strong>EPIST.</strong></span> <span class='ocrx_word' id='word_1_4' title='bbox 1495 359 1586 415; x_wconf 80' lang='lat' dir='ltr'><strong>AD</strong></span> <span class='ocrx_word' id='word_1_5' title='bbox 1621 358 1981 420; x_wconf 73' lang='lat' dir='ltr'><strong>BEBRAEOS.</strong></span> <span class='ocrx_word' id='word_1_6' title='bbox 2018 362 2172 422; x_wconf 66' lang='lat' dir='ltr'><strong>CAP.</strong></span> <span class='ocrx_word' id='word_1_7' title='bbox 2216 368 2306 426; x_wconf 68' lang='lat' dir='ltr'><strong>XI.</strong></span> <span class='ocrx_word' id='word_1_8' title='bbox 2351 370 2576 429; x_wconf 69' lang='lat' dir='ltr'><strong>HQMIL.</strong></span> <span class='ocrx_word' id='word_1_9' title='bbox 2625 374 2829 432; x_wconf 72' lang='lat' dir='ltr'><strong>XXVII.</strong></span> 
     </span>
    </p>
   </div>
   <div class='ocr_carea' id='block_1_3' title="bbox 3462 375 3563 429">
    <p class='ocr_par' dir='ltr' id='par_1_3' title="bbox 3462 375 3563 429">
     <span class='ocr_line' id='line_1_3' title="bbox 3462 375 3563 429; baseline 0 0"><span class='ocrx_word' id='word_1_10' title='bbox 3462 375 3563 429; x_wconf 79' lang='lat' dir='ltr'><strong>i86</strong></span> 
     </span>
    </p>
   </div>
   <div class='ocr_carea' id='block_1_4' title="bbox 1599 546 2423 657">
    <p class='ocr_par' dir='ltr' id='par_1_4' title="bbox 1599 546 2423 657">
     <span class='ocr_line' id='line_1_4' title="bbox 1599 546 2423 657; baseline -0.013 0"><span class='ocrx_word' id='word_1_11' title='bbox 1599 593 1950 657; x_wconf 81' lang='lat' dir='ltr'><strong>HOMILIA</strong></span> <span class='ocrx_word' id='word_1_12' title='bbox 1991 591 2271 655; x_wconf 72' lang='lat' dir='ltr'><strong>xxvu.</strong></span> <span class='ocrx_word' id='word_1_13' title='bbox 2422 546 2423 553; x_wconf 7' lang='grc' dir='ltr'><strong><em>Ν</em></strong></span> 
     </span>
    </p>
   </div>
   <div class='ocr_carea' id='block_1_5' title="bbox 290 705 1876 790">
    <p class='ocr_par' dir='ltr' id='par_1_5' title="bbox 290 705 1876 790">
     <span class='ocr_line' id='line_1_5' title="bbox 290 705 1876 790; baseline -0.003 -13"><span class='ocrx_word' id='word_1_14' title='bbox 290 705 407 777; x_wconf 69' lang='lat' dir='ltr'><strong>Car.</strong></span> <span class='ocrx_word' id='word_1_15' title='bbox 437 720 526 775; x_wconf 82' lang='grc' dir='ltr'><strong>Η.</strong></span> <span class='ocrx_word' id='word_1_16' title='bbox 556 734 616 772; x_wconf 83' lang='lat' dir='ltr'><strong>v.</strong></span> <span class='ocrx_word' id='word_1_17' title='bbox 640 718 738 776; x_wconf 65' lang='grc'><strong>28.</strong></span> <span class='ocrx_word' id='word_1_18' title='bbox 768 717 819 775; x_wconf 75' lang='lat' dir='ltr'><strong><em>F</em></strong></span> <span class='ocrx_word' id='word_1_19' title='bbox 819 718 901 773; x_wconf 87' lang='lat' dir='ltr'><strong>ide</strong></span> <span class='ocrx_word' id='word_1_20' title='bbox 923 720 1190 775; x_wconf 75' lang='lat' dir='ltr'><strong>celebravit</strong></span> <span class='ocrx_word' id='word_1_21' title='bbox 1217 720 1410 790; x_wconf 68' lang='lat' dir='ltr'><strong>pascha</strong></span> <span class='ocrx_word' id='word_1_22' title='bbox 1434 729 1482 774; x_wconf 88' lang='lat' dir='ltr'><strong>et</strong></span> <span class='ocrx_word' id='word_1_23' title='bbox 1509 717 1776 790; x_wconf 79' lang='lat' dir='ltr'><strong>sanguinis</strong></span> <span class='ocrx_word' id='word_1_24' title='bbox 1802 717 1876 784; x_wconf 75' lang='lat' dir='ltr'><strong>ef-</strong></span> 
     </span>
    </p>
   </div>
   <div class='ocr_carea' id='block_1_6' title="bbox 353 811 1874 883">
    <p class='ocr_par' dir='ltr' id='par_1_6' title="bbox 353 811 1874 883">
     <span class='ocr_line' id='line_1_6' title="bbox 353 811 1874 883; baseline -0.001 -19"><span class='ocrx_word' id='word_1_25' title='bbox 353 812 606 883; x_wconf 73' lang='lat' dir='ltr'><strong>fusionem</strong></span> <span class='ocrx_word' id='word_1_26' title='bbox 630 852 647 879; x_wconf 94' lang='lat'><strong>,</strong></span> <span class='ocrx_word' id='word_1_27' title='bbox 689 827 754 866; x_wconf 70' lang='lat' dir='ltr'><strong>ne</strong></span> <span class='ocrx_word' id='word_1_28' title='bbox 787 811 873 883; x_wconf 80' lang='lat' dir='ltr'><strong>qui</strong></span> <span class='ocrx_word' id='word_1_29' title='bbox 915 811 1140 867; x_wconf 70' lang='lat' dir='ltr'><strong>uastabat</strong></span> <span class='ocrx_word' id='word_1_30' title='bbox 1177 812 1463 883; x_wconf 83' lang='lat' dir='ltr'><strong>primitiva,</strong></span> <span class='ocrx_word' id='word_1_31' title='bbox 1509 817 1732 881; x_wconf 85' lang='lat' dir='ltr'><strong>tangeret</strong></span> <span class='ocrx_word' id='word_1_32' title='bbox 1768 825 1874 865; x_wconf 82' lang='lat' dir='ltr'><strong>eos.</strong></span> 
     </span>
    </p>
   </div>
   <div class='ocr_carea' id='block_1_7' title="bbox 351 902 1877 975">
    <p class='ocr_par' dir='ltr' id='par_1_7' title="bbox 351 902 1877 975">
     <span class='ocr_line' id='line_1_7' title="bbox 351 902 1877 975; baseline -0.001 -17"><span class='ocrx_word' id='word_1_33' title='bbox 351 904 443 959; x_wconf 72' lang='lat'><strong>29.</strong></span> <span class='ocrx_word' id='word_1_34' title='bbox 472 902 607 958; x_wconf 86' lang='lat' dir='ltr'><strong>Fide</strong></span> <span class='ocrx_word' id='word_1_35' title='bbox 627 905 935 959; x_wconf 76' lang='lat' dir='ltr'><strong>transierunt</strong></span> <span class='ocrx_word' id='word_1_36' title='bbox 955 921 1095 958; x_wconf 83' lang='lat' dir='ltr'><strong>mare</strong></span> <span class='ocrx_word' id='word_1_37' title='bbox 1121 903 1370 970; x_wconf 70' lang='lat' dir='ltr'><strong>Rubrum,</strong></span> <span class='ocrx_word' id='word_1_38' title='bbox 1392 913 1648 975; x_wconf 83' lang='lat' dir='ltr'><strong>tamquam</strong></span> <span class='ocrx_word' id='word_1_39' title='bbox 1668 920 1759 973; x_wconf 89' lang='lat' dir='ltr'><strong>per</strong></span> <span class='ocrx_word' id='word_1_40' title='bbox 1779 902 1877 956; x_wconf 89' lang='lat' dir='ltr'><strong>ari-</strong></span> 
     </span>
    </p>
   </div>
   <div class='ocr_carea' id='block_1_8' title="bbox 350 993 1871 1077">
    <p class='ocr_par' dir='ltr' id='par_1_8' title="bbox 350 993 1871 1077">
     <span class='ocr_line' id='line_1_8' title="bbox 350 993 1871 1077; baseline -0.003 -27"><span class='ocrx_word' id='word_1_41' title='bbox 350 996 473 1051; x_wconf 80' lang='lat' dir='ltr'><strong>dam</strong></span> <span class='ocrx_word' id='word_1_42' title='bbox 513 1007 704 1050; x_wconf 82' lang='lat' dir='ltr'><strong>terram</strong></span> <span class='ocrx_word' id='word_1_43' title='bbox 729 1012 751 1050; x_wconf 80' lang='lat'><strong>.°</strong></span> <span class='ocrx_word' id='word_1_44' title='bbox 771 996 907 1066; x_wconf 81' lang='lat' dir='ltr'><strong>quod</strong></span> <span class='ocrx_word' id='word_1_45' title='bbox 943 995 1137 1067; x_wconf 66' lang='lat' dir='ltr'><strong>expetvi</strong></span> <span class='ocrx_word' id='word_1_46' title='bbox 1173 993 1434 1066; x_wconf 66' lang='lat' dir='ltr'><strong>£gyptii,</strong></span> <span class='ocrx_word' id='word_1_47' title='bbox 1474 994 1697 1050; x_wconf 83' lang='lat' dir='ltr'><strong>devorati</strong></span> <span class='ocrx_word' id='word_1_48' title='bbox 1735 1002 1871 1077; x_wconf 63' lang='lat' dir='ltr'><strong>sum.</strong></span> 
     </span>
    </p>
   </div>
   <div class='ocr_carea' id='block_1_9' title="bbox 352 1085 1874 1152">
    <p class='ocr_par' dir='ltr' id='par_1_9' title="bbox 352 1085 1874 1152">
     <span class='ocr_line' id='line_1_9' title="bbox 352 1085 1874 1152; baseline -0.003 -9"><span class='ocrx_word' id='word_1_49' title='bbox 352 1086 442 1143; x_wconf 75' lang='lat'><strong>50.</strong></span> <span class='ocrx_word' id='word_1_50' title='bbox 489 1085 625 1141; x_wconf 84' lang='lat' dir='ltr'><strong>Fide</strong></span> <span class='ocrx_word' id='word_1_51' title='bbox 663 1087 799 1141; x_wconf 86' lang='lat' dir='ltr'><strong>muri</strong></span> <span class='ocrx_word' id='word_1_52' title='bbox 838 1085 1045 1141; x_wconf 80' lang='lat' dir='ltr'><strong>Jcriclto</strong></span> <span class='ocrx_word' id='word_1_53' title='bbox 1088 1094 1404 1152; x_wconf 72' lang='lat' dir='ltr'><strong>corruerunt,</strong></span> <span class='ocrx_word' id='word_1_54' title='bbox 1430 1087 1648 1142; x_wconf 82' lang='lat' dir='ltr'><strong>circuitu</strong></span> <span class='ocrx_word' id='word_1_55' title='bbox 1674 1086 1874 1140; x_wconf 84' lang='lat' dir='ltr'><strong>dierum</strong></span> 
     </span>
    </p>
   </div>
   <div class='ocr_carea' id='block_1_10' title="bbox 350 1177 1874 1251">
    <p class='ocr_par' dir='ltr' id='par_1_10' title="bbox 350 1177 1874 1251">
     <span class='ocr_line' id='line_1_10' title="bbox 350 1177 1874 1251; baseline -0.001 -17"><span class='ocrx_word' id='word_1_56' title='bbox 350 1188 562 1249; x_wconf 66' lang='lat' dir='ltr'><strong>septem</strong></span> <span class='ocrx_word' id='word_1_57' title='bbox 592 1179 682 1236; x_wconf 69' lang='grc' dir='ltr'><strong>δι.</strong></span> <span class='ocrx_word' id='word_1_58' title='bbox 718 1177 853 1234; x_wconf 83' lang='lat' dir='ltr'><strong>Fide</strong></span> <span class='ocrx_word' id='word_1_59' title='bbox 881 1177 1061 1234; x_wconf 78' lang='lat' dir='ltr'><strong>Raltab</strong></span> <span class='ocrx_word' id='word_1_60' title='bbox 1090 1179 1327 1235; x_wconf 71' lang='lat' dir='ltr'><strong>meretrix</strong></span> <span class='ocrx_word' id='word_1_61' title='bbox 1353 1195 1454 1234; x_wconf 84' lang='lat' dir='ltr'><strong>non</strong></span> <span class='ocrx_word' id='word_1_62' title='bbox 1482 1180 1630 1251; x_wconf 86' lang='lat' dir='ltr'><strong>periit</strong></span> <span class='ocrx_word' id='word_1_63' title='bbox 1658 1194 1770 1234; x_wconf 83' lang='lat' dir='ltr'><strong>cum</strong></span> <span class='ocrx_word' id='word_1_64' title='bbox 1795 1178 1874 1232; x_wconf 86' lang='lat' dir='ltr'><strong>in-</strong></span> 
     </span>
    </p>
   </div>
   <div class='ocr_carea' id='block_1_11' title="bbox 353 1271 1560 1344">
    <p class='ocr_par' dir='ltr' id='par_1_11' title="bbox 353 1271 1560 1344">
     <span class='ocr_line' id='line_1_11' title="bbox 353 1271 1560 1344; baseline 0 -17"><span class='ocrx_word' id='word_1_65' title='bbox 353 1271 597 1336; x_wconf 73' lang='lat' dir='ltr'><strong>credulis,</strong></span> <span class='ocrx_word' id='word_1_66' title='bbox 621 1271 878 1342; x_wconf 69' lang='lat' dir='ltr'><strong>excipieus</strong></span> <span class='ocrx_word' id='word_1_67' title='bbox 905 1272 1253 1338; x_wconf 69' lang='lat' dir='ltr'><strong>exploratores</strong></span> <span class='ocrx_word' id='word_1_68' title='bbox 1274 1288 1388 1329; x_wconf 73' lang='lat' dir='ltr'><strong>eum</strong></span> <span class='ocrx_word' id='word_1_69' title='bbox 1417 1288 1560 1344; x_wconf 84' lang='lat' dir='ltr'><strong>pace.</strong></span> 
     </span>
    </p>
   </div>
   <div class='ocr_carea' id='block_1_12' title="bbox 352 1363 1873 1437">
    <p class='ocr_par' dir='ltr' id='par_1_12' title="bbox 352 1363 1873 1437">
     <span class='ocr_line' id='line_1_12' title="bbox 352 1363 1873 1437; baseline 0.002 -18"><span class='ocrx_word' id='word_1_70' title='bbox 352 1365 409 1419; x_wconf 75' lang='lat' dir='ltr'><strong>i.</strong></span> <span class='ocrx_word' id='word_1_71' title='bbox 439 1363 601 1419; x_wconf 61' lang='lat' dir='ltr'><strong>“ulla</strong></span> <span class='ocrx_word' id='word_1_72' title='bbox 625 1363 766 1420; x_wconf 84' lang='lat' dir='ltr'><strong>solet</strong></span> <span class='ocrx_word' id='word_1_73' title='bbox 790 1364 987 1423; x_wconf 83' lang='lat' dir='ltr'><strong>Paulus</strong></span> <span class='ocrx_word' id='word_1_74' title='bbox 1017 1365 1301 1436; x_wconf 72' lang='lat' dir='ltr'><strong>intorjecta</strong></span> <span class='ocrx_word' id='word_1_75' title='bbox 1323 1366 1552 1437; x_wconf 88' lang='lat' dir='ltr'><strong>probare</strong></span> <span class='ocrx_word' id='word_1_76' title='bbox 1577 1380 1641 1422; x_wconf 88' lang='lat' dir='ltr'><strong>ac</strong></span> <span class='ocrx_word' id='word_1_77' title='bbox 1668 1366 1873 1422; x_wconf 87' lang='lat' dir='ltr'><strong>contir-</strong></span> 
     </span>
    </p>
   </div>
   <div class='ocr_carea' id='block_1_13' title="bbox 282 1455 1871 1529">
    <p class='ocr_par' dir='ltr' id='par_1_13' title="bbox 282 1455 1871 1529">
     <span class='ocr_line' id='line_1_13' title="bbox 282 1455 1871 1529; baseline 0.003 -19"><span class='ocrx_word' id='word_1_78' title='bbox 282 1471 457 1521; x_wconf 77' lang='lat' dir='ltr'><strong>mare,</strong></span> <span class='ocrx_word' id='word_1_79' title='bbox 485 1464 541 1511; x_wconf 92' lang='lat' dir='ltr'><strong>et</strong></span> <span class='ocrx_word' id='word_1_80' title='bbox 564 1463 647 1511; x_wconf 87' lang='lat' dir='ltr'><strong>est</strong></span> <span class='ocrx_word' id='word_1_81' title='bbox 670 1455 862 1512; x_wconf 82' lang='lat' dir='ltr'><strong>creber</strong></span> <span class='ocrx_word' id='word_1_82' title='bbox 884 1457 1189 1513; x_wconf 74' lang='lat' dir='ltr'><strong>sententiis.</strong></span> <span class='ocrx_word' id='word_1_83' title='bbox 1225 1457 1368 1514; x_wconf 83' lang='lat' dir='ltr'><strong>Talis</strong></span> <span class='ocrx_word' id='word_1_84' title='bbox 1399 1458 1543 1514; x_wconf 91' lang='lat' dir='ltr'><strong>enim</strong></span> <span class='ocrx_word' id='word_1_85' title='bbox 1582 1468 1668 1515; x_wconf 90' lang='lat' dir='ltr'><strong>est</strong></span> <span class='ocrx_word' id='word_1_86' title='bbox 1698 1460 1871 1529; x_wconf 85' lang='lat' dir='ltr'><strong>gratia</strong></span> 
     </span>
    </p>
   </div>
   <div class='ocr_carea' id='block_1_14' title="bbox 281 1546 1872 1624">
    <p class='ocr_par' dir='ltr' id='par_1_14' title="bbox 281 1546 1872 1624">
     <span class='ocr_line' id='line_1_14' title="bbox 281 1546 1872 1624; baseline 0.005 -23"><span class='ocrx_word' id='word_1_87' title='bbox 281 1546 516 1617; x_wconf 85' lang='lat' dir='ltr'><strong>Spiritus</strong></span> <span class='ocrx_word' id='word_1_88' title='bbox 542 1564 558 1601; x_wconf 92' lang='lat'><strong>:</strong></span> <span class='ocrx_word' id='word_1_89' title='bbox 584 1561 694 1603; x_wconf 91' lang='lat' dir='ltr'><strong>non</strong></span> <span class='ocrx_word' id='word_1_90' title='bbox 720 1546 776 1603; x_wconf 87' lang='lat' dir='ltr'><strong>in</strong></span> <span class='ocrx_word' id='word_1_91' title='bbox 797 1547 1085 1604; x_wconf 82' lang='lat' dir='ltr'><strong>verborum</strong></span> <span class='ocrx_word' id='word_1_92' title='bbox 1111 1549 1450 1607; x_wconf 70' lang='lat' dir='ltr'><strong>multitudine</strong></span> <span class='ocrx_word' id='word_1_93' title='bbox 1473 1552 1711 1608; x_wconf 81' lang='lat' dir='ltr'><strong>continet</strong></span> <span class='ocrx_word' id='word_1_94' title='bbox 1740 1568 1872 1624; x_wconf 86' lang='lat' dir='ltr'><strong>pau-</strong></span> 
     </span>
    </p>
   </div>
   <div class='ocr_carea' id='block_1_15' title="bbox 275 1639 1867 1704">
    <p class='ocr_par' dir='ltr' id='par_1_15' title="bbox 275 1639 1867 1704">
     <span class='ocr_line' id='line_1_15' title="bbox 275 1639 1867 1704; baseline 0.004 -8"><span class='ocrx_word' id='word_1_95' title='bbox 275 1654 377 1697; x_wconf 67' lang='lat' dir='ltr'><strong>cos</strong></span> <span class='ocrx_word' id='word_1_96' title='bbox 394 1654 607 1704; x_wconf 87' lang='lat' dir='ltr'><strong>sensus,</strong></span> <span class='ocrx_word' id='word_1_97' title='bbox 631 1639 725 1695; x_wconf 90' lang='lat' dir='ltr'><strong>sed</strong></span> <span class='ocrx_word' id='word_1_98' title='bbox 750 1641 805 1695; x_wconf 89' lang='lat' dir='ltr'><strong>in</strong></span> <span class='ocrx_word' id='word_1_99' title='bbox 835 1639 1119 1697; x_wconf 79' lang='lat' dir='ltr'><strong>verborum</strong></span> <span class='ocrx_word' id='word_1_100' title='bbox 1142 1640 1402 1698; x_wconf 82' lang='lat' dir='ltr'><strong>brevitate</strong></span> <span class='ocrx_word' id='word_1_101' title='bbox 1427 1643 1649 1700; x_wconf 84' lang='lat' dir='ltr'><strong>multam</strong></span> <span class='ocrx_word' id='word_1_102' title='bbox 1671 1653 1728 1701; x_wconf 90' lang='lat' dir='ltr'><strong>et</strong></span> <span class='ocrx_word' id='word_1_103' title='bbox 1751 1660 1867 1702; x_wconf 73' lang='lat' dir='ltr'><strong>ma-</strong></span> 
     </span>
    </p>
   </div>
   <div class='ocr_carea' id='block_1_16' title="bbox 273 1728 1870 1803">
    <p class='ocr_par' dir='ltr' id='par_1_16' title="bbox 273 1728 1870 1803">
     <span class='ocr_line' id='line_1_16' title="bbox 273 1728 1870 1803; baseline 0.006 -21"><span class='ocrx_word' id='word_1_104' title='bbox 273 1744 435 1799; x_wconf 71' lang='lat' dir='ltr'><strong>gnam</strong></span> <span class='ocrx_word' id='word_1_105' title='bbox 484 1728 623 1784; x_wconf 84' lang='lat' dir='ltr'><strong>indit</strong></span> <span class='ocrx_word' id='word_1_106' title='bbox 668 1729 1093 1801; x_wconf 74' lang='lat' dir='ltr'><strong>intelligentiam.</strong></span> <span class='ocrx_word' id='word_1_107' title='bbox 1143 1730 1274 1787; x_wconf 84' lang='lat' dir='ltr'><strong>Vide</strong></span> <span class='ocrx_word' id='word_1_108' title='bbox 1315 1747 1485 1803; x_wconf 88' lang='lat' dir='ltr'><strong>ergo,</strong></span> <span class='ocrx_word' id='word_1_109' title='bbox 1529 1748 1652 1789; x_wconf 89' lang='lat' dir='ltr'><strong>cum</strong></span> <span class='ocrx_word' id='word_1_110' title='bbox 1700 1735 1870 1792; x_wconf 80' lang='lat' dir='ltr'><strong>instar</strong></span> 
     </span>
    </p>
   </div>
   <div class='ocr_carea' id='block_1_17' title="bbox 275 1819 1868 1897">
    <p class='ocr_par' dir='ltr' id='par_1_17' title="bbox 275 1819 1868 1897">
     <span class='ocr_line' id='line_1_17' title="bbox 275 1819 1868 1897; baseline 0.004 -22"><span class='ocrx_word' id='word_1_111' title='bbox 275 1819 670 1875; x_wconf 78' lang='lat' dir='ltr'><strong>adhortationis</strong></span> <span class='ocrx_word' id='word_1_112' title='bbox 694 1819 763 1876; x_wconf 91' lang='lat' dir='ltr'><strong>de</strong></span> <span class='ocrx_word' id='word_1_113' title='bbox 794 1820 899 1876; x_wconf 91' lang='lat' dir='ltr'><strong>ﬁde</strong></span> <span class='ocrx_word' id='word_1_114' title='bbox 924 1821 1216 1878; x_wconf 79' lang='lat' dir='ltr'><strong>dissereret</strong></span> <span class='ocrx_word' id='word_1_115' title='bbox 1233 1863 1247 1887; x_wconf 94' lang='lat'><strong>,</strong></span> <span class='ocrx_word' id='word_1_116' title='bbox 1277 1822 1432 1893; x_wconf 88' lang='lat' dir='ltr'><strong>cujus</strong></span> <span class='ocrx_word' id='word_1_117' title='bbox 1461 1823 1643 1894; x_wconf 68' lang='lat' dir='ltr'><strong>ﬁgurae</strong></span> <span class='ocrx_word' id='word_1_118' title='bbox 1668 1833 1724 1881; x_wconf 86' lang='lat' dir='ltr'><strong>et</strong></span> <span class='ocrx_word' id='word_1_119' title='bbox 1748 1841 1868 1897; x_wconf 80' lang='lat' dir='ltr'><strong>my-</strong></span> 
     </span>
    </p>
   </div>
   <div class='ocr_carea' id='block_1_18' title="bbox 276 1913 1865 1984">
    <p class='ocr_par' dir='ltr' id='par_1_18' title="bbox 276 1913 1865 1984">
     <span class='ocr_line' id='line_1_18' title="bbox 276 1913 1865 1984; baseline 0.003 -16"><span class='ocrx_word' id='word_1_120' title='bbox 276 1914 426 1969; x_wconf 81' lang='lat' dir='ltr'><strong>sterii</strong></span> <span class='ocrx_word' id='word_1_121' title='bbox 457 1913 768 1979; x_wconf 77' lang='lat' dir='ltr'><strong>admoneat,</strong></span> <span class='ocrx_word' id='word_1_122' title='bbox 799 1913 951 1984; x_wconf 81' lang='lat' dir='ltr'><strong>cujus</strong></span> <span class='ocrx_word' id='word_1_123' title='bbox 977 1913 1237 1970; x_wconf 80' lang='lat' dir='ltr'><strong>habemus</strong></span> <span class='ocrx_word' id='word_1_124' title='bbox 1259 1916 1562 1973; x_wconf 78' lang='lat' dir='ltr'><strong>veritatem.</strong></span> <span class='ocrx_word' id='word_1_125' title='bbox 1593 1915 1747 1983; x_wconf 83' lang='lat' dir='ltr'><strong>Fide,</strong></span> <span class='ocrx_word' id='word_1_126' title='bbox 1780 1918 1865 1973; x_wconf 89' lang='lat' dir='ltr'><strong>in-</strong></span> 
     </span>
    </p>
   </div>
   <div class='ocr_carea' id='block_1_19' title="bbox 278 2005 1868 2079">
    <p class='ocr_par' dir='ltr' id='par_1_19' title="bbox 278 2005 1868 2079">
     <span class='ocr_line' id='line_1_19' title="bbox 278 2005 1868 2079; baseline 0.005 -20"><span class='ocrx_word' id='word_1_127' title='bbox 278 2006 414 2077; x_wconf 76' lang='lat' dir='ltr'><strong>quit,</strong></span> <span class='ocrx_word' id='word_1_128' title='bbox 444 2005 714 2060; x_wconf 74' lang='lat' dir='ltr'><strong>celebravit</strong></span> <span class='ocrx_word' id='word_1_129' title='bbox 742 2005 947 2060; x_wconf 78' lang='lat' dir='ltr'><strong>Pascha</strong></span> <span class='ocrx_word' id='word_1_130' title='bbox 975 2016 1021 2061; x_wconf 85' lang='lat' dir='ltr'><strong>et</strong></span> <span class='ocrx_word' id='word_1_131' title='bbox 1047 2008 1310 2078; x_wconf 79' lang='lat' dir='ltr'><strong>sanguinis</strong></span> <span class='ocrx_word' id='word_1_132' title='bbox 1338 2006 1654 2077; x_wconf 71' lang='lat' dir='ltr'><strong>effusionem,</strong></span> <span class='ocrx_word' id='word_1_133' title='bbox 1688 2026 1752 2066; x_wconf 79' lang='lat' dir='ltr'><strong>tte</strong></span> <span class='ocrx_word' id='word_1_134' title='bbox 1779 2013 1868 2079; x_wconf 70' lang='lat' dir='ltr'><strong>qui</strong></span> 
     </span>
    </p>
   </div>
   <div class='ocr_carea' id='block_1_20' title="bbox 276 2096 1867 2174">
    <p class='ocr_par' dir='ltr' id='par_1_20' title="bbox 276 2096 1867 2174">
     <span class='ocr_line' id='line_1_20' title="bbox 276 2096 1867 2174; baseline 0.006 -23"><span class='ocrx_word' id='word_1_135' title='bbox 276 2096 503 2151; x_wconf 80' lang='lat' dir='ltr'><strong>rastabat</strong></span> <span class='ocrx_word' id='word_1_136' title='bbox 534 2096 871 2167; x_wconf 72' lang='lat' dir='ltr'><strong>primogenita</strong></span> <span class='ocrx_word' id='word_1_137' title='bbox 891 2113 977 2151; x_wconf 85' lang='lat' dir='ltr'><strong>eos</strong></span> <span class='ocrx_word' id='word_1_138' title='bbox 997 2106 1242 2168; x_wconf 79' lang='lat' dir='ltr'><strong>tangeret.</strong></span> <span class='ocrx_word' id='word_1_139' title='bbox 1262 2099 1343 2173; x_wconf 89' lang='lat' dir='ltr'><strong>(a)</strong></span> <span class='ocrx_word' id='word_1_140' title='bbox 1375 2099 1510 2168; x_wconf 86' lang='lat' dir='ltr'><strong>Quid</strong></span> <span class='ocrx_word' id='word_1_141' title='bbox 1535 2110 1618 2156; x_wconf 88' lang='lat' dir='ltr'><strong>est</strong></span> <span class='ocrx_word' id='word_1_142' title='bbox 1643 2103 1867 2174; x_wconf 77' lang='lat' dir='ltr'><strong>sangui-</strong></span> 
     </span>
    </p>
   </div>
   <div class='ocr_carea' id='block_1_21' title="bbox 278 2187 1867 2260">
    <p class='ocr_par' dir='ltr' id='par_1_21' title="bbox 278 2187 1867 2260">
     <span class='ocr_line' id='line_1_21' title="bbox 278 2187 1867 2260; baseline 0.006 -18"><span class='ocrx_word' id='word_1_143' title='bbox 278 2190 361 2242; x_wconf 87' lang='lat' dir='ltr'><strong>nis</strong></span> <span class='ocrx_word' id='word_1_144' title='bbox 389 2188 617 2244; x_wconf 75' lang='lat' dir='ltr'><strong>effusio?</strong></span> <span class='ocrx_word' id='word_1_145' title='bbox 656 2189 840 2259; x_wconf 83' lang='lat' dir='ltr'><strong>Agnus</strong></span> <span class='ocrx_word' id='word_1_146' title='bbox 868 2187 1267 2245; x_wconf 84' lang='lat' dir='ltr'><strong>sacriﬁcabatur</strong></span> <span class='ocrx_word' id='word_1_147' title='bbox 1304 2189 1357 2243; x_wconf 92' lang='lat' dir='ltr'><strong>in</strong></span> <span class='ocrx_word' id='word_1_148' title='bbox 1395 2191 1634 2260; x_wconf 67' lang='lat' dir='ltr'><strong>sedibus,</strong></span> <span class='ocrx_word' id='word_1_149' title='bbox 1659 2203 1714 2251; x_wconf 89' lang='lat' dir='ltr'><strong>et</strong></span> <span class='ocrx_word' id='word_1_150' title='bbox 1741 2210 1867 2251; x_wconf 86' lang='lat' dir='ltr'><strong>san-</strong></span> 
     </span>
    </p>
   </div>
   <div class='ocr_carea' id='block_1_22' title="bbox 224 2280 1868 2355">
    <p class='ocr_par' dir='ltr' id='par_1_22' title="bbox 224 2280 1868 2355">
     <span class='ocr_line' id='line_1_22' title="bbox 224 2280 1868 2355; baseline 0.004 -19"><span class='ocrx_word' id='word_1_151' title='bbox 224 2311 235 2319; x_wconf 89' lang='lat'><strong>-</strong></span> <span class='ocrx_word' id='word_1_152' title='bbox 275 2283 394 2351; x_wconf 83' lang='lat' dir='ltr'><strong>guis</strong></span> <span class='ocrx_word' id='word_1_153' title='bbox 414 2282 535 2351; x_wconf 79' lang='lat' dir='ltr'><strong>ejus</strong></span> <span class='ocrx_word' id='word_1_154' title='bbox 556 2280 866 2336; x_wconf 72' lang='lat' dir='ltr'><strong>illinebatur</strong></span> <span class='ocrx_word' id='word_1_155' title='bbox 890 2280 1153 2351; x_wconf 85' lang='lat' dir='ltr'><strong>postibus,</strong></span> <span class='ocrx_word' id='word_1_156' title='bbox 1178 2290 1233 2337; x_wconf 90' lang='lat' dir='ltr'><strong>et</strong></span> <span class='ocrx_word' id='word_1_157' title='bbox 1257 2280 1358 2336; x_wconf 91' lang='lat' dir='ltr'><strong>hoc</strong></span> <span class='ocrx_word' id='word_1_158' title='bbox 1382 2294 1499 2338; x_wconf 90' lang='lat' dir='ltr'><strong>crat</strong></span> <span class='ocrx_word' id='word_1_159' title='bbox 1525 2300 1633 2355; x_wconf 91' lang='lat' dir='ltr'><strong>quo</strong></span> <span class='ocrx_word' id='word_1_160' title='bbox 1659 2289 1868 2343; x_wconf 88' lang='lat' dir='ltr'><strong>munie-</strong></span> 
     </span>
    </p>
   </div>
   <div class='ocr_carea' id='block_1_23' title="bbox 278 2367 1869 2445">
    <p class='ocr_par' dir='ltr' id='par_1_23' title="bbox 278 2367 1869 2445">
     <span class='ocr_line' id='line_1_23' title="bbox 278 2367 1869 2445; baseline 0.001 -17"><span class='ocrx_word' id='word_1_161' title='bbox 278 2378 433 2429; x_wconf 73' lang='lat' dir='ltr'><strong>l-atur</strong></span> <span class='ocrx_word' id='word_1_162' title='bbox 479 2368 766 2441; x_wconf 64' lang='lat' dir='ltr'><strong>Egyptius</strong></span> <span class='ocrx_word' id='word_1_163' title='bbox 810 2368 1078 2423; x_wconf 88' lang='lat' dir='ltr'><strong>interitus.</strong></span> <span class='ocrx_word' id='word_1_164' title='bbox 1123 2367 1181 2426; x_wconf 89' lang='lat' dir='ltr'><strong>Si</strong></span> <span class='ocrx_word' id='word_1_165' title='bbox 1223 2385 1352 2440; x_wconf 85' lang='lat' dir='ltr'><strong>ergo</strong></span> <span class='ocrx_word' id='word_1_166' title='bbox 1389 2374 1610 2442; x_wconf 76' lang='lat' dir='ltr'><strong>sanguis</strong></span> <span class='ocrx_word' id='word_1_167' title='bbox 1647 2375 1770 2445; x_wconf 88' lang='lat' dir='ltr'><strong>agni</strong></span> <span class='ocrx_word' id='word_1_168' title='bbox 1817 2376 1869 2430; x_wconf 92' lang='lat' dir='ltr'><strong>in</strong></span> 
     </span>
    </p>
   </div>
   <div class='ocr_carea' id='block_1_24' title="bbox 276 2460 1873 2533">
    <p class='ocr_par' dir='ltr' id='par_1_24' title="bbox 276 2460 1873 2533">
     <span class='ocr_line' id='line_1_24' title="bbox 276 2460 1873 2533; baseline 0 -11"><span class='ocrx_word' id='word_1_169' title='bbox 276 2465 454 2522; x_wconf 88' lang='lat' dir='ltr'><strong>medio</strong></span> <span class='ocrx_word' id='word_1_170' title='bbox 482 2461 862 2533; x_wconf 68' lang='lat' dir='ltr'><strong>Egyptiorum</strong></span> <span class='ocrx_word' id='word_1_171' title='bbox 891 2469 947 2515; x_wconf 88' lang='lat' dir='ltr'><strong>et</strong></span> <span class='ocrx_word' id='word_1_172' title='bbox 988 2460 1043 2514; x_wconf 90' lang='lat' dir='ltr'><strong>in</strong></span> <span class='ocrx_word' id='word_1_173' title='bbox 1076 2470 1222 2516; x_wconf 88' lang='lat' dir='ltr'><strong>tanto</strong></span> <span class='ocrx_word' id='word_1_174' title='bbox 1260 2463 1425 2517; x_wconf 88' lang='lat' dir='ltr'><strong>exitio</strong></span> <span class='ocrx_word' id='word_1_175' title='bbox 1464 2464 1659 2521; x_wconf 74' lang='lat' dir='ltr'><strong>illaesos</strong></span> <span class='ocrx_word' id='word_1_176' title='bbox 1692 2475 1873 2522; x_wconf 88' lang='lat' dir='ltr'><strong>custo-</strong></span> 
     </span>
    </p>
   </div>
   <div class='ocr_carea' id='block_1_25' title="bbox 275 2554 1872 2630">
    <p class='ocr_par' dir='ltr' id='par_1_25' title="bbox 275 2554 1872 2630">
     <span class='ocr_line' id='line_1_25' title="bbox 275 2554 1872 2630; baseline 0.001 -17"><span class='ocrx_word' id='word_1_177' title='bbox 275 2559 455 2615; x_wconf 85' lang='lat' dir='ltr'><strong>diebat</strong></span> <span class='ocrx_word' id='word_1_178' title='bbox 481 2555 740 2620; x_wconf 73' lang='lat' dir='ltr'><strong>Judacos,</strong></span> <span class='ocrx_word' id='word_1_179' title='bbox 776 2554 947 2609; x_wconf 90' lang='lat' dir='ltr'><strong>multo</strong></span> <span class='ocrx_word' id='word_1_180' title='bbox 970 2554 1142 2625; x_wconf 84' lang='lat' dir='ltr'><strong>magis</strong></span> <span class='ocrx_word' id='word_1_181' title='bbox 1167 2570 1267 2609; x_wconf 90' lang='lat' dir='ltr'><strong>nos</strong></span> <span class='ocrx_word' id='word_1_182' title='bbox 1291 2557 1632 2613; x_wconf 82' lang='lat' dir='ltr'><strong>conservabit</strong></span> <span class='ocrx_word' id='word_1_183' title='bbox 1654 2561 1872 2630; x_wconf 78' lang='lat' dir='ltr'><strong>sanguis</strong></span> 
     </span>
    </p>
   </div>
   <div class='ocr_carea' id='block_1_26' title="bbox 274 2646 1870 2717">
    <p class='ocr_par' dir='ltr' id='par_1_26' title="bbox 274 2646 1870 2717">
     <span class='ocr_line' id='line_1_26' title="bbox 274 2646 1870 2717; baseline 0.001 -12"><span class='ocrx_word' id='word_1_184' title='bbox 274 2652 496 2715; x_wconf 79' lang='lat' dir='ltr'><strong>Christi,</strong></span> <span class='ocrx_word' id='word_1_185' title='bbox 526 2648 698 2705; x_wconf 86' lang='lat' dir='ltr'><strong>illitus</strong></span> <span class='ocrx_word' id='word_1_186' title='bbox 720 2661 827 2702; x_wconf 93' lang='lat' dir='ltr'><strong>non</strong></span> <span class='ocrx_word' id='word_1_187' title='bbox 855 2646 1132 2717; x_wconf 82' lang='lat' dir='ltr'><strong>postibus,</strong></span> <span class='ocrx_word' id='word_1_188' title='bbox 1166 2647 1262 2702; x_wconf 85' lang='lat' dir='ltr'><strong>sed</strong></span> <span class='ocrx_word' id='word_1_189' title='bbox 1298 2649 1496 2705; x_wconf 83' lang='lat' dir='ltr'><strong>nostris</strong></span> <span class='ocrx_word' id='word_1_190' title='bbox 1521 2649 1716 2707; x_wconf 86' lang='lat' dir='ltr'><strong>animis</strong></span> <span class='ocrx_word' id='word_1_191' title='bbox 1742 2669 1755 2705; x_wconf 90' lang='lat'><strong>:</strong></span> <span class='ocrx_word' id='word_1_192' title='bbox 1786 2660 1870 2707; x_wconf 89' lang='lat' dir='ltr'><strong>et-</strong></span> 
     </span>
    </p>
   </div>
   <div class='ocr_carea' id='block_1_27' title="bbox 279 2737 1872 2808">
    <p class='ocr_par' dir='ltr' id='par_1_27' title="bbox 279 2737 1872 2808">
     <span class='ocr_line' id='line_1_27' title="bbox 279 2737 1872 2808; baseline 0.001 -11"><span class='ocrx_word' id='word_1_193' title='bbox 279 2741 417 2797; x_wconf 89' lang='lat' dir='ltr'><strong>enim</strong></span> <span class='ocrx_word' id='word_1_194' title='bbox 445 2753 595 2795; x_wconf 82' lang='lat' dir='ltr'><strong>nunc</strong></span> <span class='ocrx_word' id='word_1_195' title='bbox 623 2752 838 2808; x_wconf 89' lang='lat' dir='ltr'><strong>quoque</strong></span> <span class='ocrx_word' id='word_1_196' title='bbox 865 2737 955 2806; x_wconf 90' lang='lat' dir='ltr'><strong>qui</strong></span> <span class='ocrx_word' id='word_1_197' title='bbox 983 2745 1156 2791; x_wconf 90' lang='lat' dir='ltr'><strong>vastat</strong></span> <span class='ocrx_word' id='word_1_198' title='bbox 1182 2745 1238 2791; x_wconf 89' lang='lat' dir='ltr'><strong>et</strong></span> <span class='ocrx_word' id='word_1_199' title='bbox 1263 2739 1463 2807; x_wconf 86' lang='lat' dir='ltr'><strong>perdit,</strong></span> <span class='ocrx_word' id='word_1_200' title='bbox 1491 2741 1542 2795; x_wconf 93' lang='lat' dir='ltr'><strong>in</strong></span> <span class='ocrx_word' id='word_1_201' title='bbox 1574 2740 1674 2798; x_wconf 87' lang='lat' dir='ltr'><strong>hac</strong></span> <span class='ocrx_word' id='word_1_202' title='bbox 1694 2742 1872 2799; x_wconf 87' lang='lat' dir='ltr'><strong>media</strong></span> 
     </span>
    </p>
   </div>
   <div class='ocr_carea' id='block_1_28' title="bbox 280 2828 1869 2905">
    <p class='ocr_par' dir='ltr' id='par_1_28' title="bbox 280 2828 1869 2905">
     <span class='ocr_line' id='line_1_28' title="bbox 280 2828 1869 2905; baseline 0.003 -16"><span class='ocrx_word' id='word_1_203' title='bbox 280 2844 432 2889; x_wconf 80' lang='lat' dir='ltr'><strong>nocte</strong></span> <span class='ocrx_word' id='word_1_204' title='bbox 457 2830 672 2887; x_wconf 82' lang='lat' dir='ltr'><strong>circuit.</strong></span> <span class='ocrx_word' id='word_1_205' title='bbox 701 2829 808 2885; x_wconf 85' lang='lat' dir='ltr'><strong>Sed</strong></span> <span class='ocrx_word' id='word_1_206' title='bbox 831 2828 1217 2905; x_wconf 83' lang='lat' dir='ltr'><strong>armemurillo</strong></span> <span class='ocrx_word' id='word_1_207' title='bbox 1239 2831 1523 2887; x_wconf 76' lang='lat' dir='ltr'><strong>sacriﬁcio.</strong></span> <span class='ocrx_word' id='word_1_208' title='bbox 1558 2832 1869 2893; x_wconf 86' lang='lat' dir='ltr'><strong>Unctionem</strong></span> 
     </span>
    </p>
   </div>
   <div class='ocr_carea' id='block_1_29' title="bbox 278 2920 1869 2995">
    <p class='ocr_par' dir='ltr' id='par_1_29' title="bbox 278 2920 1869 2995">
     <span class='ocr_line' id='line_1_29' title="bbox 278 2920 1869 2995; baseline 0.001 -15"><span class='ocrx_word' id='word_1_209' title='bbox 278 2934 431 2981; x_wconf 79' lang='lat' dir='ltr'><strong>vocat</strong></span> <span class='ocrx_word' id='word_1_210' title='bbox 460 2922 782 2978; x_wconf 74' lang='lat' dir='ltr'><strong>effusionem</strong></span> <span class='ocrx_word' id='word_1_211' title='bbox 814 2936 917 2975; x_wconf 86' lang='lat' dir='ltr'><strong>:ex</strong></span> <span class='ocrx_word' id='word_1_212' title='bbox 943 2920 1178 2992; x_wconf 53' lang='lat' dir='ltr'><strong>{Egypto</strong></span> <span class='ocrx_word' id='word_1_213' title='bbox 1203 2920 1346 2976; x_wconf 86' lang='lat' dir='ltr'><strong>enim</strong></span> <span class='ocrx_word' id='word_1_214' title='bbox 1377 2938 1475 2978; x_wconf 89' lang='lat' dir='ltr'><strong>nos</strong></span> <span class='ocrx_word' id='word_1_215' title='bbox 1500 2923 1685 2981; x_wconf 81' lang='lat' dir='ltr'><strong>eduxit</strong></span> <span class='ocrx_word' id='word_1_216' title='bbox 1708 2926 1869 2995; x_wconf 86' lang='lat' dir='ltr'><strong>Deus,</strong></span> 
     </span>
    </p>
   </div>
   <div class='ocr_carea' id='block_1_30' title="bbox 279 3012 1871 3088">
    <p class='ocr_par' dir='ltr' id='par_1_30' title="bbox 279 3012 1871 3088">
     <span class='ocr_line' id='line_1_30' title="bbox 279 3012 1871 3088; baseline 0.002 -16"><span class='ocrx_word' id='word_1_217' title='bbox 279 3032 311 3072; x_wconf 87' lang='lat' dir='ltr'><strong>e</strong></span> <span class='ocrx_word' id='word_1_218' title='bbox 338 3014 602 3079; x_wconf 84' lang='lat' dir='ltr'><strong>tenebris,</strong></span> <span class='ocrx_word' id='word_1_219' title='bbox 631 3028 701 3068; x_wconf 77' lang='lat' dir='ltr'><strong>ex</strong></span> <span class='ocrx_word' id='word_1_220' title='bbox 733 3012 1057 3067; x_wconf 83' lang='lat' dir='ltr'><strong>idololatria.</strong></span> <span class='ocrx_word' id='word_1_221' title='bbox 1086 3013 1246 3082; x_wconf 83' lang='lat' dir='ltr'><strong>Atqui</strong></span> <span class='ocrx_word' id='word_1_222' title='bbox 1266 3014 1409 3083; x_wconf 90' lang='lat' dir='ltr'><strong>quod</strong></span> <span class='ocrx_word' id='word_1_223' title='bbox 1433 3014 1631 3071; x_wconf 83' lang='lat' dir='ltr'><strong>factum</strong></span> <span class='ocrx_word' id='word_1_224' title='bbox 1654 3018 1871 3088; x_wconf 84' lang='lat' dir='ltr'><strong>quidem</strong></span> 
     </span>
    </p>
   </div>
   <div class='ocr_carea' id='block_1_31' title="bbox 278 3104 1872 3176">
    <p class='ocr_par' dir='ltr' id='par_1_31' title="bbox 278 3104 1872 3176">
     <span class='ocr_line' id='line_1_31' title="bbox 278 3104 1872 3176; baseline 0.003 -13"><span class='ocrx_word' id='word_1_225' title='bbox 278 3109 392 3173; x_wconf 76' lang='lat' dir='ltr'><strong>fuit,</strong></span> <span class='ocrx_word' id='word_1_226' title='bbox 429 3106 570 3162; x_wconf 83' lang='lat' dir='ltr'><strong>nihil</strong></span> <span class='ocrx_word' id='word_1_227' title='bbox 608 3114 757 3171; x_wconf 85' lang='lat' dir='ltr'><strong>erat;</strong></span> <span class='ocrx_word' id='word_1_228' title='bbox 801 3104 943 3175; x_wconf 92' lang='lat' dir='ltr'><strong>quod</strong></span> <span class='ocrx_word' id='word_1_229' title='bbox 981 3116 1163 3161; x_wconf 86' lang='lat' dir='ltr'><strong>autem</strong></span> <span class='ocrx_word' id='word_1_230' title='bbox 1196 3105 1324 3161; x_wconf 89' lang='lat' dir='ltr'><strong>hinc</strong></span> <span class='ocrx_word' id='word_1_231' title='bbox 1355 3109 1750 3176; x_wconf 84' lang='lat' dir='ltr'><strong>perficiebatur,</strong></span> <span class='ocrx_word' id='word_1_232' title='bbox 1785 3127 1872 3168; x_wconf 83' lang='lat' dir='ltr'><strong>res</strong></span> 
     </span>
    </p>
   </div>
   <div class='ocr_carea' id='block_1_32' title="bbox 278 3195 1870 3274">
    <p class='ocr_par' dir='ltr' id='par_1_32' title="bbox 278 3195 1870 3274">
     <span class='ocr_line' id='line_1_32' title="bbox 278 3195 1870 3274; baseline 0.003 -20"><span class='ocrx_word' id='word_1_233' title='bbox 278 3212 487 3270; x_wconf 82' lang='lat' dir='ltr'><strong>magna.</strong></span> <span class='ocrx_word' id='word_1_234' title='bbox 513 3196 648 3251; x_wconf 84' lang='lat' dir='ltr'><strong>Nam</strong></span> <span class='ocrx_word' id='word_1_235' title='bbox 675 3195 818 3267; x_wconf 90' lang='lat' dir='ltr'><strong>quod</strong></span> <span class='ocrx_word' id='word_1_236' title='bbox 848 3195 1044 3252; x_wconf 84' lang='lat' dir='ltr'><strong>factum</strong></span> <span class='ocrx_word' id='word_1_237' title='bbox 1072 3196 1287 3266; x_wconf 85' lang='lat' dir='ltr'><strong>quidem</strong></span> <span class='ocrx_word' id='word_1_238' title='bbox 1320 3198 1446 3266; x_wconf 88' lang='lat' dir='ltr'><strong>fuit,</strong></span> <span class='ocrx_word' id='word_1_239' title='bbox 1475 3210 1593 3257; x_wconf 88' lang='lat' dir='ltr'><strong>erat</strong></span> <span class='ocrx_word' id='word_1_240' title='bbox 1618 3206 1870 3274; x_wconf 80' lang='lat' dir='ltr'><strong>sanguis;</strong></span> 
     </span>
    </p>
   </div>
   <div class='ocr_carea' id='block_1_33' title="bbox 275 3287 1875 3365">
    <p class='ocr_par' dir='ltr' id='par_1_33' title="bbox 275 3287 1875 3365">
     <span class='ocr_line' id='line_1_33' title="bbox 275 3287 1875 3365; baseline 0.004 -22"><span class='ocrx_word' id='word_1_241' title='bbox 275 3291 415 3361; x_wconf 89' lang='lat' dir='ltr'><strong>quod</strong></span> <span class='ocrx_word' id='word_1_242' title='bbox 441 3298 633 3344; x_wconf 88' lang='lat' dir='ltr'><strong>autem</strong></span> <span class='ocrx_word' id='word_1_243' title='bbox 656 3287 1007 3354; x_wconf 81' lang='lat' dir='ltr'><strong>efﬁciebatur,</strong></span> <span class='ocrx_word' id='word_1_244' title='bbox 1030 3290 1177 3343; x_wconf 89' lang='lat' dir='ltr'><strong>salus</strong></span> <span class='ocrx_word' id='word_1_245' title='bbox 1201 3296 1257 3345; x_wconf 88' lang='lat' dir='ltr'><strong>et</strong></span> <span class='ocrx_word' id='word_1_246' title='bbox 1285 3291 1578 3348; x_wconf 85' lang='lat' dir='ltr'><strong>obstructio</strong></span> <span class='ocrx_word' id='word_1_247' title='bbox 1604 3308 1666 3349; x_wconf 89' lang='lat' dir='ltr'><strong>ac</strong></span> <span class='ocrx_word' id='word_1_248' title='bbox 1691 3296 1875 3365; x_wconf 86' lang='lat' dir='ltr'><strong>prohi-</strong></span> 
     </span>
    </p>
   </div>
   <div class='ocr_carea' id='block_1_34' title="bbox 278 3378 1901 3462">
    <p class='ocr_par' dir='ltr' id='par_1_34' title="bbox 278 3378 1901 3462">
     <span class='ocr_line' id='line_1_34' title="bbox 278 3378 1901 3462; baseline 0.004 -26"><span class='ocrx_word' id='word_1_249' title='bbox 278 3382 407 3438; x_wconf 83' lang='lat' dir='ltr'><strong>bitio</strong></span> <span class='ocrx_word' id='word_1_250' title='bbox 457 3379 734 3436; x_wconf 86' lang='lat' dir='ltr'><strong>interitus.</strong></span> <span class='ocrx_word' id='word_1_251' title='bbox 775 3378 974 3434; x_wconf 83' lang='lat' dir='ltr'><strong>Timuit</strong></span> <span class='ocrx_word' id='word_1_252' title='bbox 1011 3381 1326 3451; x_wconf 80' lang='lat' dir='ltr'><strong>sanguinem</strong></span> <span class='ocrx_word' id='word_1_253' title='bbox 1369 3385 1622 3462; x_wconf 83' lang='lat' dir='ltr'><strong>angelus;</strong></span> <span class='ocrx_word' id='word_1_254' title='bbox 1673 3387 1901 3444; x_wconf 76' lang='lat' dir='ltr'><strong>sciebat&#39;</strong></span> 
     </span>
    </p>
   </div>
   <div class='ocr_carea' id='block_1_35' title="bbox 275 3472 1874 3544">
    <p class='ocr_par' dir='ltr' id='par_1_35' title="bbox 275 3472 1874 3544">
     <span class='ocr_line' id='line_1_35' title="bbox 275 3472 1874 3544; baseline 0.004 -15"><span class='ocrx_word' id='word_1_255' title='bbox 275 3475 414 3529; x_wconf 88' lang='lat' dir='ltr'><strong>enim</strong></span> <span class='ocrx_word' id='word_1_256' title='bbox 460 3472 618 3542; x_wconf 86' lang='lat' dir='ltr'><strong>cujus</strong></span> <span class='ocrx_word' id='word_1_257' title='bbox 663 3479 812 3527; x_wconf 82' lang='lat' dir='ltr'><strong>esset</strong></span> <span class='ocrx_word' id='word_1_258' title='bbox 854 3481 1043 3544; x_wconf 88' lang='lat' dir='ltr'><strong>typus;</strong></span> <span class='ocrx_word' id='word_1_259' title='bbox 1093 3472 1334 3542; x_wconf 88' lang='lat' dir='ltr'><strong>horruit,</strong></span> <span class='ocrx_word' id='word_1_260' title='bbox 1381 3487 1608 3533; x_wconf 91' lang='lat' dir='ltr'><strong>mortem</strong></span> <span class='ocrx_word' id='word_1_261' title='bbox 1663 3480 1874 3536; x_wconf 89' lang='lat' dir='ltr'><strong>Domini</strong></span> 
     </span>
    </p>
   </div>
   <div class='ocr_carea' id='block_1_36' title="bbox 278 3563 1878 3642">
    <p class='ocr_par' dir='ltr' id='par_1_36' title="bbox 278 3563 1878 3642">
     <span class='ocr_line' id='line_1_36' title="bbox 278 3563 1878 3642; baseline 0.004 -23"><span class='ocrx_word' id='word_1_262' title='bbox 278 3564 518 3635; x_wconf 86' lang='lat' dir='ltr'><strong>cogitans</strong></span> <span class='ocrx_word' id='word_1_263' title='bbox 552 3579 567 3616; x_wconf 87' lang='lat'><strong>:</strong></span> <span class='ocrx_word' id='word_1_264' title='bbox 596 3571 878 3631; x_wconf 86' lang='lat' dir='ltr'><strong>propterea</strong></span> <span class='ocrx_word' id='word_1_265' title='bbox 906 3578 1011 3616; x_wconf 91' lang='lat' dir='ltr'><strong>non</strong></span> <span class='ocrx_word' id='word_1_266' title='bbox 1041 3563 1291 3633; x_wconf 82' lang='lat' dir='ltr'><strong>tangebat</strong></span> <span class='ocrx_word' id='word_1_267' title='bbox 1316 3575 1515 3637; x_wconf 73' lang='lat' dir='ltr'><strong>postes.</strong></span> <span class='ocrx_word' id='word_1_268' title='bbox 1558 3568 1698 3624; x_wconf 82' lang='lat' dir='ltr'><strong>Dixit</strong></span> <span class='ocrx_word' id='word_1_269' title='bbox 1726 3571 1878 3642; x_wconf 84' lang='lat' dir='ltr'><strong>Moy-</strong></span> 
     </span>
    </p>
   </div>
   <div class='ocr_carea' id='block_1_37' title="bbox 279 3652 1878 3727">
    <p class='ocr_par' dir='ltr' id='par_1_37' title="bbox 279 3652 1878 3727">
     <span class='ocr_line' id='line_1_37' title="bbox 279 3652 1878 3727; baseline 0.008 -22"><span class='ocrx_word' id='word_1_270' title='bbox 279 3670 400 3721; x_wconf 81' lang='lat' dir='ltr'><strong>ses,</strong></span> <span class='ocrx_word' id='word_1_271' title='bbox 439 3652 675 3725; x_wconf 82' lang='lat' dir='ltr'><strong>Ungite;</strong></span> <span class='ocrx_word' id='word_1_272' title='bbox 730 3660 786 3707; x_wconf 90' lang='lat' dir='ltr'><strong>et</strong></span> <span class='ocrx_word' id='word_1_273' title='bbox 830 3662 1130 3720; x_wconf 88' lang='lat' dir='ltr'><strong>unxerunt,</strong></span> <span class='ocrx_word' id='word_1_274' title='bbox 1179 3653 1498 3727; x_wconf 83' lang='lat' dir='ltr'><strong>fueruntque</strong></span> <span class='ocrx_word' id='word_1_275' title='bbox 1546 3659 1878 3717; x_wconf 88' lang='lat' dir='ltr'><strong>conﬁdentes</strong></span> 
     </span>
    </p>
   </div>
   <div class='ocr_carea' id='block_1_38' title="bbox 279 3744 1874 3823">
    <p class='ocr_par' dir='ltr' id='par_1_38' title="bbox 279 3744 1874 3823">
     <span class='ocr_line' id='line_1_38' title="bbox 279 3744 1874 3823; baseline 0.006 -21"><span class='ocrx_word' id='word_1_276' title='bbox 279 3757 332 3802; x_wconf 88' lang='lat' dir='ltr'><strong>et</strong></span> <span class='ocrx_word' id='word_1_277' title='bbox 358 3746 559 3802; x_wconf 88' lang='lat' dir='ltr'><strong>securi.</strong></span> <span class='ocrx_word' id='word_1_278' title='bbox 592 3744 700 3801; x_wconf 85' lang='lat' dir='ltr'><strong>Vos</strong></span> <span class='ocrx_word' id='word_1_279' title='bbox 725 3753 903 3800; x_wconf 89' lang='lat' dir='ltr'><strong>autem</strong></span> <span class='ocrx_word' id='word_1_280' title='bbox 930 3745 1099 3816; x_wconf 89' lang='lat' dir='ltr'><strong>ipsius</strong></span> <span class='ocrx_word' id='word_1_281' title='bbox 1113 3748 1237 3818; x_wconf 87' lang='lat' dir='ltr'><strong>agni</strong></span> <span class='ocrx_word' id='word_1_282' title='bbox 1258 3748 1517 3805; x_wconf 89' lang='lat' dir='ltr'><strong>habentes</strong></span> <span class='ocrx_word' id='word_1_283' title='bbox 1539 3755 1874 3823; x_wconf 85' lang='lat' dir='ltr'><strong>sanguinem,</strong></span> 
     </span>
    </p>
   </div>
   <div class='ocr_carea' id='block_1_39' title="bbox 281 3836 1875 3912">
    <p class='ocr_par' dir='ltr' id='par_1_39' title="bbox 281 3836 1875 3912">
     <span class='ocr_line' id='line_1_39' title="bbox 281 3836 1875 3912; baseline 0.004 -18"><span class='ocrx_word' id='word_1_284' title='bbox 281 3855 382 3894; x_wconf 88' lang='lat' dir='ltr'><strong>non</strong></span> <span class='ocrx_word' id='word_1_285' title='bbox 411 3836 723 3894; x_wconf 79' lang='lat' dir='ltr'><strong>conﬁditis?</strong></span> <span class='ocrx_word' id='word_1_286' title='bbox 766 3836 899 3892; x_wconf 82' lang='lat' dir='ltr'><strong>Fide</strong></span> <span class='ocrx_word' id='word_1_287' title='bbox 935 3841 1243 3893; x_wconf 82' lang='lat' dir='ltr'><strong>transierunt</strong></span> <span class='ocrx_word' id='word_1_288' title='bbox 1273 3858 1412 3895; x_wconf 88' lang='lat' dir='ltr'><strong>mare</strong></span> <span class='ocrx_word' id='word_1_289' title='bbox 1442 3842 1706 3912; x_wconf 82' lang='lat' dir='ltr'><strong>Rubrum,</strong></span> <span class='ocrx_word' id='word_1_290' title='bbox 1740 3855 1875 3901; x_wconf 81' lang='lat' dir='ltr'><strong>tam-</strong></span> 
     </span>
    </p>
   </div>
   <div class='ocr_carea' id='block_1_40' title="bbox 279 3928 1878 4004">
    <p class='ocr_par' dir='ltr' id='par_1_40' title="bbox 279 3928 1878 4004">
     <span class='ocr_line' id='line_1_40' title="bbox 279 3928 1878 4004; baseline 0.007 -21"><span class='ocrx_word' id='word_1_291' title='bbox 279 3946 425 4000; x_wconf 78' lang='lat' dir='ltr'><strong>quam</strong></span> <span class='ocrx_word' id='word_1_292' title='bbox 453 3946 547 4001; x_wconf 86' lang='lat' dir='ltr'><strong>per</strong></span> <span class='ocrx_word' id='word_1_293' title='bbox 569 3928 999 3985; x_wconf 75' lang='lat' dir='ltr'><strong>aridamterram.</strong></span> <span class='ocrx_word' id='word_1_294' title='bbox 1031 3930 1236 3986; x_wconf 81' lang='lat' dir='ltr'><strong>Rursus</strong></span> <span class='ocrx_word' id='word_1_295' title='bbox 1265 3941 1432 3986; x_wconf 89' lang='lat' dir='ltr'><strong>totum</strong></span> <span class='ocrx_word' id='word_1_296' title='bbox 1458 3936 1708 4004; x_wconf 88' lang='lat' dir='ltr'><strong>populum</strong></span> <span class='ocrx_word' id='word_1_297' title='bbox 1731 3954 1878 3995; x_wconf 80' lang='lat' dir='ltr'><strong>com-</strong></span> 
     </span>
    </p>
   </div>
   <div class='ocr_carea' id='block_1_41' title="bbox 284 4019 1881 4092">
    <p class='ocr_par' dir='ltr' id='par_1_41' title="bbox 284 4019 1881 4092">
     <span class='ocr_line' id='line_1_41' title="bbox 284 4019 1881 4092; baseline 0.008 -19"><span class='ocrx_word' id='word_1_298' title='bbox 284 4030 436 4090; x_wconf 82' lang='lat' dir='ltr'><strong>parat</strong></span> <span class='ocrx_word' id='word_1_299' title='bbox 470 4019 696 4091; x_wconf 89' lang='lat' dir='ltr'><strong>populo,</strong></span> <span class='ocrx_word' id='word_1_300' title='bbox 727 4034 796 4074; x_wconf 90' lang='lat' dir='ltr'><strong>ne</strong></span> <span class='ocrx_word' id='word_1_301' title='bbox 832 4021 1043 4087; x_wconf 87' lang='lat' dir='ltr'><strong>dicant,</strong></span> <span class='ocrx_word' id='word_1_302' title='bbox 1084 4021 1198 4076; x_wconf 86' lang='lat' dir='ltr'><strong>Non</strong></span> <span class='ocrx_word' id='word_1_303' title='bbox 1245 4037 1531 4092; x_wconf 89' lang='lat' dir='ltr'><strong>possumus</strong></span> <span class='ocrx_word' id='word_1_304' title='bbox 1578 4044 1698 4083; x_wconf 85' lang='lat' dir='ltr'><strong>esse</strong></span> <span class='ocrx_word' id='word_1_305' title='bbox 1742 4032 1881 4086; x_wconf 85' lang='lat' dir='ltr'><strong>sicut</strong></span> 
     </span>
    </p>
   </div>
   <div class='ocr_carea' id='block_1_42' title="bbox 283 4111 1874 4182">
    <p class='ocr_par' dir='ltr' id='par_1_42' title="bbox 283 4111 1874 4182">
     <span class='ocr_line' id='line_1_42' title="bbox 283 4111 1874 4182; baseline 0.001 -15"><span class='ocrx_word' id='word_1_306' title='bbox 283 4114 473 4168; x_wconf 78' lang='lat' dir='ltr'><strong>sancti.</strong></span> <span class='ocrx_word' id='word_1_307' title='bbox 506 4111 659 4174; x_wconf 79' lang='lat' dir='ltr'><strong>Fide,</strong></span> <span class='ocrx_word' id='word_1_308' title='bbox 693 4113 884 4182; x_wconf 87' lang='lat' dir='ltr'><strong>inquit.</strong></span> <span class='ocrx_word' id='word_1_309' title='bbox 914 4115 1222 4169; x_wconf 82' lang='lat' dir='ltr'><strong>transierunt</strong></span> <span class='ocrx_word' id='word_1_310' title='bbox 1263 4133 1404 4171; x_wconf 85' lang='lat' dir='ltr'><strong>mare</strong></span> <span class='ocrx_word' id='word_1_311' title='bbox 1453 4120 1707 4178; x_wconf 80' lang='lat' dir='ltr'><strong>Rubrum.</strong></span> <span class='ocrx_word' id='word_1_312' title='bbox 1744 4136 1874 4177; x_wconf 84' lang='lat' dir='ltr'><strong>Imn-</strong></span> 
     </span>
    </p>
   </div>
   <div class='ocr_carea' id='block_1_43' title="bbox 288 4202 1866 4273">
    <p class='ocr_par' dir='ltr' id='par_1_43' title="bbox 288 4202 1866 4273">
     <span class='ocr_line' id='line_1_43' title="bbox 288 4202 1866 4273; baseline 0 -17"><span class='ocrx_word' id='word_1_313' title='bbox 288 4221 437 4272; x_wconf 81' lang='lat' dir='ltr'><strong>quam</strong></span> <span class='ocrx_word' id='word_1_314' title='bbox 459 4220 552 4266; x_wconf 79' lang='lat' dir='ltr'><strong>per</strong></span> <span class='ocrx_word' id='word_1_315' title='bbox 575 4203 775 4257; x_wconf 81' lang='lat' dir='ltr'><strong>aridam</strong></span> <span class='ocrx_word' id='word_1_316' title='bbox 793 4212 979 4256; x_wconf 88' lang='lat' dir='ltr'><strong>terram</strong></span> <span class='ocrx_word' id='word_1_317' title='bbox 999 4219 1017 4255; x_wconf 90' lang='lat'><strong><em>:</em></strong></span> <span class='ocrx_word' id='word_1_318' title='bbox 1038 4203 1172 4270; x_wconf 83' lang='lat' dir='ltr'><strong>quod</strong></span> <span class='ocrx_word' id='word_1_319' title='bbox 1196 4204 1388 4273; x_wconf 67' lang='lat' dir='ltr'><strong>experti</strong></span> <span class='ocrx_word' id='word_1_320' title='bbox 1404 4202 1641 4273; x_wconf 47' lang='lat' dir='ltr'><strong>(Egyptii</strong></span> <span class='ocrx_word' id='word_1_321' title='bbox 1662 4203 1866 4271; x_wconf 80' lang='lat' dir='ltr'><strong>{uerunt</strong></span> 
     </span>
    </p>
   </div>
   <div class='ocr_carea' id='block_1_44' title="bbox 288 4294 1866 4363">
    <p class='ocr_par' dir='ltr' id='par_1_44' title="bbox 288 4294 1866 4363">
     <span class='ocr_line' id='line_1_44' title="bbox 288 4294 1866 4363; baseline -0.003 -12"><span class='ocrx_word' id='word_1_322' title='bbox 288 4297 552 4352; x_wconf 74' lang='lat' dir='ltr'><strong>submersi.</strong></span> <span class='ocrx_word' id='word_1_323' title='bbox 589 4294 690 4350; x_wconf 80' lang='lat' dir='ltr'><strong>Hic</strong></span> <span class='ocrx_word' id='word_1_324' title='bbox 716 4295 796 4349; x_wconf 85' lang='lat' dir='ltr'><strong>eis</strong></span> <span class='ocrx_word' id='word_1_325' title='bbox 825 4305 1037 4348; x_wconf 81' lang='lat' dir='ltr'><strong>revocat</strong></span> <span class='ocrx_word' id='word_1_326' title='bbox 1065 4295 1118 4347; x_wconf 93' lang='lat' dir='ltr'><strong>in</strong></span> <span class='ocrx_word' id='word_1_327' title='bbox 1150 4294 1460 4348; x_wconf 90' lang='lat' dir='ltr'><strong>memoriam</strong></span> <span class='ocrx_word' id='word_1_328' title='bbox 1499 4309 1560 4347; x_wconf 88' lang='lat' dir='ltr'><strong>ea</strong></span> <span class='ocrx_word' id='word_1_329' title='bbox 1587 4309 1704 4363; x_wconf 76' lang='lat' dir='ltr'><strong>qua:</strong></span> <span class='ocrx_word' id='word_1_330' title='bbox 1745 4308 1866 4361; x_wconf 88' lang='lat' dir='ltr'><strong>per-</strong></span> 
     </span>
    </p>
   </div>
   <div class='ocr_carea' id='block_1_45' title="bbox 287 4383 1864 4456">
    <p class='ocr_par' dir='ltr' id='par_1_45' title="bbox 287 4383 1864 4456">
     <span class='ocr_line' id='line_1_45' title="bbox 287 4383 1864 4456; baseline -0.003 -14"><span class='ocrx_word' id='word_1_331' title='bbox 287 4388 425 4456; x_wconf 85' lang='lat' dir='ltr'><strong>pessi</strong></span> <span class='ocrx_word' id='word_1_332' title='bbox 455 4395 587 4441; x_wconf 85' lang='lat' dir='ltr'><strong>sunt</strong></span> <span class='ocrx_word' id='word_1_333' title='bbox 614 4385 667 4440; x_wconf 92' lang='lat' dir='ltr'><strong>in</strong></span> <span class='ocrx_word' id='word_1_334' title='bbox 698 4384 947 4456; x_wconf 72' lang='lat' dir='ltr'><strong>Egypto.</strong></span> <span class='ocrx_word' id='word_1_335' title='bbox 979 4384 1259 4452; x_wconf 84' lang='lat' dir='ltr'><strong>Quomodo</strong></span> <span class='ocrx_word' id='word_1_336' title='bbox 1285 4384 1421 4439; x_wconf 85' lang='lat' dir='ltr'><strong>fide?</strong></span> <span class='ocrx_word' id='word_1_337' title='bbox 1450 4383 1711 4451; x_wconf 89' lang='lat' dir='ltr'><strong>Quoniam</strong></span> <span class='ocrx_word' id='word_1_338' title='bbox 1742 4398 1864 4451; x_wconf 79' lang='lat' dir='ltr'><strong>spe-</strong></span> 
     </span>
    </p>
   </div>
   <div class='ocr_carea' id='block_1_46' title="bbox 285 4474 1862 4547">
    <p class='ocr_par' dir='ltr' id='par_1_46' title="bbox 285 4474 1862 4547">
     <span class='ocr_line' id='line_1_46' title="bbox 285 4474 1862 4547; baseline -0.005 -13"><span class='ocrx_word' id='word_1_339' title='bbox 285 4486 471 4534; x_wconf 88' lang='lat' dir='ltr'><strong>rarunt</strong></span> <span class='ocrx_word' id='word_1_340' title='bbox 494 4493 556 4534; x_wconf 89' lang='lat' dir='ltr'><strong>se</strong></span> <span class='ocrx_word' id='word_1_341' title='bbox 587 4491 685 4547; x_wconf 89' lang='lat' dir='ltr'><strong>per</strong></span> <span class='ocrx_word' id='word_1_342' title='bbox 704 4492 850 4531; x_wconf 88' lang='lat' dir='ltr'><strong>mare</strong></span> <span class='ocrx_word' id='word_1_343' title='bbox 878 4474 1214 4538; x_wconf 86' lang='lat' dir='ltr'><strong>transituros,</strong></span> <span class='ocrx_word' id='word_1_344' title='bbox 1237 4484 1291 4529; x_wconf 91' lang='lat' dir='ltr'><strong>et</strong></span> <span class='ocrx_word' id='word_1_345' title='bbox 1318 4474 1437 4529; x_wconf 89' lang='lat' dir='ltr'><strong>ideo</strong></span> <span class='ocrx_word' id='word_1_346' title='bbox 1465 4477 1723 4528; x_wconf 85' lang='lat' dir='ltr'><strong>orabant:</strong></span> <span class='ocrx_word' id='word_1_347' title='bbox 1754 4474 1862 4527; x_wconf 91' lang='lat' dir='ltr'><strong>imo</strong></span> 
     </span>
    </p>
   </div>
   <div class='ocr_carea' id='block_1_47' title="bbox 284 4565 1859 4638">
    <p class='ocr_par' dir='ltr' id='par_1_47' title="bbox 284 4565 1859 4638">
     <span class='ocr_line' id='line_1_47' title="bbox 284 4565 1859 4638; baseline -0.003 -17"><span class='ocrx_word' id='word_1_348' title='bbox 284 4584 407 4625; x_wconf 78' lang='lat' dir='ltr'><strong>vero</strong></span> <span class='ocrx_word' id='word_1_349' title='bbox 428 4578 549 4625; x_wconf 88' lang='lat' dir='ltr'><strong>erat</strong></span> <span class='ocrx_word' id='word_1_350' title='bbox 577 4568 790 4638; x_wconf 80' lang='lat' dir='ltr'><strong>Moyses</strong></span> <span class='ocrx_word' id='word_1_351' title='bbox 813 4567 902 4636; x_wconf 91' lang='lat' dir='ltr'><strong>qui</strong></span> <span class='ocrx_word' id='word_1_352' title='bbox 922 4567 1129 4620; x_wconf 89' lang='lat' dir='ltr'><strong>orabat.</strong></span> <span class='ocrx_word' id='word_1_353' title='bbox 1159 4565 1317 4620; x_wconf 82' lang='lat' dir='ltr'><strong>Vides</strong></span> <span class='ocrx_word' id='word_1_354' title='bbox 1346 4565 1484 4635; x_wconf 89' lang='lat' dir='ltr'><strong>quod</strong></span> <span class='ocrx_word' id='word_1_355' title='bbox 1516 4565 1707 4634; x_wconf 90' lang='lat' dir='ltr'><strong>ubique</strong></span> <span class='ocrx_word' id='word_1_356' title='bbox 1728 4565 1859 4618; x_wconf 90' lang='lat' dir='ltr'><strong>ﬁdes</strong></span> 
     </span>
    </p>
   </div>
   <div class='ocr_carea' id='block_1_48' title="bbox 283 4657 1859 4729">
    <p class='ocr_par' dir='ltr' id='par_1_48' title="bbox 283 4657 1859 4729">
     <span class='ocr_line' id='line_1_48' title="bbox 283 4657 1859 4729; baseline -0.005 -13"><span class='ocrx_word' id='word_1_357' title='bbox 283 4660 510 4716; x_wconf 80' lang='lat' dir='ltr'><strong>humana</strong></span> <span class='ocrx_word' id='word_1_358' title='bbox 537 4666 828 4729; x_wconf 77' lang='lat' dir='ltr'><strong>exsuperat</strong></span> <span class='ocrx_word' id='word_1_359' title='bbox 854 4658 1127 4712; x_wconf 84' lang='lat' dir='ltr'><strong>ratiocinia</strong></span> <span class='ocrx_word' id='word_1_360' title='bbox 1154 4667 1209 4712; x_wconf 88' lang='lat' dir='ltr'><strong>et</strong></span> <span class='ocrx_word' id='word_1_361' title='bbox 1238 4657 1652 4712; x_wconf 86' lang='lat' dir='ltr'><strong>imbecillitatem</strong></span> <span class='ocrx_word' id='word_1_362' title='bbox 1682 4666 1733 4710; x_wconf 90' lang='lat' dir='ltr'><strong>et</strong></span> <span class='ocrx_word' id='word_1_363' title='bbox 1759 4657 1859 4709; x_wconf 82' lang='lat' dir='ltr'><strong>hu-</strong></span> 
     </span>
    </p>
   </div>
   <div class='ocr_carea' id='block_1_49' title="bbox 281 4748 1852 4818">
    <p class='ocr_par' dir='ltr' id='par_1_49' title="bbox 281 4748 1852 4818">
     <span class='ocr_line' id='line_1_49' title="bbox 281 4748 1852 4818; baseline -0.004 -10"><span class='ocrx_word' id='word_1_364' title='bbox 281 4752 601 4808; x_wconf 82' lang='lat' dir='ltr'><strong>militatem?</strong></span> <span class='ocrx_word' id='word_1_365' title='bbox 633 4750 821 4815; x_wconf 85' lang='lat' dir='ltr'><strong>vides,</strong></span> <span class='ocrx_word' id='word_1_366' title='bbox 845 4750 1006 4805; x_wconf 89' lang='lat' dir='ltr'><strong>simul</strong></span> <span class='ocrx_word' id='word_1_367' title='bbox 1033 4759 1087 4804; x_wconf 93' lang='lat' dir='ltr'><strong>et</strong></span> <span class='ocrx_word' id='word_1_368' title='bbox 1113 4748 1431 4813; x_wconf 88' lang='lat' dir='ltr'><strong>credebant,</strong></span> <span class='ocrx_word' id='word_1_369' title='bbox 1464 4757 1518 4803; x_wconf 89' lang='lat' dir='ltr'><strong>et</strong></span> <span class='ocrx_word' id='word_1_370' title='bbox 1540 4749 1852 4818; x_wconf 81' lang='lat' dir='ltr'><strong>supplicium</strong></span> 
     </span>
    </p>
   </div>
   <div class='ocr_carea' id='block_1_50' title="bbox 278 4840 1853 4909">
    <p class='ocr_par' dir='ltr' id='par_1_50' title="bbox 278 4840 1853 4909">
     <span class='ocr_line' id='line_1_50' title="bbox 278 4840 1853 4909; baseline -0.004 -9"><span class='ocrx_word' id='word_1_371' title='bbox 278 4849 660 4909; x_wconf 86' lang='lat' dir='ltr'><strong>cxtimuerunt,</strong></span> <span class='ocrx_word' id='word_1_372' title='bbox 701 4851 757 4896; x_wconf 89' lang='lat' dir='ltr'><strong>et</strong></span> <span class='ocrx_word' id='word_1_373' title='bbox 791 4842 845 4895; x_wconf 88' lang='lat' dir='ltr'><strong>in</strong></span> <span class='ocrx_word' id='word_1_374' title='bbox 883 4842 1140 4909; x_wconf 78' lang='lat' dir='ltr'><strong>sanguine</strong></span> <span class='ocrx_word' id='word_1_375' title='bbox 1173 4840 1451 4905; x_wconf 86' lang='lat' dir='ltr'><strong>ostiorum,</strong></span> <span class='ocrx_word' id='word_1_376' title='bbox 1492 4852 1544 4893; x_wconf 91' lang='lat' dir='ltr'><strong>et</strong></span> <span class='ocrx_word' id='word_1_377' title='bbox 1580 4841 1631 4894; x_wconf 90' lang='lat' dir='ltr'><strong>in</strong></span> <span class='ocrx_word' id='word_1_378' title='bbox 1671 4840 1853 4894; x_wconf 83' lang='lat' dir='ltr'><strong>Rubro</strong></span> 
     </span>
    </p>
   </div>
   <div class='ocr_carea' id='block_1_51' title="bbox 277 4932 1850 5002">
    <p class='ocr_par' dir='ltr' id='par_1_51' title="bbox 277 4932 1850 5002">
     <span class='ocr_line' id='line_1_51' title="bbox 277 4932 1850 5002; baseline -0.004 -11"><span class='ocrx_word' id='word_1_379' title='bbox 277 4939 444 4993; x_wconf 82' lang='lat' dir='ltr'><strong>mari?</strong></span> <span class='ocrx_word' id='word_1_380' title='bbox 481 4938 555 4993; x_wconf 85' lang='lat' dir='ltr'><strong>Et-</strong></span> <span class='ocrx_word' id='word_1_381' title='bbox 577 4935 681 4990; x_wconf 88' lang='lat' dir='ltr'><strong>hoc</strong></span> <span class='ocrx_word' id='word_1_382' title='bbox 704 4934 1008 4990; x_wconf 77' lang='lat' dir='ltr'><strong>declarabat</strong></span> <span class='ocrx_word' id='word_1_383' title='bbox 1035 4934 1196 4987; x_wconf 83' lang='lat' dir='ltr'><strong>fuisse</strong></span> <span class='ocrx_word' id='word_1_384' title='bbox 1223 4947 1447 5002; x_wconf 88' lang='lat' dir='ltr'><strong>aquam,</strong></span> <span class='ocrx_word' id='word_1_385' title='bbox 1491 4948 1585 5001; x_wconf 87' lang='lat' dir='ltr'><strong>per</strong></span> <span class='ocrx_word' id='word_1_386' title='bbox 1628 4947 1721 4986; x_wconf 89' lang='lat' dir='ltr'><strong>eos</strong></span> <span class='ocrx_word' id='word_1_387' title='bbox 1763 4932 1850 5002; x_wconf 92' lang='lat' dir='ltr'><strong>qui</strong></span> 
     </span>
    </p>
   </div>
   <div class='ocr_carea' id='block_1_52' title="bbox 270 5021 1850 5087">
    <p class='ocr_par' dir='ltr' id='par_1_52' title="bbox 270 5021 1850 5087">
     <span class='ocr_line' id='line_1_52' title="bbox 270 5021 1850 5087; baseline -0.003 -6"><span class='ocrx_word' id='word_1_388' title='bbox 270 5028 586 5084; x_wconf 81' lang='lat' dir='ltr'><strong>ceciderunt</strong></span> <span class='ocrx_word' id='word_1_389' title='bbox 625 5035 680 5080; x_wconf 85' lang='lat' dir='ltr'><strong>et</strong></span> <span class='ocrx_word' id='word_1_390' title='bbox 722 5027 773 5078; x_wconf 86' lang='lat' dir='ltr'><strong>in</strong></span> <span class='ocrx_word' id='word_1_391' title='bbox 808 5040 871 5079; x_wconf 88' lang='lat' dir='ltr'><strong>ea</strong></span> <span class='ocrx_word' id='word_1_392' title='bbox 913 5024 1126 5077; x_wconf 78' lang='lat' dir='ltr'><strong>fuerunt</strong></span> <span class='ocrx_word' id='word_1_393' title='bbox 1154 5021 1415 5087; x_wconf 80' lang='lat' dir='ltr'><strong>suﬁ&#39;ocati,</strong></span> <span class='ocrx_word' id='word_1_394' title='bbox 1449 5031 1502 5075; x_wconf 89' lang='lat' dir='ltr'><strong>et</strong></span> <span class='ocrx_word' id='word_1_395' title='bbox 1537 5038 1640 5075; x_wconf 91' lang='lat' dir='ltr'><strong>non</strong></span> <span class='ocrx_word' id='word_1_396' title='bbox 1687 5021 1850 5076; x_wconf 64' lang='lat' dir='ltr'><strong>fﬂiSsC</strong></span> 
     </span>
    </p>
   </div>
   <div class='ocr_carea' id='block_1_53' title="bbox 273 5110 1848 5180">
    <p class='ocr_par' dir='ltr' id='par_1_53' title="bbox 273 5110 1848 5180">
     <span class='ocr_line' id='line_1_53' title="bbox 273 5110 1848 5180; baseline -0.003 -12"><span class='ocrx_word' id='word_1_397' title='bbox 273 5117 558 5180; x_wconf 86' lang='lat' dir='ltr'><strong>visionem,</strong></span> <span class='ocrx_word' id='word_1_398' title='bbox 590 5114 686 5169; x_wconf 84' lang='lat' dir='ltr'><strong>sed</strong></span> <span class='ocrx_word' id='word_1_399' title='bbox 716 5114 1009 5168; x_wconf 81' lang='lat' dir='ltr'><strong>veritatem.</strong></span> <span class='ocrx_word' id='word_1_400' title='bbox 1051 5111 1155 5166; x_wconf 89' lang='lat' dir='ltr'><strong>Sed</strong></span> <span class='ocrx_word' id='word_1_401' title='bbox 1189 5112 1326 5165; x_wconf 88' lang='lat' dir='ltr'><strong>sicut</strong></span> <span class='ocrx_word' id='word_1_402' title='bbox 1360 5111 1448 5180; x_wconf 87' lang='lat' dir='ltr'><strong>qui</strong></span> <span class='ocrx_word' id='word_1_403' title='bbox 1484 5110 1697 5165; x_wconf 81' lang='lat' dir='ltr'><strong>fuerunt</strong></span> <span class='ocrx_word' id='word_1_404' title='bbox 1721 5127 1848 5165; x_wconf 86' lang='lat' dir='ltr'><strong>con—</strong></span> 
     </span>
    </p>
   </div>
   <div class='ocr_carea' id='block_1_54' title="bbox 268 5200 1846 5281">
    <p class='ocr_par' dir='ltr' id='par_1_54' title="bbox 268 5200 1846 5281">
     <span class='ocr_line' id='line_1_54' title="bbox 268 5200 1846 5281; baseline -0.004 -17"><span class='ocrx_word' id='word_1_405' title='bbox 268 5200 464 5281; x_wconf 77' lang='lat' dir='ltr'><strong>stttnpti</strong></span> <span class='ocrx_word' id='word_1_406' title='bbox 493 5224 525 5261; x_wconf 89' lang='lat' dir='ltr'><strong>a</strong></span> <span class='ocrx_word' id='word_1_407' title='bbox 556 5206 822 5272; x_wconf 89' lang='lat' dir='ltr'><strong>leonibus,</strong></span> <span class='ocrx_word' id='word_1_408' title='bbox 844 5203 1197 5260; x_wconf 86' lang='lat' dir='ltr'><strong>ostendebant</strong></span> <span class='ocrx_word' id='word_1_409' title='bbox 1237 5220 1415 5257; x_wconf 89' lang='lat' dir='ltr'><strong>rerum</strong></span> <span class='ocrx_word' id='word_1_410' title='bbox 1447 5204 1759 5269; x_wconf 87' lang='lat' dir='ltr'><strong>veritatem,</strong></span> <span class='ocrx_word' id='word_1_411' title='bbox 1792 5214 1846 5259; x_wconf 86' lang='lat' dir='ltr'><strong>et</strong></span> 
     </span>
    </p>
   </div>
   <div class='ocr_carea' id='block_1_55' title="bbox 266 5293 1844 5369">
    <p class='ocr_par' dir='ltr' id='par_1_55' title="bbox 266 5293 1844 5369">
     <span class='ocr_line' id='line_1_55' title="bbox 266 5293 1844 5369; baseline -0.003 -15"><span class='ocrx_word' id='word_1_412' title='bbox 266 5300 351 5369; x_wconf 87' lang='lat' dir='ltr'><strong>qui</strong></span> <span class='ocrx_word' id='word_1_413' title='bbox 374 5297 646 5354; x_wconf 87' lang='lat' dir='ltr'><strong>combusti</strong></span> <span class='ocrx_word' id='word_1_414' title='bbox 677 5295 891 5351; x_wconf 79' lang='lat' dir='ltr'><strong>fuerunt</strong></span> <span class='ocrx_word' id='word_1_415' title='bbox 916 5295 965 5349; x_wconf 92' lang='lat' dir='ltr'><strong>in</strong></span> <span class='ocrx_word' id='word_1_416' title='bbox 994 5293 1227 5360; x_wconf 81' lang='lat' dir='ltr'><strong>fornace,</strong></span> <span class='ocrx_word' id='word_1_417' title='bbox 1260 5295 1331 5349; x_wconf 91' lang='lat' dir='ltr'><strong>ita</strong></span> <span class='ocrx_word' id='word_1_418' title='bbox 1364 5311 1504 5349; x_wconf 89' lang='lat' dir='ltr'><strong>nunc</strong></span> <span class='ocrx_word' id='word_1_419' title='bbox 1529 5311 1736 5364; x_wconf 85' lang='lat' dir='ltr'><strong>quoque</strong></span> <span class='ocrx_word' id='word_1_420' title='bbox 1766 5297 1844 5349; x_wconf 81' lang='lat' dir='ltr'><strong>vi-</strong></span> 
     </span>
    </p>
   </div>
   <div class='ocr_carea' id='block_1_56' title="bbox 265 5386 1845 5457">
    <p class='ocr_par' dir='ltr' id='par_1_56' title="bbox 265 5386 1845 5457">
     <span class='ocr_line' id='line_1_56' title="bbox 265 5386 1845 5457; baseline -0.003 -11"><span class='ocrx_word' id='word_1_421' title='bbox 265 5392 358 5447; x_wconf 88' lang='lat' dir='ltr'><strong>des</strong></span> <span class='ocrx_word' id='word_1_422' title='bbox 381 5406 472 5448; x_wconf 85' lang='lat' dir='ltr'><strong>res</strong></span> <span class='ocrx_word' id='word_1_423' title='bbox 492 5389 711 5447; x_wconf 88' lang='lat' dir='ltr'><strong>easdem</strong></span> <span class='ocrx_word' id='word_1_424' title='bbox 736 5389 818 5443; x_wconf 91' lang='lat' dir='ltr'><strong>his</strong></span> <span class='ocrx_word' id='word_1_425' title='bbox 842 5386 1055 5457; x_wconf 84' lang='lat' dir='ltr'><strong>quidem</strong></span> <span class='ocrx_word' id='word_1_426' title='bbox 1079 5387 1240 5441; x_wconf 88' lang='lat' dir='ltr'><strong>fuisse</strong></span> <span class='ocrx_word' id='word_1_427' title='bbox 1261 5387 1417 5441; x_wconf 89' lang='lat' dir='ltr'><strong>saluti</strong></span> <span class='ocrx_word' id='word_1_428' title='bbox 1437 5396 1489 5442; x_wconf 88' lang='lat' dir='ltr'><strong>et</strong></span> <span class='ocrx_word' id='word_1_429' title='bbox 1512 5388 1712 5457; x_wconf 70' lang='lat' dir='ltr'><strong>gloriae,</strong></span> <span class='ocrx_word' id='word_1_430' title='bbox 1739 5389 1845 5442; x_wconf 90' lang='lat' dir='ltr'><strong>illis</strong></span> 
     </span>
    </p>
   </div>
   <div class='ocr_carea' id='block_1_57' title="bbox 264 5478 1841 5548">
    <p class='ocr_par' dir='ltr' id='par_1_57' title="bbox 264 5478 1841 5548">
     <span class='ocr_line' id='line_1_57' title="bbox 264 5478 1841 5548; baseline -0.004 -8"><span class='ocrx_word' id='word_1_431' title='bbox 264 5491 438 5540; x_wconf 79' lang='lat' dir='ltr'><strong>autem</strong></span> <span class='ocrx_word' id='word_1_432' title='bbox 462 5480 655 5536; x_wconf 83' lang='lat' dir='ltr'><strong>exitio.</strong></span> <span class='ocrx_word' id='word_1_433' title='bbox 686 5478 912 5533; x_wconf 87' lang='lat' dir='ltr'><strong>Tantum</strong></span> <span class='ocrx_word' id='word_1_434' title='bbox 945 5478 1140 5534; x_wconf 89' lang='lat' dir='ltr'><strong>bonum</strong></span> <span class='ocrx_word' id='word_1_435' title='bbox 1169 5486 1252 5532; x_wconf 89' lang='lat' dir='ltr'><strong>est</strong></span> <span class='ocrx_word' id='word_1_436' title='bbox 1278 5478 1408 5533; x_wconf 86' lang='lat' dir='ltr'><strong>ﬁdes</strong></span> <span class='ocrx_word' id='word_1_437' title='bbox 1439 5496 1450 5532; x_wconf 89' lang='lat'><strong>:</strong></span> <span class='ocrx_word' id='word_1_438' title='bbox 1478 5494 1599 5532; x_wconf 89' lang='lat' dir='ltr'><strong>nam</strong></span> <span class='ocrx_word' id='word_1_439' title='bbox 1631 5479 1841 5548; x_wconf 83' lang='lat' dir='ltr'><strong>quando</strong></span> 
     </span>
    </p>
   </div>
   <div class='ocr_carea' id='block_1_58' title="bbox 266 5570 1839 5640">
    <p class='ocr_par' dir='ltr' id='par_1_58' title="bbox 266 5570 1839 5640">
     <span class='ocr_line' id='line_1_58' title="bbox 266 5570 1839 5640; baseline -0.002 -13"><span class='ocrx_word' id='word_1_440' title='bbox 266 5574 327 5628; x_wconf 84' lang='lat' dir='ltr'><strong>ad</strong></span> <span class='ocrx_word' id='word_1_441' title='bbox 365 5583 570 5629; x_wconf 83' lang='lat' dir='ltr'><strong>tantam</strong></span> <span class='ocrx_word' id='word_1_442' title='bbox 609 5570 916 5626; x_wconf 88' lang='lat' dir='ltr'><strong>venerimus</strong></span> <span class='ocrx_word' id='word_1_443' title='bbox 960 5570 1394 5640; x_wconf 83' lang='lat' dir='ltr'><strong>perplexitatem,</strong></span> <span class='ocrx_word' id='word_1_444' title='bbox 1440 5581 1496 5626; x_wconf 88' lang='lat' dir='ltr'><strong>ut</strong></span> <span class='ocrx_word' id='word_1_445' title='bbox 1540 5570 1715 5626; x_wconf 89' lang='lat' dir='ltr'><strong>nullus</strong></span> <span class='ocrx_word' id='word_1_446' title='bbox 1758 5571 1839 5624; x_wconf 81' lang='lat' dir='ltr'><strong>in-</strong></span> 
     </span>
    </p>
   </div>
   <div class='ocr_carea' id='block_1_59' title="bbox 317 5736 1126 5807">
    <p class='ocr_par' dir='ltr' id='par_1_59' title="bbox 317 5736 1126 5807">
     <span class='ocr_line' id='line_1_59' title="bbox 317 5736 1126 5807; baseline 0.014 -20"><span class='ocrx_word' id='word_1_447' title='bbox 317 5736 387 5801; x_wconf 86' lang='lat' dir='ltr'><strong>(u)</strong></span> <span class='ocrx_word' id='word_1_448' title='bbox 413 5738 503 5791; x_wconf 79' lang='lat' dir='ltr'><strong>liic</strong></span> <span class='ocrx_word' id='word_1_449' title='bbox 528 5741 777 5793; x_wconf 77' lang='lat' dir='ltr'><strong>humilium</strong></span> <span class='ocrx_word' id='word_1_450' title='bbox 804 5745 971 5807; x_wconf 78' lang='lat' dir='ltr'><strong>incipit</strong></span> <span class='ocrx_word' id='word_1_451' title='bbox 994 5747 1126 5798; x_wconf 76' lang='lat' dir='ltr'><strong>Colb.</strong></span> 
     </span>
    </p>
   </div>
   <div class='ocr_carea' id='block_1_60' title="bbox 1992 717 3565 795">
    <p class='ocr_par' dir='ltr' id='par_1_60' title="bbox 1992 717 3565 795">
     <span class='ocr_line' id='line_1_60' title="bbox 1992 717 3565 795; baseline 0.008 -25"><span class='ocrx_word' id='word_1_452' title='bbox 1992 717 2442 782; x_wconf 85' lang='lat' dir='ltr'><strong>veniaturexitus,</strong></span> <span class='ocrx_word' id='word_1_453' title='bbox 2464 727 2590 773; x_wconf 84' lang='lat' dir='ltr'><strong>tunc</strong></span> <span class='ocrx_word' id='word_1_454' title='bbox 2607 718 2911 788; x_wconf 88' lang='lat' dir='ltr'><strong>liberamur,</strong></span> <span class='ocrx_word' id='word_1_455' title='bbox 2931 722 3137 778; x_wconf 88' lang='lat' dir='ltr'><strong>etiamsi</strong></span> <span class='ocrx_word' id='word_1_456' title='bbox 3162 724 3227 779; x_wconf 90' lang='lat' dir='ltr'><strong>ad</strong></span> <span class='ocrx_word' id='word_1_457' title='bbox 3247 725 3411 795; x_wconf 86' lang='lat' dir='ltr'><strong>ipsam</strong></span> <span class='ocrx_word' id='word_1_458' title='bbox 3432 743 3565 782; x_wconf 88' lang='lat' dir='ltr'><strong>mor-</strong></span> 
     </span>
    </p>
   </div>
   <div class='ocr_carea' id='block_1_61' title="bbox 1991 807 3565 887">
    <p class='ocr_par' dir='ltr' id='par_1_61' title="bbox 1991 807 3565 887">
     <span class='ocr_line' id='line_1_61' title="bbox 1991 807 3565 887; baseline 0.008 -26"><span class='ocrx_word' id='word_1_459' title='bbox 1991 816 2099 861; x_wconf 82' lang='lat' dir='ltr'><strong>tem</strong></span> <span class='ocrx_word' id='word_1_460' title='bbox 2114 807 2647 870; x_wconf 84' lang='lat' dir='ltr'><strong>venerimus,etiamsi</strong></span> <span class='ocrx_word' id='word_1_461' title='bbox 2665 820 2957 877; x_wconf 61' lang='lat' dir='ltr'><strong>resnostrae</strong></span> <span class='ocrx_word' id='word_1_462' title='bbox 2974 814 3079 867; x_wconf 90' lang='lat' dir='ltr'><strong>sint</strong></span> <span class='ocrx_word' id='word_1_463' title='bbox 3097 815 3251 882; x_wconf 88' lang='lat' dir='ltr'><strong>plane</strong></span> <span class='ocrx_word' id='word_1_464' title='bbox 3266 816 3565 887; x_wconf 76' lang='lat' dir='ltr'><strong>desperata:</strong></span> 
     </span>
    </p>
   </div>
   <div class='ocr_carea' id='block_1_62' title="bbox 1990 896 3561 980">
    <p class='ocr_par' dir='ltr' id='par_1_62' title="bbox 1990 896 3561 980">
     <span class='ocr_line' id='line_1_62' title="bbox 1990 896 3561 980; baseline 0.007 -26"><span class='ocrx_word' id='word_1_465' title='bbox 1990 908 2044 954; x_wconf 90' lang='lat' dir='ltr'><strong>et</strong></span> <span class='ocrx_word' id='word_1_466' title='bbox 2077 897 2391 967; x_wconf 61' lang='lat' dir='ltr'><strong>deploratae.</strong></span> <span class='ocrx_word' id='word_1_467' title='bbox 2420 896 2558 966; x_wconf 86' lang='lat' dir='ltr'><strong>Quid</strong></span> <span class='ocrx_word' id='word_1_468' title='bbox 2598 899 2741 953; x_wconf 89' lang='lat' dir='ltr'><strong>enim</strong></span> <span class='ocrx_word' id='word_1_469' title='bbox 2781 902 3016 956; x_wconf 87' lang='lat' dir='ltr'><strong>restabat</strong></span> <span class='ocrx_word' id='word_1_470' title='bbox 3052 904 3485 980; x_wconf 74' lang='lat' dir='ltr'><strong>aliud?.Egyptii</strong></span> <span class='ocrx_word' id='word_1_471' title='bbox 3507 918 3561 965; x_wconf 91' lang='lat' dir='ltr'><strong>ct</strong></span> 
     </span>
    </p>
   </div>
   <div class='ocr_carea' id='block_1_63' title="bbox 1986 986 3557 1067">
    <p class='ocr_par' dir='ltr' id='par_1_63' title="bbox 1986 986 3557 1067">
     <span class='ocr_line' id='line_1_63' title="bbox 1986 986 3557 1067; baseline 0.009 -24"><span class='ocrx_word' id='word_1_472' title='bbox 1986 1004 2134 1045; x_wconf 89' lang='lat' dir='ltr'><strong>mare</strong></span> <span class='ocrx_word' id='word_1_473' title='bbox 2171 1002 2264 1044; x_wconf 85' lang='lat' dir='ltr'><strong>eos</strong></span> <span class='ocrx_word' id='word_1_474' title='bbox 2297 986 2700 1043; x_wconf 86' lang='lat' dir='ltr'><strong>circumdabant</strong></span> <span class='ocrx_word' id='word_1_475' title='bbox 2745 989 3010 1058; x_wconf 88' lang='lat' dir='ltr'><strong>inermes,</strong></span> <span class='ocrx_word' id='word_1_476' title='bbox 3055 1004 3109 1049; x_wconf 90' lang='lat' dir='ltr'><strong>et</strong></span> <span class='ocrx_word' id='word_1_477' title='bbox 3149 1000 3428 1067; x_wconf 89' lang='lat' dir='ltr'><strong>oportebat</strong></span> <span class='ocrx_word' id='word_1_478' title='bbox 3464 1017 3557 1057; x_wconf 87' lang='lat' dir='ltr'><strong>eos</strong></span> 
     </span>
    </p>
   </div>
   <div class='ocr_carea' id='block_1_64' title="bbox 1984 1079 3556 1164">
    <p class='ocr_par' dir='ltr' id='par_1_64' title="bbox 1984 1079 3556 1164">
     <span class='ocr_line' id='line_1_64' title="bbox 1984 1079 3556 1164; baseline 0.007 -30"><span class='ocrx_word' id='word_1_479' title='bbox 1984 1079 2066 1137; x_wconf 72' lang='lat' dir='ltr'><strong>vel</strong></span> <span class='ocrx_word' id='word_1_480' title='bbox 2106 1079 2357 1135; x_wconf 71' lang='lat' dir='ltr'><strong>suffocari</strong></span> <span class='ocrx_word' id='word_1_481' title='bbox 2398 1079 2658 1157; x_wconf 84' lang='lat' dir='ltr'><strong>fugientes</strong></span> <span class='ocrx_word' id='word_1_482' title='bbox 2678 1121 2694 1145; x_wconf 89' lang='lat'><strong>,</strong></span> <span class='ocrx_word' id='word_1_483' title='bbox 2725 1081 2807 1135; x_wconf 91' lang='lat' dir='ltr'><strong>vel</strong></span> <span class='ocrx_word' id='word_1_484' title='bbox 2838 1081 3072 1139; x_wconf 89' lang='lat' dir='ltr'><strong>incidere</strong></span> <span class='ocrx_word' id='word_1_485' title='bbox 3098 1086 3149 1140; x_wconf 93' lang='lat' dir='ltr'><strong>in</strong></span> <span class='ocrx_word' id='word_1_486' title='bbox 3182 1104 3366 1144; x_wconf 87' lang='lat' dir='ltr'><strong>manus</strong></span> <span class='ocrx_word' id='word_1_487' title='bbox 3389 1090 3556 1164; x_wconf 65' lang='lat' dir='ltr'><strong>Egy-</strong></span> 
     </span>
    </p>
   </div>
   <div class='ocr_carea' id='block_1_65' title="bbox 1978 1170 3639 1251">
    <p class='ocr_par' dir='ltr' id='par_1_65' title="bbox 1978 1170 3639 1251">
     <span class='ocr_line' id='line_1_65' title="bbox 1978 1170 3639 1251; baseline 0.005 -22"><span class='ocrx_word' id='word_1_488' title='bbox 1978 1175 2201 1245; x_wconf 88' lang='lat' dir='ltr'><strong>ptiacas.</strong></span> <span class='ocrx_word' id='word_1_489' title='bbox 2244 1170 2350 1228; x_wconf 86' lang='lat' dir='ltr'><strong>Sed</strong></span> <span class='ocrx_word' id='word_1_490' title='bbox 2388 1179 2562 1226; x_wconf 87' lang='lat' dir='ltr'><strong>tamen</strong></span> <span class='ocrx_word' id='word_1_491' title='bbox 2592 1186 2623 1226; x_wconf 89' lang='lat' dir='ltr'><strong>a</strong></span> <span class='ocrx_word' id='word_1_492' title='bbox 2650 1174 2809 1227; x_wconf 88' lang='lat' dir='ltr'><strong>rebus</strong></span> <span class='ocrx_word' id='word_1_493' title='bbox 2832 1173 2967 1229; x_wconf 92' lang='lat' dir='ltr'><strong>adeo</strong></span> <span class='ocrx_word' id='word_1_494' title='bbox 2994 1175 3169 1232; x_wconf 84' lang='lat' dir='ltr'><strong>dubiis</strong></span> <span class='ocrx_word' id='word_1_495' title='bbox 3201 1189 3254 1232; x_wconf 85' lang='lat' dir='ltr'><strong>et</strong></span> <span class='ocrx_word' id='word_1_496' title='bbox 3291 1183 3554 1251; x_wconf 80' lang='lat' dir='ltr'><strong>perplexis</strong></span> <span class='ocrx_word' id='word_1_497' title='bbox 3632 1204 3639 1209; x_wconf 87' lang='grc'>·</span> 
     </span>
    </p>
   </div>
   <div class='ocr_carea' id='block_1_66' title="bbox 1976 1264 3549 1344">
    <p class='ocr_par' dir='ltr' id='par_1_66' title="bbox 1976 1264 3549 1344">
     <span class='ocr_line' id='line_1_66' title="bbox 1976 1264 3549 1344; baseline 0.005 -21"><span class='ocrx_word' id='word_1_498' title='bbox 1976 1282 2071 1323; x_wconf 88' lang='lat' dir='ltr'><strong>eos</strong></span> <span class='ocrx_word' id='word_1_499' title='bbox 2101 1264 2343 1321; x_wconf 83' lang='lat' dir='ltr'><strong>liberavit</strong></span> <span class='ocrx_word' id='word_1_500' title='bbox 2375 1279 2439 1319; x_wconf 87' lang='lat' dir='ltr'><strong>ac</strong></span> <span class='ocrx_word' id='word_1_501' title='bbox 2467 1266 2825 1320; x_wconf 88' lang='lat' dir='ltr'><strong>conservavit.</strong></span> <span class='ocrx_word' id='word_1_502' title='bbox 2869 1266 2964 1323; x_wconf 82' lang='lat' dir='ltr'><strong>His</strong></span> <span class='ocrx_word' id='word_1_503' title='bbox 2994 1269 3131 1324; x_wconf 90' lang='lat' dir='ltr'><strong>idem</strong></span> <span class='ocrx_word' id='word_1_504' title='bbox 3163 1288 3309 1328; x_wconf 90' lang='lat' dir='ltr'><strong>mare</strong></span> <span class='ocrx_word' id='word_1_505' title='bbox 3338 1276 3549 1344; x_wconf 90' lang='lat' dir='ltr'><strong>quidem</strong></span> 
     </span>
    </p>
   </div>
   <div class='ocr_carea' id='block_1_67' title="bbox 1974 1354 3634 1440">
    <p class='ocr_par' dir='ltr' id='par_1_67' title="bbox 1974 1354 3634 1440">
     <span class='ocr_line' id='line_1_67' title="bbox 1974 1354 3634 1440; baseline 0.004 -27"><span class='ocrx_word' id='word_1_506' title='bbox 1974 1365 2198 1413; x_wconf 82' lang='lat' dir='ltr'><strong>stratum</strong></span> <span class='ocrx_word' id='word_1_507' title='bbox 2241 1354 2336 1409; x_wconf 87' lang='lat' dir='ltr'><strong>fuit</strong></span> <span class='ocrx_word' id='word_1_508' title='bbox 2377 1355 2514 1410; x_wconf 86' lang='lat' dir='ltr'><strong>sicut</strong></span> <span class='ocrx_word' id='word_1_509' title='bbox 2549 1363 2690 1409; x_wconf 84' lang='lat' dir='ltr'><strong>terra</strong></span> <span class='ocrx_word' id='word_1_510' title='bbox 2711 1394 2727 1421; x_wconf 95' lang='lat'><strong>,</strong></span> <span class='ocrx_word' id='word_1_511' title='bbox 2758 1355 2875 1411; x_wconf 90' lang='lat' dir='ltr'><strong>illos</strong></span> <span class='ocrx_word' id='word_1_512' title='bbox 2904 1368 3081 1413; x_wconf 89' lang='lat' dir='ltr'><strong>autem</strong></span> <span class='ocrx_word' id='word_1_513' title='bbox 3108 1361 3389 1417; x_wconf 86' lang='lat' dir='ltr'><strong>submersit</strong></span> <span class='ocrx_word' id='word_1_514' title='bbox 3419 1374 3550 1420; x_wconf 84' lang='lat' dir='ltr'><strong>tam-</strong></span> <span class='ocrx_word' id='word_1_515' title='bbox 3631 1434 3634 1440; x_wconf 27' lang='grc' dir='ltr'>ι</span> 
     </span>
    </p>
   </div>
   <div class='ocr_carea' id='block_1_68' title="bbox 1972 1444 3548 1519">
    <p class='ocr_par' dir='ltr' id='par_1_68' title="bbox 1972 1444 3548 1519">
     <span class='ocr_line' id='line_1_68' title="bbox 1972 1444 3548 1519; baseline 0.006 -18"><span class='ocrx_word' id='word_1_516' title='bbox 1972 1462 2131 1519; x_wconf 89' lang='lat' dir='ltr'><strong>quam</strong></span> <span class='ocrx_word' id='word_1_517' title='bbox 2169 1459 2337 1501; x_wconf 88' lang='lat' dir='ltr'><strong>mare.</strong></span> <span class='ocrx_word' id='word_1_518' title='bbox 2386 1444 2497 1499; x_wconf 85' lang='lat' dir='ltr'><strong>Illic</strong></span> <span class='ocrx_word' id='word_1_519' title='bbox 2521 1445 2734 1515; x_wconf 87' lang='lat' dir='ltr'><strong>quidem</strong></span> <span class='ocrx_word' id='word_1_520' title='bbox 2756 1446 3167 1504; x_wconf 81' lang='lat' dir='ltr'><strong>obliviscebatur</strong></span> <span class='ocrx_word' id='word_1_521' title='bbox 3201 1463 3423 1519; x_wconf 71' lang='lat' dir='ltr'><strong>natum,</strong></span> <span class='ocrx_word' id='word_1_522' title='bbox 3463 1455 3548 1511; x_wconf 87' lang='lat' dir='ltr'><strong>hic</strong></span> 
     </span>
    </p>
   </div>
   <div class='ocr_carea' id='block_1_69' title="bbox 1971 1537 3544 1607">
    <p class='ocr_par' dir='ltr' id='par_1_69' title="bbox 1971 1537 3544 1607">
     <span class='ocr_line' id='line_1_69' title="bbox 1971 1537 3544 1607; baseline 0.005 -12"><span class='ocrx_word' id='word_1_523' title='bbox 1971 1541 2133 1595; x_wconf 89' lang='lat' dir='ltr'><strong>etiam</strong></span> <span class='ocrx_word' id='word_1_524' title='bbox 2169 1537 2431 1593; x_wconf 88' lang='lat' dir='ltr'><strong>adversus</strong></span> <span class='ocrx_word' id='word_1_525' title='bbox 2485 1537 2630 1607; x_wconf 87' lang='lat' dir='ltr'><strong>ipsos</strong></span> <span class='ocrx_word' id='word_1_526' title='bbox 2657 1538 2979 1597; x_wconf 89' lang='lat' dir='ltr'><strong>armabatur.</strong></span> <span class='ocrx_word' id='word_1_527' title='bbox 3023 1541 3155 1597; x_wconf 83' lang='lat' dir='ltr'><strong>Fide</strong></span> <span class='ocrx_word' id='word_1_528' title='bbox 3180 1546 3314 1599; x_wconf 87' lang='lat' dir='ltr'><strong>muri</strong></span> <span class='ocrx_word' id='word_1_529' title='bbox 3337 1545 3544 1603; x_wconf 76' lang='lat' dir='ltr'><strong>Iericho</strong></span> 
     </span>
    </p>
   </div>
   <div class='ocr_carea' id='block_1_70' title="bbox 1967 1629 3544 1700">
    <p class='ocr_par' dir='ltr' id='par_1_70' title="bbox 1967 1629 3544 1700">
     <span class='ocr_line' id='line_1_70' title="bbox 1967 1629 3544 1700; baseline 0.006 -14"><span class='ocrx_word' id='word_1_530' title='bbox 1967 1638 2263 1686; x_wconf 75' lang='lat' dir='ltr'><strong>corruerunt</strong></span> <span class='ocrx_word' id='word_1_531' title='bbox 2300 1629 2514 1682; x_wconf 81' lang='lat' dir='ltr'><strong>circuitu</strong></span> <span class='ocrx_word' id='word_1_532' title='bbox 2554 1637 2739 1700; x_wconf 83' lang='lat' dir='ltr'><strong>septem</strong></span> <span class='ocrx_word' id='word_1_533' title='bbox 2774 1631 2989 1686; x_wconf 87' lang='lat' dir='ltr'><strong>dierum.</strong></span> <span class='ocrx_word' id='word_1_534' title='bbox 3035 1633 3151 1689; x_wconf 88' lang='lat' dir='ltr'><strong>Non</strong></span> <span class='ocrx_word' id='word_1_535' title='bbox 3194 1637 3337 1692; x_wconf 90' lang='lat' dir='ltr'><strong>enim</strong></span> <span class='ocrx_word' id='word_1_536' title='bbox 3376 1654 3544 1696; x_wconf 84' lang='lat' dir='ltr'><strong>sonus</strong></span> 
     </span>
    </p>
   </div>
   <div class='ocr_carea' id='block_1_71' title="bbox 1968 1711 3543 1794">
    <p class='ocr_par' dir='ltr' id='par_1_71' title="bbox 1968 1711 3543 1794">
     <span class='ocr_line' id='line_1_71' title="bbox 1968 1711 3543 1794; baseline 0.008 -17"><span class='ocrx_word' id='word_1_537' title='bbox 1968 1724 2212 1778; x_wconf 90' lang='lat' dir='ltr'><strong>tubarum</strong></span> <span class='ocrx_word' id='word_1_538' title='bbox 2242 1730 2418 1793; x_wconf 84' lang='lat' dir='ltr'><strong>potest</strong></span> <span class='ocrx_word' id='word_1_539' title='bbox 2447 1711 2631 1779; x_wconf 86' lang='lat' dir='ltr'><strong>muros</strong></span> <span class='ocrx_word' id='word_1_540' title='bbox 2655 1724 2889 1794; x_wconf 84' lang='lat' dir='ltr'><strong>dejicere</strong></span> <span class='ocrx_word' id='word_1_541' title='bbox 2909 1768 2924 1792; x_wconf 89' lang='lat'><strong>,</strong></span> <span class='ocrx_word' id='word_1_542' title='bbox 2956 1729 3164 1784; x_wconf 86' lang='lat' dir='ltr'><strong>etiamsi</strong></span> <span class='ocrx_word' id='word_1_543' title='bbox 3196 1734 3343 1788; x_wconf 82' lang='lat' dir='ltr'><strong>mille</strong></span> <span class='ocrx_word' id='word_1_544' title='bbox 3368 1750 3543 1790; x_wconf 86' lang='lat' dir='ltr'><strong>annos</strong></span> 
     </span>
    </p>
   </div>
   <div class='ocr_carea' id='block_1_72' title="bbox 1964 1812 2929 1883">
    <p class='ocr_par' dir='ltr' id='par_1_72' title="bbox 1964 1812 2929 1883">
     <span class='ocr_line' id='line_1_72' title="bbox 1964 1812 2929 1883; baseline 0.003 -16"><span class='ocrx_word' id='word_1_545' title='bbox 1964 1812 2222 1876; x_wconf 78' lang='lat' dir='ltr'><strong>sonuerit,</strong></span> <span class='ocrx_word' id='word_1_546' title='bbox 2252 1812 2347 1867; x_wconf 88' lang='lat' dir='ltr'><strong>sed</strong></span> <span class='ocrx_word' id='word_1_547' title='bbox 2372 1812 2501 1868; x_wconf 89' lang='lat' dir='ltr'><strong>ﬁdes</strong></span> <span class='ocrx_word' id='word_1_548' title='bbox 2525 1823 2703 1883; x_wconf 88' lang='lat' dir='ltr'><strong>potest</strong></span> <span class='ocrx_word' id='word_1_549' title='bbox 2731 1817 2929 1870; x_wconf 85' lang='lat' dir='ltr'><strong>mnnia.</strong></span> 
     </span>
    </p>
   </div>
   <div class='ocr_carea' id='block_1_73' title="bbox 2032 1902 3539 1973">
    <p class='ocr_par' dir='ltr' id='par_1_73' title="bbox 2032 1902 3539 1973">
     <span class='ocr_line' id='line_1_73' title="bbox 2032 1902 3539 1973; baseline -0.002 -15"><span class='ocrx_word' id='word_1_550' title='bbox 2032 1905 2086 1958; x_wconf 76' lang='lat'><strong>2.</strong></span> <span class='ocrx_word' id='word_1_551' title='bbox 2116 1904 2278 1959; x_wconf 76' lang='lat' dir='ltr'><strong>Vides</strong></span> <span class='ocrx_word' id='word_1_552' title='bbox 2318 1918 2436 1958; x_wconf 90' lang='lat' dir='ltr'><strong>eam</strong></span> <span class='ocrx_word' id='word_1_553' title='bbox 2477 1903 2673 1973; x_wconf 89' lang='lat' dir='ltr'><strong>ubique</strong></span> <span class='ocrx_word' id='word_1_554' title='bbox 2724 1902 2938 1968; x_wconf 88' lang='lat' dir='ltr'><strong>mutari,</strong></span> <span class='ocrx_word' id='word_1_555' title='bbox 2981 1917 3083 1955; x_wconf 89' lang='lat' dir='ltr'><strong>non</strong></span> <span class='ocrx_word' id='word_1_556' title='bbox 3132 1902 3539 1973; x_wconf 84' lang='lat' dir='ltr'><strong>consequentia,</strong></span> 
     </span>
    </p>
   </div>
   <div class='ocr_carea' id='block_1_74' title="bbox 1962 1992 3537 2065">
    <p class='ocr_par' dir='ltr' id='par_1_74' title="bbox 1962 1992 3537 2065">
     <span class='ocr_line' id='line_1_74' title="bbox 1962 1992 3537 2065; baseline -0.002 -14"><span class='ocrx_word' id='word_1_557' title='bbox 1962 2011 2065 2051; x_wconf 89' lang='lat' dir='ltr'><strong>nec</strong></span> <span class='ocrx_word' id='word_1_558' title='bbox 2090 1996 2204 2065; x_wconf 85' lang='lat' dir='ltr'><strong>lege</strong></span> <span class='ocrx_word' id='word_1_559' title='bbox 2234 2002 2459 2060; x_wconf 65' lang='lat' dir='ltr'><strong>naturae,</strong></span> <span class='ocrx_word' id='word_1_560' title='bbox 2486 1993 2582 2049; x_wconf 87' lang='lat' dir='ltr'><strong>scd</strong></span> <span class='ocrx_word' id='word_1_561' title='bbox 2614 1994 2788 2047; x_wconf 90' lang='lat' dir='ltr'><strong>omnia</strong></span> <span class='ocrx_word' id='word_1_562' title='bbox 2821 1992 2935 2048; x_wconf 88' lang='lat' dir='ltr'><strong>ﬁeri</strong></span> <span class='ocrx_word' id='word_1_563' title='bbox 2964 2002 3157 2062; x_wconf 58' lang='lat' dir='ltr'><strong>praeter</strong></span> <span class='ocrx_word' id='word_1_564' title='bbox 3184 1995 3537 2063; x_wconf 83' lang='lat' dir='ltr'><strong>exspectatio-</strong></span> 
     </span>
    </p>
   </div>
   <div class='ocr_carea' id='block_1_75' title="bbox 1962 2082 3536 2154">
    <p class='ocr_par' dir='ltr' id='par_1_75' title="bbox 1962 2082 3536 2154">
     <span class='ocr_line' id='line_1_75' title="bbox 1962 2082 3536 2154; baseline -0.001 -15"><span class='ocrx_word' id='word_1_565' title='bbox 1962 2085 2118 2141; x_wconf 87' lang='lat' dir='ltr'><strong>nem?</strong></span> <span class='ocrx_word' id='word_1_566' title='bbox 2157 2085 2296 2153; x_wconf 89' lang='lat' dir='ltr'><strong>Ergo</strong></span> <span class='ocrx_word' id='word_1_567' title='bbox 2329 2082 2416 2138; x_wconf 88' lang='lat' dir='ltr'><strong>hic</strong></span> <span class='ocrx_word' id='word_1_568' title='bbox 2452 2099 2665 2154; x_wconf 90' lang='lat' dir='ltr'><strong>quoque</strong></span> <span class='ocrx_word' id='word_1_569' title='bbox 2696 2093 2889 2153; x_wconf 63' lang='lat' dir='ltr'><strong>praeter</strong></span> <span class='ocrx_word' id='word_1_570' title='bbox 2927 2083 3376 2153; x_wconf 62' lang='lat' dir='ltr'><strong>exspectationem</strong></span> <span class='ocrx_word' id='word_1_571' title='bbox 3406 2085 3536 2138; x_wconf 84' lang='lat' dir='ltr'><strong>fiunt</strong></span> 
     </span>
    </p>
   </div>
   <div class='ocr_carea' id='block_1_76' title="bbox 1960 2170 3543 2244">
    <p class='ocr_par' dir='ltr' id='par_1_76' title="bbox 1960 2170 3543 2244">
     <span class='ocr_line' id='line_1_76' title="bbox 1960 2170 3543 2244; baseline -0.003 -13"><span class='ocrx_word' id='word_1_572' title='bbox 1960 2176 2159 2231; x_wconf 86' lang='lat' dir='ltr'><strong>omnia.</strong></span> <span class='ocrx_word' id='word_1_573' title='bbox 2198 2174 2330 2229; x_wconf 85' lang='lat' dir='ltr'><strong>Nam</strong></span> <span class='ocrx_word' id='word_1_574' title='bbox 2357 2174 2606 2244; x_wconf 89' lang='lat' dir='ltr'><strong>quoniam</strong></span> <span class='ocrx_word' id='word_1_575' title='bbox 2632 2190 2830 2243; x_wconf 86' lang='lat' dir='ltr'><strong>susque</strong></span> <span class='ocrx_word' id='word_1_576' title='bbox 2865 2174 3037 2244; x_wconf 87' lang='lat' dir='ltr'><strong>deque</strong></span> <span class='ocrx_word' id='word_1_577' title='bbox 3073 2174 3281 2229; x_wconf 86' lang='lat' dir='ltr'><strong>dicebat</strong></span> <span class='ocrx_word' id='word_1_578' title='bbox 3307 2170 3543 2230; x_wconf 57' lang='lat' dir='ltr'><strong>credes;</strong></span> 
     </span>
    </p>
   </div>
   <div class='ocr_carea' id='block_1_77' title="bbox 1958 2264 3533 2335">
    <p class='ocr_par' dir='ltr' id='par_1_77' title="bbox 1958 2264 3533 2335">
     <span class='ocr_line' id='line_1_77' title="bbox 1958 2264 3533 2335; baseline -0.001 -15"><span class='ocrx_word' id='word_1_579' title='bbox 1958 2265 2086 2321; x_wconf 88' lang='lat' dir='ltr'><strong>dum</strong></span> <span class='ocrx_word' id='word_1_580' title='bbox 2130 2279 2249 2320; x_wconf 89' lang='lat' dir='ltr'><strong>esse</strong></span> <span class='ocrx_word' id='word_1_581' title='bbox 2287 2264 2401 2334; x_wconf 88' lang='lat' dir='ltr'><strong>spei</strong></span> <span class='ocrx_word' id='word_1_582' title='bbox 2450 2265 2640 2318; x_wconf 62' lang='lat' dir='ltr'><strong>futurae</strong></span> <span class='ocrx_word' id='word_1_583' title='bbox 2674 2304 2688 2327; x_wconf 92' lang='lat'><strong>,</strong></span> <span class='ocrx_word' id='word_1_584' title='bbox 2745 2264 2846 2318; x_wconf 89' lang='lat' dir='ltr'><strong>hoc</strong></span> <span class='ocrx_word' id='word_1_585' title='bbox 2910 2274 3079 2318; x_wconf 91' lang='lat' dir='ltr'><strong>totum</strong></span> <span class='ocrx_word' id='word_1_586' title='bbox 3139 2265 3281 2335; x_wconf 88' lang='lat' dir='ltr'><strong>quod</strong></span> <span class='ocrx_word' id='word_1_587' title='bbox 3336 2266 3533 2325; x_wconf 82' lang='lat' dir='ltr'><strong>dicitur</strong></span> 
     </span>
    </p>
   </div>
   <div class='ocr_carea' id='block_1_78' title="bbox 1958 2355 3533 2425">
    <p class='ocr_par' dir='ltr' id='par_1_78' title="bbox 1958 2355 3533 2425">
     <span class='ocr_line' id='line_1_78' title="bbox 1958 2355 3533 2425; baseline -0.002 -11"><span class='ocrx_word' id='word_1_588' title='bbox 1958 2359 2144 2425; x_wconf 83' lang='lat' dir='ltr'><strong>movit,</strong></span> <span class='ocrx_word' id='word_1_589' title='bbox 2165 2357 2455 2413; x_wconf 87' lang='lat' dir='ltr'><strong>ostendens</strong></span> <span class='ocrx_word' id='word_1_590' title='bbox 2476 2355 2616 2425; x_wconf 87' lang='lat' dir='ltr'><strong>quod</strong></span> <span class='ocrx_word' id='word_1_591' title='bbox 2646 2370 2750 2410; x_wconf 92' lang='lat' dir='ltr'><strong>non</strong></span> <span class='ocrx_word' id='word_1_592' title='bbox 2770 2372 2909 2410; x_wconf 88' lang='lat' dir='ltr'><strong>nunc</strong></span> <span class='ocrx_word' id='word_1_593' title='bbox 2936 2357 3129 2422; x_wconf 88' lang='lat' dir='ltr'><strong>solum,</strong></span> <span class='ocrx_word' id='word_1_594' title='bbox 3154 2357 3246 2411; x_wconf 91' lang='lat' dir='ltr'><strong>sed</strong></span> <span class='ocrx_word' id='word_1_595' title='bbox 3276 2358 3436 2411; x_wconf 87' lang='lat' dir='ltr'><strong>etiam</strong></span> <span class='ocrx_word' id='word_1_596' title='bbox 3464 2357 3533 2411; x_wconf 89' lang='lat' dir='ltr'><strong>ah</strong></span> 
     </span>
    </p>
   </div>
   <div class='ocr_carea' id='block_1_79' title="bbox 1956 2445 3528 2515">
    <p class='ocr_par' dir='ltr' id='par_1_79' title="bbox 1956 2445 3528 2515">
     <span class='ocr_line' id='line_1_79' title="bbox 1956 2445 3528 2515; baseline -0.002 -12"><span class='ocrx_word' id='word_1_597' title='bbox 1956 2448 2108 2503; x_wconf 90' lang='lat' dir='ltr'><strong>initio</strong></span> <span class='ocrx_word' id='word_1_598' title='bbox 2128 2446 2304 2503; x_wconf 88' lang='lat' dir='ltr'><strong>omnia</strong></span> <span class='ocrx_word' id='word_1_599' title='bbox 2333 2445 2586 2500; x_wconf 88' lang='lat' dir='ltr'><strong>miracula</strong></span> <span class='ocrx_word' id='word_1_600' title='bbox 2613 2461 2708 2515; x_wconf 86' lang='lat' dir='ltr'><strong>per</strong></span> <span class='ocrx_word' id='word_1_601' title='bbox 2733 2445 2871 2500; x_wconf 90' lang='lat' dir='ltr'><strong>banc</strong></span> <span class='ocrx_word' id='word_1_602' title='bbox 2894 2455 3009 2500; x_wconf 88' lang='lat' dir='ltr'><strong>acta</strong></span> <span class='ocrx_word' id='word_1_603' title='bbox 3037 2456 3161 2500; x_wconf 90' lang='lat' dir='ltr'><strong>sunt</strong></span> <span class='ocrx_word' id='word_1_604' title='bbox 3190 2455 3243 2501; x_wconf 83' lang='lat' dir='ltr'><strong>et</strong></span> <span class='ocrx_word' id='word_1_605' title='bbox 3275 2445 3528 2514; x_wconf 86' lang='lat' dir='ltr'><strong>perfecta.</strong></span> 
     </span>
    </p>
   </div>
   <div class='ocr_carea' id='block_1_80' title="bbox 1955 2535 3530 2607">
    <p class='ocr_par' dir='ltr' id='par_1_80' title="bbox 1955 2535 3530 2607">
     <span class='ocr_line' id='line_1_80' title="bbox 1955 2535 3530 2607; baseline -0.003 -15"><span class='ocrx_word' id='word_1_606' title='bbox 1955 2538 2088 2592; x_wconf 84' lang='lat' dir='ltr'><strong>Fide</strong></span> <span class='ocrx_word' id='word_1_607' title='bbox 2117 2537 2296 2591; x_wconf 82' lang='lat' dir='ltr'><strong>Rohab</strong></span> <span class='ocrx_word' id='word_1_608' title='bbox 2326 2537 2558 2590; x_wconf 72' lang='lat' dir='ltr'><strong>meretrix</strong></span> <span class='ocrx_word' id='word_1_609' title='bbox 2593 2553 2691 2589; x_wconf 86' lang='lat' dir='ltr'><strong>nou</strong></span> <span class='ocrx_word' id='word_1_610' title='bbox 2726 2537 2874 2607; x_wconf 86' lang='lat' dir='ltr'><strong>periit</strong></span> <span class='ocrx_word' id='word_1_611' title='bbox 2912 2553 3026 2589; x_wconf 81' lang='lat' dir='ltr'><strong>cum</strong></span> <span class='ocrx_word' id='word_1_612' title='bbox 3061 2535 3365 2599; x_wconf 72' lang='lat' dir='ltr'><strong>incredulis,</strong></span> <span class='ocrx_word' id='word_1_613' title='bbox 3396 2536 3530 2589; x_wconf 79' lang='lat' dir='ltr'><strong>exci-</strong></span> 
     </span>
    </p>
   </div>
   <div class='ocr_carea' id='block_1_81' title="bbox 1955 2627 3527 2702">
    <p class='ocr_par' dir='ltr' id='par_1_81' title="bbox 1955 2627 3527 2702">
     <span class='ocr_line' id='line_1_81' title="bbox 1955 2627 3527 2702; baseline -0.003 -17"><span class='ocrx_word' id='word_1_614' title='bbox 1955 2633 2097 2702; x_wconf 83' lang='lat' dir='ltr'><strong>piens</strong></span> <span class='ocrx_word' id='word_1_615' title='bbox 2123 2630 2466 2698; x_wconf 77' lang='lat' dir='ltr'><strong>exploratores</strong></span> <span class='ocrx_word' id='word_1_616' title='bbox 2491 2646 2607 2682; x_wconf 88' lang='lat' dir='ltr'><strong>cum</strong></span> <span class='ocrx_word' id='word_1_617' title='bbox 2642 2645 2783 2698; x_wconf 83' lang='lat' dir='ltr'><strong>pace.</strong></span> <span class='ocrx_word' id='word_1_618' title='bbox 2825 2628 3004 2698; x_wconf 88' lang='lat' dir='ltr'><strong>Turpe</strong></span> <span class='ocrx_word' id='word_1_619' title='bbox 3033 2636 3116 2683; x_wconf 83' lang='lat' dir='ltr'><strong>est</strong></span> <span class='ocrx_word' id='word_1_620' title='bbox 3143 2643 3273 2699; x_wconf 74' lang='lat' dir='ltr'><strong>ergo</strong></span> <span class='ocrx_word' id='word_1_621' title='bbox 3297 2627 3341 2682; x_wconf 89' lang='lat' dir='ltr'><strong>si</strong></span> <span class='ocrx_word' id='word_1_622' title='bbox 3368 2627 3527 2683; x_wconf 87' lang='lat' dir='ltr'><strong>etiam</strong></span> 
     </span>
    </p>
   </div>
   <div class='ocr_carea' id='block_1_82' title="bbox 1955 2705 3527 2790">
    <p class='ocr_par' dir='ltr' id='par_1_82' title="bbox 1955 2705 3527 2790">
     <span class='ocr_line' id='line_1_82' title="bbox 1955 2705 3527 2790; baseline -0.003 -15"><span class='ocrx_word' id='word_1_623' title='bbox 1955 2722 2236 2777; x_wconf 87' lang='lat' dir='ltr'><strong>meretrice</strong></span> <span class='ocrx_word' id='word_1_624' title='bbox 2282 2719 2586 2790; x_wconf 83' lang='lat' dir='ltr'><strong>appareatis</strong></span> <span class='ocrx_word' id='word_1_625' title='bbox 2631 2718 2798 2788; x_wconf 85' lang='lat' dir='ltr'><strong>magis</strong></span> <span class='ocrx_word' id='word_1_626' title='bbox 2844 2718 3105 2775; x_wconf 86' lang='lat' dir='ltr'><strong>increduli</strong></span> <span class='ocrx_word' id='word_1_627' title='bbox 3148 2736 3162 2773; x_wconf 91' lang='lat'><strong>:</strong></span> <span class='ocrx_word' id='word_1_628' title='bbox 3207 2705 3527 2788; x_wconf 62' lang='lat' dir='ltr'><strong>quamquam</strong></span> 
     </span>
    </p>
   </div>
   <div class='ocr_carea' id='block_1_83' title="bbox 1954 2810 3528 2868">
    <p class='ocr_par' dir='ltr' id='par_1_83' title="bbox 1954 2810 3528 2868">
     <span class='ocr_line' id='line_1_83' title="bbox 1954 2810 3528 2868; baseline -0.003 0"><span class='ocrx_word' id='word_1_629' title='bbox 1954 2813 2041 2868; x_wconf 91' lang='lat' dir='ltr'><strong>illa</strong></span> <span class='ocrx_word' id='word_1_630' title='bbox 2079 2814 2220 2867; x_wconf 83' lang='lat' dir='ltr'><strong>viros</strong></span> <span class='ocrx_word' id='word_1_631' title='bbox 2255 2812 2454 2867; x_wconf 85' lang='lat' dir='ltr'><strong>audivit</strong></span> <span class='ocrx_word' id='word_1_632' title='bbox 2496 2820 2700 2866; x_wconf 88' lang='lat' dir='ltr'><strong>tantum</strong></span> <span class='ocrx_word' id='word_1_633' title='bbox 2723 2811 3097 2865; x_wconf 89' lang='lat' dir='ltr'><strong>annuntiantcs</strong></span> <span class='ocrx_word' id='word_1_634' title='bbox 3121 2819 3175 2866; x_wconf 88' lang='lat' dir='ltr'><strong>et</strong></span> <span class='ocrx_word' id='word_1_635' title='bbox 3199 2810 3376 2865; x_wconf 88' lang='lat' dir='ltr'><strong>statim</strong></span> <span class='ocrx_word' id='word_1_636' title='bbox 3406 2824 3528 2864; x_wconf 86' lang='lat' dir='ltr'><strong>cre-</strong></span> 
     </span>
    </p>
   </div>
   <div class='ocr_carea' id='block_1_84' title="bbox 1952 2903 3527 2974">
    <p class='ocr_par' dir='ltr' id='par_1_84' title="bbox 1952 2903 3527 2974">
     <span class='ocr_line' id='line_1_84' title="bbox 1952 2903 3527 2974; baseline -0.003 -15"><span class='ocrx_word' id='word_1_637' title='bbox 1952 2904 2105 2960; x_wconf 90' lang='lat' dir='ltr'><strong>didit.</strong></span> <span class='ocrx_word' id='word_1_638' title='bbox 2154 2903 2299 2959; x_wconf 89' lang='lat' dir='ltr'><strong>Finis</strong></span> <span class='ocrx_word' id='word_1_639' title='bbox 2335 2919 2461 2974; x_wconf 89' lang='lat' dir='ltr'><strong>crgo</strong></span> <span class='ocrx_word' id='word_1_640' title='bbox 2492 2913 2575 2958; x_wconf 87' lang='lat' dir='ltr'><strong>est</strong></span> <span class='ocrx_word' id='word_1_641' title='bbox 2608 2911 2966 2972; x_wconf 72' lang='lat' dir='ltr'><strong>consequutus</strong></span> <span class='ocrx_word' id='word_1_642' title='bbox 2995 2924 3007 2955; x_wconf 88' lang='lat'>:</span> <span class='ocrx_word' id='word_1_643' title='bbox 3036 2918 3155 2955; x_wconf 91' lang='lat' dir='ltr'><strong>nam</strong></span> <span class='ocrx_word' id='word_1_644' title='bbox 3184 2917 3307 2956; x_wconf 90' lang='lat' dir='ltr'><strong>cum</strong></span> <span class='ocrx_word' id='word_1_645' title='bbox 3340 2916 3527 2956; x_wconf 84' lang='lat' dir='ltr'><strong>omnes</strong></span> 
     </span>
    </p>
   </div>
   <div class='ocr_carea' id='block_1_85' title="bbox 1954 2992 3525 3065">
    <p class='ocr_par' dir='ltr' id='par_1_85' title="bbox 1954 2992 3525 3065">
     <span class='ocr_line' id='line_1_85' title="bbox 1954 2992 3525 3065; baseline -0.004 -14"><span class='ocrx_word' id='word_1_646' title='bbox 1954 2996 2255 3065; x_wconf 83' lang='lat' dir='ltr'><strong>periissem,</strong></span> <span class='ocrx_word' id='word_1_647' title='bbox 2280 2995 2390 3049; x_wconf 82' lang='lat' dir='ltr'><strong>sola</strong></span> <span class='ocrx_word' id='word_1_648' title='bbox 2415 2993 2508 3048; x_wconf 81' lang='lat' dir='ltr'><strong>fuit</strong></span> <span class='ocrx_word' id='word_1_649' title='bbox 2530 2993 2696 3051; x_wconf 84' lang='lat' dir='ltr'><strong>salva.</strong></span> <span class='ocrx_word' id='word_1_650' title='bbox 2723 2992 2837 3048; x_wconf 85' lang='lat' dir='ltr'><strong>Non</strong></span> <span class='ocrx_word' id='word_1_651' title='bbox 2858 2992 2991 3047; x_wconf 88' lang='lat' dir='ltr'><strong>dixit</strong></span> <span class='ocrx_word' id='word_1_652' title='bbox 3008 2992 3148 3062; x_wconf 89' lang='lat' dir='ltr'><strong>apud</strong></span> <span class='ocrx_word' id='word_1_653' title='bbox 3172 3006 3250 3056; x_wconf 88' lang='lat' dir='ltr'><strong>se,</strong></span> <span class='ocrx_word' id='word_1_654' title='bbox 3278 2993 3382 3046; x_wconf 84' lang='lat' dir='ltr'><strong>Ero</strong></span> <span class='ocrx_word' id='word_1_655' title='bbox 3404 3006 3525 3045; x_wconf 91' lang='lat' dir='ltr'><strong>cum</strong></span> 
     </span>
    </p>
   </div>
   <div class='ocr_carea' id='block_1_86' title="bbox 1953 3077 3526 3155">
    <p class='ocr_par' dir='ltr' id='par_1_86' title="bbox 1953 3077 3526 3155">
     <span class='ocr_line' id='line_1_86' title="bbox 1953 3077 3526 3155; baseline -0.003 -14"><span class='ocrx_word' id='word_1_656' title='bbox 1953 3087 2130 3141; x_wconf 87' lang='lat' dir='ltr'><strong>multis</strong></span> <span class='ocrx_word' id='word_1_657' title='bbox 2165 3077 2251 3155; x_wconf 85' lang='lat' dir='ltr'><strong>qui</strong></span> <span class='ocrx_word' id='word_1_658' title='bbox 2293 3095 2416 3140; x_wconf 88' lang='lat' dir='ltr'><strong>sunt</strong></span> <span class='ocrx_word' id='word_1_659' title='bbox 2456 3084 2557 3139; x_wconf 90' lang='lat' dir='ltr'><strong>mei</strong></span> <span class='ocrx_word' id='word_1_660' title='bbox 2592 3099 2735 3138; x_wconf 90' lang='lat' dir='ltr'><strong>:uon</strong></span> <span class='ocrx_word' id='word_1_661' title='bbox 2776 3083 2927 3151; x_wconf 82' lang='lat' dir='ltr'><strong>dixit,</strong></span> <span class='ocrx_word' id='word_1_662' title='bbox 2961 3083 3140 3154; x_wconf 88' lang='lat' dir='ltr'><strong>Egone</strong></span> <span class='ocrx_word' id='word_1_663' title='bbox 3166 3098 3379 3153; x_wconf 89' lang='lat' dir='ltr'><strong>possum</strong></span> <span class='ocrx_word' id='word_1_664' title='bbox 3406 3097 3526 3137; x_wconf 87' lang='lat' dir='ltr'><strong>esse</strong></span> 
     </span>
    </p>
   </div>
   <div class='ocr_carea' id='block_1_87' title="bbox 1952 3173 3521 3250">
    <p class='ocr_par' dir='ltr' id='par_1_87' title="bbox 1952 3173 3521 3250">
     <span class='ocr_line' id='line_1_87' title="bbox 1952 3173 3521 3250; baseline -0.002 -22"><span class='ocrx_word' id='word_1_665' title='bbox 1952 3178 2266 3250; x_wconf 80' lang='lat' dir='ltr'><strong>prudentior</strong></span> <span class='ocrx_word' id='word_1_666' title='bbox 2303 3186 2380 3231; x_wconf 91' lang='lat' dir='ltr'><strong>tot</strong></span> <span class='ocrx_word' id='word_1_667' title='bbox 2413 3177 2541 3231; x_wconf 89' lang='lat' dir='ltr'><strong>viris</strong></span> <span class='ocrx_word' id='word_1_668' title='bbox 2581 3176 2997 3247; x_wconf 85' lang='lat' dir='ltr'><strong>intelligentibns</strong></span> <span class='ocrx_word' id='word_1_669' title='bbox 3022 3175 3108 3244; x_wconf 91' lang='lat' dir='ltr'><strong>qni</strong></span> <span class='ocrx_word' id='word_1_670' title='bbox 3139 3190 3242 3229; x_wconf 90' lang='lat' dir='ltr'><strong>non</strong></span> <span class='ocrx_word' id='word_1_671' title='bbox 3267 3173 3521 3239; x_wconf 89' lang='lat' dir='ltr'><strong>credunt,</strong></span> 
     </span>
    </p>
   </div>
   <div class='ocr_carea' id='block_1_88' title="bbox 1949 3266 3525 3340">
    <p class='ocr_par' dir='ltr' id='par_1_88' title="bbox 1949 3266 3525 3340">
     <span class='ocr_line' id='line_1_88' title="bbox 1949 3266 3525 3340; baseline -0.004 -15"><span class='ocrx_word' id='word_1_672' title='bbox 1949 3280 2003 3325; x_wconf 88' lang='lat' dir='ltr'><strong>et</strong></span> <span class='ocrx_word' id='word_1_673' title='bbox 2026 3285 2124 3340; x_wconf 85' lang='lat' dir='ltr'><strong>ego</strong></span> <span class='ocrx_word' id='word_1_674' title='bbox 2149 3270 2347 3325; x_wconf 87' lang='lat' dir='ltr'><strong>credo?</strong></span> <span class='ocrx_word' id='word_1_675' title='bbox 2378 3268 2517 3323; x_wconf 77' lang='lat' dir='ltr'><strong>Nihil</strong></span> <span class='ocrx_word' id='word_1_676' title='bbox 2539 3268 2669 3323; x_wconf 82' lang='lat' dir='ltr'><strong>dixit</strong></span> <span class='ocrx_word' id='word_1_677' title='bbox 2695 3267 2973 3338; x_wconf 86' lang='lat' dir='ltr'><strong>ejusmodi,</strong></span> <span class='ocrx_word' id='word_1_678' title='bbox 2997 3267 3137 3336; x_wconf 85' lang='lat' dir='ltr'><strong>quod</strong></span> <span class='ocrx_word' id='word_1_679' title='bbox 3163 3266 3525 3321; x_wconf 86' lang='lat' dir='ltr'><strong>verisimiliter</strong></span> 
     </span>
    </p>
   </div>
   <div class='ocr_carea' id='block_1_89' title="bbox 1948 3361 3524 3431">
    <p class='ocr_par' dir='ltr' id='par_1_89' title="bbox 1948 3361 3524 3431">
     <span class='ocr_line' id='line_1_89' title="bbox 1948 3361 3524 3431; baseline -0.006 -10"><span class='ocrx_word' id='word_1_680' title='bbox 1948 3368 2084 3422; x_wconf 86' lang='lat' dir='ltr'><strong>alius</strong></span> <span class='ocrx_word' id='word_1_681' title='bbox 2124 3367 2349 3422; x_wconf 83' lang='lat' dir='ltr'><strong>dixisset</strong></span> <span class='ocrx_word' id='word_1_682' title='bbox 2390 3378 2442 3421; x_wconf 89' lang='lat' dir='ltr'><strong>et</strong></span> <span class='ocrx_word' id='word_1_683' title='bbox 2482 3365 2719 3431; x_wconf 84' lang='lat' dir='ltr'><strong>fecisset,</strong></span> <span class='ocrx_word' id='word_1_684' title='bbox 2749 3361 2843 3419; x_wconf 87' lang='lat' dir='ltr'><strong>sed</strong></span> <span class='ocrx_word' id='word_1_685' title='bbox 2873 3363 3026 3418; x_wconf 89' lang='lat' dir='ltr'><strong>dictis</strong></span> <span class='ocrx_word' id='word_1_686' title='bbox 3056 3362 3299 3418; x_wconf 87' lang='lat' dir='ltr'><strong>credidit.</strong></span> <span class='ocrx_word' id='word_1_687' title='bbox 3334 3362 3421 3417; x_wconf 74' lang='grc'><strong>52.</strong></span> <span class='ocrx_word' id='word_1_688' title='bbox 3461 3361 3524 3413; x_wconf 74' lang='lat' dir='ltr'><strong>Et</strong></span> 
     </span>
    </p>
   </div>
   <div class='ocr_carea' id='block_1_90' title="bbox 1948 3453 3521 3529">
    <p class='ocr_par' dir='ltr' id='par_1_90' title="bbox 1948 3453 3521 3529">
     <span class='ocr_line' id='line_1_90' title="bbox 1948 3453 3521 3529; baseline -0.005 -17"><span class='ocrx_word' id='word_1_689' title='bbox 1948 3460 2069 3529; x_wconf 85' lang='lat' dir='ltr'><strong>quid</strong></span> <span class='ocrx_word' id='word_1_690' title='bbox 2098 3459 2262 3512; x_wconf 84' lang='lat' dir='ltr'><strong>adhuc</strong></span> <span class='ocrx_word' id='word_1_691' title='bbox 2283 3458 2488 3513; x_wconf 74' lang='lat' dir='ltr'><strong>diram?</strong></span> <span class='ocrx_word' id='word_1_692' title='bbox 2517 3456 2711 3525; x_wconf 82' lang='lat' dir='ltr'><strong>deﬁciet</strong></span> <span class='ocrx_word' id='word_1_693' title='bbox 2736 3472 2813 3510; x_wconf 90' lang='lat' dir='ltr'><strong>me</strong></span> <span class='ocrx_word' id='word_1_694' title='bbox 2833 3465 3026 3523; x_wconf 81' lang='lat' dir='ltr'><strong>tempus</strong></span> <span class='ocrx_word' id='word_1_695' title='bbox 3046 3465 3380 3507; x_wconf 81' lang='lat' dir='ltr'><strong>enarraulem.</strong></span> <span class='ocrx_word' id='word_1_696' title='bbox 3406 3453 3521 3507; x_wconf 81' lang='lat' dir='ltr'><strong>Non</strong></span> 
     </span>
    </p>
   </div>
   <div class='ocr_carea' id='block_1_91' title="bbox 1949 3546 3519 3620">
    <p class='ocr_par' dir='ltr' id='par_1_91' title="bbox 1949 3546 3519 3620">
     <span class='ocr_line' id='line_1_91' title="bbox 1949 3546 3519 3620; baseline -0.005 -15"><span class='ocrx_word' id='word_1_697' title='bbox 1949 3552 2175 3620; x_wconf 85' lang='lat' dir='ltr'><strong>amplius</strong></span> <span class='ocrx_word' id='word_1_698' title='bbox 2196 3551 2261 3605; x_wconf 91' lang='lat' dir='ltr'><strong>dc</strong></span> <span class='ocrx_word' id='word_1_699' title='bbox 2286 3561 2481 3604; x_wconf 70' lang='lat' dir='ltr'><strong>cmtcro</strong></span> <span class='ocrx_word' id='word_1_700' title='bbox 2506 3550 2650 3618; x_wconf 88' lang='lat' dir='ltr'><strong>ponit</strong></span> <span class='ocrx_word' id='word_1_701' title='bbox 2675 3547 2911 3612; x_wconf 89' lang='lat' dir='ltr'><strong>nomina,</strong></span> <span class='ocrx_word' id='word_1_702' title='bbox 2940 3547 3030 3599; x_wconf 87' lang='lat' dir='ltr'><strong>sed</strong></span> <span class='ocrx_word' id='word_1_703' title='bbox 3058 3563 3177 3599; x_wconf 90' lang='lat' dir='ltr'><strong>cum</strong></span> <span class='ocrx_word' id='word_1_704' title='bbox 3200 3546 3445 3600; x_wconf 80' lang='lat' dir='ltr'><strong>desiisset</strong></span> <span class='ocrx_word' id='word_1_705' title='bbox 3469 3547 3519 3598; x_wconf 89' lang='lat' dir='ltr'><strong>in</strong></span> 
     </span>
    </p>
   </div>
   <div class='ocr_carea' id='block_1_92' title="bbox 1949 3638 3518 3713">
    <p class='ocr_par' dir='ltr' id='par_1_92' title="bbox 1949 3638 3518 3713">
     <span class='ocr_line' id='line_1_92' title="bbox 1949 3638 3518 3713; baseline -0.007 -14"><span class='ocrx_word' id='word_1_706' title='bbox 1949 3645 2308 3708; x_wconf 84' lang='lat' dir='ltr'><strong>meretricem,</strong></span> <span class='ocrx_word' id='word_1_707' title='bbox 2356 3652 2410 3697; x_wconf 89' lang='lat' dir='ltr'><strong>et</strong></span> <span class='ocrx_word' id='word_1_708' title='bbox 2449 3657 2543 3696; x_wconf 89' lang='lat' dir='ltr'><strong>eos</strong></span> <span class='ocrx_word' id='word_1_709' title='bbox 2590 3641 2873 3695; x_wconf 80' lang='lat' dir='ltr'><strong>excitasset</strong></span> <span class='ocrx_word' id='word_1_710' title='bbox 2910 3654 3006 3709; x_wconf 87' lang='lat' dir='ltr'><strong>per</strong></span> <span class='ocrx_word' id='word_1_711' title='bbox 3047 3638 3351 3707; x_wconf 84' lang='lat' dir='ltr'><strong>qualitatem</strong></span> <span class='ocrx_word' id='word_1_712' title='bbox 3395 3650 3518 3713; x_wconf 77' lang='lat' dir='ltr'><strong>per-</strong></span> 
     </span>
    </p>
   </div>
   <div class='ocr_carea' id='block_1_93' title="bbox 1947 3727 3520 3801">
    <p class='ocr_par' dir='ltr' id='par_1_93' title="bbox 1947 3727 3520 3801">
     <span class='ocr_line' id='line_1_93' title="bbox 1947 3727 3520 3801; baseline -0.006 -13"><span class='ocrx_word' id='word_1_713' title='bbox 1947 3751 2112 3801; x_wconf 76' lang='lat' dir='ltr'><strong>sonze,</strong></span> <span class='ocrx_word' id='word_1_714' title='bbox 2138 3750 2242 3788; x_wconf 90' lang='lat' dir='ltr'><strong>non</strong></span> <span class='ocrx_word' id='word_1_715' title='bbox 2269 3732 2494 3800; x_wconf 87' lang='lat' dir='ltr'><strong>amplius</strong></span> <span class='ocrx_word' id='word_1_716' title='bbox 2514 3732 2701 3785; x_wconf 88' lang='lat' dir='ltr'><strong>dilatat</strong></span> <span class='ocrx_word' id='word_1_717' title='bbox 2723 3730 2988 3793; x_wconf 84' lang='lat' dir='ltr'><strong>historias,</strong></span> <span class='ocrx_word' id='word_1_718' title='bbox 3009 3744 3075 3781; x_wconf 86' lang='lat' dir='ltr'><strong>ne</strong></span> <span class='ocrx_word' id='word_1_719' title='bbox 3099 3727 3339 3780; x_wconf 81' lang='lat' dir='ltr'><strong>videatur</strong></span> <span class='ocrx_word' id='word_1_720' title='bbox 3364 3727 3520 3780; x_wconf 88' lang='lat' dir='ltr'><strong>nimis</strong></span> 
     </span>
    </p>
   </div>
   <div class='ocr_carea' id='block_1_94' title="bbox 1948 3817 3521 3899">
    <p class='ocr_par' dir='ltr' id='par_1_94' title="bbox 1948 3817 3521 3899">
     <span class='ocr_line' id='line_1_94' title="bbox 1948 3817 3521 3899; baseline -0.01 -16"><span class='ocrx_word' id='word_1_721' title='bbox 1948 3829 2149 3899; x_wconf 83' lang='lat' dir='ltr'><strong>prolixa</strong></span> <span class='ocrx_word' id='word_1_722' title='bbox 2182 3826 2254 3878; x_wconf 90' lang='lat' dir='ltr'><strong>uti</strong></span> <span class='ocrx_word' id='word_1_723' title='bbox 2285 3826 2519 3888; x_wconf 88' lang='lat' dir='ltr'><strong>ratione;</strong></span> <span class='ocrx_word' id='word_1_724' title='bbox 2569 3838 2674 3875; x_wconf 85' lang='lat' dir='ltr'><strong>non</strong></span> <span class='ocrx_word' id='word_1_725' title='bbox 2706 3830 2880 3874; x_wconf 88' lang='lat' dir='ltr'><strong>tamen</strong></span> <span class='ocrx_word' id='word_1_726' title='bbox 2909 3834 2999 3872; x_wconf 88' lang='lat' dir='ltr'><strong>eas</strong></span> <span class='ocrx_word' id='word_1_727' title='bbox 3028 3818 3279 3882; x_wconf 87' lang='lat' dir='ltr'><strong>dimittit,</strong></span> <span class='ocrx_word' id='word_1_728' title='bbox 3309 3817 3399 3871; x_wconf 88' lang='lat' dir='ltr'><strong>sed</strong></span> <span class='ocrx_word' id='word_1_729' title='bbox 3429 3818 3521 3869; x_wconf 89' lang='lat' dir='ltr'><strong>ad—</strong></span> 
     </span>
    </p>
   </div>
   <div class='ocr_carea' id='block_1_95' title="bbox 1947 3912 3520 3986">
    <p class='ocr_par' dir='ltr' id='par_1_95' title="bbox 1947 3912 3520 3986">
     <span class='ocr_line' id='line_1_95' title="bbox 1947 3912 3520 3986; baseline -0.007 -12"><span class='ocrx_word' id='word_1_730' title='bbox 1947 3918 2159 3973; x_wconf 89' lang='lat' dir='ltr'><strong>modum</strong></span> <span class='ocrx_word' id='word_1_731' title='bbox 2190 3917 2456 3986; x_wconf 80' lang='lat' dir='ltr'><strong>Sapienter</strong></span> <span class='ocrx_word' id='word_1_732' title='bbox 2487 3912 2764 3983; x_wconf 75' lang='lat' dir='ltr'><strong>percurrit,</strong></span> <span class='ocrx_word' id='word_1_733' title='bbox 2802 3920 3082 3979; x_wconf 88' lang='lat' dir='ltr'><strong>utrumque</strong></span> <span class='ocrx_word' id='word_1_734' title='bbox 3108 3924 3322 3973; x_wconf 90' lang='lat' dir='ltr'><strong>curans,</strong></span> <span class='ocrx_word' id='word_1_735' title='bbox 3354 3919 3408 3963; x_wconf 90' lang='lat' dir='ltr'><strong>et</strong></span> <span class='ocrx_word' id='word_1_736' title='bbox 3436 3925 3520 3963; x_wconf 84' lang='lat' dir='ltr'><strong>sa-</strong></span> 
     </span>
    </p>
   </div>
   <div class='ocr_carea' id='block_1_96' title="bbox 1948 4002 3517 4078">
    <p class='ocr_par' dir='ltr' id='par_1_96' title="bbox 1948 4002 3517 4078">
     <span class='ocr_line' id='line_1_96' title="bbox 1948 4002 3517 4078; baseline -0.006 -13"><span class='ocrx_word' id='word_1_737' title='bbox 1948 4012 2183 4066; x_wconf 87' lang='lat' dir='ltr'><strong>tietatem</strong></span> <span class='ocrx_word' id='word_1_738' title='bbox 2230 4008 2455 4078; x_wconf 84' lang='lat' dir='ltr'><strong>fugiens,</strong></span> <span class='ocrx_word' id='word_1_739' title='bbox 2504 4014 2558 4060; x_wconf 89' lang='lat' dir='ltr'><strong>et</strong></span> <span class='ocrx_word' id='word_1_740' title='bbox 2603 4003 2983 4058; x_wconf 82' lang='lat' dir='ltr'><strong>sententiarum</strong></span> <span class='ocrx_word' id='word_1_741' title='bbox 3026 4002 3365 4056; x_wconf 86' lang='lat' dir='ltr'><strong>crebritatem</strong></span> <span class='ocrx_word' id='word_1_742' title='bbox 3413 4018 3517 4056; x_wconf 89' lang='lat' dir='ltr'><strong>non</strong></span> 
     </span>
    </p>
   </div>
   <div class='ocr_carea' id='block_1_97' title="bbox 1946 4093 3519 4173">
    <p class='ocr_par' dir='ltr' id='par_1_97' title="bbox 1946 4093 3519 4173">
     <span class='ocr_line' id='line_1_97' title="bbox 1946 4093 3519 4173; baseline -0.009 -14"><span class='ocrx_word' id='word_1_743' title='bbox 1946 4103 2214 4173; x_wconf 87' lang='lat' dir='ltr'><strong>perimens</strong></span> <span class='ocrx_word' id='word_1_744' title='bbox 2239 4118 2251 4154; x_wconf 92' lang='lat'>:</span> <span class='ocrx_word' id='word_1_745' title='bbox 2289 4114 2457 4168; x_wconf 83' lang='lat' dir='ltr'><strong>neque</strong></span> <span class='ocrx_word' id='word_1_746' title='bbox 2487 4096 2707 4151; x_wconf 86' lang='lat' dir='ltr'><strong>omnino</strong></span> <span class='ocrx_word' id='word_1_747' title='bbox 2737 4095 2881 4149; x_wconf 88' lang='lat' dir='ltr'><strong>siluit</strong></span> <span class='ocrx_word' id='word_1_748' title='bbox 2900 4136 2915 4157; x_wconf 87' lang='lat'><strong>,</strong></span> <span class='ocrx_word' id='word_1_749' title='bbox 2971 4109 3142 4163; x_wconf 88' lang='lat' dir='ltr'><strong>neque</strong></span> <span class='ocrx_word' id='word_1_750' title='bbox 3170 4093 3355 4148; x_wconf 89' lang='lat' dir='ltr'><strong>dicens</strong></span> <span class='ocrx_word' id='word_1_751' title='bbox 3381 4103 3519 4149; x_wconf 88' lang='lat' dir='ltr'><strong>attu-</strong></span> 
     </span>
    </p>
   </div>
   <div class='ocr_carea' id='block_1_98' title="bbox 1946 4185 3517 4258">
    <p class='ocr_par' dir='ltr' id='par_1_98' title="bbox 1946 4185 3517 4258">
     <span class='ocr_line' id='line_1_98' title="bbox 1946 4185 3517 4258; baseline -0.003 -11"><span class='ocrx_word' id='word_1_752' title='bbox 1946 4195 2005 4248; x_wconf 89' lang='lat' dir='ltr'><strong>lit</strong></span> <span class='ocrx_word' id='word_1_753' title='bbox 2041 4193 2363 4257; x_wconf 88' lang='lat' dir='ltr'><strong>molestiam,</strong></span> <span class='ocrx_word' id='word_1_754' title='bbox 2385 4190 2477 4245; x_wconf 88' lang='lat' dir='ltr'><strong>sed</strong></span> <span class='ocrx_word' id='word_1_755' title='bbox 2502 4200 2783 4258; x_wconf 89' lang='lat' dir='ltr'><strong>utrumque</strong></span> <span class='ocrx_word' id='word_1_756' title='bbox 2807 4186 2947 4242; x_wconf 82' lang='lat' dir='ltr'><strong>facit.</strong></span> <span class='ocrx_word' id='word_1_757' title='bbox 2974 4186 3104 4241; x_wconf 68' lang='lat' dir='ltr'><strong>Nam</strong></span> <span class='ocrx_word' id='word_1_758' title='bbox 3128 4185 3339 4257; x_wconf 89' lang='lat' dir='ltr'><strong>quando</strong></span> <span class='ocrx_word' id='word_1_759' title='bbox 3368 4189 3517 4258; x_wconf 84' lang='lat' dir='ltr'><strong>quis-</strong></span> 
     </span>
    </p>
   </div>
   <div class='ocr_carea' id='block_1_99' title="bbox 1945 4278 3515 4353">
    <p class='ocr_par' dir='ltr' id='par_1_99' title="bbox 1945 4278 3515 4353">
     <span class='ocr_line' id='line_1_99' title="bbox 1945 4278 3515 4353; baseline -0.003 -15"><span class='ocrx_word' id='word_1_760' title='bbox 1945 4285 2085 4353; x_wconf 90' lang='lat' dir='ltr'><strong>piam</strong></span> <span class='ocrx_word' id='word_1_761' title='bbox 2113 4284 2456 4338; x_wconf 88' lang='lat' dir='ltr'><strong>vehementer</strong></span> <span class='ocrx_word' id='word_1_762' title='bbox 2496 4279 2789 4341; x_wconf 89' lang='lat' dir='ltr'><strong>contendit,</strong></span> <span class='ocrx_word' id='word_1_763' title='bbox 2841 4278 2884 4333; x_wconf 93' lang='lat' dir='ltr'><strong>si</strong></span> <span class='ocrx_word' id='word_1_764' title='bbox 2924 4287 3110 4348; x_wconf 89' lang='lat' dir='ltr'><strong>pergat</strong></span> <span class='ocrx_word' id='word_1_765' title='bbox 3154 4279 3515 4346; x_wconf 87' lang='lat' dir='ltr'><strong>contendere,</strong></span> 
     </span>
    </p>
   </div>
   <div class='ocr_carea' id='block_1_100' title="bbox 1945 4368 3519 4439">
    <p class='ocr_par' dir='ltr' id='par_1_100' title="bbox 1945 4368 3519 4439">
     <span class='ocr_line' id='line_1_100' title="bbox 1945 4368 3519 4439; baseline -0.001 -11"><span class='ocrx_word' id='word_1_766' title='bbox 1945 4382 2135 4428; x_wconf 88' lang='lat' dir='ltr'><strong>enecat</strong></span> <span class='ocrx_word' id='word_1_767' title='bbox 2170 4372 2462 4427; x_wconf 87' lang='lat' dir='ltr'><strong>auditorem</strong></span> <span class='ocrx_word' id='word_1_768' title='bbox 2507 4384 2854 4439; x_wconf 86' lang='lat' dir='ltr'><strong>persuasum,</strong></span> <span class='ocrx_word' id='word_1_769' title='bbox 2904 4369 3143 4423; x_wconf 85' lang='lat' dir='ltr'><strong>molestia</strong></span> <span class='ocrx_word' id='word_1_770' title='bbox 3184 4368 3441 4434; x_wconf 81' lang='lat' dir='ltr'><strong>afﬁciens,</strong></span> <span class='ocrx_word' id='word_1_771' title='bbox 3464 4382 3519 4426; x_wconf 92' lang='lat' dir='ltr'><strong>et</strong></span> 
     </span>
    </p>
   </div>
   <div class='ocr_carea' id='block_1_101' title="bbox 1946 4459 3517 4533">
    <p class='ocr_par' dir='ltr' id='par_1_101' title="bbox 1946 4459 3517 4533">
     <span class='ocr_line' id='line_1_101' title="bbox 1946 4459 3517 4533; baseline -0.001 -17"><span class='ocrx_word' id='word_1_772' title='bbox 1946 4464 2190 4533; x_wconf 70' lang='lat' dir='ltr'><strong>prmbens</strong></span> <span class='ocrx_word' id='word_1_773' title='bbox 2210 4461 2277 4517; x_wconf 88' lang='lat' dir='ltr'><strong>de</strong></span> <span class='ocrx_word' id='word_1_774' title='bbox 2293 4477 2351 4515; x_wconf 91' lang='lat' dir='ltr'><strong>se</strong></span> <span class='ocrx_word' id='word_1_775' title='bbox 2371 4461 2675 4530; x_wconf 87' lang='lat' dir='ltr'><strong>opinionem</strong></span> <span class='ocrx_word' id='word_1_776' title='bbox 2691 4459 2829 4531; x_wconf 90' lang='lat' dir='ltr'><strong>quod</strong></span> <span class='ocrx_word' id='word_1_777' title='bbox 2848 4461 2915 4514; x_wconf 93' lang='lat' dir='ltr'><strong>sit</strong></span> <span class='ocrx_word' id='word_1_778' title='bbox 2935 4460 3246 4515; x_wconf 86' lang='lat' dir='ltr'><strong>ambitiosus</strong></span> <span class='ocrx_word' id='word_1_779' title='bbox 3269 4472 3323 4514; x_wconf 89' lang='lat' dir='ltr'><strong>et</strong></span> <span class='ocrx_word' id='word_1_780' title='bbox 3349 4461 3517 4514; x_wconf 78' lang='lat' dir='ltr'><strong>hono—</strong></span> 
     </span>
    </p>
   </div>
   <div class='ocr_carea' id='block_1_102' title="bbox 1942 4551 3521 4621">
    <p class='ocr_par' dir='ltr' id='par_1_102' title="bbox 1942 4551 3521 4621">
     <span class='ocr_line' id='line_1_102' title="bbox 1942 4551 3521 4621; baseline 0.001 -16"><span class='ocrx_word' id='word_1_781' title='bbox 1942 4554 2014 4605; x_wconf 89' lang='lat' dir='ltr'><strong>ris</strong></span> <span class='ocrx_word' id='word_1_782' title='bbox 2031 4551 2255 4621; x_wconf 90' lang='lat' dir='ltr'><strong>cupidus</strong></span> <span class='ocrx_word' id='word_1_783' title='bbox 2276 4558 2487 4621; x_wconf 89' lang='lat' dir='ltr'><strong>oportet</strong></span> <span class='ocrx_word' id='word_1_784' title='bbox 2511 4551 2653 4605; x_wconf 89' lang='lat' dir='ltr'><strong>enim</strong></span> <span class='ocrx_word' id='word_1_785' title='bbox 2680 4567 2739 4607; x_wconf 91' lang='lat' dir='ltr'><strong>se</strong></span> <span class='ocrx_word' id='word_1_786' title='bbox 2765 4554 3171 4607; x_wconf 84' lang='lat' dir='ltr'><strong>accommodare</strong></span> <span class='ocrx_word' id='word_1_787' title='bbox 3196 4554 3428 4608; x_wconf 88' lang='lat' dir='ltr'><strong>utilitati.</strong></span> <span class='ocrx_word' id='word_1_788' title='bbox 3453 4554 3521 4608; x_wconf 85' lang='lat' dir='ltr'><strong>Et</strong></span> 
     </span>
    </p>
   </div>
   <div class='ocr_carea' id='block_1_103' title="bbox 1939 4642 3522 4713">
    <p class='ocr_par' dir='ltr' id='par_1_103' title="bbox 1939 4642 3522 4713">
     <span class='ocr_line' id='line_1_103' title="bbox 1939 4642 3522 4713; baseline 0.001 -18"><span class='ocrx_word' id='word_1_789' title='bbox 1939 4643 2060 4713; x_wconf 86' lang='lat' dir='ltr'><strong>quid</strong></span> <span class='ocrx_word' id='word_1_790' title='bbox 2074 4642 2242 4695; x_wconf 84' lang='lat' dir='ltr'><strong>adhuc</strong></span> <span class='ocrx_word' id='word_1_791' title='bbox 2259 4642 2423 4695; x_wconf 86' lang='lat' dir='ltr'><strong>dicam</strong></span> <span class='ocrx_word' id='word_1_792' title='bbox 2435 4644 2461 4697; x_wconf 68' lang='grc' dir='ltr'><em>ἲ</em></span> <span class='ocrx_word' id='word_1_793' title='bbox 2478 4642 2647 4713; x_wconf 84' lang='lat' dir='ltr'><strong>inquit</strong></span> <span class='ocrx_word' id='word_1_794' title='bbox 2663 4662 2674 4696; x_wconf 92' lang='lat'>:</span> <span class='ocrx_word' id='word_1_795' title='bbox 2692 4643 2887 4712; x_wconf 82' lang='lat' dir='ltr'><strong>deficiet</strong></span> <span class='ocrx_word' id='word_1_796' title='bbox 2905 4661 2982 4698; x_wconf 88' lang='lat' dir='ltr'><strong>me</strong></span> <span class='ocrx_word' id='word_1_797' title='bbox 2997 4655 3189 4712; x_wconf 81' lang='lat' dir='ltr'><strong>tempus</strong></span> <span class='ocrx_word' id='word_1_798' title='bbox 3206 4656 3522 4698; x_wconf 84' lang='lat' dir='ltr'><strong>euarrautem</strong></span> 
     </span>
    </p>
   </div>
   <div class='ocr_carea' id='block_1_104' title="bbox 1939 4734 3524 4807">
    <p class='ocr_par' dir='ltr' id='par_1_104' title="bbox 1939 4734 3524 4807">
     <span class='ocr_line' id='line_1_104' title="bbox 1939 4734 3524 4807; baseline 0.002 -19"><span class='ocrx_word' id='word_1_799' title='bbox 1939 4736 2000 4788; x_wconf 86' lang='lat' dir='ltr'><strong>de</strong></span> <span class='ocrx_word' id='word_1_800' title='bbox 2022 4735 2243 4800; x_wconf 79' lang='lat' dir='ltr'><strong>cheon,</strong></span> <span class='ocrx_word' id='word_1_801' title='bbox 2267 4734 2452 4801; x_wconf 79' lang='lat' dir='ltr'><strong>Barac,</strong></span> <span class='ocrx_word' id='word_1_802' title='bbox 2483 4736 2758 4805; x_wconf 82' lang='lat' dir='ltr'><strong>Sampson,</strong></span> <span class='ocrx_word' id='word_1_803' title='bbox 2781 4735 2985 4807; x_wconf 75' lang='lat' dir='ltr'><strong>Iephte,</strong></span> <span class='ocrx_word' id='word_1_804' title='bbox 3014 4736 3198 4802; x_wconf 85' lang='lat' dir='ltr'><strong>Dauid,</strong></span> <span class='ocrx_word' id='word_1_805' title='bbox 3223 4738 3452 4803; x_wconf 85' lang='lat' dir='ltr'><strong>Samuel,</strong></span> <span class='ocrx_word' id='word_1_806' title='bbox 3477 4747 3524 4791; x_wconf 89' lang='lat' dir='ltr'><strong>et</strong></span> 
     </span>
    </p>
   </div>
   <div class='ocr_carea' id='block_1_105' title="bbox 1942 4826 3521 4897">
    <p class='ocr_par' dir='ltr' id='par_1_105' title="bbox 1942 4826 3521 4897">
     <span class='ocr_line' id='line_1_105' title="bbox 1942 4826 3521 4897; baseline 0.001 -19"><span class='ocrx_word' id='word_1_807' title='bbox 1942 4827 2220 4897; x_wconf 79' lang='lat' dir='ltr'><strong>prophetis.</strong></span> <span class='ocrx_word' id='word_1_808' title='bbox 2244 4826 2470 4893; x_wconf 83' lang='lat' dir='ltr'><strong>Quidam</strong></span> <span class='ocrx_word' id='word_1_809' title='bbox 2493 4826 2713 4881; x_wconf 88' lang='lat' dir='ltr'><strong>Paulum</strong></span> <span class='ocrx_word' id='word_1_810' title='bbox 2734 4827 3152 4896; x_wconf 83' lang='lat' dir='ltr'><strong>reprehendunt,</strong></span> <span class='ocrx_word' id='word_1_811' title='bbox 3173 4826 3313 4895; x_wconf 79' lang='lat' dir='ltr'><strong>quod</strong></span> <span class='ocrx_word' id='word_1_812' title='bbox 3333 4826 3521 4892; x_wconf 81' lang='lat' dir='ltr'><strong>Barac,</strong></span> 
     </span>
    </p>
   </div>
   <div class='ocr_carea' id='block_1_106' title="bbox 1939 4917 3522 4988">
    <p class='ocr_par' dir='ltr' id='par_1_106' title="bbox 1939 4917 3522 4988">
     <span class='ocr_line' id='line_1_106' title="bbox 1939 4917 3522 4988; baseline -0.001 -15"><span class='ocrx_word' id='word_1_813' title='bbox 1939 4919 2202 4988; x_wconf 88' lang='lat' dir='ltr'><strong>Sampson</strong></span> <span class='ocrx_word' id='word_1_814' title='bbox 2230 4928 2282 4971; x_wconf 87' lang='lat' dir='ltr'><strong>et</strong></span> <span class='ocrx_word' id='word_1_815' title='bbox 2306 4917 2500 4988; x_wconf 88' lang='lat' dir='ltr'><strong>Jephte</strong></span> <span class='ocrx_word' id='word_1_816' title='bbox 2538 4917 2591 4970; x_wconf 90' lang='lat' dir='ltr'><strong>in</strong></span> <span class='ocrx_word' id='word_1_817' title='bbox 2635 4917 2721 4972; x_wconf 86' lang='lat' dir='ltr'><strong>his</strong></span> <span class='ocrx_word' id='word_1_818' title='bbox 2766 4927 2928 4987; x_wconf 90' lang='lat' dir='ltr'><strong>ponat</strong></span> <span class='ocrx_word' id='word_1_819' title='bbox 2970 4918 3121 4971; x_wconf 91' lang='lat' dir='ltr'><strong>locis.</strong></span> <span class='ocrx_word' id='word_1_820' title='bbox 3172 4917 3308 4985; x_wconf 74' lang='lat' dir='ltr'><strong>Quid</strong></span> <span class='ocrx_word' id='word_1_821' title='bbox 3352 4917 3522 4972; x_wconf 78' lang='lat' dir='ltr'><strong>dicis?</strong></span> 
     </span>
    </p>
   </div>
   <div class='ocr_carea' id='block_1_107' title="bbox 1939 5007 3524 5078">
    <p class='ocr_par' dir='ltr' id='par_1_107' title="bbox 1939 5007 3524 5078">
     <span class='ocr_line' id='line_1_107' title="bbox 1939 5007 3524 5078; baseline -0.001 -16"><span class='ocrx_word' id='word_1_822' title='bbox 1939 5025 2059 5062; x_wconf 89' lang='lat' dir='ltr'><strong>cum</strong></span> <span class='ocrx_word' id='word_1_823' title='bbox 2103 5009 2439 5063; x_wconf 86' lang='lat' dir='ltr'><strong>meretricem</strong></span> <span class='ocrx_word' id='word_1_824' title='bbox 2470 5009 2740 5077; x_wconf 88' lang='lat' dir='ltr'><strong>posuerit,</strong></span> <span class='ocrx_word' id='word_1_825' title='bbox 2772 5007 2871 5061; x_wconf 90' lang='lat' dir='ltr'><strong>hos</strong></span> <span class='ocrx_word' id='word_1_826' title='bbox 2903 5024 3007 5061; x_wconf 78' lang='lat' dir='ltr'><strong>non</strong></span> <span class='ocrx_word' id='word_1_827' title='bbox 3038 5008 3240 5078; x_wconf 87' lang='lat' dir='ltr'><strong>ponet?</strong></span> <span class='ocrx_word' id='word_1_828' title='bbox 3275 5008 3352 5062; x_wconf 88' lang='lat' dir='ltr'><strong>Ne</strong></span> <span class='ocrx_word' id='word_1_829' title='bbox 3394 5008 3524 5062; x_wconf 90' lang='lat' dir='ltr'><strong>mihi</strong></span> 
     </span>
    </p>
   </div>
   <div class='ocr_carea' id='block_1_108' title="bbox 1939 5099 3522 5170">
    <p class='ocr_par' dir='ltr' id='par_1_108' title="bbox 1939 5099 3522 5170">
     <span class='ocr_line' id='line_1_108' title="bbox 1939 5099 3522 5170; baseline -0.001 -17"><span class='ocrx_word' id='word_1_830' title='bbox 1939 5101 2079 5153; x_wconf 71' lang='lat' dir='ltr'><strong>cutim</strong></span> <span class='ocrx_word' id='word_1_831' title='bbox 2109 5100 2368 5170; x_wconf 86' lang='lat' dir='ltr'><strong>reliquam</strong></span> <span class='ocrx_word' id='word_1_832' title='bbox 2400 5115 2585 5155; x_wconf 90' lang='lat' dir='ltr'><strong>eorum</strong></span> <span class='ocrx_word' id='word_1_833' title='bbox 2615 5099 2775 5153; x_wconf 89' lang='lat' dir='ltr'><strong>vitam</strong></span> <span class='ocrx_word' id='word_1_834' title='bbox 2806 5099 3006 5153; x_wconf 68' lang='lat' dir='ltr'><strong>dixeris</strong></span> <span class='ocrx_word' id='word_1_835' title='bbox 3025 5139 3039 5164; x_wconf 94' lang='lat'><strong>,</strong></span> <span class='ocrx_word' id='word_1_836' title='bbox 3070 5099 3317 5153; x_wconf 64' lang='lat' dir='ltr'><strong>sedmum</strong></span> <span class='ocrx_word' id='word_1_837' title='bbox 3345 5100 3522 5154; x_wconf 86' lang='lat' dir='ltr'><strong>credi-</strong></span> 
     </span>
    </p>
   </div>
   <div class='ocr_carea' id='block_1_109' title="bbox 1937 5191 3524 5264">
    <p class='ocr_par' dir='ltr' id='par_1_109' title="bbox 1937 5191 3524 5264">
     <span class='ocr_line' id='line_1_109' title="bbox 1937 5191 3524 5264; baseline 0.001 -20"><span class='ocrx_word' id='word_1_838' title='bbox 1937 5193 2132 5246; x_wconf 80' lang='lat' dir='ltr'><strong>derunt</strong></span> <span class='ocrx_word' id='word_1_839' title='bbox 2169 5200 2226 5247; x_wconf 83' lang='lat' dir='ltr'><strong>et</strong></span> <span class='ocrx_word' id='word_1_840' title='bbox 2267 5191 2370 5247; x_wconf 82' lang='lat' dir='ltr'><strong>ﬁde</strong></span> <span class='ocrx_word' id='word_1_841' title='bbox 2404 5192 2873 5263; x_wconf 86' lang='lat' dir='ltr'><strong>resplenducrunt.</strong></span> <span class='ocrx_word' id='word_1_842' title='bbox 2912 5191 2975 5244; x_wconf 71' lang='lat' dir='ltr'><strong>Et</strong></span> <span class='ocrx_word' id='word_1_843' title='bbox 3002 5193 3282 5261; x_wconf 84' lang='lat' dir='ltr'><strong>prophetis,</strong></span> <span class='ocrx_word' id='word_1_844' title='bbox 3316 5192 3403 5247; x_wconf 77' lang='lat'><strong>35.</strong></span> <span class='ocrx_word' id='word_1_845' title='bbox 3436 5195 3524 5264; x_wconf 84' lang='lat' dir='ltr'><strong>qui</strong></span> 
     </span>
    </p>
   </div>
   <div class='ocr_carea' id='block_1_110' title="bbox 1938 5282 3524 5355">
    <p class='ocr_par' dir='ltr' id='par_1_110' title="bbox 1938 5282 3524 5355">
     <span class='ocr_line' id='line_1_110' title="bbox 1938 5282 3524 5355; baseline 0.004 -21"><span class='ocrx_word' id='word_1_846' title='bbox 1938 5299 2026 5352; x_wconf 75' lang='lat' dir='ltr'><strong>per</strong></span> <span class='ocrx_word' id='word_1_847' title='bbox 2064 5282 2218 5351; x_wconf 85' lang='lat' dir='ltr'><strong>ﬁdem</strong></span> <span class='ocrx_word' id='word_1_848' title='bbox 2258 5285 2481 5337; x_wconf 83' lang='lat' dir='ltr'><strong>uicerunt</strong></span> <span class='ocrx_word' id='word_1_849' title='bbox 2523 5301 2699 5355; x_wconf 81' lang='lat' dir='ltr'><strong>regna.</strong></span> <span class='ocrx_word' id='word_1_850' title='bbox 2735 5283 2897 5338; x_wconf 79' lang='lat' dir='ltr'><strong>Vides</strong></span> <span class='ocrx_word' id='word_1_851' title='bbox 2935 5284 3074 5353; x_wconf 90' lang='lat' dir='ltr'><strong>quod</strong></span> <span class='ocrx_word' id='word_1_852' title='bbox 3112 5299 3219 5338; x_wconf 92' lang='lat' dir='ltr'><strong>non</strong></span> <span class='ocrx_word' id='word_1_853' title='bbox 3263 5284 3395 5339; x_wconf 73' lang='lat' dir='ltr'><strong>(erat</strong></span> <span class='ocrx_word' id='word_1_854' title='bbox 3423 5286 3524 5341; x_wconf 92' lang='lat' dir='ltr'><strong>hoc</strong></span> 
     </span>
    </p>
   </div>
   <div class='ocr_carea' id='block_1_111' title="bbox 1940 5374 3521 5447">
    <p class='ocr_par' dir='ltr' id='par_1_111' title="bbox 1940 5374 3521 5447">
     <span class='ocr_line' id='line_1_111' title="bbox 1940 5374 3521 5447; baseline 0.003 -20"><span class='ocrx_word' id='word_1_855' title='bbox 1940 5375 2304 5429; x_wconf 79' lang='lat' dir='ltr'><strong>testimonium</strong></span> <span class='ocrx_word' id='word_1_856' title='bbox 2325 5375 2392 5430; x_wconf 87' lang='lat' dir='ltr'><strong>de</strong></span> <span class='ocrx_word' id='word_1_857' title='bbox 2417 5376 2520 5428; x_wconf 89' lang='lat' dir='ltr'><strong>vita</strong></span> <span class='ocrx_word' id='word_1_858' title='bbox 2545 5375 2797 5445; x_wconf 68' lang='lat' dir='ltr'><strong>prteclara</strong></span> <span class='ocrx_word' id='word_1_859' title='bbox 2828 5393 2839 5427; x_wconf 96' lang='lat'>:</span> <span class='ocrx_word' id='word_1_860' title='bbox 2869 5390 2972 5427; x_wconf 91' lang='lat' dir='ltr'><strong>non</strong></span> <span class='ocrx_word' id='word_1_861' title='bbox 2998 5374 3140 5427; x_wconf 88' lang='lat' dir='ltr'><strong>enim</strong></span> <span class='ocrx_word' id='word_1_862' title='bbox 3164 5385 3279 5430; x_wconf 90' lang='lat' dir='ltr'><strong>erat</strong></span> <span class='ocrx_word' id='word_1_863' title='bbox 3308 5375 3358 5430; x_wconf 90' lang='lat' dir='ltr'><strong>id</strong></span> <span class='ocrx_word' id='word_1_864' title='bbox 3380 5377 3521 5447; x_wconf 87' lang='lat' dir='ltr'><strong>quod</strong></span> 
     </span>
    </p>
   </div>
   <div class='ocr_carea' id='block_1_112' title="bbox 1938 5465 3523 5535">
    <p class='ocr_par' dir='ltr' id='par_1_112' title="bbox 1938 5465 3523 5535">
     <span class='ocr_line' id='line_1_112' title="bbox 1938 5465 3523 5535; baseline 0.003 -19"><span class='ocrx_word' id='word_1_865' title='bbox 1938 5467 2205 5533; x_wconf 67' lang='lat' dir='ltr'><strong>pra-cipue</strong></span> <span class='ocrx_word' id='word_1_866' title='bbox 2247 5466 2619 5535; x_wconf 67' lang='lat' dir='ltr'><strong>quzerchatur;</strong></span> <span class='ocrx_word' id='word_1_867' title='bbox 2667 5465 2760 5519; x_wconf 89' lang='lat' dir='ltr'><strong>sed</strong></span> <span class='ocrx_word' id='word_1_868' title='bbox 2794 5465 2911 5519; x_wconf 85' lang='lat' dir='ltr'><strong>ﬁdei</strong></span> <span class='ocrx_word' id='word_1_869' title='bbox 2942 5465 3152 5519; x_wconf 82' lang='lat' dir='ltr'><strong>interim</strong></span> <span class='ocrx_word' id='word_1_870' title='bbox 3180 5474 3297 5521; x_wconf 87' lang='lat' dir='ltr'><strong>erat</strong></span> <span class='ocrx_word' id='word_1_871' title='bbox 3323 5467 3523 5520; x_wconf 85' lang='lat' dir='ltr'><strong>exami-</strong></span> 
     </span>
    </p>
   </div>
   <div class='ocr_carea' id='block_1_113' title="bbox 1937 5554 3519 5622">
    <p class='ocr_par' dir='ltr' id='par_1_113' title="bbox 1937 5554 3519 5622">
     <span class='ocr_line' id='line_1_113' title="bbox 1937 5554 3519 5622; baseline -0.001 -11"><span class='ocrx_word' id='word_1_872' title='bbox 1937 5558 2101 5611; x_wconf 75' lang='lat' dir='ltr'><strong>natio.</strong></span> <span class='ocrx_word' id='word_1_873' title='bbox 2136 5555 2269 5610; x_wconf 86' lang='lat' dir='ltr'><strong>Nam</strong></span> <span class='ocrx_word' id='word_1_874' title='bbox 2300 5556 2385 5610; x_wconf 88' lang='lat' dir='ltr'><strong>dic</strong></span> <span class='ocrx_word' id='word_1_875' title='bbox 2411 5556 2561 5622; x_wconf 90' lang='lat' dir='ltr'><strong>mihi,</strong></span> <span class='ocrx_word' id='word_1_876' title='bbox 2593 5570 2769 5609; x_wconf 86' lang='lat' dir='ltr'><strong>annon</strong></span> <span class='ocrx_word' id='word_1_877' title='bbox 2799 5555 2902 5609; x_wconf 79' lang='lat' dir='ltr'><strong>[ide</strong></span> <span class='ocrx_word' id='word_1_878' title='bbox 2930 5554 3238 5610; x_wconf 85' lang='lat' dir='ltr'><strong>universum</strong></span> <span class='ocrx_word' id='word_1_879' title='bbox 3271 5556 3519 5611; x_wconf 81' lang='lat' dir='ltr'><strong>confece-</strong></span> 
     </span>
    </p>
   </div>
   <div class='ocr_carea' id='block_1_114' title="bbox 1936 5650 3515 5720">
    <p class='ocr_par' dir='ltr' id='par_1_114' title="bbox 1936 5650 3515 5720">
     <span class='ocr_line' id='line_1_114' title="bbox 1936 5650 3515 5720; baseline -0.002 -16"><span class='ocrx_word' id='word_1_880' title='bbox 1936 5652 2092 5704; x_wconf 87' lang='lat' dir='ltr'><strong>runt?</strong></span> <span class='ocrx_word' id='word_1_881' title='bbox 2137 5651 2450 5717; x_wconf 87' lang='lat' dir='ltr'><strong>Quomodo?</strong></span> <span class='ocrx_word' id='word_1_882' title='bbox 2502 5651 2603 5704; x_wconf 81' lang='lat' dir='ltr'><strong>Per</strong></span> <span class='ocrx_word' id='word_1_883' title='bbox 2643 5651 2813 5718; x_wconf 68' lang='lat' dir='ltr'><strong>ﬁderit,</strong></span> <span class='ocrx_word' id='word_1_884' title='bbox 2861 5650 3049 5717; x_wconf 86' lang='lat' dir='ltr'><strong>inquit,</strong></span> <span class='ocrx_word' id='word_1_885' title='bbox 3082 5650 3303 5704; x_wconf 71' lang='lat' dir='ltr'><strong>vicerunt</strong></span> <span class='ocrx_word' id='word_1_886' title='bbox 3344 5667 3515 5720; x_wconf 72' lang='lat' dir='ltr'><strong>regna,</strong></span> 
     </span>
    </p>
   </div>
   <div class='ocr_carea' id='block_1_115' title="bbox 1938 5741 3518 5812">
    <p class='ocr_par' dir='ltr' id='par_1_115' title="bbox 1938 5741 3518 5812">
     <span class='ocr_line' id='line_1_115' title="bbox 1938 5741 3518 5812; baseline -0.001 -15"><span class='ocrx_word' id='word_1_887' title='bbox 1938 5760 2128 5810; x_wconf 82' lang='lat' dir='ltr'><strong>nctupe</strong></span> <span class='ocrx_word' id='word_1_888' title='bbox 2173 5745 2410 5799; x_wconf 77' lang='lat' dir='ltr'><strong>Gedeon.</strong></span> <span class='ocrx_word' id='word_1_889' title='bbox 2463 5741 2673 5808; x_wconf 71' lang='lat' dir='ltr'><strong>Opt’t&#39;ﬂli</strong></span> <span class='ocrx_word' id='word_1_890' title='bbox 2716 5751 2831 5796; x_wconf 78' lang='lat' dir='ltr'><strong>sunt</strong></span> <span class='ocrx_word' id='word_1_891' title='bbox 2875 5741 3140 5805; x_wconf 65' lang='lat' dir='ltr'><strong>iustitium.</strong></span> <span class='ocrx_word' id='word_1_892' title='bbox 3195 5743 3421 5812; x_wconf 87' lang='lat' dir='ltr'><strong>Quinam</strong></span> <span class='ocrx_word' id='word_1_893' title='bbox 3465 5743 3518 5796; x_wconf 87' lang='lat' dir='ltr'><strong>hi</strong></span> 
     </span>
    </p>
   </div>
   <div class='ocr_carea' id='block_1_116' title="bbox 3658 815 3681 843">
    <p class='ocr_par' dir='ltr' id='par_1_116' title="bbox 3658 815 3681 843">
     <span class='ocr_line' id='line_1_116' title="bbox 3658 815 3681 843; baseline 0 0"><span class='ocrx_word' id='word_1_894' title='bbox 3658 815 3681 843; x_wconf 85' lang='lat'><strong><em>/</em></strong></span> 
     </span>
    </p>
   </div>
  </div>
