  <div class='ocr_page' id='page_1' title='image "/cluster/home/n/w/nwhite01/storage/ocr_20150623/63/mdp.39015008641394/191.png"; bbox 0 0 3970 6152; ppageno 0'>
   <div class='ocr_carea' id='block_1_1' title="bbox 406 337 506 393">
    <p class='ocr_par' dir='ltr' id='par_1_1' title="bbox 406 337 506 393">
     <span class='ocr_line' id='line_1_1' title="bbox 406 337 506 393; baseline 0 0"><span class='ocrx_word' id='word_1_1' title='bbox 406 337 506 393; x_wconf 68' lang='lat'><strong>£87</strong></span> 
     </span>
    </p>
   </div>
   <div class='ocr_carea' id='block_1_2' title="bbox 402 455 1988 524">
    <p class='ocr_par' dir='ltr' id='par_1_2' title="bbox 402 455 1988 524">
     <span class='ocr_line' id='line_1_2' title="bbox 402 455 1988 524; baseline -0.004 -9"><span class='ocrx_word' id='word_1_2' title='bbox 402 459 562 515; x_wconf 83' lang='lat' dir='ltr'><strong>sunt?</strong></span> <span class='ocrx_word' id='word_1_3' title='bbox 593 459 753 515; x_wconf 86' lang='lat' dir='ltr'><strong>iidem</strong></span> <span class='ocrx_word' id='word_1_4' title='bbox 779 457 999 512; x_wconf 82' lang='lat' dir='ltr'><strong>omnino</strong></span> <span class='ocrx_word' id='word_1_5' title='bbox 1028 455 1104 509; x_wconf 88' lang='lat' dir='ltr'><strong>i-lli</strong></span> <span class='ocrx_word' id='word_1_6' title='bbox 1138 473 1150 508; x_wconf 90' lang='lat'><strong>:</strong></span> <span class='ocrx_word' id='word_1_7' title='bbox 1179 464 1276 510; x_wconf 88' lang='lat' dir='ltr'><strong>aut</strong></span> <span class='ocrx_word' id='word_1_8' title='bbox 1305 455 1689 523; x_wconf 73' lang='lat' dir='ltr'><strong>benignitatem</strong></span> <span class='ocrx_word' id='word_1_9' title='bbox 1719 455 1806 510; x_wconf 90' lang='lat' dir='ltr'><strong>hic</strong></span> <span class='ocrx_word' id='word_1_10' title='bbox 1831 455 1988 524; x_wconf 85' lang='lat' dir='ltr'><strong>justi-</strong></span> 
     </span>
    </p>
   </div>
   <div class='ocr_carea' id='block_1_3' title="bbox 402 546 1987 619">
    <p class='ocr_par' dir='ltr' id='par_1_3' title="bbox 402 546 1987 619">
     <span class='ocr_line' id='line_1_3' title="bbox 402 546 1987 619; baseline -0.002 -15"><span class='ocrx_word' id='word_1_11' title='bbox 402 552 530 604; x_wconf 86' lang='lat' dir='ltr'><strong>tiam</strong></span> <span class='ocrx_word' id='word_1_12' title='bbox 558 551 701 603; x_wconf 92' lang='lat' dir='ltr'><strong>dicit.</strong></span> <span class='ocrx_word' id='word_1_13' title='bbox 738 550 922 619; x_wconf 80' lang='lat' dir='ltr'><strong>Adepti</strong></span> <span class='ocrx_word' id='word_1_14' title='bbox 947 557 1064 601; x_wconf 74' lang='lat' dir='ltr'><strong>sunt</strong></span> <span class='ocrx_word' id='word_1_15' title='bbox 1091 546 1522 616; x_wconf 76' lang='lat' dir='ltr'><strong>repromissiones.</strong></span> <span class='ocrx_word' id='word_1_16' title='bbox 1572 547 1646 600; x_wconf 89' lang='lat' dir='ltr'><strong>De</strong></span> <span class='ocrx_word' id='word_1_17' title='bbox 1683 546 1876 602; x_wconf 86' lang='lat' dir='ltr'><strong>Davide</strong></span> <span class='ocrx_word' id='word_1_18' title='bbox 1902 562 1987 601; x_wconf 82' lang='lat' dir='ltr'><strong>ar-</strong></span> 
     </span>
    </p>
   </div>
   <div class='ocr_carea' id='block_1_4' title="bbox 403 637 1988 710">
    <p class='ocr_par' dir='ltr' id='par_1_4' title="bbox 403 637 1988 710">
     <span class='ocr_line' id='line_1_4' title="bbox 403 637 1988 710; baseline 0 -17"><span class='ocrx_word' id='word_1_19' title='bbox 403 640 573 695; x_wconf 89' lang='lat' dir='ltr'><strong>bitror</strong></span> <span class='ocrx_word' id='word_1_20' title='bbox 588 656 707 695; x_wconf 92' lang='lat' dir='ltr'><strong>eum</strong></span> <span class='ocrx_word' id='word_1_21' title='bbox 730 640 927 694; x_wconf 84' lang='lat' dir='ltr'><strong>dicere.</strong></span> <span class='ocrx_word' id='word_1_22' title='bbox 959 639 1227 704; x_wconf 86' lang='lat' dir='ltr'><strong>Quasnam</strong></span> <span class='ocrx_word' id='word_1_23' title='bbox 1255 637 1673 707; x_wconf 85' lang='lat' dir='ltr'><strong>promissiones?</strong></span> <span class='ocrx_word' id='word_1_24' title='bbox 1704 637 1775 693; x_wconf 86' lang='lat' dir='ltr'>De</span> <span class='ocrx_word' id='word_1_25' title='bbox 1800 639 1864 693; x_wconf 90' lang='lat' dir='ltr'><strong>iis</strong></span> <span class='ocrx_word' id='word_1_26' title='bbox 1880 641 1988 710; x_wconf 81' lang='lat' dir='ltr'><strong>agit</strong></span> 
     </span>
    </p>
   </div>
   <div class='ocr_carea' id='block_1_5' title="bbox 401 730 1988 804">
    <p class='ocr_par' dir='ltr' id='par_1_5' title="bbox 401 730 1988 804">
     <span class='ocr_line' id='line_1_5' title="bbox 401 730 1988 804; baseline -0.003 -15"><span class='ocrx_word' id='word_1_27' title='bbox 401 733 470 790; x_wconf 86' lang='lat' dir='ltr'><strong>de</strong></span> <span class='ocrx_word' id='word_1_28' title='bbox 496 734 686 804; x_wconf 80' lang='lat' dir='ltr'><strong>quibus</strong></span> <span class='ocrx_word' id='word_1_29' title='bbox 710 733 939 795; x_wconf 86' lang='lat' dir='ltr'><strong>dicebat,</strong></span> <span class='ocrx_word' id='word_1_30' title='bbox 968 731 1111 802; x_wconf 91' lang='lat' dir='ltr'><strong>quod</strong></span> <span class='ocrx_word' id='word_1_31' title='bbox 1143 746 1328 786; x_wconf 89' lang='lat' dir='ltr'><strong>semen</strong></span> <span class='ocrx_word' id='word_1_32' title='bbox 1357 730 1471 800; x_wconf 87' lang='lat' dir='ltr'><strong>ejus</strong></span> <span class='ocrx_word' id='word_1_33' title='bbox 1502 745 1776 784; x_wconf 91' lang='lat' dir='ltr'><strong>sessurum</strong></span> <span class='ocrx_word' id='word_1_34' title='bbox 1803 731 1869 784; x_wconf 85' lang='lat' dir='ltr'><strong>sit</strong></span> <span class='ocrx_word' id='word_1_35' title='bbox 1898 746 1988 785; x_wconf 92' lang='lat' dir='ltr'><strong>su-</strong></span> 
     </span>
    </p>
   </div>
   <div class='ocr_carea' id='block_1_6' title="bbox 402 822 1987 894">
    <p class='ocr_par' dir='ltr' id='par_1_6' title="bbox 402 822 1987 894">
     <span class='ocr_line' id='line_1_6' title="bbox 402 822 1987 894; baseline -0.002 -15"><span class='ocrx_word' id='word_1_36' title='bbox 402 840 497 894; x_wconf 86' lang='lat' dir='ltr'><strong>per</strong></span> <span class='ocrx_word' id='word_1_37' title='bbox 519 823 697 878; x_wconf 86' lang='lat' dir='ltr'><strong>scdent</strong></span> <span class='ocrx_word' id='word_1_38' title='bbox 717 823 852 891; x_wconf 81' lang='lat' dir='ltr'><strong>ejus.</strong></span> <span class='ocrx_word' id='word_1_39' title='bbox 884 822 1251 877; x_wconf 84' lang='lat' dir='ltr'><strong>Obturavcrunt</strong></span> <span class='ocrx_word' id='word_1_40' title='bbox 1273 838 1362 875; x_wconf 93' lang='lat' dir='ltr'><strong>ora</strong></span> <span class='ocrx_word' id='word_1_41' title='bbox 1387 822 1607 886; x_wconf 85' lang='lat' dir='ltr'><strong>leonum,</strong></span> <span class='ocrx_word' id='word_1_42' title='bbox 1634 823 1721 876; x_wconf 68' lang='grc'><strong>54.</strong></span> <span class='ocrx_word' id='word_1_43' title='bbox 1745 823 1987 881; x_wconf 73' lang='lat' dir='ltr'><strong>exstinxe-</strong></span> 
     </span>
    </p>
   </div>
   <div class='ocr_carea' id='block_1_7' title="bbox 402 911 1978 986">
    <p class='ocr_par' dir='ltr' id='par_1_7' title="bbox 402 911 1978 986">
     <span class='ocr_line' id='line_1_7' title="bbox 402 911 1978 986; baseline 0.002 -20"><span class='ocrx_word' id='word_1_44' title='bbox 402 925 516 968; x_wconf 86' lang='lat' dir='ltr'><strong>runt</strong></span> <span class='ocrx_word' id='word_1_45' title='bbox 544 916 784 985; x_wconf 86' lang='lat' dir='ltr'><strong>impetum</strong></span> <span class='ocrx_word' id='word_1_46' title='bbox 814 914 966 986; x_wconf 79' lang='lat' dir='ltr'><strong>ignis,</strong></span> <span class='ocrx_word' id='word_1_47' title='bbox 992 913 1279 985; x_wconf 72' lang='lat' dir='ltr'><strong>e/fugcrunt</strong></span> <span class='ocrx_word' id='word_1_48' title='bbox 1302 913 1460 966; x_wconf 88' lang='lat' dir='ltr'><strong>aciem</strong></span> <span class='ocrx_word' id='word_1_49' title='bbox 1484 913 1665 983; x_wconf 77' lang='lat' dir='ltr'><strong>gladii.</strong></span> <span class='ocrx_word' id='word_1_50' title='bbox 1694 911 1826 968; x_wconf 78' lang='lat' dir='ltr'><strong>Vide</strong></span> <span class='ocrx_word' id='word_1_51' title='bbox 1854 929 1978 984; x_wconf 74' lang='lat' dir='ltr'><strong>quo~</strong></span> 
     </span>
    </p>
   </div>
   <div class='ocr_carea' id='block_1_8' title="bbox 401 1003 1984 1075">
    <p class='ocr_par' dir='ltr' id='par_1_8' title="bbox 401 1003 1984 1075">
     <span class='ocr_line' id='line_1_8' title="bbox 401 1003 1984 1075; baseline 0 -14"><span class='ocrx_word' id='word_1_52' title='bbox 401 1008 561 1062; x_wconf 87' lang='lat' dir='ltr'><strong>modo</strong></span> <span class='ocrx_word' id='word_1_53' title='bbox 604 1016 758 1062; x_wconf 84' lang='lat' dir='ltr'><strong>erant</strong></span> <span class='ocrx_word' id='word_1_54' title='bbox 808 1007 859 1060; x_wconf 90' lang='lat' dir='ltr'><strong>in</strong></span> <span class='ocrx_word' id='word_1_55' title='bbox 914 1006 1026 1075; x_wconf 87' lang='lat' dir='ltr'><strong>ipsa</strong></span> <span class='ocrx_word' id='word_1_56' title='bbox 1072 1014 1279 1068; x_wconf 89' lang='lat' dir='ltr'><strong>morte,</strong></span> <span class='ocrx_word' id='word_1_57' title='bbox 1326 1003 1509 1058; x_wconf 82' lang='lat' dir='ltr'><strong>Daniel</strong></span> <span class='ocrx_word' id='word_1_58' title='bbox 1552 1003 1911 1061; x_wconf 83' lang='lat' dir='ltr'><strong>circumdatus</strong></span> <span class='ocrx_word' id='word_1_59' title='bbox 1953 1021 1984 1060; x_wconf 88' lang='lat' dir='ltr'><strong>a</strong></span> 
     </span>
    </p>
   </div>
   <div class='ocr_carea' id='block_1_9' title="bbox 404 1093 1988 1166">
    <p class='ocr_par' dir='ltr' id='par_1_9' title="bbox 404 1093 1988 1166">
     <span class='ocr_line' id='line_1_9' title="bbox 404 1093 1988 1166; baseline -0.001 -14"><span class='ocrx_word' id='word_1_60' title='bbox 404 1099 645 1153; x_wconf 83' lang='lat' dir='ltr'><strong>leonibus</strong></span> <span class='ocrx_word' id='word_1_61' title='bbox 670 1139 684 1164; x_wconf 98' lang='lat'><strong>,</strong></span> <span class='ocrx_word' id='word_1_62' title='bbox 720 1107 829 1152; x_wconf 89' lang='lat' dir='ltr'><strong>tres</strong></span> <span class='ocrx_word' id='word_1_63' title='bbox 857 1097 1005 1166; x_wconf 92' lang='lat' dir='ltr'><strong>pueri</strong></span> <span class='ocrx_word' id='word_1_64' title='bbox 1037 1096 1127 1165; x_wconf 86' lang='lat' dir='ltr'><strong>qui</strong></span> <span class='ocrx_word' id='word_1_65' title='bbox 1157 1094 1423 1166; x_wconf 55' lang='lat' dir='ltr'><strong>dogebaut</strong></span> <span class='ocrx_word' id='word_1_66' title='bbox 1450 1095 1501 1149; x_wconf 93' lang='lat' dir='ltr'><strong>in</strong></span> <span class='ocrx_word' id='word_1_67' title='bbox 1531 1093 1747 1150; x_wconf 89' lang='lat' dir='ltr'><strong>fornace</strong></span> <span class='ocrx_word' id='word_1_68' title='bbox 1766 1136 1780 1158; x_wconf 90' lang='lat'><strong>,</strong></span> <span class='ocrx_word' id='word_1_69' title='bbox 1818 1095 1988 1151; x_wconf 45' lang='lat' dir='ltr'><strong>Abra‘</strong></span> 
     </span>
    </p>
   </div>
   <div class='ocr_carea' id='block_1_10' title="bbox 407 1184 1988 1256">
    <p class='ocr_par' dir='ltr' id='par_1_10' title="bbox 407 1184 1988 1256">
     <span class='ocr_line' id='line_1_10' title="bbox 407 1184 1988 1256; baseline -0.001 -11"><span class='ocrx_word' id='word_1_70' title='bbox 407 1188 553 1256; x_wconf 90' lang='lat' dir='ltr'><strong>ham,</strong></span> <span class='ocrx_word' id='word_1_71' title='bbox 580 1189 745 1254; x_wconf 87' lang='lat' dir='ltr'><strong>Isaac,</strong></span> <span class='ocrx_word' id='word_1_72' title='bbox 774 1188 939 1243; x_wconf 83' lang='lat' dir='ltr'><strong>Jacob</strong></span> <span class='ocrx_word' id='word_1_73' title='bbox 967 1188 1018 1241; x_wconf 90' lang='lat' dir='ltr'><strong>in</strong></span> <span class='ocrx_word' id='word_1_74' title='bbox 1044 1186 1272 1242; x_wconf 83' lang='lat' dir='ltr'><strong>diversis</strong></span> <span class='ocrx_word' id='word_1_75' title='bbox 1299 1184 1709 1249; x_wconf 87' lang='lat' dir='ltr'><strong>tentationibus;</strong></span> <span class='ocrx_word' id='word_1_76' title='bbox 1737 1194 1794 1240; x_wconf 91' lang='lat' dir='ltr'><strong>et</strong></span> <span class='ocrx_word' id='word_1_77' title='bbox 1818 1201 1885 1241; x_wconf 91' lang='lat' dir='ltr'><strong>ne</strong></span> <span class='ocrx_word' id='word_1_78' title='bbox 1909 1187 1988 1243; x_wconf 88' lang='lat' dir='ltr'><strong>sic</strong></span> 
     </span>
    </p>
   </div>
   <div class='ocr_carea' id='block_1_11' title="bbox 399 1278 1987 1353">
    <p class='ocr_par' dir='ltr' id='par_1_11' title="bbox 399 1278 1987 1353">
     <span class='ocr_line' id='line_1_11' title="bbox 399 1278 1987 1353; baseline -0.003 -15"><span class='ocrx_word' id='word_1_79' title='bbox 399 1284 617 1352; x_wconf 88' lang='lat' dir='ltr'><strong>quidem</strong></span> <span class='ocrx_word' id='word_1_80' title='bbox 644 1283 997 1353; x_wconf 87' lang='lat' dir='ltr'><strong>desperarunt</strong></span> <span class='ocrx_word' id='word_1_81' title='bbox 1049 1278 1160 1335; x_wconf 86' lang='lat' dir='ltr'><strong>Hoc</strong></span> <span class='ocrx_word' id='word_1_82' title='bbox 1182 1279 1324 1334; x_wconf 91' lang='lat' dir='ltr'><strong>enim</strong></span> <span class='ocrx_word' id='word_1_83' title='bbox 1353 1287 1433 1333; x_wconf 93' lang='lat' dir='ltr'><strong>est</strong></span> <span class='ocrx_word' id='word_1_84' title='bbox 1468 1278 1599 1333; x_wconf 86' lang='lat' dir='ltr'><strong>fides</strong></span> <span class='ocrx_word' id='word_1_85' title='bbox 1625 1298 1638 1335; x_wconf 90' lang='lat'><strong>:</strong></span> <span class='ocrx_word' id='word_1_86' title='bbox 1663 1278 1875 1349; x_wconf 83' lang='lat' dir='ltr'><strong>quando</strong></span> <span class='ocrx_word' id='word_1_87' title='bbox 1899 1293 1987 1333; x_wconf 89' lang='lat' dir='ltr'><strong>res</strong></span> 
     </span>
    </p>
   </div>
   <div class='ocr_carea' id='block_1_12' title="bbox 400 1368 1987 1441">
    <p class='ocr_par' dir='ltr' id='par_1_12' title="bbox 400 1368 1987 1441">
     <span class='ocr_line' id='line_1_12' title="bbox 400 1368 1987 1441; baseline -0.002 -14"><span class='ocrx_word' id='word_1_88' title='bbox 400 1368 801 1429; x_wconf 50' lang='lat' dir='ltr'><strong>in&#39;contrarium</strong></span> <span class='ocrx_word' id='word_1_89' title='bbox 825 1383 1040 1437; x_wconf 88' lang='lat' dir='ltr'><strong>exeunt,</strong></span> <span class='ocrx_word' id='word_1_90' title='bbox 1067 1382 1192 1426; x_wconf 88' lang='lat' dir='ltr'><strong>tunc</strong></span> <span class='ocrx_word' id='word_1_91' title='bbox 1217 1378 1425 1441; x_wconf 76' lang='lat' dir='ltr'><strong>oportet</strong></span> <span class='ocrx_word' id='word_1_92' title='bbox 1450 1369 1671 1425; x_wconf 88' lang='lat' dir='ltr'><strong>credere</strong></span> <span class='ocrx_word' id='word_1_93' title='bbox 1690 1369 1831 1440; x_wconf 91' lang='lat' dir='ltr'><strong>quod</strong></span> <span class='ocrx_word' id='word_1_94' title='bbox 1858 1370 1987 1424; x_wconf 90' lang='lat' dir='ltr'><strong>nihil</strong></span> 
     </span>
    </p>
   </div>
   <div class='ocr_carea' id='block_1_13' title="bbox 400 1460 1987 1533">
    <p class='ocr_par' dir='ltr' id='par_1_13' title="bbox 400 1460 1987 1533">
     <span class='ocr_line' id='line_1_13' title="bbox 400 1460 1987 1533; baseline -0.004 -12"><span class='ocrx_word' id='word_1_95' title='bbox 400 1466 611 1521; x_wconf 90' lang='lat' dir='ltr'><strong>eveniat</strong></span> <span class='ocrx_word' id='word_1_96' title='bbox 642 1463 989 1530; x_wconf 73' lang='lat' dir='ltr'><strong>contrarium,</strong></span> <span class='ocrx_word' id='word_1_97' title='bbox 1019 1462 1112 1518; x_wconf 89' lang='lat' dir='ltr'><strong>sed</strong></span> <span class='ocrx_word' id='word_1_98' title='bbox 1140 1464 1317 1516; x_wconf 88' lang='lat' dir='ltr'><strong>omnia</strong></span> <span class='ocrx_word' id='word_1_99' title='bbox 1343 1462 1742 1531; x_wconf 76' lang='lat' dir='ltr'><strong>consequentia.</strong></span> <span class='ocrx_word' id='word_1_100' title='bbox 1775 1460 1987 1533; x_wconf 76' lang='lat' dir='ltr'><strong>Ell&#39;uge-</strong></span> 
     </span>
    </p>
   </div>
   <div class='ocr_carea' id='block_1_14' title="bbox 403 1552 1990 1627">
    <p class='ocr_par' dir='ltr' id='par_1_14' title="bbox 403 1552 1990 1627">
     <span class='ocr_line' id='line_1_14' title="bbox 403 1552 1990 1627; baseline -0.001 -20"><span class='ocrx_word' id='word_1_101' title='bbox 403 1567 521 1610; x_wconf 85' lang='lat' dir='ltr'><strong>runl</strong></span> <span class='ocrx_word' id='word_1_102' title='bbox 551 1558 706 1610; x_wconf 84' lang='lat' dir='ltr'><strong>aciem</strong></span> <span class='ocrx_word' id='word_1_103' title='bbox 726 1555 905 1627; x_wconf 78' lang='lat' dir='ltr'><strong>gladii.</strong></span> <span class='ocrx_word' id='word_1_104' title='bbox 942 1553 1203 1608; x_wconf 76' lang='lat' dir='ltr'><strong>Existimo</strong></span> <span class='ocrx_word' id='word_1_105' title='bbox 1229 1568 1350 1608; x_wconf 91' lang='lat' dir='ltr'><strong>eum</strong></span> <span class='ocrx_word' id='word_1_106' title='bbox 1384 1566 1569 1607; x_wconf 85' lang='lat' dir='ltr'><strong>rursus</strong></span> <span class='ocrx_word' id='word_1_107' title='bbox 1599 1552 1778 1607; x_wconf 89' lang='lat' dir='ltr'><strong>dicere</strong></span> <span class='ocrx_word' id='word_1_108' title='bbox 1801 1552 1869 1607; x_wconf 91' lang='lat' dir='ltr'><strong>de</strong></span> <span class='ocrx_word' id='word_1_109' title='bbox 1897 1552 1990 1606; x_wconf 87' lang='lat' dir='ltr'><strong>tri-</strong></span> 
     </span>
    </p>
   </div>
   <div class='ocr_carea' id='block_1_15' title="bbox 403 1631 1988 1710">
    <p class='ocr_par' dir='ltr' id='par_1_15' title="bbox 403 1631 1988 1710">
     <span class='ocr_line' id='line_1_15' title="bbox 403 1631 1988 1710; baseline 0.004 -24"><span class='ocrx_word' id='word_1_110' title='bbox 403 1632 504 1686; x_wconf 86' lang='lat' dir='ltr'><strong>bus</strong></span> <span class='ocrx_word' id='word_1_111' title='bbox 548 1635 746 1702; x_wconf 87' lang='lat' dir='ltr'><strong>pueris.</strong></span> <span class='ocrx_word' id='word_1_112' title='bbox 796 1631 1166 1689; x_wconf 85' lang='lat' dir='ltr'><strong>Couvaluerunt</strong></span> <span class='ocrx_word' id='word_1_113' title='bbox 1213 1637 1275 1688; x_wconf 88' lang='lat' dir='ltr'><strong>de</strong></span> <span class='ocrx_word' id='word_1_114' title='bbox 1312 1636 1624 1705; x_wconf 82' lang='lat' dir='ltr'><strong>inﬁrmitate,</strong></span> <span class='ocrx_word' id='word_1_115' title='bbox 1667 1643 1824 1710; x_wconf 79' lang='lat' dir='ltr'><strong>fortes</strong></span> <span class='ocrx_word' id='word_1_116' title='bbox 1864 1641 1988 1710; x_wconf 78' lang='lat' dir='ltr'><strong>facti</strong></span> 
     </span>
    </p>
   </div>
   <div class='ocr_carea' id='block_1_16' title="bbox 399 1722 1979 1787">
    <p class='ocr_par' dir='ltr' id='par_1_16' title="bbox 399 1722 1979 1787">
     <span class='ocr_line' id='line_1_16' title="bbox 399 1722 1979 1787; baseline 0.004 -11"><span class='ocrx_word' id='word_1_117' title='bbox 399 1731 515 1776; x_wconf 82' lang='lat' dir='ltr'><strong>sunt</strong></span> <span class='ocrx_word' id='word_1_118' title='bbox 543 1723 597 1777; x_wconf 83' lang='lat' dir='ltr'><strong>in</strong></span> <span class='ocrx_word' id='word_1_119' title='bbox 628 1722 774 1787; x_wconf 84' lang='lat' dir='ltr'><strong>bello,</strong></span> <span class='ocrx_word' id='word_1_120' title='bbox 805 1733 970 1777; x_wconf 81' lang='lat' dir='ltr'><strong>castra</strong></span> <span class='ocrx_word' id='word_1_121' title='bbox 994 1733 1240 1779; x_wconf 82' lang='lat' dir='ltr'><strong>verterunt</strong></span> <span class='ocrx_word' id='word_1_122' title='bbox 1267 1734 1567 1779; x_wconf 76' lang='lat' dir='ltr'><strong>exterarum.</strong></span> <span class='ocrx_word' id='word_1_123' title='bbox 1602 1726 1697 1783; x_wconf 89' lang='lat' dir='ltr'><strong>llic</strong></span> <span class='ocrx_word' id='word_1_124' title='bbox 1720 1729 1876 1784; x_wconf 84' lang='lat' dir='ltr'><strong>tacite</strong></span> <span class='ocrx_word' id='word_1_125' title='bbox 1906 1730 1979 1783; x_wconf 83' lang='lat' dir='ltr'><strong>si-</strong></span> 
     </span>
    </p>
   </div>
   <div class='ocr_carea' id='block_1_17' title="bbox 400 1812 1983 1888">
    <p class='ocr_par' dir='ltr' id='par_1_17' title="bbox 400 1812 1983 1888">
     <span class='ocr_line' id='line_1_17' title="bbox 400 1812 1983 1888; baseline 0.006 -24"><span class='ocrx_word' id='word_1_126' title='bbox 400 1812 618 1882; x_wconf 75' lang='lat' dir='ltr'><strong>gniﬁcat</strong></span> <span class='ocrx_word' id='word_1_127' title='bbox 643 1812 784 1883; x_wconf 87' lang='lat' dir='ltr'><strong>quod</strong></span> <span class='ocrx_word' id='word_1_128' title='bbox 813 1813 1006 1868; x_wconf 88' lang='lat' dir='ltr'><strong>factum</strong></span> <span class='ocrx_word' id='word_1_129' title='bbox 1033 1823 1114 1868; x_wconf 85' lang='lat' dir='ltr'><strong>est</strong></span> <span class='ocrx_word' id='word_1_130' title='bbox 1142 1815 1195 1868; x_wconf 87' lang='lat' dir='ltr'><strong>in</strong></span> <span class='ocrx_word' id='word_1_131' title='bbox 1226 1815 1397 1869; x_wconf 88' lang='lat' dir='ltr'><strong>reditu</strong></span> <span class='ocrx_word' id='word_1_132' title='bbox 1419 1831 1448 1869; x_wconf 89' lang='lat' dir='ltr'><strong>a</strong></span> <span class='ocrx_word' id='word_1_133' title='bbox 1473 1816 1764 1888; x_wconf 74' lang='lat' dir='ltr'><strong>Babylone.</strong></span> <span class='ocrx_word' id='word_1_134' title='bbox 1809 1818 1880 1873; x_wconf 87' lang='lat' dir='ltr'><strong>De</strong></span> <span class='ocrx_word' id='word_1_135' title='bbox 1903 1821 1983 1873; x_wconf 87' lang='lat' dir='ltr'><strong>in-</strong></span> 
     </span>
    </p>
   </div>
   <div class='ocr_carea' id='block_1_18' title="bbox 401 1903 1982 1975">
    <p class='ocr_par' dir='ltr' id='par_1_18' title="bbox 401 1903 1982 1975">
     <span class='ocr_line' id='line_1_18' title="bbox 401 1903 1982 1975; baseline 0.008 -21"><span class='ocrx_word' id='word_1_136' title='bbox 401 1904 640 1971; x_wconf 77' lang='lat' dir='ltr'><strong>ﬁrmitate</strong></span> <span class='ocrx_word' id='word_1_137' title='bbox 663 1919 681 1957; x_wconf 91' lang='lat'><strong><em>:</em></strong></span> <span class='ocrx_word' id='word_1_138' title='bbox 708 1903 810 1958; x_wconf 86' lang='lat' dir='ltr'><strong>hoc</strong></span> <span class='ocrx_word' id='word_1_139' title='bbox 839 1913 938 1963; x_wconf 90' lang='lat' dir='ltr'><strong>est.</strong></span> <span class='ocrx_word' id='word_1_140' title='bbox 970 1904 1035 1959; x_wconf 90' lang='lat' dir='ltr'><strong>de</strong></span> <span class='ocrx_word' id='word_1_141' title='bbox 1060 1907 1390 1975; x_wconf 83' lang='lat' dir='ltr'><strong>captivitate.</strong></span> <span class='ocrx_word' id='word_1_142' title='bbox 1432 1907 1655 1974; x_wconf 84' lang='lat' dir='ltr'><strong>Quando</strong></span> <span class='ocrx_word' id='word_1_143' title='bbox 1687 1924 1773 1964; x_wconf 88' lang='lat' dir='ltr'><strong>res</strong></span> <span class='ocrx_word' id='word_1_144' title='bbox 1802 1909 1982 1966; x_wconf 86' lang='lat' dir='ltr'><strong>Judai-</strong></span> 
     </span>
    </p>
   </div>
   <div class='ocr_carea' id='block_1_19' title="bbox 400 1994 1982 2068">
    <p class='ocr_par' dir='ltr' id='par_1_19' title="bbox 400 1994 1982 2068">
     <span class='ocr_line' id='line_1_19' title="bbox 400 1994 1982 2068; baseline 0.008 -22"><span class='ocrx_word' id='word_1_145' title='bbox 400 2010 475 2047; x_wconf 77' lang='lat' dir='ltr'><strong>ea:</strong></span> <span class='ocrx_word' id='word_1_146' title='bbox 489 1994 599 2064; x_wconf 85' lang='lat' dir='ltr'><strong>jam</strong></span> <span class='ocrx_word' id='word_1_147' title='bbox 616 2004 771 2050; x_wconf 88' lang='lat' dir='ltr'><strong>erant</strong></span> <span class='ocrx_word' id='word_1_148' title='bbox 791 1995 1104 2066; x_wconf 70' lang='lat' dir='ltr'><strong>desperatae,</strong></span> <span class='ocrx_word' id='word_1_149' title='bbox 1124 1999 1336 2068; x_wconf 82' lang='lat' dir='ltr'><strong>quando</strong></span> <span class='ocrx_word' id='word_1_150' title='bbox 1363 2015 1392 2053; x_wconf 90' lang='lat' dir='ltr'><strong>a</strong></span> <span class='ocrx_word' id='word_1_151' title='bbox 1421 2010 1757 2061; x_wconf 80' lang='lat' dir='ltr'><strong>mortuorum</strong></span> <span class='ocrx_word' id='word_1_152' title='bbox 1774 2004 1982 2059; x_wconf 90' lang='lat' dir='ltr'><strong>ossibus</strong></span> 
     </span>
    </p>
   </div>
   <div class='ocr_carea' id='block_1_20' title="bbox 401 2085 1983 2162">
    <p class='ocr_par' dir='ltr' id='par_1_20' title="bbox 401 2085 1983 2162">
     <span class='ocr_line' id='line_1_20' title="bbox 401 2085 1983 2162; baseline 0.008 -24"><span class='ocrx_word' id='word_1_153' title='bbox 401 2085 530 2140; x_wconf 81' lang='lat' dir='ltr'><strong>nihil</strong></span> <span class='ocrx_word' id='word_1_154' title='bbox 570 2085 905 2150; x_wconf 83' lang='lat' dir='ltr'><strong>differebant,</strong></span> <span class='ocrx_word' id='word_1_155' title='bbox 936 2097 1059 2142; x_wconf 91' lang='lat' dir='ltr'><strong>tunc</strong></span> <span class='ocrx_word' id='word_1_156' title='bbox 1097 2089 1200 2144; x_wconf 87' lang='lat' dir='ltr'><strong>illis</strong></span> <span class='ocrx_word' id='word_1_157' title='bbox 1236 2088 1394 2145; x_wconf 83' lang='lat' dir='ltr'><strong>ﬁebat</strong></span> <span class='ocrx_word' id='word_1_158' title='bbox 1432 2092 1651 2148; x_wconf 87' lang='lat' dir='ltr'><strong>reditus.</strong></span> <span class='ocrx_word' id='word_1_159' title='bbox 1693 2094 1821 2160; x_wconf 87' lang='lat' dir='ltr'><strong>Quis</strong></span> <span class='ocrx_word' id='word_1_160' title='bbox 1863 2110 1983 2162; x_wconf 92' lang='lat' dir='ltr'><strong>spe-</strong></span> 
     </span>
    </p>
   </div>
   <div class='ocr_carea' id='block_1_21' title="bbox 401 2175 1979 2252">
    <p class='ocr_par' dir='ltr' id='par_1_21' title="bbox 401 2175 1979 2252">
     <span class='ocr_line' id='line_1_21' title="bbox 401 2175 1979 2252; baseline 0.008 -23"><span class='ocrx_word' id='word_1_161' title='bbox 401 2187 574 2232; x_wconf 87' lang='lat' dir='ltr'><strong>rasset</strong></span> <span class='ocrx_word' id='word_1_162' title='bbox 602 2175 836 2231; x_wconf 86' lang='lat' dir='ltr'><strong>futurum</strong></span> <span class='ocrx_word' id='word_1_163' title='bbox 865 2187 921 2232; x_wconf 93' lang='lat' dir='ltr'><strong>ut</strong></span> <span class='ocrx_word' id='word_1_164' title='bbox 950 2178 1184 2234; x_wconf 78' lang='lat' dir='ltr'><strong>redirent</strong></span> <span class='ocrx_word' id='word_1_165' title='bbox 1213 2195 1241 2233; x_wconf 87' lang='lat' dir='ltr'><strong>a</strong></span> <span class='ocrx_word' id='word_1_166' title='bbox 1278 2180 1565 2252; x_wconf 77' lang='lat' dir='ltr'><strong>Babylone,</strong></span> <span class='ocrx_word' id='word_1_167' title='bbox 1596 2194 1651 2238; x_wconf 89' lang='lat' dir='ltr'><strong>ct.</strong></span> <span class='ocrx_word' id='word_1_168' title='bbox 1677 2200 1781 2238; x_wconf 90' lang='lat' dir='ltr'><strong>non</strong></span> <span class='ocrx_word' id='word_1_169' title='bbox 1809 2186 1979 2241; x_wconf 88' lang='lat' dir='ltr'><strong>solum</strong></span> 
     </span>
    </p>
   </div>
   <div class='ocr_carea' id='block_1_22' title="bbox 401 2268 1982 2338">
    <p class='ocr_par' dir='ltr' id='par_1_22' title="bbox 401 2268 1982 2338">
     <span class='ocr_line' id='line_1_22' title="bbox 401 2268 1982 2338; baseline 0.009 -17"><span class='ocrx_word' id='word_1_170' title='bbox 401 2268 656 2336; x_wconf 90' lang='lat' dir='ltr'><strong>redirent,</strong></span> <span class='ocrx_word' id='word_1_171' title='bbox 683 2271 778 2324; x_wconf 88' lang='lat' dir='ltr'><strong>sed</strong></span> <span class='ocrx_word' id='word_1_172' title='bbox 809 2271 969 2325; x_wconf 85' lang='lat' dir='ltr'><strong>etiam</strong></span> <span class='ocrx_word' id='word_1_173' title='bbox 1000 2270 1164 2326; x_wconf 89' lang='lat' dir='ltr'><strong>fortes</strong></span> <span class='ocrx_word' id='word_1_174' title='bbox 1194 2271 1400 2338; x_wconf 82' lang='lat' dir='ltr'><strong>ﬁerent,</strong></span> <span class='ocrx_word' id='word_1_175' title='bbox 1432 2284 1485 2330; x_wconf 91' lang='lat' dir='ltr'><strong>et</strong></span> <span class='ocrx_word' id='word_1_176' title='bbox 1512 2286 1779 2332; x_wconf 80' lang='lat' dir='ltr'><strong>verterent</strong></span> <span class='ocrx_word' id='word_1_177' title='bbox 1806 2294 1866 2334; x_wconf 90' lang='lat' dir='ltr'><strong>ae</strong></span> <span class='ocrx_word' id='word_1_178' title='bbox 1896 2278 1982 2335; x_wconf 87' lang='lat' dir='ltr'><strong>fu-</strong></span> 
     </span>
    </p>
   </div>
   <div class='ocr_carea' id='block_1_23' title="bbox 401 2348 1983 2437">
    <p class='ocr_par' dir='ltr' id='par_1_23' title="bbox 401 2348 1983 2437">
     <span class='ocr_line' id='line_1_23' title="bbox 401 2348 1983 2437; baseline 0.011 -28"><span class='ocrx_word' id='word_1_179' title='bbox 401 2368 590 2428; x_wconf 81' lang='lat' dir='ltr'><strong>garent</strong></span> <span class='ocrx_word' id='word_1_180' title='bbox 617 2372 791 2414; x_wconf 84' lang='lat' dir='ltr'><strong>castra</strong></span> <span class='ocrx_word' id='word_1_181' title='bbox 819 2363 1164 2417; x_wconf 81' lang='lat' dir='ltr'><strong>exterarum?</strong></span> <span class='ocrx_word' id='word_1_182' title='bbox 1191 2363 1260 2417; x_wconf 87' lang='lat' dir='ltr'><strong>At</strong></span> <span class='ocrx_word' id='word_1_183' title='bbox 1286 2348 1438 2419; x_wconf 79' lang='lat' dir='ltr'><strong>nobis</strong></span> <span class='ocrx_word' id='word_1_184' title='bbox 1458 2407 1471 2431; x_wconf 97' lang='lat'><strong>,</strong></span> <span class='ocrx_word' id='word_1_185' title='bbox 1501 2365 1689 2437; x_wconf 85' lang='lat' dir='ltr'><strong>inquit,</strong></span> <span class='ocrx_word' id='word_1_186' title='bbox 1720 2370 1849 2425; x_wconf 86' lang='lat' dir='ltr'><strong>nihil</strong></span> <span class='ocrx_word' id='word_1_187' title='bbox 1879 2373 1983 2428; x_wconf 86' lang='lat' dir='ltr'><strong>tale</strong></span> 
     </span>
    </p>
   </div>
   <div class='ocr_carea' id='block_1_24' title="bbox 401 2450 1981 2529">
    <p class='ocr_par' dir='ltr' id='par_1_24' title="bbox 401 2450 1981 2529">
     <span class='ocr_line' id='line_1_24' title="bbox 401 2450 1981 2529; baseline 0.01 -29"><span class='ocrx_word' id='word_1_188' title='bbox 401 2450 611 2505; x_wconf 85' lang='lat' dir='ltr'><strong>accidit.</strong></span> <span class='ocrx_word' id='word_1_189' title='bbox 644 2450 746 2506; x_wconf 86' lang='lat' dir='ltr'><strong>Sed</strong></span> <span class='ocrx_word' id='word_1_190' title='bbox 774 2452 887 2507; x_wconf 66' lang='lat' dir='ltr'><strong>hinc</strong></span> <span class='ocrx_word' id='word_1_191' title='bbox 912 2462 1035 2506; x_wconf 90' lang='lat' dir='ltr'><strong>sunt</strong></span> <span class='ocrx_word' id='word_1_192' title='bbox 1057 2454 1161 2523; x_wconf 88' lang='lat' dir='ltr'><strong>typi</strong></span> <span class='ocrx_word' id='word_1_193' title='bbox 1192 2452 1508 2510; x_wconf 91' lang='lat' dir='ltr'><strong>futurorum.</strong></span> <span class='ocrx_word' id='word_1_194' title='bbox 1541 2457 1852 2529; x_wconf 74' lang='lat' dir='ltr'><strong>Acceperunt</strong></span> <span class='ocrx_word' id='word_1_195' title='bbox 1871 2480 1981 2516; x_wconf 61' lang='lat' dir='ltr'><strong>mu.</strong></span> 
     </span>
    </p>
   </div>
   <div class='ocr_carea' id='block_1_25' title="bbox 402 2541 1981 2620">
    <p class='ocr_par' dir='ltr' id='par_1_25' title="bbox 402 2541 1981 2620">
     <span class='ocr_line' id='line_1_25' title="bbox 402 2541 1981 2620; baseline 0.012 -27"><span class='ocrx_word' id='word_1_196' title='bbox 402 2541 548 2595; x_wconf 82' lang='lat' dir='ltr'><strong>lieres</strong></span> <span class='ocrx_word' id='word_1_197' title='bbox 570 2541 633 2596; x_wconf 85' lang='lat' dir='ltr'><strong>de</strong></span> <span class='ocrx_word' id='word_1_198' title='bbox 656 2544 1017 2597; x_wconf 79' lang='lat' dir='ltr'><strong>resurrectione</strong></span> <span class='ocrx_word' id='word_1_199' title='bbox 1038 2557 1260 2600; x_wconf 82' lang='lat' dir='ltr'><strong>mortuos</strong></span> <span class='ocrx_word' id='word_1_200' title='bbox 1287 2564 1425 2602; x_wconf 72' lang='lat' dir='ltr'><strong>suos.</strong></span> <span class='ocrx_word' id='word_1_201' title='bbox 1462 2548 1536 2604; x_wconf 93' lang='lat' dir='ltr'><strong>De</strong></span> <span class='ocrx_word' id='word_1_202' title='bbox 1567 2553 1838 2620; x_wconf 85' lang='lat' dir='ltr'><strong>prophetis</strong></span> <span class='ocrx_word' id='word_1_203' title='bbox 1869 2554 1981 2612; x_wconf 76' lang='lat' dir='ltr'><strong>hac</strong></span> 
     </span>
    </p>
   </div>
   <div class='ocr_carea' id='block_1_26' title="bbox 403 2633 1983 2705">
    <p class='ocr_par' dir='ltr' id='par_1_26' title="bbox 403 2633 1983 2705">
     <span class='ocr_line' id='line_1_26' title="bbox 403 2633 1983 2705; baseline 0.009 -18"><span class='ocrx_word' id='word_1_204' title='bbox 403 2633 550 2701; x_wconf 84' lang='lat' dir='ltr'><strong>dicit,</strong></span> <span class='ocrx_word' id='word_1_205' title='bbox 578 2650 769 2705; x_wconf 82' lang='lat' dir='ltr'><strong>nempe</strong></span> <span class='ocrx_word' id='word_1_206' title='bbox 809 2634 876 2690; x_wconf 90' lang='lat' dir='ltr'><strong>de</strong></span> <span class='ocrx_word' id='word_1_207' title='bbox 918 2636 1114 2693; x_wconf 73' lang='lat' dir='ltr'><strong>Elismo</strong></span> <span class='ocrx_word' id='word_1_208' title='bbox 1153 2648 1206 2693; x_wconf 92' lang='lat' dir='ltr'><strong>et</strong></span> <span class='ocrx_word' id='word_1_209' title='bbox 1249 2638 1407 2695; x_wconf 88' lang='lat' dir='ltr'><strong>Elia:</strong></span> <span class='ocrx_word' id='word_1_210' title='bbox 1437 2653 1677 2698; x_wconf 91' lang='lat' dir='ltr'><strong>mortuos</strong></span> <span class='ocrx_word' id='word_1_211' title='bbox 1718 2647 1858 2700; x_wconf 90' lang='lat' dir='ltr'><strong>enim</strong></span> <span class='ocrx_word' id='word_1_212' title='bbox 1909 2649 1983 2702; x_wconf 90' lang='lat' dir='ltr'><strong>illi</strong></span> 
     </span>
    </p>
   </div>
   <div class='ocr_carea' id='block_1_27' title="bbox 401 2725 1986 2801">
    <p class='ocr_par' dir='ltr' id='par_1_27' title="bbox 401 2725 1986 2801">
     <span class='ocr_line' id='line_1_27' title="bbox 401 2725 1986 2801; baseline 0.01 -25"><span class='ocrx_word' id='word_1_213' title='bbox 401 2725 742 2781; x_wconf 86' lang='lat' dir='ltr'><strong>suseitaruut.</strong></span> <span class='ocrx_word' id='word_1_214' title='bbox 766 2727 876 2782; x_wconf 68' lang='grc'><strong>«55.</strong></span> <span class='ocrx_word' id='word_1_215' title='bbox 920 2728 1020 2782; x_wconf 78' lang='lat' dir='ltr'><strong>Alii</strong></span> <span class='ocrx_word' id='word_1_216' title='bbox 1064 2738 1229 2783; x_wconf 82' lang='lat' dir='ltr'><strong>autem</strong></span> <span class='ocrx_word' id='word_1_217' title='bbox 1275 2731 1480 2786; x_wconf 85' lang='lat' dir='ltr'><strong>distenti</strong></span> <span class='ocrx_word' id='word_1_218' title='bbox 1513 2744 1649 2801; x_wconf 81' lang='lat' dir='ltr'><strong>sunt,</strong></span> <span class='ocrx_word' id='word_1_219' title='bbox 1687 2753 1788 2791; x_wconf 86' lang='lat' dir='ltr'><strong>non</strong></span> <span class='ocrx_word' id='word_1_220' title='bbox 1826 2740 1986 2793; x_wconf 79' lang='lat' dir='ltr'><strong>susci-</strong></span> 
     </span>
    </p>
   </div>
   <div class='ocr_carea' id='block_1_28' title="bbox 403 2817 1983 2890">
    <p class='ocr_par' dir='ltr' id='par_1_28' title="bbox 403 2817 1983 2890">
     <span class='ocr_line' id='line_1_28' title="bbox 403 2817 1983 2890; baseline 0.011 -22"><span class='ocrx_word' id='word_1_221' title='bbox 403 2817 592 2883; x_wconf 80' lang='lat' dir='ltr'><strong>pientes</strong></span> <span class='ocrx_word' id='word_1_222' title='bbox 619 2820 1041 2890; x_wconf 81' lang='lat' dir='ltr'><strong>redemptionem,</strong></span> <span class='ocrx_word' id='word_1_223' title='bbox 1073 2830 1130 2875; x_wconf 87' lang='lat' dir='ltr'><strong>ut</strong></span> <span class='ocrx_word' id='word_1_224' title='bbox 1156 2821 1410 2877; x_wconf 81' lang='lat' dir='ltr'><strong>meliorem</strong></span> <span class='ocrx_word' id='word_1_225' title='bbox 1446 2826 1721 2880; x_wconf 78' lang='lat' dir='ltr'><strong>invenirent</strong></span> <span class='ocrx_word' id='word_1_226' title='bbox 1755 2846 1983 2885; x_wconf 79' lang='lat' dir='ltr'><strong>resurre-</strong></span> 
     </span>
    </p>
   </div>
   <div class='ocr_carea' id='block_1_29' title="bbox 403 2913 1980 2984">
    <p class='ocr_par' dir='ltr' id='par_1_29' title="bbox 403 2913 1980 2984">
     <span class='ocr_line' id='line_1_29' title="bbox 403 2913 1980 2984; baseline 0.011 -22"><span class='ocrx_word' id='word_1_227' title='bbox 403 2913 636 2964; x_wconf 86' lang='lat' dir='ltr'><strong>ctioncm.</strong></span> <span class='ocrx_word' id='word_1_228' title='bbox 668 2914 736 2966; x_wconf 85' lang='lat' dir='ltr'><strong>At</strong></span> <span class='ocrx_word' id='word_1_229' title='bbox 762 2927 856 2967; x_wconf 89' lang='lat' dir='ltr'><strong>nos</strong></span> <span class='ocrx_word' id='word_1_230' title='bbox 885 2929 988 2968; x_wconf 90' lang='lat' dir='ltr'><strong>non</strong></span> <span class='ocrx_word' id='word_1_231' title='bbox 1019 2915 1284 2984; x_wconf 88' lang='lat' dir='ltr'><strong>assequuti</strong></span> <span class='ocrx_word' id='word_1_232' title='bbox 1308 2931 1491 2971; x_wconf 89' lang='lat' dir='ltr'><strong>sumus</strong></span> <span class='ocrx_word' id='word_1_233' title='bbox 1511 2921 1980 2979; x_wconf 87' lang='lat' dir='ltr'><strong>resurrectionem.</strong></span> 
     </span>
    </p>
   </div>
   <div class='ocr_carea' id='block_1_30' title="bbox 404 3000 1986 3075">
    <p class='ocr_par' dir='ltr' id='par_1_30' title="bbox 404 3000 1986 3075">
     <span class='ocr_line' id='line_1_30' title="bbox 404 3000 1986 3075; baseline 0.009 -20"><span class='ocrx_word' id='word_1_234' title='bbox 404 3000 508 3056; x_wconf 88' lang='lat' dir='ltr'><strong>Sed</strong></span> <span class='ocrx_word' id='word_1_235' title='bbox 538 3018 774 3072; x_wconf 91' lang='lat' dir='ltr'><strong>possum,</strong></span> <span class='ocrx_word' id='word_1_236' title='bbox 806 3004 1006 3075; x_wconf 83' lang='lat' dir='ltr'><strong>inquit,</strong></span> <span class='ocrx_word' id='word_1_237' title='bbox 1039 3005 1322 3062; x_wconf 87' lang='lat' dir='ltr'><strong>ostendere</strong></span> <span class='ocrx_word' id='word_1_238' title='bbox 1351 3008 1509 3062; x_wconf 88' lang='lat' dir='ltr'><strong>etiam</strong></span> <span class='ocrx_word' id='word_1_239' title='bbox 1538 3010 1656 3064; x_wconf 89' lang='lat' dir='ltr'><strong>illos</strong></span> <span class='ocrx_word' id='word_1_240' title='bbox 1685 3011 1846 3068; x_wconf 80' lang='lat' dir='ltr'><strong>fuisse</strong></span> <span class='ocrx_word' id='word_1_241' title='bbox 1876 3014 1986 3069; x_wconf 87' lang='lat' dir='ltr'><strong>dis-</strong></span> 
     </span>
    </p>
   </div>
   <div class='ocr_carea' id='block_1_31' title="bbox 404 3094 1987 3171">
    <p class='ocr_par' dir='ltr' id='par_1_31' title="bbox 404 3094 1987 3171">
     <span class='ocr_line' id='line_1_31' title="bbox 404 3094 1987 3171; baseline 0.01 -26"><span class='ocrx_word' id='word_1_242' title='bbox 404 3101 608 3157; x_wconf 81' lang='lat' dir='ltr'><strong>sectos,</strong></span> <span class='ocrx_word' id='word_1_243' title='bbox 648 3094 739 3149; x_wconf 90' lang='lat' dir='ltr'><strong>sed</strong></span> <span class='ocrx_word' id='word_1_244' title='bbox 779 3095 1196 3166; x_wconf 79' lang='lat' dir='ltr'><strong>redemptionem</strong></span> <span class='ocrx_word' id='word_1_245' title='bbox 1229 3112 1336 3152; x_wconf 90' lang='lat' dir='ltr'><strong>non</strong></span> <span class='ocrx_word' id='word_1_246' title='bbox 1365 3100 1686 3171; x_wconf 89' lang='lat' dir='ltr'><strong>suscepisse,</strong></span> <span class='ocrx_word' id='word_1_247' title='bbox 1718 3111 1776 3157; x_wconf 91' lang='lat' dir='ltr'><strong>ut</strong></span> <span class='ocrx_word' id='word_1_248' title='bbox 1799 3105 1987 3160; x_wconf 89' lang='lat' dir='ltr'><strong>melio-</strong></span> 
     </span>
    </p>
   </div>
   <div class='ocr_carea' id='block_1_32' title="bbox 405 3190 1987 3261">
    <p class='ocr_par' dir='ltr' id='par_1_32' title="bbox 405 3190 1987 3261">
     <span class='ocr_line' id='line_1_32' title="bbox 405 3190 1987 3261; baseline 0.011 -25"><span class='ocrx_word' id='word_1_249' title='bbox 405 3200 515 3238; x_wconf 89' lang='lat' dir='ltr'><strong>rem</strong></span> <span class='ocrx_word' id='word_1_250' title='bbox 561 3196 976 3256; x_wconf 81' lang='lat' dir='ltr'><strong>assequerentur</strong></span> <span class='ocrx_word' id='word_1_251' title='bbox 1022 3190 1491 3246; x_wconf 84' lang='lat' dir='ltr'><strong>resurrectionem.</strong></span> <span class='ocrx_word' id='word_1_252' title='bbox 1540 3192 1647 3249; x_wconf 91' lang='lat' dir='ltr'><strong>Cur</strong></span> <span class='ocrx_word' id='word_1_253' title='bbox 1692 3194 1855 3261; x_wconf 89' lang='lat' dir='ltr'><strong>enim,</strong></span> <span class='ocrx_word' id='word_1_254' title='bbox 1900 3196 1987 3254; x_wconf 91' lang='lat' dir='ltr'><strong>die</strong></span> 
     </span>
    </p>
   </div>
   <div class='ocr_carea' id='block_1_33' title="bbox 403 3275 1984 3353">
    <p class='ocr_par' dir='ltr' id='par_1_33' title="bbox 403 3275 1984 3353">
     <span class='ocr_line' id='line_1_33' title="bbox 403 3275 1984 3353; baseline 0.01 -26"><span class='ocrx_word' id='word_1_255' title='bbox 403 3275 555 3341; x_wconf 89' lang='lat' dir='ltr'><strong>mihi,</strong></span> <span class='ocrx_word' id='word_1_256' title='bbox 578 3291 696 3329; x_wconf 86' lang='lat' dir='ltr'><strong>cum</strong></span> <span class='ocrx_word' id='word_1_257' title='bbox 721 3277 905 3332; x_wconf 89' lang='lat' dir='ltr'><strong>liceret</strong></span> <span class='ocrx_word' id='word_1_258' title='bbox 926 3277 1119 3344; x_wconf 78' lang='lat' dir='ltr'><strong>vivere,</strong></span> <span class='ocrx_word' id='word_1_259' title='bbox 1142 3278 1466 3337; x_wconf 80' lang='lat' dir='ltr'><strong>noluerunt?</strong></span> <span class='ocrx_word' id='word_1_260' title='bbox 1485 3296 1662 3337; x_wconf 88' lang='lat' dir='ltr'><strong>annon</strong></span> <span class='ocrx_word' id='word_1_261' title='bbox 1684 3285 1804 3353; x_wconf 83' lang='lat' dir='ltr'><strong>quia</strong></span> <span class='ocrx_word' id='word_1_262' title='bbox 1823 3286 1984 3342; x_wconf 85' lang='lat' dir='ltr'><strong>vitam</strong></span> 
     </span>
    </p>
   </div>
   <div class='ocr_carea' id='block_1_34' title="bbox 403 3363 1986 3446">
    <p class='ocr_par' dir='ltr' id='par_1_34' title="bbox 403 3363 1986 3446">
     <span class='ocr_line' id='line_1_34' title="bbox 403 3363 1986 3446; baseline 0.01 -30"><span class='ocrx_word' id='word_1_263' title='bbox 403 3363 783 3434; x_wconf 62' lang='lat' dir='ltr'><strong>exspectabant</strong></span> <span class='ocrx_word' id='word_1_264' title='bbox 809 3366 1126 3422; x_wconf 81' lang='lat' dir='ltr'><strong>meliorem?</strong></span> <span class='ocrx_word' id='word_1_265' title='bbox 1153 3367 1219 3422; x_wconf 90' lang='lat' dir='ltr'><strong>Et</strong></span> <span class='ocrx_word' id='word_1_266' title='bbox 1242 3368 1330 3439; x_wconf 88' lang='lat' dir='ltr'><strong>qui</strong></span> <span class='ocrx_word' id='word_1_267' title='bbox 1357 3370 1490 3426; x_wconf 84' lang='lat' dir='ltr'><strong>alios</strong></span> <span class='ocrx_word' id='word_1_268' title='bbox 1517 3372 1855 3440; x_wconf 72' lang='lat' dir='ltr'><strong>suscitarent,</strong></span> <span class='ocrx_word' id='word_1_269' title='bbox 1886 3375 1986 3446; x_wconf 89' lang='lat' dir='ltr'><strong>ipsi</strong></span> 
     </span>
    </p>
   </div>
   <div class='ocr_carea' id='block_1_35' title="bbox 406 3458 1989 3534">
    <p class='ocr_par' dir='ltr' id='par_1_35' title="bbox 406 3458 1989 3534">
     <span class='ocr_line' id='line_1_35' title="bbox 406 3458 1989 3534; baseline 0.01 -25"><span class='ocrx_word' id='word_1_270' title='bbox 406 3458 539 3511; x_wconf 88' lang='lat' dir='ltr'><strong>mori</strong></span> <span class='ocrx_word' id='word_1_271' title='bbox 577 3458 886 3529; x_wconf 57' lang='lat' dir='ltr'><strong>elegi-runt,</strong></span> <span class='ocrx_word' id='word_1_272' title='bbox 921 3469 977 3514; x_wconf 91' lang='lat' dir='ltr'><strong>ut</strong></span> <span class='ocrx_word' id='word_1_273' title='bbox 1001 3458 1277 3517; x_wconf 90' lang='lat' dir='ltr'><strong>meliorem</strong></span> <span class='ocrx_word' id='word_1_274' title='bbox 1309 3476 1721 3534; x_wconf 81' lang='lat' dir='ltr'><strong>assequerentur</strong></span> <span class='ocrx_word' id='word_1_275' title='bbox 1748 3482 1989 3525; x_wconf 83' lang='lat' dir='ltr'><strong>resurre-</strong></span> 
     </span>
    </p>
   </div>
   <div class='ocr_carea' id='block_1_36' title="bbox 402 3548 1987 3624">
    <p class='ocr_par' dir='ltr' id='par_1_36' title="bbox 402 3548 1987 3624">
     <span class='ocr_line' id='line_1_36' title="bbox 402 3548 1987 3624; baseline 0.01 -23"><span class='ocrx_word' id='word_1_276' title='bbox 402 3548 657 3613; x_wconf 88' lang='lat' dir='ltr'><strong>ctionem,</strong></span> <span class='ocrx_word' id='word_1_277' title='bbox 681 3567 785 3605; x_wconf 89' lang='lat' dir='ltr'><strong>non</strong></span> <span class='ocrx_word' id='word_1_278' title='bbox 819 3551 974 3607; x_wconf 90' lang='lat' dir='ltr'><strong>talem</strong></span> <span class='ocrx_word' id='word_1_279' title='bbox 997 3553 1208 3623; x_wconf 89' lang='lat' dir='ltr'><strong>qualem</strong></span> <span class='ocrx_word' id='word_1_280' title='bbox 1235 3555 1381 3624; x_wconf 89' lang='lat' dir='ltr'><strong>pueri</strong></span> <span class='ocrx_word' id='word_1_281' title='bbox 1405 3556 1708 3612; x_wconf 74' lang='lat' dir='ltr'><strong>mulierum.</strong></span> <span class='ocrx_word' id='word_1_282' title='bbox 1737 3559 1835 3615; x_wconf 83' lang='lat' dir='ltr'><strong>Hie</strong></span> <span class='ocrx_word' id='word_1_283' title='bbox 1856 3561 1987 3618; x_wconf 91' lang='lat' dir='ltr'><strong>mihi</strong></span> 
     </span>
    </p>
   </div>
   <div class='ocr_carea' id='block_1_37' title="bbox 402 3632 1989 3722">
    <p class='ocr_par' dir='ltr' id='par_1_37' title="bbox 402 3632 1989 3722">
     <span class='ocr_line' id='line_1_37' title="bbox 402 3632 1989 3722; baseline 0.008 -26"><span class='ocrx_word' id='word_1_284' title='bbox 402 3643 616 3698; x_wconf 76' lang='lat' dir='ltr'><strong>videtur</strong></span> <span class='ocrx_word' id='word_1_285' title='bbox 641 3653 695 3700; x_wconf 91' lang='lat' dir='ltr'><strong>et</strong></span> <span class='ocrx_word' id='word_1_286' title='bbox 723 3644 980 3701; x_wconf 78' lang='lat' dir='ltr'><strong>Joannem</strong></span> <span class='ocrx_word' id='word_1_287' title='bbox 1012 3647 1234 3703; x_wconf 90' lang='lat' dir='ltr'><strong>innuere</strong></span> <span class='ocrx_word' id='word_1_288' title='bbox 1277 3655 1332 3703; x_wconf 87' lang='lat' dir='ltr'><strong>et</strong></span> <span class='ocrx_word' id='word_1_289' title='bbox 1365 3648 1618 3705; x_wconf 88' lang='lat' dir='ltr'><strong>Jacobum</strong></span> <span class='ocrx_word' id='word_1_290' title='bbox 1654 3669 1667 3705; x_wconf 92' lang='lat'><strong>:</strong></span> <span class='ocrx_word' id='word_1_291' title='bbox 1699 3632 1989 3722; x_wconf 67' lang='grc' dir='ltr'><strong>ἆποτυμπαυ</strong></span> 
     </span>
    </p>
   </div>
   <div class='ocr_carea' id='block_1_38' title="bbox 404 3738 1989 3810">
    <p class='ocr_par' dir='ltr' id='par_1_38' title="bbox 404 3738 1989 3810">
     <span class='ocr_line' id='line_1_38' title="bbox 404 3738 1989 3810; baseline 0.011 -22"><span class='ocrx_word' id='word_1_292' title='bbox 404 3746 560 3804; x_wconf 74' lang='grc' dir='ltr'><strong>νισμός</strong></span> <span class='ocrx_word' id='word_1_293' title='bbox 594 3738 735 3792; x_wconf 85' lang='lat' dir='ltr'><strong>enim</strong></span> <span class='ocrx_word' id='word_1_294' title='bbox 780 3748 862 3793; x_wconf 91' lang='lat' dir='ltr'><strong>est</strong></span> <span class='ocrx_word' id='word_1_295' title='bbox 897 3740 1088 3810; x_wconf 79' lang='lat' dir='ltr'><strong>capitis</strong></span> <span class='ocrx_word' id='word_1_296' title='bbox 1117 3742 1430 3810; x_wconf 89' lang='lat' dir='ltr'><strong>amputatio.</strong></span> <span class='ocrx_word' id='word_1_297' title='bbox 1458 3740 1676 3798; x_wconf 85' lang='lat' dir='ltr'><strong>Liccbat</strong></span> <span class='ocrx_word' id='word_1_298' title='bbox 1703 3745 1781 3801; x_wconf 87' lang='lat' dir='ltr'><strong>eis</strong></span> <span class='ocrx_word' id='word_1_299' title='bbox 1807 3748 1989 3805; x_wconf 88' lang='lat' dir='ltr'><strong>videre</strong></span> 
     </span>
    </p>
   </div>
   <div class='ocr_carea' id='block_1_39' title="bbox 403 3826 1989 3905">
    <p class='ocr_par' dir='ltr' id='par_1_39' title="bbox 403 3826 1989 3905">
     <span class='ocr_line' id='line_1_39' title="bbox 403 3826 1989 3905; baseline 0.009 -26"><span class='ocrx_word' id='word_1_300' title='bbox 403 3826 590 3893; x_wconf 87' lang='lat' dir='ltr'><strong>solem,</strong></span> <span class='ocrx_word' id='word_1_301' title='bbox 635 3827 825 3883; x_wconf 87' lang='lat' dir='ltr'><strong>licebat</strong></span> <span class='ocrx_word' id='word_1_302' title='bbox 868 3844 973 3882; x_wconf 90' lang='lat' dir='ltr'><strong>non</strong></span> <span class='ocrx_word' id='word_1_303' title='bbox 1022 3829 1361 3898; x_wconf 79' lang='lat' dir='ltr'><strong>redarguere.</strong></span> <span class='ocrx_word' id='word_1_304' title='bbox 1399 3839 1454 3887; x_wconf 89' lang='lat' dir='ltr'><strong>et</strong></span> <span class='ocrx_word' id='word_1_305' title='bbox 1503 3842 1678 3887; x_wconf 90' lang='lat' dir='ltr'><strong>tamen</strong></span> <span class='ocrx_word' id='word_1_306' title='bbox 1722 3836 1810 3905; x_wconf 89' lang='lat' dir='ltr'><strong>qui</strong></span> <span class='ocrx_word' id='word_1_307' title='bbox 1855 3837 1989 3893; x_wconf 88' lang='lat' dir='ltr'><strong>alios</strong></span> 
     </span>
    </p>
   </div>
   <div class='ocr_carea' id='block_1_40' title="bbox 404 3920 1992 3989">
    <p class='ocr_par' dir='ltr' id='par_1_40' title="bbox 404 3920 1992 3989">
     <span class='ocr_line' id='line_1_40' title="bbox 404 3920 1992 3989; baseline 0.009 -18"><span class='ocrx_word' id='word_1_308' title='bbox 404 3920 809 3984; x_wconf 87' lang='lat' dir='ltr'><strong>suscitaverant,</strong></span> <span class='ocrx_word' id='word_1_309' title='bbox 835 3920 1140 3974; x_wconf 89' lang='lat' dir='ltr'><strong>maluerunt</strong></span> <span class='ocrx_word' id='word_1_310' title='bbox 1166 3922 1444 3989; x_wconf 86' lang='lat' dir='ltr'><strong>excedere,</strong></span> <span class='ocrx_word' id='word_1_311' title='bbox 1470 3933 1525 3978; x_wconf 93' lang='lat' dir='ltr'><strong>ut</strong></span> <span class='ocrx_word' id='word_1_312' title='bbox 1545 3925 1819 3982; x_wconf 87' lang='lat' dir='ltr'><strong>meliorem</strong></span> <span class='ocrx_word' id='word_1_313' title='bbox 1843 3946 1992 3986; x_wconf 71' lang='lat' dir='ltr'><strong>assc-</strong></span> 
     </span>
    </p>
   </div>
   <div class='ocr_carea' id='block_1_41' title="bbox 406 4012 1989 4078">
    <p class='ocr_par' dir='ltr' id='par_1_41' title="bbox 406 4012 1989 4078">
     <span class='ocr_line' id='line_1_41' title="bbox 406 4012 1989 4078; baseline 0.005 -14"><span class='ocrx_word' id='word_1_314' title='bbox 406 4022 696 4078; x_wconf 91' lang='lat' dir='ltr'><strong>quereutur</strong></span> <span class='ocrx_word' id='word_1_315' title='bbox 721 4012 1187 4066; x_wconf 78' lang='lat' dir='ltr'><strong>resurrectimtem.</strong></span> <span class='ocrx_word' id='word_1_316' title='bbox 1210 4012 1296 4067; x_wconf 80' lang='lat'><strong>56.</strong></span> <span class='ocrx_word' id='word_1_317' title='bbox 1319 4014 1417 4067; x_wconf 78' lang='lat' dir='ltr'><strong>Alii</strong></span> <span class='ocrx_word' id='word_1_318' title='bbox 1444 4032 1555 4069; x_wconf 80' lang='lat' dir='ltr'><strong>vero</strong></span> <span class='ocrx_word' id='word_1_319' title='bbox 1578 4017 1795 4071; x_wconf 81' lang='lat' dir='ltr'><strong>ludibria</strong></span> <span class='ocrx_word' id='word_1_320' title='bbox 1817 4034 1862 4073; x_wconf 78' lang='lat' dir='ltr'><strong>et</strong></span> <span class='ocrx_word' id='word_1_321' title='bbox 1884 4039 1989 4073; x_wconf 71' lang='lat' dir='ltr'><strong>rer-</strong></span> 
     </span>
    </p>
   </div>
   <div class='ocr_carea' id='block_1_42' title="bbox 407 4099 1996 4171">
    <p class='ocr_par' dir='ltr' id='par_1_42' title="bbox 407 4099 1996 4171">
     <span class='ocr_line' id='line_1_42' title="bbox 407 4099 1996 4171; baseline 0.001 -18"><span class='ocrx_word' id='word_1_322' title='bbox 407 4099 526 4154; x_wconf 82' lang='lat' dir='ltr'><strong>bera</strong></span> <span class='ocrx_word' id='word_1_323' title='bbox 569 4099 795 4170; x_wconf 71' lang='lat' dir='ltr'><strong>experti,</strong></span> <span class='ocrx_word' id='word_1_324' title='bbox 845 4099 1053 4169; x_wconf 77' lang='lat' dir='ltr'><strong>insuper</strong></span> <span class='ocrx_word' id='word_1_325' title='bbox 1095 4108 1141 4153; x_wconf 89' lang='lat' dir='ltr'><strong>et</strong></span> <span class='ocrx_word' id='word_1_326' title='bbox 1178 4100 1380 4154; x_wconf 78' lang='lat' dir='ltr'><strong>uincula</strong></span> <span class='ocrx_word' id='word_1_327' title='bbox 1417 4110 1463 4155; x_wconf 88' lang='lat' dir='ltr'><strong>et</strong></span> <span class='ocrx_word' id='word_1_328' title='bbox 1499 4104 1739 4169; x_wconf 74' lang='lat' dir='ltr'><strong>carceres,</strong></span> <span class='ocrx_word' id='word_1_329' title='bbox 1782 4101 1996 4171; x_wconf 84' lang='lat' dir='ltr'><strong>ldpidati</strong></span> 
     </span>
    </p>
   </div>
   <div class='ocr_carea' id='block_1_43' title="bbox 407 4188 1230 4255">
    <p class='ocr_par' dir='ltr' id='par_1_43' title="bbox 407 4188 1230 4255">
     <span class='ocr_line' id='line_1_43' title="bbox 407 4188 1230 4255; baseline -0.001 -11"><span class='ocrx_word' id='word_1_330' title='bbox 407 4197 548 4255; x_wconf 73' lang='lat' dir='ltr'><strong>sunt,</strong></span> <span class='ocrx_word' id='word_1_331' title='bbox 578 4189 698 4242; x_wconf 77' lang='lat' dir='ltr'><strong>secti</strong></span> <span class='ocrx_word' id='word_1_332' title='bbox 726 4197 864 4254; x_wconf 74' lang='lat' dir='ltr'><strong>sunt,</strong></span> <span class='ocrx_word' id='word_1_333' title='bbox 890 4188 1066 4241; x_wconf 89' lang='lat' dir='ltr'><strong>tentati</strong></span> <span class='ocrx_word' id='word_1_334' title='bbox 1092 4196 1230 4244; x_wconf 75' lang='lat' dir='ltr'><strong>sunt.</strong></span> 
     </span>
    </p>
   </div>
   <div class='ocr_carea' id='block_1_44' title="bbox 481 4278 1997 4352">
    <p class='ocr_par' dir='ltr' id='par_1_44' title="bbox 481 4278 1997 4352">
     <span class='ocr_line' id='line_1_44' title="bbox 481 4278 1997 4352; baseline -0.001 -16"><span class='ocrx_word' id='word_1_335' title='bbox 481 4281 535 4336; x_wconf 80' lang='lat'><strong>3.</strong></span> <span class='ocrx_word' id='word_1_336' title='bbox 568 4281 621 4333; x_wconf 93' lang='lat' dir='ltr'><strong>In</strong></span> <span class='ocrx_word' id='word_1_337' title='bbox 653 4279 718 4334; x_wconf 91' lang='lat' dir='ltr'><strong>iis</strong></span> <span class='ocrx_word' id='word_1_338' title='bbox 743 4278 958 4345; x_wconf 87' lang='lat' dir='ltr'><strong>desinit,</strong></span> <span class='ocrx_word' id='word_1_339' title='bbox 992 4278 1044 4333; x_wconf 93' lang='lat' dir='ltr'><strong>in</strong></span> <span class='ocrx_word' id='word_1_340' title='bbox 1077 4279 1161 4346; x_wconf 86' lang='lat' dir='ltr'><strong>iis,</strong></span> <span class='ocrx_word' id='word_1_341' title='bbox 1192 4279 1427 4350; x_wconf 92' lang='lat' dir='ltr'><strong>inquam,</strong></span> <span class='ocrx_word' id='word_1_342' title='bbox 1457 4296 1575 4352; x_wconf 74' lang='lat' dir='ltr'><strong>qum</strong></span> <span class='ocrx_word' id='word_1_343' title='bbox 1601 4289 1755 4336; x_wconf 90' lang='lat' dir='ltr'><strong>erant</strong></span> <span class='ocrx_word' id='word_1_344' title='bbox 1777 4281 1997 4349; x_wconf 87' lang='lat' dir='ltr'><strong>conjun-</strong></span> 
     </span>
    </p>
   </div>
   <div class='ocr_carea' id='block_1_45' title="bbox 408 4367 1996 4438">
    <p class='ocr_par' dir='ltr' id='par_1_45' title="bbox 408 4367 1996 4438">
     <span class='ocr_line' id='line_1_45' title="bbox 408 4367 1996 4438; baseline 0.001 -14"><span class='ocrx_word' id='word_1_345' title='bbox 408 4370 574 4425; x_wconf 88' lang='lat' dir='ltr'><strong>etiora</strong></span> <span class='ocrx_word' id='word_1_346' title='bbox 599 4379 651 4424; x_wconf 92' lang='lat' dir='ltr'><strong>et</strong></span> <span class='ocrx_word' id='word_1_347' title='bbox 677 4368 843 4438; x_wconf 78' lang='lat' dir='ltr'><strong>magis</strong></span> <span class='ocrx_word' id='word_1_348' title='bbox 865 4367 1167 4424; x_wconf 77' lang='lat' dir='ltr'><strong>familiaria.</strong></span> <span class='ocrx_word' id='word_1_349' title='bbox 1195 4369 1321 4425; x_wconf 67' lang='lat' dir='ltr'><strong>Hice</strong></span> <span class='ocrx_word' id='word_1_350' title='bbox 1346 4373 1486 4426; x_wconf 90' lang='lat' dir='ltr'><strong>enim</strong></span> <span class='ocrx_word' id='word_1_351' title='bbox 1514 4373 1743 4428; x_wconf 83' lang='lat' dir='ltr'><strong>maxime</strong></span> <span class='ocrx_word' id='word_1_352' title='bbox 1770 4371 1996 4426; x_wconf 82' lang='lat' dir='ltr'><strong>all‘erunt</strong></span> 
     </span>
    </p>
   </div>
   <div class='ocr_carea' id='block_1_46' title="bbox 408 4462 1992 4532">
    <p class='ocr_par' dir='ltr' id='par_1_46' title="bbox 408 4462 1992 4532">
     <span class='ocr_line' id='line_1_46' title="bbox 408 4462 1992 4532; baseline 0.001 -14"><span class='ocrx_word' id='word_1_353' title='bbox 408 4462 859 4525; x_wconf 87' lang='lat' dir='ltr'><strong>consolationem,</strong></span> <span class='ocrx_word' id='word_1_354' title='bbox 889 4462 1101 4532; x_wconf 90' lang='lat' dir='ltr'><strong>quando</strong></span> <span class='ocrx_word' id='word_1_355' title='bbox 1131 4477 1195 4517; x_wconf 87' lang='lat' dir='ltr'><strong>ex</strong></span> <span class='ocrx_word' id='word_1_356' title='bbox 1222 4462 1408 4519; x_wconf 81' lang='lat' dir='ltr'><strong>eadem</strong></span> <span class='ocrx_word' id='word_1_357' title='bbox 1445 4480 1602 4519; x_wconf 83' lang='lat' dir='ltr'><strong>causa</strong></span> <span class='ocrx_word' id='word_1_358' title='bbox 1643 4465 1800 4520; x_wconf 91' lang='lat' dir='ltr'><strong>fuerit</strong></span> <span class='ocrx_word' id='word_1_359' title='bbox 1844 4475 1992 4520; x_wconf 85' lang='lat' dir='ltr'><strong>ortus</strong></span> 
     </span>
    </p>
   </div>
   <div class='ocr_carea' id='block_1_47' title="bbox 407 4552 1993 4623">
    <p class='ocr_par' dir='ltr' id='par_1_47' title="bbox 407 4552 1993 4623">
     <span class='ocr_line' id='line_1_47' title="bbox 407 4552 1993 4623; baseline 0.003 -17"><span class='ocrx_word' id='word_1_360' title='bbox 407 4553 562 4607; x_wconf 84' lang='lat' dir='ltr'><strong>dolor</strong></span> <span class='ocrx_word' id='word_1_361' title='bbox 592 4569 606 4584; x_wconf 77' lang='grc' dir='ltr'><strong><em>ο</em></strong></span> <span class='ocrx_word' id='word_1_362' title='bbox 638 4553 876 4623; x_wconf 87' lang='lat' dir='ltr'><strong>alioquin</strong></span> <span class='ocrx_word' id='word_1_363' title='bbox 904 4553 1111 4607; x_wconf 91' lang='lat' dir='ltr'><strong>etiamsi</strong></span> <span class='ocrx_word' id='word_1_364' title='bbox 1138 4552 1508 4609; x_wconf 86' lang='lat' dir='ltr'><strong>vehementius</strong></span> <span class='ocrx_word' id='word_1_365' title='bbox 1536 4556 1754 4620; x_wconf 82' lang='lat' dir='ltr'><strong>dixeris,</strong></span> <span class='ocrx_word' id='word_1_366' title='bbox 1788 4572 1892 4611; x_wconf 89' lang='lat' dir='ltr'><strong>non</strong></span> <span class='ocrx_word' id='word_1_367' title='bbox 1923 4557 1993 4611; x_wconf 89' lang='lat' dir='ltr'><strong>sit</strong></span> 
     </span>
    </p>
   </div>
   <div class='ocr_carea' id='block_1_48' title="bbox 408 4643 1991 4709">
    <p class='ocr_par' dir='ltr' id='par_1_48' title="bbox 408 4643 1991 4709">
     <span class='ocr_line' id='line_1_48' title="bbox 408 4643 1991 4709; baseline 0.003 -13"><span class='ocrx_word' id='word_1_368' title='bbox 408 4652 584 4699; x_wconf 91' lang='lat' dir='ltr'><strong>autem</strong></span> <span class='ocrx_word' id='word_1_369' title='bbox 613 4658 677 4698; x_wconf 86' lang='lat' dir='ltr'><strong>ex</strong></span> <span class='ocrx_word' id='word_1_370' title='bbox 707 4643 891 4699; x_wconf 89' lang='lat' dir='ltr'><strong>eadem</strong></span> <span class='ocrx_word' id='word_1_371' title='bbox 921 4659 1079 4698; x_wconf 89' lang='lat' dir='ltr'><strong>causa</strong></span> <span class='ocrx_word' id='word_1_372' title='bbox 1106 4655 1253 4699; x_wconf 90' lang='lat' dir='ltr'><strong>ortus</strong></span> <span class='ocrx_word' id='word_1_373' title='bbox 1281 4643 1456 4709; x_wconf 89' lang='lat' dir='ltr'><strong>dolor,</strong></span> <span class='ocrx_word' id='word_1_374' title='bbox 1486 4647 1616 4700; x_wconf 89' lang='lat' dir='ltr'><strong>nihil</strong></span> <span class='ocrx_word' id='word_1_375' title='bbox 1644 4646 1830 4702; x_wconf 78' lang='lat' dir='ltr'><strong>efficis.</strong></span> <span class='ocrx_word' id='word_1_376' title='bbox 1861 4647 1991 4701; x_wconf 89' lang='lat' dir='ltr'><strong>Pro-</strong></span> 
     </span>
    </p>
   </div>
   <div class='ocr_carea' id='block_1_49' title="bbox 410 4733 1992 4804">
    <p class='ocr_par' dir='ltr' id='par_1_49' title="bbox 410 4733 1992 4804">
     <span class='ocr_line' id='line_1_49' title="bbox 410 4733 1992 4804; baseline 0.006 -20"><span class='ocrx_word' id='word_1_377' title='bbox 410 4744 589 4802; x_wconf 84' lang='lat' dir='ltr'><strong>pterea</strong></span> <span class='ocrx_word' id='word_1_378' title='bbox 622 4736 672 4787; x_wconf 90' lang='lat' dir='ltr'><strong>iu</strong></span> <span class='ocrx_word' id='word_1_379' title='bbox 704 4734 804 4788; x_wconf 90' lang='lat' dir='ltr'><strong>hoc</strong></span> <span class='ocrx_word' id='word_1_380' title='bbox 830 4733 961 4788; x_wconf 86' lang='lat' dir='ltr'><strong>llniit</strong></span> <span class='ocrx_word' id='word_1_381' title='bbox 992 4734 1312 4804; x_wconf 88' lang='lat' dir='ltr'><strong>orationem,</strong></span> <span class='ocrx_word' id='word_1_382' title='bbox 1346 4735 1529 4791; x_wconf 89' lang='lat' dir='ltr'><strong>dicens</strong></span> <span class='ocrx_word' id='word_1_383' title='bbox 1554 4738 1779 4804; x_wconf 90' lang='lat' dir='ltr'><strong>vincula,</strong></span> <span class='ocrx_word' id='word_1_384' title='bbox 1808 4752 1992 4793; x_wconf 74' lang='lat' dir='ltr'><strong>carce-</strong></span> 
     </span>
    </p>
   </div>
   <div class='ocr_carea' id='block_1_50' title="bbox 408 4825 1994 4899">
    <p class='ocr_par' dir='ltr' id='par_1_50' title="bbox 408 4825 1994 4899">
     <span class='ocr_line' id='line_1_50' title="bbox 408 4825 1994 4899; baseline 0.004 -20"><span class='ocrx_word' id='word_1_385' title='bbox 408 4841 516 4892; x_wconf 76' lang='lat' dir='ltr'><strong>res,</strong></span> <span class='ocrx_word' id='word_1_386' title='bbox 543 4825 785 4888; x_wconf 81' lang='lat' dir='ltr'><strong>verbera,</strong></span> <span class='ocrx_word' id='word_1_387' title='bbox 811 4826 1183 4896; x_wconf 88' lang='lat' dir='ltr'><strong>lapidationes,</strong></span> <span class='ocrx_word' id='word_1_388' title='bbox 1206 4843 1267 4883; x_wconf 89' lang='lat' dir='ltr'><strong>ea</strong></span> <span class='ocrx_word' id='word_1_389' title='bbox 1292 4830 1517 4883; x_wconf 79' lang='lat' dir='ltr'><strong>innuens</strong></span> <span class='ocrx_word' id='word_1_390' title='bbox 1539 4845 1657 4899; x_wconf 76' lang='lat' dir='ltr'><strong>qua:</strong></span> <span class='ocrx_word' id='word_1_391' title='bbox 1686 4831 1994 4885; x_wconf 89' lang='lat' dir='ltr'><strong>acciderunt</strong></span> 
     </span>
    </p>
   </div>
   <div class='ocr_carea' id='block_1_51' title="bbox 406 4915 1995 4990">
    <p class='ocr_par' dir='ltr' id='par_1_51' title="bbox 406 4915 1995 4990">
     <span class='ocr_line' id='line_1_51' title="bbox 406 4915 1995 4990; baseline 0.004 -19"><span class='ocrx_word' id='word_1_392' title='bbox 406 4915 676 4987; x_wconf 84' lang='lat' dir='ltr'><strong>Stephano</strong></span> <span class='ocrx_word' id='word_1_393' title='bbox 703 4928 753 4972; x_wconf 87' lang='lat' dir='ltr'><strong>ct</strong></span> <span class='ocrx_word' id='word_1_394' title='bbox 781 4917 1086 4985; x_wconf 76' lang='lat' dir='ltr'><strong>Zacharite;</strong></span> <span class='ocrx_word' id='word_1_395' title='bbox 1117 4931 1171 4976; x_wconf 80' lang='lat' dir='ltr'><strong>et</strong></span> <span class='ocrx_word' id='word_1_396' title='bbox 1194 4920 1312 4975; x_wconf 89' lang='lat' dir='ltr'><strong>ideo</strong></span> <span class='ocrx_word' id='word_1_397' title='bbox 1334 4921 1609 4990; x_wconf 84' lang='lat' dir='ltr'><strong>subjunxit</strong></span> <span class='ocrx_word' id='word_1_398' title='bbox 1631 4939 1642 4975; x_wconf 94' lang='lat'>:</span> <span class='ocrx_word' id='word_1_399' title='bbox 1665 4919 1728 4976; x_wconf 88' lang='lat' dir='ltr'><strong>In</strong></span> <span class='ocrx_word' id='word_1_400' title='bbox 1751 4924 1995 4977; x_wconf 81' lang='lat' dir='ltr'><strong>occisione</strong></span> 
     </span>
    </p>
   </div>
   <div class='ocr_carea' id='block_1_52' title="bbox 405 5011 1995 5084">
    <p class='ocr_par' dir='ltr' id='par_1_52' title="bbox 405 5011 1995 5084">
     <span class='ocr_line' id='line_1_52' title="bbox 405 5011 1995 5084; baseline 0.003 -20"><span class='ocrx_word' id='word_1_401' title='bbox 405 5012 564 5081; x_wconf 81' lang='lat' dir='ltr'><strong>gladii</strong></span> <span class='ocrx_word' id='word_1_402' title='bbox 596 5012 781 5065; x_wconf 88' lang='lat' dir='ltr'><strong>mortui</strong></span> <span class='ocrx_word' id='word_1_403' title='bbox 805 5021 938 5067; x_wconf 83' lang='lat' dir='ltr'><strong>sunt.</strong></span> <span class='ocrx_word' id='word_1_404' title='bbox 974 5011 1113 5079; x_wconf 83' lang='lat' dir='ltr'><strong>Quid</strong></span> <span class='ocrx_word' id='word_1_405' title='bbox 1146 5012 1315 5068; x_wconf 87' lang='lat' dir='ltr'><strong>dicis?</strong></span> <span class='ocrx_word' id='word_1_406' title='bbox 1337 5013 1423 5071; x_wconf 85' lang='lat' dir='ltr'><strong>alii</strong></span> <span class='ocrx_word' id='word_1_407' title='bbox 1452 5014 1664 5083; x_wconf 85' lang='lat' dir='ltr'><strong>quidem</strong></span> <span class='ocrx_word' id='word_1_408' title='bbox 1696 5012 1995 5084; x_wconf 66' lang='lat' dir='ltr'><strong>effugerunt</strong></span> 
     </span>
    </p>
   </div>
   <div class='ocr_carea' id='block_1_53' title="bbox 404 5104 1994 5177">
    <p class='ocr_par' dir='ltr' id='par_1_53' title="bbox 404 5104 1994 5177">
     <span class='ocr_line' id='line_1_53' title="bbox 404 5104 1994 5177; baseline 0.001 -19"><span class='ocrx_word' id='word_1_409' title='bbox 404 5106 569 5161; x_wconf 80' lang='lat' dir='ltr'><strong>aciem</strong></span> <span class='ocrx_word' id='word_1_410' title='bbox 598 5104 794 5177; x_wconf 79' lang='lat' dir='ltr'><strong>gladii;</strong></span> <span class='ocrx_word' id='word_1_411' title='bbox 826 5106 915 5159; x_wconf 89' lang='lat' dir='ltr'><strong>alii</strong></span> <span class='ocrx_word' id='word_1_412' title='bbox 937 5116 1112 5160; x_wconf 90' lang='lat' dir='ltr'><strong>autem</strong></span> <span class='ocrx_word' id='word_1_413' title='bbox 1135 5106 1330 5160; x_wconf 87' lang='lat' dir='ltr'><strong>mortui</strong></span> <span class='ocrx_word' id='word_1_414' title='bbox 1355 5114 1481 5161; x_wconf 88' lang='lat' dir='ltr'><strong>sunt</strong></span> <span class='ocrx_word' id='word_1_415' title='bbox 1507 5106 1557 5160; x_wconf 90' lang='lat' dir='ltr'><strong>in</strong></span> <span class='ocrx_word' id='word_1_416' title='bbox 1591 5107 1857 5162; x_wconf 86' lang='lat' dir='ltr'><strong>occisione</strong></span> <span class='ocrx_word' id='word_1_417' title='bbox 1880 5107 1994 5177; x_wconf 79' lang='lat' dir='ltr'><strong>gla-</strong></span> 
     </span>
    </p>
   </div>
   <div class='ocr_carea' id='block_1_54' title="bbox 402 5197 1993 5270">
    <p class='ocr_par' dir='ltr' id='par_1_54' title="bbox 402 5197 1993 5270">
     <span class='ocr_line' id='line_1_54' title="bbox 402 5197 1993 5270; baseline 0.003 -20"><span class='ocrx_word' id='word_1_418' title='bbox 402 5200 512 5252; x_wconf 81' lang='lat' dir='ltr'><strong>dii?</strong></span> <span class='ocrx_word' id='word_1_419' title='bbox 550 5198 674 5270; x_wconf 81' lang='lat' dir='ltr'><strong>quid</strong></span> <span class='ocrx_word' id='word_1_420' title='bbox 722 5209 799 5253; x_wconf 84' lang='lat' dir='ltr'><strong>est</strong></span> <span class='ocrx_word' id='word_1_421' title='bbox 845 5197 986 5252; x_wconf 81' lang='lat' dir='ltr'><strong>hoc?</strong></span> <span class='ocrx_word' id='word_1_422' title='bbox 1019 5207 1191 5254; x_wconf 91' lang='lat' dir='ltr'><strong>utrum</strong></span> <span class='ocrx_word' id='word_1_423' title='bbox 1237 5198 1442 5263; x_wconf 88' lang='lat' dir='ltr'><strong>laudas,</strong></span> <span class='ocrx_word' id='word_1_424' title='bbox 1472 5207 1648 5253; x_wconf 90' lang='lat' dir='ltr'><strong>utrum</strong></span> <span class='ocrx_word' id='word_1_425' title='bbox 1674 5199 1993 5255; x_wconf 82' lang='lat' dir='ltr'><strong>admiraris?</strong></span> 
     </span>
    </p>
   </div>
   <div class='ocr_carea' id='block_1_55' title="bbox 402 5288 1995 5359">
    <p class='ocr_par' dir='ltr' id='par_1_55' title="bbox 402 5288 1995 5359">
     <span class='ocr_line' id='line_1_55' title="bbox 402 5288 1995 5359; baseline 0 -14"><span class='ocrx_word' id='word_1_426' title='bbox 402 5289 521 5346; x_wconf 83' lang='lat' dir='ltr'><strong>hoc.</strong></span> <span class='ocrx_word' id='word_1_427' title='bbox 552 5306 617 5344; x_wconf 91' lang='lat' dir='ltr'><strong>an</strong></span> <span class='ocrx_word' id='word_1_428' title='bbox 656 5289 826 5344; x_wconf 82' lang='lat' dir='ltr'><strong>illud?</strong></span> <span class='ocrx_word' id='word_1_429' title='bbox 875 5288 1123 5356; x_wconf 80' lang='lat' dir='ltr'><strong>Maxime,</strong></span> <span class='ocrx_word' id='word_1_430' title='bbox 1166 5289 1365 5359; x_wconf 89' lang='lat' dir='ltr'><strong>inquit,</strong></span> <span class='ocrx_word' id='word_1_431' title='bbox 1403 5300 1457 5344; x_wconf 88' lang='lat' dir='ltr'><strong>et</strong></span> <span class='ocrx_word' id='word_1_432' title='bbox 1487 5289 1588 5344; x_wconf 94' lang='lat' dir='ltr'><strong>hoc</strong></span> <span class='ocrx_word' id='word_1_433' title='bbox 1615 5299 1665 5343; x_wconf 93' lang='lat' dir='ltr'><strong>et</strong></span> <span class='ocrx_word' id='word_1_434' title='bbox 1700 5290 1858 5351; x_wconf 88' lang='lat' dir='ltr'><strong>illud;</strong></span> <span class='ocrx_word' id='word_1_435' title='bbox 1895 5290 1995 5345; x_wconf 93' lang='lat' dir='ltr'><strong>hoc</strong></span> 
     </span>
    </p>
   </div>
   <div class='ocr_carea' id='block_1_56' title="bbox 407 5379 1990 5452">
    <p class='ocr_par' dir='ltr' id='par_1_56' title="bbox 407 5379 1990 5452">
     <span class='ocr_line' id='line_1_56' title="bbox 407 5379 1990 5452; baseline 0 -18"><span class='ocrx_word' id='word_1_436' title='bbox 407 5391 673 5452; x_wconf 88' lang='lat' dir='ltr'><strong>tamquam</strong></span> <span class='ocrx_word' id='word_1_437' title='bbox 696 5381 848 5436; x_wconf 76' lang='lat' dir='ltr'><strong>vobis</strong></span> <span class='ocrx_word' id='word_1_438' title='bbox 878 5380 1222 5449; x_wconf 84' lang='lat' dir='ltr'><strong>conjunetum</strong></span> <span class='ocrx_word' id='word_1_439' title='bbox 1252 5391 1305 5435; x_wconf 87' lang='lat' dir='ltr'><strong>et</strong></span> <span class='ocrx_word' id='word_1_440' title='bbox 1324 5379 1608 5445; x_wconf 87' lang='lat' dir='ltr'><strong>familiare,</strong></span> <span class='ocrx_word' id='word_1_441' title='bbox 1634 5380 1761 5434; x_wconf 91' lang='lat' dir='ltr'><strong>illud</strong></span> <span class='ocrx_word' id='word_1_442' title='bbox 1789 5390 1990 5448; x_wconf 85' lang='lat' dir='ltr'><strong>autem,</strong></span> 
     </span>
    </p>
   </div>
   <div class='ocr_carea' id='block_1_57' title="bbox 401 5473 1993 5546">
    <p class='ocr_par' dir='ltr' id='par_1_57' title="bbox 401 5473 1993 5546">
     <span class='ocr_line' id='line_1_57' title="bbox 401 5473 1993 5546; baseline 0 -16"><span class='ocrx_word' id='word_1_443' title='bbox 401 5477 650 5546; x_wconf 82' lang='lat' dir='ltr'><strong>quoniam</strong></span> <span class='ocrx_word' id='word_1_444' title='bbox 674 5474 832 5529; x_wconf 90' lang='lat' dir='ltr'><strong>etiam</strong></span> <span class='ocrx_word' id='word_1_445' title='bbox 867 5474 918 5528; x_wconf 90' lang='lat' dir='ltr'><strong>in</strong></span> <span class='ocrx_word' id='word_1_446' title='bbox 939 5473 1050 5544; x_wconf 89' lang='lat' dir='ltr'><strong>ipsa</strong></span> <span class='ocrx_word' id='word_1_447' title='bbox 1075 5482 1249 5528; x_wconf 90' lang='lat' dir='ltr'><strong>morte</strong></span> <span class='ocrx_word' id='word_1_448' title='bbox 1276 5474 1443 5527; x_wconf 92' lang='lat' dir='ltr'><strong>valuit</strong></span> <span class='ocrx_word' id='word_1_449' title='bbox 1482 5473 1634 5538; x_wconf 83' lang='lat' dir='ltr'><strong>fides,</strong></span> <span class='ocrx_word' id='word_1_450' title='bbox 1662 5482 1715 5528; x_wconf 91' lang='lat' dir='ltr'><strong>et</strong></span> <span class='ocrx_word' id='word_1_451' title='bbox 1736 5484 1817 5528; x_wconf 91' lang='lat' dir='ltr'><strong>est</strong></span> <span class='ocrx_word' id='word_1_452' title='bbox 1838 5483 1993 5544; x_wconf 89' lang='lat' dir='ltr'><strong>typus</strong></span> 
     </span>
    </p>
   </div>
   <div class='ocr_carea' id='block_1_58' title="bbox 402 5565 1994 5639">
    <p class='ocr_par' dir='ltr' id='par_1_58' title="bbox 402 5565 1994 5639">
     <span class='ocr_line' id='line_1_58' title="bbox 402 5565 1994 5639; baseline 0.002 -18"><span class='ocrx_word' id='word_1_453' title='bbox 402 5568 724 5623; x_wconf 75' lang='lat' dir='ltr'><strong>futurorum.</strong></span> <span class='ocrx_word' id='word_1_454' title='bbox 760 5567 877 5622; x_wconf 89' lang='lat' dir='ltr'><strong>Duo</strong></span> <span class='ocrx_word' id='word_1_455' title='bbox 906 5576 1029 5620; x_wconf 87' lang='lat' dir='ltr'><strong>sunt</strong></span> <span class='ocrx_word' id='word_1_456' title='bbox 1060 5567 1202 5621; x_wconf 90' lang='lat' dir='ltr'><strong>enim</strong></span> <span class='ocrx_word' id='word_1_457' title='bbox 1253 5566 1508 5622; x_wconf 85' lang='lat' dir='ltr'><strong>miracula</strong></span> <span class='ocrx_word' id='word_1_458' title='bbox 1556 5565 1714 5632; x_wconf 81' lang='lat' dir='ltr'><strong>ﬁdei,</strong></span> <span class='ocrx_word' id='word_1_459' title='bbox 1757 5569 1898 5639; x_wconf 86' lang='lat' dir='ltr'><strong>quod</strong></span> <span class='ocrx_word' id='word_1_460' title='bbox 1940 5579 1994 5625; x_wconf 87' lang='lat' dir='ltr'><strong>et</strong></span> 
     </span>
    </p>
   </div>
   <div class='ocr_carea' id='block_1_59' title="bbox 403 5659 1995 5730">
    <p class='ocr_par' dir='ltr' id='par_1_59' title="bbox 403 5659 1995 5730">
     <span class='ocr_line' id='line_1_59' title="bbox 403 5659 1995 5730; baseline 0.002 -18"><span class='ocrx_word' id='word_1_461' title='bbox 403 5676 590 5730; x_wconf 78' lang='lat' dir='ltr'><strong>magna</strong></span> <span class='ocrx_word' id='word_1_462' title='bbox 618 5660 838 5724; x_wconf 81' lang='lat' dir='ltr'><strong>eﬂiciat,</strong></span> <span class='ocrx_word' id='word_1_463' title='bbox 862 5668 917 5714; x_wconf 90' lang='lat' dir='ltr'><strong>ct</strong></span> <span class='ocrx_word' id='word_1_464' title='bbox 940 5674 1130 5730; x_wconf 75' lang='lat' dir='ltr'><strong>magna</strong></span> <span class='ocrx_word' id='word_1_465' title='bbox 1161 5659 1412 5728; x_wconf 87' lang='lat' dir='ltr'><strong>patiatur,</strong></span> <span class='ocrx_word' id='word_1_466' title='bbox 1438 5674 1491 5715; x_wconf 90' lang='lat' dir='ltr'><strong>et</strong></span> <span class='ocrx_word' id='word_1_467' title='bbox 1521 5660 1651 5714; x_wconf 88' lang='lat' dir='ltr'><strong>nihil</strong></span> <span class='ocrx_word' id='word_1_468' title='bbox 1679 5676 1738 5715; x_wconf 87' lang='lat' dir='ltr'><strong>se</strong></span> <span class='ocrx_word' id='word_1_469' title='bbox 1768 5662 1872 5730; x_wconf 90' lang='lat' dir='ltr'><strong>pati</strong></span> <span class='ocrx_word' id='word_1_470' title='bbox 1902 5678 1995 5715; x_wconf 77' lang='lat' dir='ltr'><strong>ex-</strong></span> 
     </span>
    </p>
   </div>
   <div class='ocr_carea' id='block_1_60' title="bbox 406 5752 1989 5825">
    <p class='ocr_par' dir='ltr' id='par_1_60' title="bbox 406 5752 1989 5825">
     <span class='ocr_line' id='line_1_60' title="bbox 406 5752 1989 5825; baseline 0.002 -19"><span class='ocrx_word' id='word_1_471' title='bbox 406 5752 619 5809; x_wconf 85' lang='lat' dir='ltr'><strong>istimet.</strong></span> <span class='ocrx_word' id='word_1_472' title='bbox 651 5753 759 5809; x_wconf 83' lang='lat' dir='ltr'><strong>Nec</strong></span> <span class='ocrx_word' id='word_1_473' title='bbox 790 5763 966 5821; x_wconf 87' lang='lat' dir='ltr'><strong>potes,</strong></span> <span class='ocrx_word' id='word_1_474' title='bbox 999 5754 1189 5823; x_wconf 87' lang='lat' dir='ltr'><strong>inquit,</strong></span> <span class='ocrx_word' id='word_1_475' title='bbox 1218 5753 1398 5810; x_wconf 85' lang='lat' dir='ltr'><strong>dicere</strong></span> <span class='ocrx_word' id='word_1_476' title='bbox 1429 5753 1567 5824; x_wconf 87' lang='lat' dir='ltr'><strong>quod</strong></span> <span class='ocrx_word' id='word_1_477' title='bbox 1598 5766 1773 5811; x_wconf 81' lang='lat' dir='ltr'><strong>essent</strong></span> <span class='ocrx_word' id='word_1_478' title='bbox 1801 5771 1989 5825; x_wconf 83' lang='lat' dir='ltr'><strong>pecca-</strong></span> 
     </span>
    </p>
   </div>
   <div class='ocr_carea' id='block_1_61' title="bbox 1146 326 2921 388">
    <p class='ocr_par' dir='ltr' id='par_1_61' title="bbox 1146 326 2921 388">
     <span class='ocr_line' id='line_1_61' title="bbox 1146 326 2921 388; baseline -0.003 -1"><span class='ocrx_word' id='word_1_479' title='bbox 1146 332 1201 388; x_wconf 85' lang='lat' dir='ltr'><strong>S.</strong></span> <span class='ocrx_word' id='word_1_480' title='bbox 1239 327 1516 385; x_wconf 72' lang='lat' dir='ltr'><strong>JOANNIS</strong></span> <span class='ocrx_word' id='word_1_481' title='bbox 1536 326 2007 385; x_wconf 74' lang='lat' dir='ltr'><strong>CIIRYSOSTOMI</strong></span> <span class='ocrx_word' id='word_1_482' title='bbox 2037 326 2352 386; x_wconf 78' lang='lat' dir='ltr'><strong>ARCHlEP.</strong></span> <span class='ocrx_word' id='word_1_483' title='bbox 2392 327 2921 386; x_wconf 81' lang='lat' dir='ltr'><strong>CONSTANTINOP.</strong></span> 
     </span>
    </p>
   </div>
   <div class='ocr_carea' id='block_1_62' title="bbox 3573 328 3668 385">
    <p class='ocr_par' dir='ltr' id='par_1_62' title="bbox 3573 328 3668 385">
     <span class='ocr_line' id='line_1_62' title="bbox 3573 328 3668 385; baseline 0 0"><span class='ocrx_word' id='word_1_484' title='bbox 3573 328 3668 385; x_wconf 69' lang='grc'><strong>188</strong></span> 
     </span>
    </p>
   </div>
   <div class='ocr_carea' id='block_1_63' title="bbox 2084 440 3668 502">
    <p class='ocr_par' dir='ltr' id='par_1_63' title="bbox 2084 440 3668 502">
     <span class='ocr_line' id='line_1_63' title="bbox 2084 440 3668 502; baseline 0.002 -4"><span class='ocrx_word' id='word_1_485' title='bbox 2084 453 2229 499; x_wconf 89' lang='lat' dir='ltr'><strong>tores</strong></span> <span class='ocrx_word' id='word_1_486' title='bbox 2248 453 2303 499; x_wconf 90' lang='lat' dir='ltr'><strong>et</strong></span> <span class='ocrx_word' id='word_1_487' title='bbox 2323 442 2567 498; x_wconf 90' lang='lat' dir='ltr'><strong>homines</strong></span> <span class='ocrx_word' id='word_1_488' title='bbox 2597 442 2749 497; x_wconf 88' lang='lat' dir='ltr'><strong>nihili</strong></span> <span class='ocrx_word' id='word_1_489' title='bbox 2773 461 2785 495; x_wconf 93' lang='lat'>:</span> <span class='ocrx_word' id='word_1_490' title='bbox 2806 456 2928 496; x_wconf 91' lang='lat' dir='ltr'><strong>nam</strong></span> <span class='ocrx_word' id='word_1_491' title='bbox 2956 440 3054 496; x_wconf 89' lang='lat' dir='ltr'><strong>etsi</strong></span> <span class='ocrx_word' id='word_1_492' title='bbox 3095 449 3260 496; x_wconf 93' lang='lat' dir='ltr'><strong>totum</strong></span> <span class='ocrx_word' id='word_1_493' title='bbox 3288 442 3544 499; x_wconf 90' lang='lat' dir='ltr'><strong>mundum</strong></span> <span class='ocrx_word' id='word_1_494' title='bbox 3569 445 3668 502; x_wconf 87' lang='lat' dir='ltr'><strong>illis</strong></span> 
     </span>
    </p>
   </div>
   <div class='ocr_carea' id='block_1_64' title="bbox 2082 534 3668 604">
    <p class='ocr_par' dir='ltr' id='par_1_64' title="bbox 2082 534 3668 604">
     <span class='ocr_line' id='line_1_64' title="bbox 2082 534 3668 604; baseline 0.001 -11"><span class='ocrx_word' id='word_1_495' title='bbox 2082 555 2145 595; x_wconf 85' lang='lat' dir='ltr'><strong>ex</strong></span> <span class='ocrx_word' id='word_1_496' title='bbox 2175 537 2405 592; x_wconf 88' lang='lat' dir='ltr'><strong>adverso</strong></span> <span class='ocrx_word' id='word_1_497' title='bbox 2432 537 2704 602; x_wconf 87' lang='lat' dir='ltr'><strong>statueris,</strong></span> <span class='ocrx_word' id='word_1_498' title='bbox 2757 535 2970 590; x_wconf 86' lang='lat' dir='ltr'><strong>invenio</strong></span> <span class='ocrx_word' id='word_1_499' title='bbox 3022 534 3140 588; x_wconf 89' lang='lat' dir='ltr'><strong>illos</strong></span> <span class='ocrx_word' id='word_1_500' title='bbox 3169 536 3344 604; x_wconf 88' lang='lat' dir='ltr'><strong>pretio</strong></span> <span class='ocrx_word' id='word_1_501' title='bbox 3391 536 3443 591; x_wconf 92' lang='lat' dir='ltr'><strong>in</strong></span> <span class='ocrx_word' id='word_1_502' title='bbox 3476 547 3668 595; x_wconf 84' lang='lat' dir='ltr'><strong>statera</strong></span> 
     </span>
    </p>
   </div>
   <div class='ocr_carea' id='block_1_65' title="bbox 2081 624 3669 701">
    <p class='ocr_par' dir='ltr' id='par_1_65' title="bbox 2081 624 3669 701">
     <span class='ocr_line' id='line_1_65' title="bbox 2081 624 3669 701; baseline -0.001 -17"><span class='ocrx_word' id='word_1_503' title='bbox 2081 627 2513 701; x_wconf 76' lang='lat' dir='ltr'><strong>praeponderare.</strong></span> <span class='ocrx_word' id='word_1_504' title='bbox 2546 626 2667 680; x_wconf 89' lang='lat' dir='ltr'><strong>Ideo</strong></span> <span class='ocrx_word' id='word_1_505' title='bbox 2690 625 2849 680; x_wconf 89' lang='lat' dir='ltr'><strong>etiam</strong></span> <span class='ocrx_word' id='word_1_506' title='bbox 2873 626 2950 681; x_wconf 90' lang='lat' dir='ltr'><strong>sic</strong></span> <span class='ocrx_word' id='word_1_507' title='bbox 2969 624 3120 691; x_wconf 83' lang='lat' dir='ltr'><strong>dixit,</strong></span> <span class='ocrx_word' id='word_1_508' title='bbox 3146 625 3341 692; x_wconf 80' lang='lat' dir='ltr'><strong>Quibus</strong></span> <span class='ocrx_word' id='word_1_509' title='bbox 3360 626 3544 697; x_wconf 80' lang='lat' dir='ltr'><strong>dignus</strong></span> <span class='ocrx_word' id='word_1_510' title='bbox 3573 646 3669 683; x_wconf 86' lang='lat' dir='ltr'><strong>non</strong></span> 
     </span>
    </p>
   </div>
   <div class='ocr_carea' id='block_1_66' title="bbox 2081 716 3670 789">
    <p class='ocr_par' dir='ltr' id='par_1_66' title="bbox 2081 716 3670 789">
     <span class='ocr_line' id='line_1_66' title="bbox 2081 716 3670 789; baseline 0.001 -14"><span class='ocrx_word' id='word_1_511' title='bbox 2081 730 2187 775; x_wconf 80' lang='lat' dir='ltr'><strong>erat</strong></span> <span class='ocrx_word' id='word_1_512' title='bbox 2214 721 2449 773; x_wconf 80' lang='lat' dir='ltr'><strong>mundus.</strong></span> <span class='ocrx_word' id='word_1_513' title='bbox 2493 717 2630 785; x_wconf 84' lang='lat' dir='ltr'><strong>Quid</strong></span> <span class='ocrx_word' id='word_1_514' title='bbox 2664 732 2793 787; x_wconf 82' lang='lat' dir='ltr'><strong>ergo</strong></span> <span class='ocrx_word' id='word_1_515' title='bbox 2837 716 2925 770; x_wconf 87' lang='lat' dir='ltr'><strong>hic</strong></span> <span class='ocrx_word' id='word_1_516' title='bbox 2961 726 3117 770; x_wconf 87' lang='lat' dir='ltr'><strong>erant</strong></span> <span class='ocrx_word' id='word_1_517' title='bbox 3154 720 3451 788; x_wconf 85' lang='lat' dir='ltr'><strong>accepturi,</strong></span> <span class='ocrx_word' id='word_1_518' title='bbox 3481 721 3670 789; x_wconf 85' lang='lat' dir='ltr'><strong>quibus</strong></span> 
     </span>
    </p>
   </div>
   <div class='ocr_carea' id='block_1_67' title="bbox 2082 808 3669 882">
    <p class='ocr_par' dir='ltr' id='par_1_67' title="bbox 2082 808 3669 882">
     <span class='ocr_line' id='line_1_67' title="bbox 2082 808 3669 882; baseline 0.001 -17"><span class='ocrx_word' id='word_1_519' title='bbox 2082 813 2212 867; x_wconf 89' lang='lat' dir='ltr'><strong>nihil</strong></span> <span class='ocrx_word' id='word_1_520' title='bbox 2269 812 2489 881; x_wconf 78' lang='lat' dir='ltr'><strong>dignum</strong></span> <span class='ocrx_word' id='word_1_521' title='bbox 2543 818 2659 865; x_wconf 88' lang='lat' dir='ltr'><strong>erat</strong></span> <span class='ocrx_word' id='word_1_522' title='bbox 2700 809 2725 860; x_wconf 69' lang='grc' dir='ltr'><strong>’ἔ</strong></span> <span class='ocrx_word' id='word_1_523' title='bbox 2796 808 2893 863; x_wconf 91' lang='lat' dir='ltr'><strong>llic</strong></span> <span class='ocrx_word' id='word_1_524' title='bbox 2952 822 3138 862; x_wconf 87' lang='lat' dir='ltr'><strong>eorum</strong></span> <span class='ocrx_word' id='word_1_525' title='bbox 3203 818 3435 864; x_wconf 82' lang='lat' dir='ltr'><strong>mentem</strong></span> <span class='ocrx_word' id='word_1_526' title='bbox 3478 812 3669 882; x_wconf 83' lang='lat' dir='ltr'><strong>erigit,</strong></span> 
     </span>
    </p>
   </div>
   <div class='ocr_carea' id='block_1_68' title="bbox 2080 901 3670 977">
    <p class='ocr_par' dir='ltr' id='par_1_68' title="bbox 2080 901 3670 977">
     <span class='ocr_line' id='line_1_68' title="bbox 2080 901 3670 977; baseline 0 -16"><span class='ocrx_word' id='word_1_527' title='bbox 2080 904 2332 961; x_wconf 90' lang='lat' dir='ltr'><strong>erudiens</strong></span> <span class='ocrx_word' id='word_1_528' title='bbox 2369 918 2436 958; x_wconf 90' lang='lat' dir='ltr'><strong>ne</strong></span> <span class='ocrx_word' id='word_1_529' title='bbox 2468 902 2581 956; x_wconf 82' lang='lat' dir='ltr'><strong>sint</strong></span> <span class='ocrx_word' id='word_1_530' title='bbox 2618 901 2759 955; x_wconf 86' lang='lat' dir='ltr'><strong>afﬁxi</strong></span> <span class='ocrx_word' id='word_1_531' title='bbox 2819 901 3205 971; x_wconf 70' lang='lat' dir='ltr'><strong>pl‘tf‘SCllllbllS,</strong></span> <span class='ocrx_word' id='word_1_532' title='bbox 3261 912 3314 956; x_wconf 92' lang='lat' dir='ltr'><strong>et</strong></span> <span class='ocrx_word' id='word_1_533' title='bbox 3362 913 3422 958; x_wconf 88' lang='lat' dir='ltr'><strong>ut</strong></span> <span class='ocrx_word' id='word_1_534' title='bbox 3471 905 3670 977; x_wconf 83' lang='lat' dir='ltr'><strong>majora</strong></span> 
     </span>
    </p>
   </div>
   <div class='ocr_carea' id='block_1_69' title="bbox 2081 993 3669 1065">
    <p class='ocr_par' dir='ltr' id='par_1_69' title="bbox 2081 993 3669 1065">
     <span class='ocr_line' id='line_1_69' title="bbox 2081 993 3669 1065; baseline 0.001 -16"><span class='ocrx_word' id='word_1_535' title='bbox 2081 996 2259 1050; x_wconf 90' lang='lat' dir='ltr'><strong>animo</strong></span> <span class='ocrx_word' id='word_1_536' title='bbox 2287 995 2488 1065; x_wconf 82' lang='lat' dir='ltr'><strong>agitent</strong></span> <span class='ocrx_word' id='word_1_537' title='bbox 2513 993 2762 1048; x_wconf 87' lang='lat' dir='ltr'><strong>omnibus</strong></span> <span class='ocrx_word' id='word_1_538' title='bbox 2788 1007 2906 1062; x_wconf 63' lang='lat' dir='ltr'><strong>qua:</strong></span> <span class='ocrx_word' id='word_1_539' title='bbox 2944 1001 3068 1046; x_wconf 89' lang='lat' dir='ltr'><strong>sunt</strong></span> <span class='ocrx_word' id='word_1_540' title='bbox 3120 993 3172 1047; x_wconf 92' lang='lat' dir='ltr'><strong>in</strong></span> <span class='ocrx_word' id='word_1_541' title='bbox 3222 994 3329 1048; x_wconf 88' lang='lat' dir='ltr'><strong>vita</strong></span> <span class='ocrx_word' id='word_1_542' title='bbox 3390 999 3669 1063; x_wconf 85' lang='lat' dir='ltr'><strong>praesenti;</strong></span> 
     </span>
    </p>
   </div>
   <div class='ocr_carea' id='block_1_70' title="bbox 2081 1082 3671 1157">
    <p class='ocr_par' dir='ltr' id='par_1_70' title="bbox 2081 1082 3671 1157">
     <span class='ocr_line' id='line_1_70' title="bbox 2081 1082 3671 1157; baseline 0.002 -17"><span class='ocrx_word' id='word_1_543' title='bbox 2081 1085 2345 1157; x_wconf 83' lang='lat' dir='ltr'><strong>siquidem</strong></span> <span class='ocrx_word' id='word_1_544' title='bbox 2401 1095 2545 1139; x_wconf 90' lang='lat' dir='ltr'><strong>totus</strong></span> <span class='ocrx_word' id='word_1_545' title='bbox 2602 1082 2831 1137; x_wconf 89' lang='lat' dir='ltr'><strong>mundus</strong></span> <span class='ocrx_word' id='word_1_546' title='bbox 2875 1098 2980 1137; x_wconf 91' lang='lat' dir='ltr'><strong>non</strong></span> <span class='ocrx_word' id='word_1_547' title='bbox 3032 1091 3116 1138; x_wconf 86' lang='lat' dir='ltr'><strong>est</strong></span> <span class='ocrx_word' id='word_1_548' title='bbox 3161 1083 3225 1138; x_wconf 90' lang='lat' dir='ltr'><strong>iis</strong></span> <span class='ocrx_word' id='word_1_549' title='bbox 3274 1083 3489 1156; x_wconf 85' lang='lat' dir='ltr'><strong>dignus.</strong></span> <span class='ocrx_word' id='word_1_550' title='bbox 3537 1087 3671 1156; x_wconf 83' lang='lat' dir='ltr'><strong>Quid</strong></span> 
     </span>
    </p>
   </div>
   <div class='ocr_carea' id='block_1_71' title="bbox 2081 1176 3674 1252">
    <p class='ocr_par' dir='ltr' id='par_1_71' title="bbox 2081 1176 3674 1252">
     <span class='ocr_line' id='line_1_71' title="bbox 2081 1176 3674 1252; baseline -0.002 -15"><span class='ocrx_word' id='word_1_551' title='bbox 2081 1196 2211 1252; x_wconf 81' lang='lat' dir='ltr'><strong>ergo</strong></span> <span class='ocrx_word' id='word_1_552' title='bbox 2264 1180 2344 1234; x_wconf 85' lang='lat' dir='ltr'><strong>vis</strong></span> <span class='ocrx_word' id='word_1_553' title='bbox 2397 1178 2485 1234; x_wconf 90' lang='lat' dir='ltr'><strong>hie</strong></span> <span class='ocrx_word' id='word_1_554' title='bbox 2539 1176 2820 1247; x_wconf 79' lang='lat' dir='ltr'><strong>accipere?</strong></span> <span class='ocrx_word' id='word_1_555' title='bbox 2876 1177 3126 1246; x_wconf 88' lang='lat' dir='ltr'><strong>probrum</strong></span> <span class='ocrx_word' id='word_1_556' title='bbox 3181 1187 3263 1232; x_wconf 87' lang='lat' dir='ltr'><strong>est</strong></span> <span class='ocrx_word' id='word_1_557' title='bbox 3308 1188 3364 1232; x_wconf 91' lang='lat' dir='ltr'><strong>et</strong></span> <span class='ocrx_word' id='word_1_558' title='bbox 3400 1194 3674 1235; x_wconf 83' lang='lat' dir='ltr'><strong>contume-</strong></span> 
     </span>
    </p>
   </div>
   <div class='ocr_carea' id='block_1_72' title="bbox 2085 1267 3670 1341">
    <p class='ocr_par' dir='ltr' id='par_1_72' title="bbox 2085 1267 3670 1341">
     <span class='ocr_line' id='line_1_72' title="bbox 2085 1267 3670 1341; baseline 0 -16"><span class='ocrx_word' id='word_1_559' title='bbox 2085 1272 2172 1333; x_wconf 88' lang='lat' dir='ltr'><strong>lia.</strong></span> <span class='ocrx_word' id='word_1_560' title='bbox 2210 1271 2254 1326; x_wconf 89' lang='lat' dir='ltr'><strong>si</strong></span> <span class='ocrx_word' id='word_1_561' title='bbox 2300 1270 2387 1325; x_wconf 91' lang='lat' dir='ltr'><strong>hic</strong></span> <span class='ocrx_word' id='word_1_562' title='bbox 2430 1268 2733 1324; x_wconf 89' lang='lat' dir='ltr'><strong>mercedem</strong></span> <span class='ocrx_word' id='word_1_563' title='bbox 2772 1267 3061 1336; x_wconf 81' lang='lat' dir='ltr'><strong>acceperis.</strong></span> <span class='ocrx_word' id='word_1_564' title='bbox 3104 1267 3183 1320; x_wconf 84' lang='lat' dir='ltr'><strong>Ne</strong></span> <span class='ocrx_word' id='word_1_565' title='bbox 3230 1269 3497 1324; x_wconf 86' lang='lat' dir='ltr'><strong>mundana</strong></span> <span class='ocrx_word' id='word_1_566' title='bbox 3546 1286 3670 1341; x_wconf 76' lang='lat' dir='ltr'><strong>ergo</strong></span> 
     </span>
    </p>
   </div>
   <div class='ocr_carea' id='block_1_73' title="bbox 2079 1353 3667 1425">
    <p class='ocr_par' dir='ltr' id='par_1_73' title="bbox 2079 1353 3667 1425">
     <span class='ocr_line' id='line_1_73' title="bbox 2079 1353 3667 1425; baseline 0.002 -16"><span class='ocrx_word' id='word_1_567' title='bbox 2079 1363 2260 1410; x_wconf 91' lang='lat' dir='ltr'><strong>mente</strong></span> <span class='ocrx_word' id='word_1_568' title='bbox 2295 1354 2560 1425; x_wconf 75' lang='lat' dir='ltr'><strong>agitemus</strong></span> <span class='ocrx_word' id='word_1_569' title='bbox 2580 1395 2596 1420; x_wconf 91' lang='lat'><strong>,</strong></span> <span class='ocrx_word' id='word_1_570' title='bbox 2633 1368 2808 1424; x_wconf 89' lang='lat' dir='ltr'><strong>neque</strong></span> <span class='ocrx_word' id='word_1_571' title='bbox 2834 1353 2923 1410; x_wconf 87' lang='lat' dir='ltr'><strong>hie</strong></span> <span class='ocrx_word' id='word_1_572' title='bbox 2947 1369 3250 1425; x_wconf 68' lang='lat' dir='ltr'><strong>quarramus</strong></span> <span class='ocrx_word' id='word_1_573' title='bbox 3275 1357 3667 1412; x_wconf 82' lang='lat' dir='ltr'><strong>remuneratio-</strong></span> 
     </span>
    </p>
   </div>
   <div class='ocr_carea' id='block_1_74' title="bbox 2082 1444 3669 1516">
    <p class='ocr_par' dir='ltr' id='par_1_74' title="bbox 2082 1444 3669 1516">
     <span class='ocr_line' id='line_1_74' title="bbox 2082 1444 3669 1516; baseline 0.003 -17"><span class='ocrx_word' id='word_1_574' title='bbox 2082 1461 2225 1511; x_wconf 86' lang='lat' dir='ltr'><strong>nem,</strong></span> <span class='ocrx_word' id='word_1_575' title='bbox 2251 1446 2427 1515; x_wconf 78' lang='lat' dir='ltr'><strong>neque</strong></span> <span class='ocrx_word' id='word_1_576' title='bbox 2454 1446 2622 1499; x_wconf 91' lang='lat' dir='ltr'><strong>simus</strong></span> <span class='ocrx_word' id='word_1_577' title='bbox 2644 1444 2777 1500; x_wconf 88' lang='lat' dir='ltr'><strong>adeo</strong></span> <span class='ocrx_word' id='word_1_578' title='bbox 2799 1459 3062 1516; x_wconf 84' lang='lat' dir='ltr'><strong>pauperes</strong></span> <span class='ocrx_word' id='word_1_579' title='bbox 3091 1464 3104 1499; x_wconf 91' lang='lat'><strong>:</strong></span> <span class='ocrx_word' id='word_1_580' title='bbox 3134 1461 3254 1500; x_wconf 92' lang='lat' dir='ltr'><strong>nam</strong></span> <span class='ocrx_word' id='word_1_581' title='bbox 3276 1447 3320 1502; x_wconf 86' lang='lat' dir='ltr'><strong>si</strong></span> <span class='ocrx_word' id='word_1_582' title='bbox 3346 1458 3488 1502; x_wconf 85' lang='lat' dir='ltr'><strong>tctus</strong></span> <span class='ocrx_word' id='word_1_583' title='bbox 3516 1463 3669 1503; x_wconf 83' lang='lat' dir='ltr'><strong>mun-</strong></span> 
     </span>
    </p>
   </div>
   <div class='ocr_carea' id='block_1_75' title="bbox 2081 1535 3669 1609">
    <p class='ocr_par' dir='ltr' id='par_1_75' title="bbox 2081 1535 3669 1609">
     <span class='ocr_line' id='line_1_75' title="bbox 2081 1535 3669 1609; baseline 0.003 -18"><span class='ocrx_word' id='word_1_584' title='bbox 2081 1536 2182 1591; x_wconf 86' lang='lat' dir='ltr'><strong>dus</strong></span> <span class='ocrx_word' id='word_1_585' title='bbox 2209 1552 2316 1591; x_wconf 90' lang='lat' dir='ltr'><strong>non</strong></span> <span class='ocrx_word' id='word_1_586' title='bbox 2340 1546 2422 1591; x_wconf 81' lang='lat' dir='ltr'><strong>est</strong></span> <span class='ocrx_word' id='word_1_587' title='bbox 2447 1537 2528 1590; x_wconf 92' lang='lat' dir='ltr'><strong>his</strong></span> <span class='ocrx_word' id='word_1_588' title='bbox 2557 1536 2747 1607; x_wconf 85' lang='lat' dir='ltr'><strong>dignus</strong></span> <span class='ocrx_word' id='word_1_589' title='bbox 2767 1577 2780 1601; x_wconf 95' lang='lat'><strong>,</strong></span> <span class='ocrx_word' id='word_1_590' title='bbox 2809 1537 2933 1608; x_wconf 77' lang='lat' dir='ltr'><strong>quid</strong></span> <span class='ocrx_word' id='word_1_591' title='bbox 2969 1547 3169 1607; x_wconf 79' lang='lat' dir='ltr'><strong>partem</strong></span> <span class='ocrx_word' id='word_1_592' title='bbox 3198 1539 3432 1609; x_wconf 69' lang='lat' dir='ltr'><strong>qumris‘!</strong></span> <span class='ocrx_word' id='word_1_593' title='bbox 3459 1535 3526 1593; x_wconf 77' lang='lat' dir='ltr'><strong>Et</strong></span> <span class='ocrx_word' id='word_1_594' title='bbox 3553 1555 3669 1596; x_wconf 31' lang='lat' dir='ltr'><strong>mea</strong></span> 
     </span>
    </p>
   </div>
   <div class='ocr_carea' id='block_1_76' title="bbox 2081 1628 3673 1701">
    <p class='ocr_par' dir='ltr' id='par_1_76' title="bbox 2081 1628 3673 1701">
     <span class='ocr_line' id='line_1_76' title="bbox 2081 1628 3673 1701; baseline 0.004 -20"><span class='ocrx_word' id='word_1_595' title='bbox 2081 1628 2224 1684; x_wconf 87' lang='lat' dir='ltr'><strong>rite:</strong></span> <span class='ocrx_word' id='word_1_596' title='bbox 2257 1638 2380 1683; x_wconf 88' lang='lat' dir='ltr'><strong>sunt</strong></span> <span class='ocrx_word' id='word_1_597' title='bbox 2420 1630 2562 1684; x_wconf 90' lang='lat' dir='ltr'><strong>enim</strong></span> <span class='ocrx_word' id='word_1_598' title='bbox 2605 1630 2761 1684; x_wconf 88' lang='lat' dir='ltr'><strong>amici</strong></span> <span class='ocrx_word' id='word_1_599' title='bbox 2806 1631 2920 1685; x_wconf 83' lang='lat' dir='ltr'><strong>Dei.</strong></span> <span class='ocrx_word' id='word_1_600' title='bbox 2966 1630 3218 1685; x_wconf 79' lang='lat' dir='ltr'><strong>Mundam</strong></span> <span class='ocrx_word' id='word_1_601' title='bbox 3259 1647 3390 1701; x_wconf 80' lang='lat' dir='ltr'><strong>ergo</strong></span> <span class='ocrx_word' id='word_1_602' title='bbox 3422 1633 3508 1686; x_wconf 89' lang='lat' dir='ltr'><strong>hic</strong></span> <span class='ocrx_word' id='word_1_603' title='bbox 3542 1633 3673 1688; x_wconf 84' lang='lat' dir='ltr'><strong>dicit</strong></span> 
     </span>
    </p>
   </div>
   <div class='ocr_carea' id='block_1_77' title="bbox 2080 1719 3670 1793">
    <p class='ocr_par' dir='ltr' id='par_1_77' title="bbox 2080 1719 3670 1793">
     <span class='ocr_line' id='line_1_77' title="bbox 2080 1719 3670 1793; baseline 0.003 -20"><span class='ocrx_word' id='word_1_604' title='bbox 2080 1719 2497 1786; x_wconf 87' lang='lat' dir='ltr'><strong>multitudinem,</strong></span> <span class='ocrx_word' id='word_1_605' title='bbox 2526 1729 2619 1774; x_wconf 90' lang='lat' dir='ltr'><strong>aut</strong></span> <span class='ocrx_word' id='word_1_606' title='bbox 2650 1721 2814 1790; x_wconf 85' lang='lat' dir='ltr'><strong>ipsam</strong></span> <span class='ocrx_word' id='word_1_607' title='bbox 2845 1731 3146 1776; x_wconf 87' lang='lat' dir='ltr'><strong>creaturam</strong></span> <span class='ocrx_word' id='word_1_608' title='bbox 3172 1740 3185 1776; x_wconf 88' lang='lat'><strong>:</strong></span> <span class='ocrx_word' id='word_1_609' title='bbox 3214 1719 3500 1793; x_wconf 86' lang='lat' dir='ltr'><strong>utrumque</strong></span> <span class='ocrx_word' id='word_1_610' title='bbox 3525 1724 3670 1778; x_wconf 89' lang='lat' dir='ltr'><strong>enim</strong></span> 
     </span>
    </p>
   </div>
   <div class='ocr_carea' id='block_1_78' title="bbox 2080 1811 3671 1885">
    <p class='ocr_par' dir='ltr' id='par_1_78' title="bbox 2080 1811 3671 1885">
     <span class='ocr_line' id='line_1_78' title="bbox 2080 1811 3671 1885; baseline 0.003 -19"><span class='ocrx_word' id='word_1_611' title='bbox 2080 1811 2218 1867; x_wconf 89' lang='lat' dir='ltr'><strong>solet</strong></span> <span class='ocrx_word' id='word_1_612' title='bbox 2255 1812 2435 1867; x_wconf 89' lang='lat' dir='ltr'><strong>dicere</strong></span> <span class='ocrx_word' id='word_1_613' title='bbox 2475 1812 2767 1882; x_wconf 88' lang='lat' dir='ltr'><strong>Scriptura.</strong></span> <span class='ocrx_word' id='word_1_614' title='bbox 2799 1813 2855 1869; x_wconf 89' lang='lat' dir='ltr'><strong>Si</strong></span> <span class='ocrx_word' id='word_1_615' title='bbox 2885 1815 3156 1876; x_wconf 86' lang='lat' dir='ltr'><strong>universa,</strong></span> <span class='ocrx_word' id='word_1_616' title='bbox 3187 1813 3386 1885; x_wconf 87' lang='lat' dir='ltr'><strong>inquit,</strong></span> <span class='ocrx_word' id='word_1_617' title='bbox 3420 1825 3671 1870; x_wconf 87' lang='lat' dir='ltr'><strong>creatura</strong></span> 
     </span>
    </p>
   </div>
   <div class='ocr_carea' id='block_1_79' title="bbox 2084 1899 3674 1974">
    <p class='ocr_par' dir='ltr' id='par_1_79' title="bbox 2084 1899 3674 1974">
     <span class='ocr_line' id='line_1_79' title="bbox 2084 1899 3674 1974; baseline 0.004 -20"><span class='ocrx_word' id='word_1_618' title='bbox 2084 1903 2254 1970; x_wconf 82' lang='lat' dir='ltr'><strong>posita</strong></span> <span class='ocrx_word' id='word_1_619' title='bbox 2284 1899 2443 1955; x_wconf 88' lang='lat' dir='ltr'><strong>fuerit</strong></span> <span class='ocrx_word' id='word_1_620' title='bbox 2464 1918 2584 1956; x_wconf 90' lang='lat' dir='ltr'><strong>cum</strong></span> <span class='ocrx_word' id='word_1_621' title='bbox 2613 1902 2724 1956; x_wconf 88' lang='lat' dir='ltr'><strong>suis</strong></span> <span class='ocrx_word' id='word_1_622' title='bbox 2752 1901 3056 1957; x_wconf 84' lang='lat' dir='ltr'><strong>hominibus</strong></span> <span class='ocrx_word' id='word_1_623' title='bbox 3077 1944 3091 1968; x_wconf 95' lang='lat'><strong>,</strong></span> <span class='ocrx_word' id='word_1_624' title='bbox 3122 1904 3358 1957; x_wconf 85' lang='lat' dir='ltr'><strong>nondum</strong></span> <span class='ocrx_word' id='word_1_625' title='bbox 3385 1904 3674 1974; x_wconf 78' lang='lat' dir='ltr'><strong>tuquabunt</strong></span> 
     </span>
    </p>
   </div>
   <div class='ocr_carea' id='block_1_80' title="bbox 2084 1994 3676 2064">
    <p class='ocr_par' dir='ltr' id='par_1_80' title="bbox 2084 1994 3676 2064">
     <span class='ocr_line' id='line_1_80' title="bbox 2084 1994 3676 2064; baseline 0.001 -15"><span class='ocrx_word' id='word_1_626' title='bbox 2084 2008 2270 2049; x_wconf 86' lang='lat' dir='ltr'><strong>eorum</strong></span> <span class='ocrx_word' id='word_1_627' title='bbox 2318 1994 2544 2064; x_wconf 89' lang='lat' dir='ltr'><strong>pretium</strong></span> <span class='ocrx_word' id='word_1_628' title='bbox 2581 2013 2594 2049; x_wconf 90' lang='lat'><strong>:</strong></span> <span class='ocrx_word' id='word_1_629' title='bbox 2622 2003 2676 2049; x_wconf 90' lang='lat' dir='ltr'><strong>et</strong></span> <span class='ocrx_word' id='word_1_630' title='bbox 2706 1995 2918 2050; x_wconf 90' lang='lat' dir='ltr'><strong>merito.</strong></span> <span class='ocrx_word' id='word_1_631' title='bbox 2965 1994 3112 2050; x_wconf 88' lang='lat' dir='ltr'><strong>Sicut</strong></span> <span class='ocrx_word' id='word_1_632' title='bbox 3143 1996 3283 2049; x_wconf 90' lang='lat' dir='ltr'><strong>enim</strong></span> <span class='ocrx_word' id='word_1_633' title='bbox 3315 1996 3676 2051; x_wconf 63' lang='lat' dir='ltr'><strong>deciesmille</strong></span> 
     </span>
    </p>
   </div>
   <div class='ocr_carea' id='block_1_81' title="bbox 2085 2086 3675 2158">
    <p class='ocr_par' dir='ltr' id='par_1_81' title="bbox 2085 2086 3675 2158">
     <span class='ocr_line' id='line_1_81' title="bbox 2085 2086 3675 2158; baseline 0.001 -17"><span class='ocrx_word' id='word_1_634' title='bbox 2085 2086 2263 2155; x_wconf 88' lang='lat' dir='ltr'><strong>pondo</strong></span> <span class='ocrx_word' id='word_1_635' title='bbox 2287 2087 2456 2157; x_wconf 85' lang='lat' dir='ltr'><strong>paleae</strong></span> <span class='ocrx_word' id='word_1_636' title='bbox 2486 2095 2541 2141; x_wconf 93' lang='lat' dir='ltr'><strong>et</strong></span> <span class='ocrx_word' id='word_1_637' title='bbox 2569 2086 2697 2142; x_wconf 67' lang='lat' dir='ltr'><strong>freni</strong></span> <span class='ocrx_word' id='word_1_638' title='bbox 2729 2102 2832 2140; x_wconf 91' lang='lat' dir='ltr'><strong>non</strong></span> <span class='ocrx_word' id='word_1_639' title='bbox 2859 2088 3193 2158; x_wconf 76' lang='lat' dir='ltr'><strong>:equaverint</strong></span> <span class='ocrx_word' id='word_1_640' title='bbox 3223 2086 3449 2158; x_wconf 87' lang='lat' dir='ltr'><strong>pretium</strong></span> <span class='ocrx_word' id='word_1_641' title='bbox 3482 2088 3675 2143; x_wconf 87' lang='lat' dir='ltr'><strong>decem</strong></span> 
     </span>
    </p>
   </div>
   <div class='ocr_carea' id='block_1_82' title="bbox 2087 2178 3677 2253">
    <p class='ocr_par' dir='ltr' id='par_1_82' title="bbox 2087 2178 3677 2253">
     <span class='ocr_line' id='line_1_82' title="bbox 2087 2178 3677 2253; baseline 0.003 -23"><span class='ocrx_word' id='word_1_642' title='bbox 2087 2178 2619 2249; x_wconf 81' lang='lat' dir='ltr'><strong>margaritarum,,ita</strong></span> <span class='ocrx_word' id='word_1_643' title='bbox 2650 2193 2747 2233; x_wconf 86' lang='lat' dir='ltr'><strong>nec</strong></span> <span class='ocrx_word' id='word_1_644' title='bbox 2774 2179 2847 2233; x_wconf 88' lang='lat' dir='ltr'><strong>illi</strong></span> <span class='ocrx_word' id='word_1_645' title='bbox 2878 2196 2891 2233; x_wconf 88' lang='lat'><strong>:</strong></span> <span class='ocrx_word' id='word_1_646' title='bbox 2922 2178 3108 2233; x_wconf 80' lang='lat' dir='ltr'><strong>Melior</strong></span> <span class='ocrx_word' id='word_1_647' title='bbox 3138 2190 3211 2234; x_wconf 79' lang='lat' dir='ltr'><strong>est</strong></span> <span class='ocrx_word' id='word_1_648' title='bbox 3245 2186 3550 2235; x_wconf 74' lang='lat' dir='ltr'><strong>euinrunus</strong></span> <span class='ocrx_word' id='word_1_649' title='bbox 3593 2185 3677 2253; x_wconf 76' lang='lat' dir='ltr'><strong>fa-</strong></span> 
     </span>
    </p>
   </div>
   <div class='ocr_carea' id='block_1_83' title="bbox 2085 2270 3678 2340">
    <p class='ocr_par' dir='ltr' id='par_1_83' title="bbox 2085 2270 3678 2340">
     <span class='ocr_line' id='line_1_83' title="bbox 2085 2270 3678 2340; baseline 0.002 -17"><span class='ocrx_word' id='word_1_650' title='bbox 2085 2271 2222 2324; x_wconf 80' lang='lat' dir='ltr'><strong>ciens</strong></span> <span class='ocrx_word' id='word_1_651' title='bbox 2264 2271 2572 2324; x_wconf 76' lang='lat' dir='ltr'><strong>voluntatem</strong></span> <span class='ocrx_word' id='word_1_652' title='bbox 2624 2270 2869 2337; x_wconf 87' lang='lat' dir='ltr'><strong>Domini,</strong></span> <span class='ocrx_word' id='word_1_653' title='bbox 2924 2288 3077 2340; x_wconf 85' lang='lat' dir='ltr'><strong>quam</strong></span> <span class='ocrx_word' id='word_1_654' title='bbox 3125 2272 3289 2326; x_wconf 77' lang='lat' dir='ltr'><strong>decies</strong></span> <span class='ocrx_word' id='word_1_655' title='bbox 3332 2274 3471 2326; x_wconf 85' lang='lat' dir='ltr'><strong>mille</strong></span> <span class='ocrx_word' id='word_1_656' title='bbox 3513 2273 3678 2340; x_wconf 80' lang='lat' dir='ltr'><strong>iniqui</strong></span> 
     </span>
    </p>
   </div>
   <div class='ocr_carea' id='block_1_84' title="bbox 2087 2361 3682 2432">
    <p class='ocr_par' dir='ltr' id='par_1_84' title="bbox 2087 2361 3682 2432">
     <span class='ocr_line' id='line_1_84' title="bbox 2087 2361 3682 2432; baseline 0.003 -16"><span class='ocrx_word' id='word_1_657' title='bbox 2087 2361 2272 2432; x_wconf 81' lang='lat' dir='ltr'><strong>(Eccli.</strong></span> <span class='ocrx_word' id='word_1_658' title='bbox 2297 2363 2384 2418; x_wconf 82' lang='grc'><strong>16.</strong></span> <span class='ocrx_word' id='word_1_659' title='bbox 2411 2362 2487 2432; x_wconf 80' lang='lat'><strong>5);</strong></span> <span class='ocrx_word' id='word_1_660' title='bbox 2516 2363 2694 2418; x_wconf 89' lang='lat' dir='ltr'><strong>decies</strong></span> <span class='ocrx_word' id='word_1_661' title='bbox 2720 2365 2865 2419; x_wconf 91' lang='lat' dir='ltr'><strong>mille</strong></span> <span class='ocrx_word' id='word_1_662' title='bbox 2893 2379 2996 2419; x_wconf 86' lang='lat' dir='ltr'><strong>non</strong></span> <span class='ocrx_word' id='word_1_663' title='bbox 3025 2366 3222 2420; x_wconf 90' lang='lat' dir='ltr'><strong>multos</strong></span> <span class='ocrx_word' id='word_1_664' title='bbox 3241 2365 3447 2432; x_wconf 88' lang='lat' dir='ltr'><strong>dicens,</strong></span> <span class='ocrx_word' id='word_1_665' title='bbox 3471 2365 3566 2421; x_wconf 88' lang='lat' dir='ltr'><strong>sed</strong></span> <span class='ocrx_word' id='word_1_666' title='bbox 3603 2369 3682 2421; x_wconf 54' lang='lat' dir='ltr'><strong>in.</strong></span> 
     </span>
    </p>
   </div>
   <div class='ocr_carea' id='block_1_85' title="bbox 2089 2456 3681 2529">
    <p class='ocr_par' dir='ltr' id='par_1_85' title="bbox 2089 2456 3681 2529">
     <span class='ocr_line' id='line_1_85' title="bbox 2089 2456 3681 2529; baseline 0.003 -19"><span class='ocrx_word' id='word_1_667' title='bbox 2089 2457 2289 2510; x_wconf 87' lang='lat' dir='ltr'><strong>Iinitam</strong></span> <span class='ocrx_word' id='word_1_668' title='bbox 2313 2456 2732 2511; x_wconf 86' lang='lat' dir='ltr'><strong>multitudinem.</strong></span> <span class='ocrx_word' id='word_1_669' title='bbox 2761 2457 2943 2528; x_wconf 79' lang='lat' dir='ltr'><strong>Cogita</strong></span> <span class='ocrx_word' id='word_1_670' title='bbox 2968 2468 3161 2529; x_wconf 85' lang='lat' dir='ltr'><strong>quanta</strong></span> <span class='ocrx_word' id='word_1_671' title='bbox 3186 2475 3270 2513; x_wconf 86' lang='lat' dir='ltr'><strong>res</strong></span> <span class='ocrx_word' id='word_1_672' title='bbox 3292 2460 3360 2514; x_wconf 91' lang='lat' dir='ltr'><strong>sit</strong></span> <span class='ocrx_word' id='word_1_673' title='bbox 3378 2460 3681 2528; x_wconf 75' lang='lat' dir='ltr'><strong>vit-justus.</strong></span> 
     </span>
    </p>
   </div>
   <div class='ocr_carea' id='block_1_86' title="bbox 2088 2547 3682 2615">
    <p class='ocr_par' dir='ltr' id='par_1_86' title="bbox 2088 2547 3682 2615">
     <span class='ocr_line' id='line_1_86' title="bbox 2088 2547 3682 2615; baseline 0.003 -14"><span class='ocrx_word' id='word_1_674' title='bbox 2088 2547 2232 2603; x_wconf 81' lang='lat' dir='ltr'><strong>Dixit</strong></span> <span class='ocrx_word' id='word_1_675' title='bbox 2253 2547 2405 2603; x_wconf 76' lang='lat' dir='ltr'><strong>Iesus</strong></span> <span class='ocrx_word' id='word_1_676' title='bbox 2431 2548 2594 2615; x_wconf 81' lang='lat' dir='ltr'><strong>Nave,</strong></span> <span class='ocrx_word' id='word_1_677' title='bbox 2626 2549 2736 2604; x_wconf 85' lang='lat' dir='ltr'><strong>Stet</strong></span> <span class='ocrx_word' id='word_1_678' title='bbox 2762 2551 2840 2604; x_wconf 80' lang='lat' dir='ltr'><strong>sol</strong></span> <span class='ocrx_word' id='word_1_679' title='bbox 2866 2560 3041 2604; x_wconf 83' lang='lat' dir='ltr'><strong>contra</strong></span> <span class='ocrx_word' id='word_1_680' title='bbox 3069 2550 3297 2613; x_wconf 75' lang='lat' dir='ltr'><strong>Gabaon,</strong></span> <span class='ocrx_word' id='word_1_681' title='bbox 3322 2563 3370 2605; x_wconf 89' lang='lat' dir='ltr'><strong>et</strong></span> <span class='ocrx_word' id='word_1_682' title='bbox 3397 2553 3521 2605; x_wconf 81' lang='lat' dir='ltr'><strong>luna</strong></span> <span class='ocrx_word' id='word_1_683' title='bbox 3546 2570 3682 2605; x_wconf 77' lang='lat' dir='ltr'><strong>ron-</strong></span> 
     </span>
    </p>
   </div>
   <div class='ocr_carea' id='block_1_87' title="bbox 2089 2638 3687 2713">
    <p class='ocr_par' dir='ltr' id='par_1_87' title="bbox 2089 2638 3687 2713">
     <span class='ocr_line' id='line_1_87' title="bbox 2089 2638 3687 2713; baseline 0.004 -20"><span class='ocrx_word' id='word_1_684' title='bbox 2089 2650 2167 2693; x_wconf 89' lang='lat' dir='ltr'><strong>tra</strong></span> <span class='ocrx_word' id='word_1_685' title='bbox 2196 2640 2376 2694; x_wconf 76' lang='lat' dir='ltr'><strong>vallem</strong></span> <span class='ocrx_word' id='word_1_686' title='bbox 2406 2638 2594 2707; x_wconf 85' lang='lat' dir='ltr'><strong>Elom;</strong></span> <span class='ocrx_word' id='word_1_687' title='bbox 2634 2652 2679 2695; x_wconf 87' lang='lat' dir='ltr'><strong>et</strong></span> <span class='ocrx_word' id='word_1_688' title='bbox 2716 2644 2906 2713; x_wconf 76' lang='lat' dir='ltr'><strong>factum</strong></span> <span class='ocrx_word' id='word_1_689' title='bbox 2930 2652 3003 2696; x_wconf 75' lang='lat' dir='ltr'><strong>est</strong></span> <span class='ocrx_word' id='word_1_690' title='bbox 3033 2642 3180 2713; x_wconf 64' lang='grc' dir='ltr'><strong>(λος.</strong></span> <span class='ocrx_word' id='word_1_691' title='bbox 3206 2643 3294 2698; x_wconf 79' lang='grc'><strong>10.</strong></span> <span class='ocrx_word' id='word_1_692' title='bbox 3327 2642 3449 2712; x_wconf 75' lang='grc'><strong>12).</strong></span> <span class='ocrx_word' id='word_1_693' title='bbox 3481 2642 3687 2700; x_wconf 67' lang='lat' dir='ltr'><strong>Veniat</strong></span> 
     </span>
    </p>
   </div>
   <div class='ocr_carea' id='block_1_88' title="bbox 2089 2733 3686 2802">
    <p class='ocr_par' dir='ltr' id='par_1_88' title="bbox 2089 2733 3686 2802">
     <span class='ocr_line' id='line_1_88' title="bbox 2089 2733 3686 2802; baseline 0.002 -15"><span class='ocrx_word' id='word_1_694' title='bbox 2089 2747 2217 2802; x_wconf 82' lang='lat' dir='ltr'><strong>ergo</strong></span> <span class='ocrx_word' id='word_1_695' title='bbox 2259 2733 2540 2787; x_wconf 88' lang='lat' dir='ltr'><strong>universus</strong></span> <span class='ocrx_word' id='word_1_696' title='bbox 2580 2734 2725 2787; x_wconf 86' lang='lat' dir='ltr'><strong>orbis</strong></span> <span class='ocrx_word' id='word_1_697' title='bbox 2764 2742 2919 2788; x_wconf 82' lang='lat' dir='ltr'><strong>terrae</strong></span> <span class='ocrx_word' id='word_1_698' title='bbox 2945 2776 2959 2798; x_wconf 95' lang='lat'><strong>,</strong></span> <span class='ocrx_word' id='word_1_699' title='bbox 3005 2734 3110 2788; x_wconf 91' lang='lat' dir='ltr'><strong>imo</strong></span> <span class='ocrx_word' id='word_1_700' title='bbox 3152 2749 3278 2789; x_wconf 85' lang='lat' dir='ltr'><strong>vero</strong></span> <span class='ocrx_word' id='word_1_701' title='bbox 3314 2734 3456 2801; x_wconf 85' lang='lat' dir='ltr'><strong>duo,</strong></span> <span class='ocrx_word' id='word_1_702' title='bbox 3486 2744 3541 2789; x_wconf 90' lang='lat' dir='ltr'><strong>et</strong></span> <span class='ocrx_word' id='word_1_703' title='bbox 3572 2746 3686 2790; x_wconf 81' lang='lat' dir='ltr'><strong>tres</strong></span> 
     </span>
    </p>
   </div>
   <div class='ocr_carea' id='block_1_89' title="bbox 2091 2824 3688 2893">
    <p class='ocr_par' dir='ltr' id='par_1_89' title="bbox 2091 2824 3688 2893">
     <span class='ocr_line' id='line_1_89' title="bbox 2091 2824 3688 2893; baseline 0.001 -15"><span class='ocrx_word' id='word_1_704' title='bbox 2091 2825 2274 2890; x_wconf 87' lang='lat' dir='ltr'><strong>etiam,</strong></span> <span class='ocrx_word' id='word_1_705' title='bbox 2307 2832 2362 2878; x_wconf 92' lang='lat' dir='ltr'><strong>et</strong></span> <span class='ocrx_word' id='word_1_706' title='bbox 2400 2832 2648 2893; x_wconf 87' lang='lat' dir='ltr'><strong>quatuor,</strong></span> <span class='ocrx_word' id='word_1_707' title='bbox 2691 2833 2745 2878; x_wconf 92' lang='lat' dir='ltr'><strong>et</strong></span> <span class='ocrx_word' id='word_1_708' title='bbox 2784 2824 2968 2893; x_wconf 81' lang='lat' dir='ltr'><strong>viginti</strong></span> <span class='ocrx_word' id='word_1_709' title='bbox 3010 2825 3171 2879; x_wconf 86' lang='lat' dir='ltr'><strong>orbes</strong></span> <span class='ocrx_word' id='word_1_710' title='bbox 3212 2834 3387 2886; x_wconf 85' lang='lat' dir='ltr'><strong>terrae,</strong></span> <span class='ocrx_word' id='word_1_711' title='bbox 3417 2833 3470 2879; x_wconf 91' lang='lat' dir='ltr'><strong>et</strong></span> <span class='ocrx_word' id='word_1_712' title='bbox 3499 2825 3688 2880; x_wconf 85' lang='lat' dir='ltr'><strong>dicant</strong></span> 
     </span>
    </p>
   </div>
   <div class='ocr_carea' id='block_1_90' title="bbox 2091 2913 3689 2984">
    <p class='ocr_par' dir='ltr' id='par_1_90' title="bbox 2091 2913 3689 2984">
     <span class='ocr_line' id='line_1_90' title="bbox 2091 2913 3689 2984; baseline 0.001 -14"><span class='ocrx_word' id='word_1_713' title='bbox 2091 2916 2194 2970; x_wconf 89' lang='lat' dir='ltr'><strong>hoc</strong></span> <span class='ocrx_word' id='word_1_714' title='bbox 2222 2924 2277 2970; x_wconf 93' lang='lat' dir='ltr'><strong>et</strong></span> <span class='ocrx_word' id='word_1_715' title='bbox 2305 2916 2529 2981; x_wconf 85' lang='lat' dir='ltr'><strong>faciant;</strong></span> <span class='ocrx_word' id='word_1_716' title='bbox 2574 2913 2668 2971; x_wconf 84' lang='lat' dir='ltr'><strong>sed</strong></span> <span class='ocrx_word' id='word_1_717' title='bbox 2707 2930 2812 2969; x_wconf 90' lang='lat' dir='ltr'><strong>non</strong></span> <span class='ocrx_word' id='word_1_718' title='bbox 2850 2925 3119 2984; x_wconf 88' lang='lat' dir='ltr'><strong>poterunt.</strong></span> <span class='ocrx_word' id='word_1_719' title='bbox 3152 2917 3245 2971; x_wconf 85' lang='lat' dir='ltr'><strong>Dei</strong></span> <span class='ocrx_word' id='word_1_720' title='bbox 3271 2926 3446 2970; x_wconf 88' lang='lat' dir='ltr'><strong>autem</strong></span> <span class='ocrx_word' id='word_1_721' title='bbox 3473 2918 3689 2971; x_wconf 87' lang='lat' dir='ltr'><strong>amicus</strong></span> 
     </span>
    </p>
   </div>
   <div class='ocr_carea' id='block_1_91' title="bbox 2089 3002 3688 3075">
    <p class='ocr_par' dir='ltr' id='par_1_91' title="bbox 2089 3002 3688 3075">
     <span class='ocr_line' id='line_1_91' title="bbox 2089 3002 3688 3075; baseline 0.001 -15"><span class='ocrx_word' id='word_1_722' title='bbox 2089 3006 2245 3060; x_wconf 85' lang='lat' dir='ltr'><strong>amici</strong></span> <span class='ocrx_word' id='word_1_723' title='bbox 2288 3006 2587 3075; x_wconf 83' lang='lat' dir='ltr'><strong>imperabat</strong></span> <span class='ocrx_word' id='word_1_724' title='bbox 2624 3007 2921 3070; x_wconf 89' lang='lat' dir='ltr'><strong>creaturis;</strong></span> <span class='ocrx_word' id='word_1_725' title='bbox 2975 3006 3082 3060; x_wconf 90' lang='lat' dir='ltr'><strong>imo</strong></span> <span class='ocrx_word' id='word_1_726' title='bbox 3109 3021 3235 3060; x_wconf 87' lang='lat' dir='ltr'><strong>vero</strong></span> <span class='ocrx_word' id='word_1_727' title='bbox 3264 3002 3494 3059; x_wconf 82' lang='lat' dir='ltr'><strong>amicum</strong></span> <span class='ocrx_word' id='word_1_728' title='bbox 3521 3022 3688 3061; x_wconf 85' lang='lat' dir='ltr'><strong>suum</strong></span> 
     </span>
    </p>
   </div>
   <div class='ocr_carea' id='block_1_92' title="bbox 2089 3096 3691 3168">
    <p class='ocr_par' dir='ltr' id='par_1_92' title="bbox 2089 3096 3691 3168">
     <span class='ocr_line' id='line_1_92' title="bbox 2089 3096 3691 3168; baseline 0 -15"><span class='ocrx_word' id='word_1_729' title='bbox 2089 3099 2317 3168; x_wconf 83' lang='lat' dir='ltr'><strong>rogavit,</strong></span> <span class='ocrx_word' id='word_1_730' title='bbox 2347 3106 2402 3152; x_wconf 92' lang='lat' dir='ltr'><strong>et</strong></span> <span class='ocrx_word' id='word_1_731' title='bbox 2431 3098 2695 3153; x_wconf 89' lang='lat' dir='ltr'><strong>cedebant</strong></span> <span class='ocrx_word' id='word_1_732' title='bbox 2718 3114 2836 3168; x_wconf 78' lang='lat' dir='ltr'><strong>qua:</strong></span> <span class='ocrx_word' id='word_1_733' title='bbox 2868 3099 3207 3161; x_wconf 88' lang='lat' dir='ltr'><strong>serviebant,</strong></span> <span class='ocrx_word' id='word_1_734' title='bbox 3241 3107 3295 3153; x_wconf 89' lang='lat' dir='ltr'><strong>et</strong></span> <span class='ocrx_word' id='word_1_735' title='bbox 3323 3096 3545 3153; x_wconf 82' lang='lat' dir='ltr'><strong>inferior</strong></span> <span class='ocrx_word' id='word_1_736' title='bbox 3579 3099 3691 3153; x_wconf 86' lang='lat' dir='ltr'><strong>im-</strong></span> 
     </span>
    </p>
   </div>
   <div class='ocr_carea' id='block_1_93' title="bbox 2092 3188 3688 3262">
    <p class='ocr_par' dir='ltr' id='par_1_93' title="bbox 2092 3188 3688 3262">
     <span class='ocr_line' id='line_1_93' title="bbox 2092 3188 3688 3262; baseline 0 -17"><span class='ocrx_word' id='word_1_737' title='bbox 2092 3191 2316 3262; x_wconf 86' lang='lat' dir='ltr'><strong>perabat</strong></span> <span class='ocrx_word' id='word_1_738' title='bbox 2345 3191 2611 3260; x_wconf 87' lang='lat' dir='ltr'><strong>supernis.</strong></span> <span class='ocrx_word' id='word_1_739' title='bbox 2644 3188 2806 3246; x_wconf 82' lang='lat' dir='ltr'><strong>Vides</strong></span> <span class='ocrx_word' id='word_1_740' title='bbox 2836 3190 2976 3261; x_wconf 92' lang='lat' dir='ltr'><strong>quod</strong></span> <span class='ocrx_word' id='word_1_741' title='bbox 3005 3205 3066 3245; x_wconf 90' lang='lat' dir='ltr'><strong>ea</strong></span> <span class='ocrx_word' id='word_1_742' title='bbox 3095 3199 3267 3244; x_wconf 55' lang='lat' dir='ltr'><strong>creata</strong></span> <span class='ocrx_word' id='word_1_743' title='bbox 3294 3193 3398 3244; x_wconf 88' lang='lat' dir='ltr'><strong>sint</strong></span> <span class='ocrx_word' id='word_1_744' title='bbox 3429 3192 3481 3244; x_wconf 94' lang='lat' dir='ltr'><strong>in</strong></span> <span class='ocrx_word' id='word_1_745' title='bbox 3510 3193 3688 3245; x_wconf 83' lang='lat' dir='ltr'><strong>servi-</strong></span> 
     </span>
    </p>
   </div>
   <div class='ocr_carea' id='block_1_94' title="bbox 2094 3281 3692 3353">
    <p class='ocr_par' dir='ltr' id='par_1_94' title="bbox 2094 3281 3692 3353">
     <span class='ocr_line' id='line_1_94' title="bbox 2094 3281 3692 3353; baseline 0.001 -17"><span class='ocrx_word' id='word_1_746' title='bbox 2094 3292 2282 3351; x_wconf 91' lang='lat' dir='ltr'><strong>tutem,</strong></span> <span class='ocrx_word' id='word_1_747' title='bbox 2304 3297 2519 3336; x_wconf 90' lang='lat' dir='ltr'><strong>cursum</strong></span> <span class='ocrx_word' id='word_1_748' title='bbox 2542 3282 2891 3337; x_wconf 74' lang='lat' dir='ltr'><strong>constitutum</strong></span> <span class='ocrx_word' id='word_1_749' title='bbox 2922 3281 3235 3351; x_wconf 85' lang='lat' dir='ltr'><strong>implentia?</strong></span> <span class='ocrx_word' id='word_1_750' title='bbox 3266 3282 3379 3337; x_wconf 84' lang='lat' dir='ltr'><strong>Hoc</strong></span> <span class='ocrx_word' id='word_1_751' title='bbox 3399 3290 3481 3335; x_wconf 61' lang='grc' dir='ltr'><strong>ρει</strong></span> <span class='ocrx_word' id='word_1_752' title='bbox 3507 3284 3692 3353; x_wconf 75' lang='lat' dir='ltr'><strong>majus</strong></span> 
     </span>
    </p>
   </div>
   <div class='ocr_carea' id='block_1_95' title="bbox 2091 3371 3694 3445">
    <p class='ocr_par' dir='ltr' id='par_1_95' title="bbox 2091 3371 3694 3445">
     <span class='ocr_line' id='line_1_95' title="bbox 2091 3371 3694 3445; baseline 0.001 -17"><span class='ocrx_word' id='word_1_753' title='bbox 2091 3389 2248 3445; x_wconf 89' lang='lat' dir='ltr'><strong>quam</strong></span> <span class='ocrx_word' id='word_1_754' title='bbox 2298 3388 2416 3444; x_wconf 63' lang='lat' dir='ltr'><strong>qua:</strong></span> <span class='ocrx_word' id='word_1_755' title='bbox 2461 3371 2600 3428; x_wconf 92' lang='lat' dir='ltr'><strong>facta</strong></span> <span class='ocrx_word' id='word_1_756' title='bbox 2647 3381 2771 3427; x_wconf 88' lang='lat' dir='ltr'><strong>sunt</strong></span> <span class='ocrx_word' id='word_1_757' title='bbox 2810 3387 2839 3427; x_wconf 89' lang='lat' dir='ltr'><strong>a</strong></span> <span class='ocrx_word' id='word_1_758' title='bbox 2885 3372 3086 3445; x_wconf 82' lang='lat' dir='ltr'><strong>Moyse.</strong></span> <span class='ocrx_word' id='word_1_759' title='bbox 3136 3372 3352 3440; x_wconf 83' lang='lat' dir='ltr'><strong>Quare?</strong></span> <span class='ocrx_word' id='word_1_760' title='bbox 3397 3373 3512 3427; x_wconf 87' lang='lat' dir='ltr'><strong>Non</strong></span> <span class='ocrx_word' id='word_1_761' title='bbox 3555 3383 3694 3429; x_wconf 87' lang='lat' dir='ltr'><strong>sunt</strong></span> 
     </span>
    </p>
   </div>
   <div class='ocr_carea' id='block_1_96' title="bbox 2092 3463 3693 3533">
    <p class='ocr_par' dir='ltr' id='par_1_96' title="bbox 2092 3463 3693 3533">
     <span class='ocr_line' id='line_1_96' title="bbox 2092 3463 3693 3533; baseline 0 -14"><span class='ocrx_word' id='word_1_762' title='bbox 2092 3464 2234 3519; x_wconf 89' lang='lat' dir='ltr'><strong>enim</strong></span> <span class='ocrx_word' id='word_1_763' title='bbox 2267 3464 2437 3533; x_wconf 86' lang='lat' dir='ltr'><strong>paria,</strong></span> <span class='ocrx_word' id='word_1_764' title='bbox 2466 3465 2732 3533; x_wconf 88' lang='lat' dir='ltr'><strong>imperare</strong></span> <span class='ocrx_word' id='word_1_765' title='bbox 2761 3463 2917 3529; x_wconf 90' lang='lat' dir='ltr'><strong>mari,</strong></span> <span class='ocrx_word' id='word_1_766' title='bbox 2948 3471 3005 3519; x_wconf 90' lang='lat' dir='ltr'><strong>et</strong></span> <span class='ocrx_word' id='word_1_767' title='bbox 3031 3463 3097 3517; x_wconf 91' lang='lat' dir='ltr'><strong>iis</strong></span> <span class='ocrx_word' id='word_1_768' title='bbox 3124 3478 3242 3532; x_wconf 72' lang='lat' dir='ltr'><strong>qua:</strong></span> <span class='ocrx_word' id='word_1_769' title='bbox 3267 3473 3391 3518; x_wconf 91' lang='lat' dir='ltr'><strong>sunt</strong></span> <span class='ocrx_word' id='word_1_770' title='bbox 3423 3464 3474 3517; x_wconf 87' lang='lat' dir='ltr'><strong>in</strong></span> <span class='ocrx_word' id='word_1_771' title='bbox 3502 3466 3651 3519; x_wconf 75' lang='lat' dir='ltr'><strong>caelo</strong></span> <span class='ocrx_word' id='word_1_772' title='bbox 3678 3481 3693 3519; x_wconf 86' lang='lat'><strong>:</strong></span> 
     </span>
    </p>
   </div>
   <div class='ocr_carea' id='block_1_97' title="bbox 2094 3554 3695 3625">
    <p class='ocr_par' dir='ltr' id='par_1_97' title="bbox 2094 3554 3695 3625">
     <span class='ocr_line' id='line_1_97' title="bbox 2094 3554 3695 3625; baseline 0.002 -17"><span class='ocrx_word' id='word_1_773' title='bbox 2094 3570 2215 3608; x_wconf 88' lang='lat' dir='ltr'><strong>nam</strong></span> <span class='ocrx_word' id='word_1_774' title='bbox 2245 3554 2372 3609; x_wconf 91' lang='lat' dir='ltr'><strong>illud</strong></span> <span class='ocrx_word' id='word_1_775' title='bbox 2402 3569 2615 3624; x_wconf 85' lang='lat' dir='ltr'><strong>quoque</strong></span> <span class='ocrx_word' id='word_1_776' title='bbox 2638 3564 2721 3609; x_wconf 87' lang='lat' dir='ltr'><strong>est</strong></span> <span class='ocrx_word' id='word_1_777' title='bbox 2749 3569 2997 3624; x_wconf 83' lang='lat' dir='ltr'><strong>magnum</strong></span> <span class='ocrx_word' id='word_1_778' title='bbox 3026 3563 3080 3609; x_wconf 88' lang='lat' dir='ltr'><strong>et</strong></span> <span class='ocrx_word' id='word_1_779' title='bbox 3106 3555 3262 3610; x_wconf 88' lang='lat' dir='ltr'><strong>valde</strong></span> <span class='ocrx_word' id='word_1_780' title='bbox 3290 3571 3561 3625; x_wconf 77' lang='lat' dir='ltr'><strong>magnum,</strong></span> <span class='ocrx_word' id='word_1_781' title='bbox 3602 3556 3695 3611; x_wconf 82' lang='lat' dir='ltr'><strong>sed</strong></span> 
     </span>
    </p>
   </div>
   <div class='ocr_carea' id='block_1_98' title="bbox 2095 3645 3694 3717">
    <p class='ocr_par' dir='ltr' id='par_1_98' title="bbox 2095 3645 3694 3717">
     <span class='ocr_line' id='line_1_98' title="bbox 2095 3645 3694 3717; baseline 0 -16"><span class='ocrx_word' id='word_1_782' title='bbox 2095 3662 2199 3702; x_wconf 92' lang='lat' dir='ltr'><strong>non</strong></span> <span class='ocrx_word' id='word_1_783' title='bbox 2226 3662 2339 3717; x_wconf 89' lang='lat' dir='ltr'><strong>par.</strong></span> <span class='ocrx_word' id='word_1_784' title='bbox 2371 3647 2509 3701; x_wconf 82' lang='lat' dir='ltr'><strong>Audi</strong></span> <span class='ocrx_word' id='word_1_785' title='bbox 2530 3662 2660 3702; x_wconf 82' lang='lat' dir='ltr'><strong>vero</strong></span> <span class='ocrx_word' id='word_1_786' title='bbox 2680 3662 2778 3702; x_wconf 91' lang='lat' dir='ltr'><strong>cur</strong></span> <span class='ocrx_word' id='word_1_787' title='bbox 2800 3647 2919 3700; x_wconf 87' lang='lat' dir='ltr'><strong>talis</strong></span> <span class='ocrx_word' id='word_1_788' title='bbox 2943 3648 3012 3701; x_wconf 90' lang='lat' dir='ltr'><strong>sit</strong></span> <span class='ocrx_word' id='word_1_789' title='bbox 3037 3646 3278 3702; x_wconf 77' lang='lat' dir='ltr'><strong>effectus.</strong></span> <span class='ocrx_word' id='word_1_790' title='bbox 3309 3647 3525 3712; x_wconf 86' lang='lat' dir='ltr'><strong>Quare?</strong></span> <span class='ocrx_word' id='word_1_791' title='bbox 3550 3645 3694 3703; x_wconf 72' lang='lat' dir='ltr'><strong>Iesu</strong></span> 
     </span>
    </p>
   </div>
   <div class='ocr_carea' id='block_1_99' title="bbox 2096 3736 3690 3809">
    <p class='ocr_par' dir='ltr' id='par_1_99' title="bbox 2096 3736 3690 3809">
     <span class='ocr_line' id='line_1_99' title="bbox 2096 3736 3690 3809; baseline -0.001 -16"><span class='ocrx_word' id='word_1_792' title='bbox 2096 3753 2288 3794; x_wconf 89' lang='lat' dir='ltr'><strong>nomen</strong></span> <span class='ocrx_word' id='word_1_793' title='bbox 2313 3746 2430 3793; x_wconf 89' lang='lat' dir='ltr'><strong>erat</strong></span> <span class='ocrx_word' id='word_1_794' title='bbox 2459 3746 2616 3809; x_wconf 82' lang='lat' dir='ltr'><strong>typus</strong></span> <span class='ocrx_word' id='word_1_795' title='bbox 2640 3736 2861 3792; x_wconf 88' lang='lat' dir='ltr'><strong>Christi.</strong></span> <span class='ocrx_word' id='word_1_796' title='bbox 2895 3737 3183 3808; x_wconf 87' lang='lat' dir='ltr'><strong>Propterea</strong></span> <span class='ocrx_word' id='word_1_797' title='bbox 3210 3754 3358 3806; x_wconf 70' lang='lat' dir='ltr'><strong>ergo,</strong></span> <span class='ocrx_word' id='word_1_798' title='bbox 3382 3749 3435 3792; x_wconf 88' lang='lat' dir='ltr'><strong>et</strong></span> <span class='ocrx_word' id='word_1_799' title='bbox 3456 3750 3690 3809; x_wconf 52' lang='lat' dir='ltr'><strong>propter</strong></span> 
     </span>
    </p>
   </div>
   <div class='ocr_carea' id='block_1_100' title="bbox 2098 3830 3690 3902">
    <p class='ocr_par' dir='ltr' id='par_1_100' title="bbox 2098 3830 3690 3902">
     <span class='ocr_line' id='line_1_100' title="bbox 2098 3830 3690 3902; baseline 0.001 -17"><span class='ocrx_word' id='word_1_800' title='bbox 2098 3832 2265 3902; x_wconf 87' lang='lat' dir='ltr'><strong>ipsam</strong></span> <span class='ocrx_word' id='word_1_801' title='bbox 2291 3831 2342 3884; x_wconf 93' lang='lat' dir='ltr'><strong>in</strong></span> <span class='ocrx_word' id='word_1_802' title='bbox 2373 3840 2499 3902; x_wconf 85' lang='lat' dir='ltr'><strong>typo</strong></span> <span class='ocrx_word' id='word_1_803' title='bbox 2521 3830 2927 3901; x_wconf 87' lang='lat' dir='ltr'><strong>appellationem</strong></span> <span class='ocrx_word' id='word_1_804' title='bbox 2953 3832 3116 3885; x_wconf 89' lang='lat' dir='ltr'><strong>verita</strong></span> <span class='ocrx_word' id='word_1_805' title='bbox 3141 3842 3224 3887; x_wconf 82' lang='lat' dir='ltr'><strong>est</strong></span> <span class='ocrx_word' id='word_1_806' title='bbox 3246 3842 3513 3887; x_wconf 89' lang='lat' dir='ltr'><strong>creatura.</strong></span> <span class='ocrx_word' id='word_1_807' title='bbox 3549 3832 3690 3900; x_wconf 87' lang='lat' dir='ltr'><strong>Quid</strong></span> 
     </span>
    </p>
   </div>
   <div class='ocr_carea' id='block_1_101' title="bbox 2096 3923 3689 3994">
    <p class='ocr_par' dir='ltr' id='par_1_101' title="bbox 2096 3923 3689 3994">
     <span class='ocr_line' id='line_1_101' title="bbox 2096 3923 3689 3994; baseline 0.001 -17"><span class='ocrx_word' id='word_1_808' title='bbox 2096 3924 2264 3980; x_wconf 85' lang='lat' dir='ltr'><strong>vero?</strong></span> <span class='ocrx_word' id='word_1_809' title='bbox 2291 3924 2429 3978; x_wconf 90' lang='lat' dir='ltr'><strong>alius</strong></span> <span class='ocrx_word' id='word_1_810' title='bbox 2454 3940 2558 3979; x_wconf 93' lang='lat' dir='ltr'><strong>non</strong></span> <span class='ocrx_word' id='word_1_811' title='bbox 2577 3933 2797 3979; x_wconf 89' lang='lat' dir='ltr'><strong>vocatus</strong></span> <span class='ocrx_word' id='word_1_812' title='bbox 2820 3923 2917 3976; x_wconf 89' lang='lat' dir='ltr'><strong>fuit</strong></span> <span class='ocrx_word' id='word_1_813' title='bbox 2937 3923 3127 3979; x_wconf 80' lang='lat' dir='ltr'><strong>Jesus?</strong></span> <span class='ocrx_word' id='word_1_814' title='bbox 3151 3925 3254 3979; x_wconf 89' lang='lat' dir='ltr'><strong>Sed</strong></span> <span class='ocrx_word' id='word_1_815' title='bbox 3279 3926 3376 3979; x_wconf 76' lang='lat' dir='ltr'><strong>iste</strong></span> <span class='ocrx_word' id='word_1_816' title='bbox 3398 3936 3689 3994; x_wconf 77' lang='lat' dir='ltr'><strong>propterea</strong></span> 
     </span>
    </p>
   </div>
   <div class='ocr_carea' id='block_1_102' title="bbox 2099 4004 3688 4076">
    <p class='ocr_par' dir='ltr' id='par_1_102' title="bbox 2099 4004 3688 4076">
     <span class='ocr_line' id='line_1_102' title="bbox 2099 4004 3688 4076; baseline -0.001 -13"><span class='ocrx_word' id='word_1_817' title='bbox 2099 4020 2320 4063; x_wconf 79' lang='lat' dir='ltr'><strong>vocatus</strong></span> <span class='ocrx_word' id='word_1_818' title='bbox 2348 4007 2432 4061; x_wconf 63' lang='lat' dir='ltr'><strong>eat</strong></span> <span class='ocrx_word' id='word_1_819' title='bbox 2458 4007 2509 4061; x_wconf 90' lang='lat' dir='ltr'><strong>in</strong></span> <span class='ocrx_word' id='word_1_820' title='bbox 2540 4007 2709 4076; x_wconf 78' lang='lat' dir='ltr'><strong>figura</strong></span> <span class='ocrx_word' id='word_1_821' title='bbox 2741 4023 2755 4060; x_wconf 91' lang='lat'><strong>:</strong></span> <span class='ocrx_word' id='word_1_822' title='bbox 2786 4019 2909 4059; x_wconf 90' lang='lat' dir='ltr'><strong>nam</strong></span> <span class='ocrx_word' id='word_1_823' title='bbox 2948 4004 3225 4058; x_wconf 87' lang='lat' dir='ltr'><strong>dicebatur</strong></span> <span class='ocrx_word' id='word_1_824' title='bbox 3264 4005 3423 4058; x_wconf 88' lang='lat' dir='ltr'><strong>etiam</strong></span> <span class='ocrx_word' id='word_1_825' title='bbox 3455 4008 3640 4061; x_wconf 85' lang='lat' dir='ltr'><strong>Auses</strong></span> <span class='ocrx_word' id='word_1_826' title='bbox 3670 4020 3688 4062; x_wconf 86' lang='lat'><strong>:</strong></span> 
     </span>
    </p>
   </div>
   <div class='ocr_carea' id='block_1_103' title="bbox 2103 4094 3686 4170">
    <p class='ocr_par' dir='ltr' id='par_1_103' title="bbox 2103 4094 3686 4170">
     <span class='ocr_line' id='line_1_103' title="bbox 2103 4094 3686 4170; baseline -0.004 -15"><span class='ocrx_word' id='word_1_827' title='bbox 2103 4109 2383 4170; x_wconf 84' lang='lat' dir='ltr'><strong>prepterea</strong></span> <span class='ocrx_word' id='word_1_828' title='bbox 2415 4106 2674 4152; x_wconf 90' lang='lat' dir='ltr'><strong>mutatum</strong></span> <span class='ocrx_word' id='word_1_829' title='bbox 2703 4097 2799 4150; x_wconf 79' lang='lat' dir='ltr'><strong>fuit</strong></span> <span class='ocrx_word' id='word_1_830' title='bbox 2825 4111 3051 4161; x_wconf 89' lang='lat' dir='ltr'><strong>nomen;</strong></span> <span class='ocrx_word' id='word_1_831' title='bbox 3081 4094 3353 4163; x_wconf 68' lang='lat' dir='ltr'><strong>prmdictio</strong></span> <span class='ocrx_word' id='word_1_832' title='bbox 3381 4095 3526 4149; x_wconf 90' lang='lat' dir='ltr'><strong>enim</strong></span> <span class='ocrx_word' id='word_1_833' title='bbox 3569 4104 3686 4152; x_wconf 88' lang='lat' dir='ltr'><strong>erat</strong></span> 
     </span>
    </p>
   </div>
   <div class='ocr_carea' id='block_1_104' title="bbox 2096 4185 3686 4259">
    <p class='ocr_par' dir='ltr' id='par_1_104' title="bbox 2096 4185 3686 4259">
     <span class='ocr_line' id='line_1_104' title="bbox 2096 4185 3686 4259; baseline -0.004 -13"><span class='ocrx_word' id='word_1_834' title='bbox 2096 4199 2151 4246; x_wconf 89' lang='lat' dir='ltr'><strong>et</strong></span> <span class='ocrx_word' id='word_1_835' title='bbox 2180 4188 2477 4259; x_wconf 90' lang='lat' dir='ltr'><strong>prophetia.</strong></span> <span class='ocrx_word' id='word_1_836' title='bbox 2512 4187 2629 4257; x_wconf 82' lang='lat' dir='ltr'><strong>Ipse</strong></span> <span class='ocrx_word' id='word_1_837' title='bbox 2659 4187 2910 4256; x_wconf 84' lang='lat' dir='ltr'><strong>pOpulum</strong></span> <span class='ocrx_word' id='word_1_838' title='bbox 2943 4185 3237 4240; x_wconf 82' lang='lat' dir='ltr'><strong>introduxit</strong></span> <span class='ocrx_word' id='word_1_839' title='bbox 3273 4185 3325 4239; x_wconf 90' lang='lat' dir='ltr'><strong>in</strong></span> <span class='ocrx_word' id='word_1_840' title='bbox 3367 4186 3686 4255; x_wconf 59' lang='lat' dir='ltr'><strong>promissio“-</strong></span> 
     </span>
    </p>
   </div>
   <div class='ocr_carea' id='block_1_105' title="bbox 2096 4278 3685 4349">
    <p class='ocr_par' dir='ltr' id='par_1_105' title="bbox 2096 4278 3685 4349">
     <span class='ocr_line' id='line_1_105' title="bbox 2096 4278 3685 4349; baseline -0.004 -12"><span class='ocrx_word' id='word_1_841' title='bbox 2096 4296 2240 4348; x_wconf 89' lang='lat' dir='ltr'><strong>nem,</strong></span> <span class='ocrx_word' id='word_1_842' title='bbox 2274 4280 2411 4334; x_wconf 87' lang='lat' dir='ltr'><strong>sicut</strong></span> <span class='ocrx_word' id='word_1_843' title='bbox 2438 4278 2596 4335; x_wconf 87' lang='lat' dir='ltr'><strong>Jesus</strong></span> <span class='ocrx_word' id='word_1_844' title='bbox 2625 4279 2676 4332; x_wconf 91' lang='lat' dir='ltr'><strong>in</strong></span> <span class='ocrx_word' id='word_1_845' title='bbox 2706 4279 2919 4340; x_wconf 66' lang='lat' dir='ltr'><strong>caelum,</strong></span> <span class='ocrx_word' id='word_1_846' title='bbox 2953 4293 3057 4331; x_wconf 88' lang='lat' dir='ltr'><strong>non</strong></span> <span class='ocrx_word' id='word_1_847' title='bbox 3089 4278 3194 4342; x_wconf 88' lang='lat' dir='ltr'><strong>lex,</strong></span> <span class='ocrx_word' id='word_1_848' title='bbox 3229 4278 3367 4331; x_wconf 89' lang='lat' dir='ltr'><strong>sicut</strong></span> <span class='ocrx_word' id='word_1_849' title='bbox 3396 4291 3498 4332; x_wconf 89' lang='lat' dir='ltr'><strong>nec</strong></span> <span class='ocrx_word' id='word_1_850' title='bbox 3526 4278 3685 4349; x_wconf 74' lang='lat' dir='ltr'><strong>Moy-</strong></span> 
     </span>
    </p>
   </div>
   <div class='ocr_carea' id='block_1_106' title="bbox 2096 4367 3684 4438">
    <p class='ocr_par' dir='ltr' id='par_1_106' title="bbox 2096 4367 3684 4438">
     <span class='ocr_line' id='line_1_106' title="bbox 2096 4367 3684 4438; baseline -0.004 -11"><span class='ocrx_word' id='word_1_851' title='bbox 2096 4388 2213 4438; x_wconf 77' lang='lat' dir='ltr'><strong>ses,</strong></span> <span class='ocrx_word' id='word_1_852' title='bbox 2245 4370 2337 4427; x_wconf 90' lang='lat' dir='ltr'><strong>sed</strong></span> <span class='ocrx_word' id='word_1_853' title='bbox 2368 4371 2565 4425; x_wconf 90' lang='lat' dir='ltr'><strong>mansit</strong></span> <span class='ocrx_word' id='word_1_854' title='bbox 2592 4380 2742 4425; x_wconf 82' lang='lat' dir='ltr'><strong>extra</strong></span> <span class='ocrx_word' id='word_1_855' title='bbox 2773 4388 2787 4426; x_wconf 90' lang='lat'><strong>:</strong></span> <span class='ocrx_word' id='word_1_856' title='bbox 2821 4383 2924 4423; x_wconf 88' lang='lat' dir='ltr'><strong>non</strong></span> <span class='ocrx_word' id='word_1_857' title='bbox 2963 4377 3138 4437; x_wconf 87' lang='lat' dir='ltr'><strong>potest</strong></span> <span class='ocrx_word' id='word_1_858' title='bbox 3175 4368 3259 4422; x_wconf 90' lang='lat' dir='ltr'><strong>lex</strong></span> <span class='ocrx_word' id='word_1_859' title='bbox 3302 4367 3649 4423; x_wconf 85' lang='lat' dir='ltr'><strong>introducere</strong></span> <span class='ocrx_word' id='word_1_860' title='bbox 3669 4407 3684 4431; x_wconf 91' lang='lat'><strong>,</strong></span> 
     </span>
    </p>
   </div>
   <div class='ocr_carea' id='block_1_107' title="bbox 2093 4460 3680 4534">
    <p class='ocr_par' dir='ltr' id='par_1_107' title="bbox 2093 4460 3680 4534">
     <span class='ocr_line' id='line_1_107' title="bbox 2093 4460 3680 4534; baseline -0.003 -17"><span class='ocrx_word' id='word_1_861' title='bbox 2093 4464 2184 4518; x_wconf 88' lang='lat' dir='ltr'><strong>sed</strong></span> <span class='ocrx_word' id='word_1_862' title='bbox 2204 4464 2391 4534; x_wconf 82' lang='lat' dir='ltr'><strong>gratia.</strong></span> <span class='ocrx_word' id='word_1_863' title='bbox 2414 4462 2574 4518; x_wconf 81' lang='lat' dir='ltr'><strong>Vides</strong></span> <span class='ocrx_word' id='word_1_864' title='bbox 2600 4463 2792 4531; x_wconf 82' lang='lat' dir='ltr'><strong>ﬁguras</strong></span> <span class='ocrx_word' id='word_1_865' title='bbox 2811 4461 2990 4515; x_wconf 87' lang='lat' dir='ltr'><strong>multis</strong></span> <span class='ocrx_word' id='word_1_866' title='bbox 3011 4470 3156 4514; x_wconf 90' lang='lat' dir='ltr'><strong>retro</strong></span> <span class='ocrx_word' id='word_1_867' title='bbox 3184 4460 3318 4515; x_wconf 88' lang='lat' dir='ltr'><strong>actis</strong></span> <span class='ocrx_word' id='word_1_868' title='bbox 3342 4461 3680 4530; x_wconf 88' lang='lat' dir='ltr'><strong>temporibus</strong></span> 
     </span>
    </p>
   </div>
   <div class='ocr_carea' id='block_1_108' title="bbox 2095 4549 3685 4624">
    <p class='ocr_par' dir='ltr' id='par_1_108' title="bbox 2095 4549 3685 4624">
     <span class='ocr_line' id='line_1_108' title="bbox 2095 4549 3685 4624; baseline -0.002 -16"><span class='ocrx_word' id='word_1_869' title='bbox 2095 4555 2241 4624; x_wconf 88' lang='lat' dir='ltr'><strong>prius</strong></span> <span class='ocrx_word' id='word_1_870' title='bbox 2264 4554 2513 4610; x_wconf 86' lang='lat' dir='ltr'><strong>describi.</strong></span> <span class='ocrx_word' id='word_1_871' title='bbox 2534 4553 2818 4622; x_wconf 87' lang='lat' dir='ltr'><strong>Imperavit</strong></span> <span class='ocrx_word' id='word_1_872' title='bbox 2832 4560 3111 4614; x_wconf 85' lang='lat' dir='ltr'><strong>creaturae,</strong></span> <span class='ocrx_word' id='word_1_873' title='bbox 3129 4549 3237 4604; x_wconf 89' lang='lat' dir='ltr'><strong>imo</strong></span> <span class='ocrx_word' id='word_1_874' title='bbox 3249 4565 3378 4606; x_wconf 87' lang='lat' dir='ltr'><strong>vero</strong></span> <span class='ocrx_word' id='word_1_875' title='bbox 3395 4552 3685 4620; x_wconf 71' lang='lat' dir='ltr'><strong>pra-cipuae</strong></span> 
     </span>
    </p>
   </div>
   <div class='ocr_carea' id='block_1_109' title="bbox 2092 4642 3685 4719">
    <p class='ocr_par' dir='ltr' id='par_1_109' title="bbox 2092 4642 3685 4719">
     <span class='ocr_line' id='line_1_109' title="bbox 2092 4642 3685 4719; baseline -0.006 -17"><span class='ocrx_word' id='word_1_876' title='bbox 2092 4649 2230 4719; x_wconf 89' lang='lat' dir='ltr'><strong>parti</strong></span> <span class='ocrx_word' id='word_1_877' title='bbox 2278 4656 2559 4714; x_wconf 74' lang='lat' dir='ltr'><strong>creaturzc,</strong></span> <span class='ocrx_word' id='word_1_878' title='bbox 2592 4645 2839 4700; x_wconf 89' lang='lat' dir='ltr'><strong>deorsum</strong></span> <span class='ocrx_word' id='word_1_879' title='bbox 2869 4651 3018 4698; x_wconf 91' lang='lat' dir='ltr'><strong>stans</strong></span> <span class='ocrx_word' id='word_1_880' title='bbox 3042 4643 3140 4712; x_wconf 90' lang='lat' dir='ltr'><strong>ipsi</strong></span> <span class='ocrx_word' id='word_1_881' title='bbox 3170 4643 3350 4711; x_wconf 84' lang='lat' dir='ltr'><strong>capiti,</strong></span> <span class='ocrx_word' id='word_1_882' title='bbox 3375 4652 3431 4696; x_wconf 91' lang='lat' dir='ltr'><strong>ut</strong></span> <span class='ocrx_word' id='word_1_883' title='bbox 3460 4642 3685 4711; x_wconf 83' lang='lat' dir='ltr'><strong>quando</strong></span> 
     </span>
    </p>
   </div>
   <div class='ocr_carea' id='block_1_110' title="bbox 2092 4732 3682 4810">
    <p class='ocr_par' dir='ltr' id='par_1_110' title="bbox 2092 4732 3682 4810">
     <span class='ocr_line' id='line_1_110' title="bbox 2092 4732 3682 4810; baseline -0.004 -16"><span class='ocrx_word' id='word_1_884' title='bbox 2092 4740 2289 4794; x_wconf 87' lang='lat' dir='ltr'><strong>videris</strong></span> <span class='ocrx_word' id='word_1_885' title='bbox 2327 4740 2379 4794; x_wconf 92' lang='lat' dir='ltr'><strong>in</strong></span> <span class='ocrx_word' id='word_1_886' title='bbox 2407 4739 2573 4810; x_wconf 84' lang='lat' dir='ltr'><strong>figura</strong></span> <span class='ocrx_word' id='word_1_887' title='bbox 2595 4737 2824 4792; x_wconf 79' lang='lat' dir='ltr'><strong>hominis</strong></span> <span class='ocrx_word' id='word_1_888' title='bbox 2848 4732 3030 4791; x_wconf 78' lang='lat' dir='ltr'><strong>Jesum</strong></span> <span class='ocrx_word' id='word_1_889' title='bbox 3056 4735 3243 4790; x_wconf 87' lang='lat' dir='ltr'><strong>eadem</strong></span> <span class='ocrx_word' id='word_1_890' title='bbox 3273 4735 3565 4805; x_wconf 82' lang='lat' dir='ltr'><strong>dicentem,</strong></span> <span class='ocrx_word' id='word_1_891' title='bbox 3615 4751 3682 4788; x_wconf 87' lang='lat' dir='ltr'><strong>ne</strong></span> 
     </span>
    </p>
   </div>
   <div class='ocr_carea' id='block_1_111' title="bbox 2092 4826 3682 4902">
    <p class='ocr_par' dir='ltr' id='par_1_111' title="bbox 2092 4826 3682 4902">
     <span class='ocr_line' id='line_1_111' title="bbox 2092 4826 3682 4902; baseline -0.007 -15"><span class='ocrx_word' id='word_1_892' title='bbox 2092 4827 2418 4902; x_wconf 81' lang='lat' dir='ltr'><strong>pertu‘rberis</strong></span> <span class='ocrx_word' id='word_1_893' title='bbox 2446 4846 2579 4886; x_wconf 89' lang='lat' dir='ltr'><strong>neve</strong></span> <span class='ocrx_word' id='word_1_894' title='bbox 2607 4829 2874 4884; x_wconf 85' lang='lat' dir='ltr'><strong>terrearis.</strong></span> <span class='ocrx_word' id='word_1_895' title='bbox 2906 4829 3024 4897; x_wconf 84' lang='lat' dir='ltr'><strong>Ipse</strong></span> <span class='ocrx_word' id='word_1_896' title='bbox 3062 4828 3220 4882; x_wconf 87' lang='lat' dir='ltr'><strong>etiam</strong></span> <span class='ocrx_word' id='word_1_897' title='bbox 3251 4827 3464 4880; x_wconf 86' lang='lat' dir='ltr'><strong>vivente</strong></span> <span class='ocrx_word' id='word_1_898' title='bbox 3492 4826 3682 4895; x_wconf 80' lang='lat' dir='ltr'><strong>Moyse</strong></span> 
     </span>
    </p>
   </div>
   <div class='ocr_carea' id='block_1_112' title="bbox 2092 4917 3678 4992">
    <p class='ocr_par' dir='ltr' id='par_1_112' title="bbox 2092 4917 3678 4992">
     <span class='ocr_line' id='line_1_112' title="bbox 2092 4917 3678 4992; baseline -0.008 -16"><span class='ocrx_word' id='word_1_899' title='bbox 2092 4924 2224 4978; x_wconf 87' lang='lat' dir='ltr'><strong>fudit</strong></span> <span class='ocrx_word' id='word_1_900' title='bbox 2247 4933 2300 4979; x_wconf 90' lang='lat' dir='ltr'><strong>et</strong></span> <span class='ocrx_word' id='word_1_901' title='bbox 2322 4923 2517 4992; x_wconf 79' lang='lat' dir='ltr'><strong>fugavit</strong></span> <span class='ocrx_word' id='word_1_902' title='bbox 2547 4921 2727 4976; x_wconf 90' lang='lat' dir='ltr'><strong>hostes</strong></span> <span class='ocrx_word' id='word_1_903' title='bbox 2761 4941 2773 4976; x_wconf 91' lang='lat'><strong>:</strong></span> <span class='ocrx_word' id='word_1_904' title='bbox 2804 4921 2890 4974; x_wconf 91' lang='lat' dir='ltr'><strong>hic</strong></span> <span class='ocrx_word' id='word_1_905' title='bbox 2918 4920 3077 4973; x_wconf 88' lang='lat' dir='ltr'><strong>etiam</strong></span> <span class='ocrx_word' id='word_1_906' title='bbox 3106 4917 3319 4972; x_wconf 87' lang='lat' dir='ltr'><strong>vivente</strong></span> <span class='ocrx_word' id='word_1_907' title='bbox 3358 4918 3473 4986; x_wconf 84' lang='lat' dir='ltr'><strong>lege</strong></span> <span class='ocrx_word' id='word_1_908' title='bbox 3494 4917 3678 4969; x_wconf 86' lang='lat' dir='ltr'><strong>onmia</strong></span> 
     </span>
    </p>
   </div>
   <div class='ocr_carea' id='block_1_113' title="bbox 2091 5008 3683 5083">
    <p class='ocr_par' dir='ltr' id='par_1_113' title="bbox 2091 5008 3683 5083">
     <span class='ocr_line' id='line_1_113' title="bbox 2091 5008 3683 5083; baseline -0.006 -14"><span class='ocrx_word' id='word_1_909' title='bbox 2091 5016 2445 5080; x_wconf 88' lang='lat' dir='ltr'><strong>administrat,</strong></span> <span class='ocrx_word' id='word_1_910' title='bbox 2479 5015 2571 5069; x_wconf 87' lang='lat' dir='ltr'><strong>sed</strong></span> <span class='ocrx_word' id='word_1_911' title='bbox 2602 5030 2706 5069; x_wconf 88' lang='lat' dir='ltr'><strong>non</strong></span> <span class='ocrx_word' id='word_1_912' title='bbox 2733 5022 2934 5083; x_wconf 87' lang='lat' dir='ltr'><strong>aperte.</strong></span> <span class='ocrx_word' id='word_1_913' title='bbox 2965 5012 3069 5067; x_wconf 91' lang='lat' dir='ltr'><strong>Sed</strong></span> <span class='ocrx_word' id='word_1_914' title='bbox 3092 5012 3370 5065; x_wconf 86' lang='lat' dir='ltr'><strong>videamus</strong></span> <span class='ocrx_word' id='word_1_915' title='bbox 3388 5018 3588 5080; x_wconf 87' lang='lat' dir='ltr'><strong>quanta</strong></span> <span class='ocrx_word' id='word_1_916' title='bbox 3609 5008 3683 5061; x_wconf 88' lang='lat' dir='ltr'><strong>sit</strong></span> 
     </span>
    </p>
   </div>
   <div class='ocr_carea' id='block_1_114' title="bbox 2091 5111 2608 5163">
    <p class='ocr_par' dir='ltr' id='par_1_114' title="bbox 2091 5111 2608 5163">
     <span class='ocr_line' id='line_1_114' title="bbox 2091 5111 2608 5163; baseline 0.004 -6"><span class='ocrx_word' id='word_1_917' title='bbox 2091 5111 2257 5163; x_wconf 88' lang='lat' dir='ltr'><strong>virtus</strong></span> <span class='ocrx_word' id='word_1_918' title='bbox 2286 5121 2608 5161; x_wconf 88' lang='lat' dir='ltr'><strong>sanctorum.</strong></span> 
     </span>
    </p>
   </div>
   <div class='ocr_carea' id='block_1_115' title="bbox 2160 5195 3682 5268">
    <p class='ocr_par' dir='ltr' id='par_1_115' title="bbox 2160 5195 3682 5268">
     <span class='ocr_line' id='line_1_115' title="bbox 2160 5195 3682 5268; baseline -0.008 -12"><span class='ocrx_word' id='word_1_919' title='bbox 2160 5202 2211 5256; x_wconf 76' lang='grc'><strong>4.</strong></span> <span class='ocrx_word' id='word_1_920' title='bbox 2243 5200 2429 5256; x_wconf 80' lang='lat' dir='ltr'><strong>Contra</strong></span> <span class='ocrx_word' id='word_1_921' title='bbox 2453 5217 2536 5253; x_wconf 78' lang='lat' dir='ltr'><strong>eos</strong></span> <span class='ocrx_word' id='word_1_922' title='bbox 2560 5200 2645 5268; x_wconf 85' lang='lat' dir='ltr'><strong>qui</strong></span> <span class='ocrx_word' id='word_1_923' title='bbox 2675 5198 2851 5252; x_wconf 77' lang='lat' dir='ltr'><strong>cwlum</strong></span> <span class='ocrx_word' id='word_1_924' title='bbox 2894 5196 3123 5250; x_wconf 85' lang='lat' dir='ltr'><strong>dicebant</strong></span> <span class='ocrx_word' id='word_1_925' title='bbox 3162 5212 3270 5250; x_wconf 82' lang='lat' dir='ltr'><strong>esse</strong></span> <span class='ocrx_word' id='word_1_926' title='bbox 3291 5195 3562 5266; x_wconf 75' lang='lat' dir='ltr'><strong>splucram.</strong></span> <span class='ocrx_word' id='word_1_927' title='bbox 3602 5224 3682 5235; x_wconf 91' lang='lat'><strong><em>—</em></strong></span> 
     </span>
    </p>
   </div>
   <div class='ocr_carea' id='block_1_116' title="bbox 2090 5283 3676 5363">
    <p class='ocr_par' dir='ltr' id='par_1_116' title="bbox 2090 5283 3676 5363">
     <span class='ocr_line' id='line_1_116' title="bbox 2090 5283 3676 5363; baseline -0.008 -12"><span class='ocrx_word' id='word_1_928' title='bbox 2090 5295 2145 5351; x_wconf 90' lang='lat' dir='ltr'><strong>Si</strong></span> <span class='ocrx_word' id='word_1_929' title='bbox 2180 5294 2263 5349; x_wconf 91' lang='lat' dir='ltr'><strong>hic</strong></span> <span class='ocrx_word' id='word_1_930' title='bbox 2295 5294 2414 5348; x_wconf 87' lang='lat' dir='ltr'><strong>talia</strong></span> <span class='ocrx_word' id='word_1_931' title='bbox 2447 5301 2759 5363; x_wconf 60' lang='lat' dir='ltr'><strong>operantur.</strong></span> <span class='ocrx_word' id='word_1_932' title='bbox 2786 5291 2830 5345; x_wconf 91' lang='lat' dir='ltr'><strong>si</strong></span> <span class='ocrx_word' id='word_1_933' title='bbox 2863 5290 2948 5345; x_wconf 92' lang='lat' dir='ltr'><strong>hic</strong></span> <span class='ocrx_word' id='word_1_934' title='bbox 2979 5283 3040 5345; x_wconf 87' lang='lat' dir='ltr'><strong>ea</strong></span> <span class='ocrx_word' id='word_1_935' title='bbox 3075 5290 3271 5343; x_wconf 84' lang='lat' dir='ltr'><strong>faciunt</strong></span> <span class='ocrx_word' id='word_1_936' title='bbox 3300 5304 3421 5359; x_wconf 77' lang='lat' dir='ltr'><strong>qua:</strong></span> <span class='ocrx_word' id='word_1_937' title='bbox 3468 5286 3676 5357; x_wconf 80' lang='lat' dir='ltr'><strong>angeli,</strong></span> 
     </span>
    </p>
   </div>
   <div class='ocr_carea' id='block_1_117' title="bbox 2088 5378 3681 5458">
    <p class='ocr_par' dir='ltr' id='par_1_117' title="bbox 2088 5378 3681 5458">
     <span class='ocr_line' id='line_1_117' title="bbox 2088 5378 3681 5458; baseline -0.005 -18"><span class='ocrx_word' id='word_1_938' title='bbox 2088 5387 2213 5458; x_wconf 92' lang='lat' dir='ltr'><strong>quid</strong></span> <span class='ocrx_word' id='word_1_939' title='bbox 2256 5386 2411 5441; x_wconf 90' lang='lat' dir='ltr'><strong>illic?</strong></span> <span class='ocrx_word' id='word_1_940' title='bbox 2441 5393 2697 5455; x_wconf 88' lang='lat' dir='ltr'><strong>quantum</strong></span> <span class='ocrx_word' id='word_1_941' title='bbox 2743 5385 2941 5437; x_wconf 90' lang='lat' dir='ltr'><strong>habent</strong></span> <span class='ocrx_word' id='word_1_942' title='bbox 2987 5380 3375 5451; x_wconf 82' lang='lat' dir='ltr'><strong>splendorem?</strong></span> <span class='ocrx_word' id='word_1_943' title='bbox 3415 5378 3681 5433; x_wconf 84' lang='lat' dir='ltr'><strong>Fortasse</strong></span> 
     </span>
    </p>
   </div>
   <div class='ocr_carea' id='block_1_118' title="bbox 2090 5472 3679 5551">
    <p class='ocr_par' dir='ltr' id='par_1_118' title="bbox 2090 5472 3679 5551">
     <span class='ocr_line' id='line_1_118' title="bbox 2090 5472 3679 5551; baseline -0.008 -16"><span class='ocrx_word' id='word_1_944' title='bbox 2090 5481 2451 5551; x_wconf 69' lang='lat' dir='ltr'><strong>ttnu~quisquc</strong></span> <span class='ocrx_word' id='word_1_945' title='bbox 2473 5487 2707 5532; x_wconf 88' lang='lat' dir='ltr'><strong>vestrum</strong></span> <span class='ocrx_word' id='word_1_946' title='bbox 2734 5476 2891 5531; x_wconf 90' lang='lat' dir='ltr'><strong>vellet</strong></span> <span class='ocrx_word' id='word_1_947' title='bbox 2922 5490 3042 5529; x_wconf 77' lang='lat' dir='ltr'><strong>esse</strong></span> <span class='ocrx_word' id='word_1_948' title='bbox 3065 5472 3388 5542; x_wconf 85' lang='lat' dir='ltr'><strong>hujusmodi,</strong></span> <span class='ocrx_word' id='word_1_949' title='bbox 3408 5482 3464 5525; x_wconf 89' lang='lat' dir='ltr'><strong>ut</strong></span> <span class='ocrx_word' id='word_1_950' title='bbox 3483 5479 3679 5540; x_wconf 83' lang='lat' dir='ltr'><strong>posset</strong></span> 
     </span>
    </p>
   </div>
   <div class='ocr_carea' id='block_1_119' title="bbox 2088 5565 3674 5643">
    <p class='ocr_par' dir='ltr' id='par_1_119' title="bbox 2088 5565 3674 5643">
     <span class='ocr_line' id='line_1_119' title="bbox 2088 5565 3674 5643; baseline -0.008 -14"><span class='ocrx_word' id='word_1_951' title='bbox 2088 5575 2350 5643; x_wconf 86' lang='lat' dir='ltr'><strong>imperare</strong></span> <span class='ocrx_word' id='word_1_952' title='bbox 2377 5573 2474 5626; x_wconf 88' lang='lat' dir='ltr'><strong>soli</strong></span> <span class='ocrx_word' id='word_1_953' title='bbox 2502 5582 2555 5627; x_wconf 91' lang='lat' dir='ltr'><strong>et</strong></span> <span class='ocrx_word' id='word_1_954' title='bbox 2586 5572 2744 5624; x_wconf 72' lang='lat' dir='ltr'><strong>laure.</strong></span> <span class='ocrx_word' id='word_1_955' title='bbox 2793 5569 2889 5622; x_wconf 89' lang='lat' dir='ltr'><strong>llic</strong></span> <span class='ocrx_word' id='word_1_956' title='bbox 2912 5569 2945 5621; x_wconf 90' lang='lat' dir='ltr'><strong>ii</strong></span> <span class='ocrx_word' id='word_1_957' title='bbox 2973 5567 3062 5636; x_wconf 90' lang='lat' dir='ltr'><strong>qui</strong></span> <span class='ocrx_word' id='word_1_958' title='bbox 3098 5567 3287 5621; x_wconf 59' lang='lat' dir='ltr'><strong>ea‘lum</strong></span> <span class='ocrx_word' id='word_1_959' title='bbox 3336 5565 3512 5619; x_wconf 90' lang='lat' dir='ltr'><strong>dicunt</strong></span> <span class='ocrx_word' id='word_1_960' title='bbox 3538 5576 3674 5617; x_wconf 83' lang='lat' dir='ltr'><strong>esse</strong></span> 
     </span>
    </p>
   </div>
   <div class='ocr_carea' id='block_1_120' title="bbox 2088 5655 3674 5735">
    <p class='ocr_par' dir='ltr' id='par_1_120' title="bbox 2088 5655 3674 5735">
     <span class='ocr_line' id='line_1_120' title="bbox 2088 5655 3674 5735; baseline -0.008 -14"><span class='ocrx_word' id='word_1_961' title='bbox 2088 5667 2376 5735; x_wconf 68' lang='lat' dir='ltr'><strong>Spba‘ram,</strong></span> <span class='ocrx_word' id='word_1_962' title='bbox 2397 5665 2521 5735; x_wconf 91' lang='lat' dir='ltr'><strong>quid</strong></span> <span class='ocrx_word' id='word_1_963' title='bbox 2550 5663 2821 5717; x_wconf 81' lang='lat' dir='ltr'><strong>dixerint?</strong></span> <span class='ocrx_word' id='word_1_964' title='bbox 2851 5661 2958 5716; x_wconf 85' lang='lat' dir='ltr'><strong>Cur</strong></span> <span class='ocrx_word' id='word_1_965' title='bbox 2981 5677 3083 5714; x_wconf 88' lang='lat' dir='ltr'><strong>non</strong></span> <span class='ocrx_word' id='word_1_966' title='bbox 3112 5659 3263 5725; x_wconf 82' lang='lat' dir='ltr'><strong>dixit,</strong></span> <span class='ocrx_word' id='word_1_967' title='bbox 3295 5658 3411 5714; x_wconf 87' lang='lat' dir='ltr'><strong>Stet</strong></span> <span class='ocrx_word' id='word_1_968' title='bbox 3434 5656 3531 5719; x_wconf 89' lang='lat' dir='ltr'><strong>sol,</strong></span> <span class='ocrx_word' id='word_1_969' title='bbox 3571 5655 3674 5709; x_wconf 80' lang='lat' dir='ltr'><strong>sed</strong></span> 
     </span>
    </p>
   </div>
   <div class='ocr_carea' id='block_1_121' title="bbox 2087 5746 3675 5822">
    <p class='ocr_par' dir='ltr' id='par_1_121' title="bbox 2087 5746 3675 5822">
     <span class='ocr_line' id='line_1_121' title="bbox 2087 5746 3675 5822; baseline -0.007 -11"><span class='ocrx_word' id='word_1_970' title='bbox 2087 5757 2317 5822; x_wconf 87' lang='lat' dir='ltr'><strong>addidit,</strong></span> <span class='ocrx_word' id='word_1_971' title='bbox 2360 5758 2468 5811; x_wconf 79' lang='lat' dir='ltr'><strong>Stet</strong></span> <span class='ocrx_word' id='word_1_972' title='bbox 2514 5765 2689 5811; x_wconf 84' lang='lat' dir='ltr'><strong>contra</strong></span> <span class='ocrx_word' id='word_1_973' title='bbox 2734 5752 2972 5817; x_wconf 77' lang='lat' dir='ltr'><strong>Gabaon,</strong></span> <span class='ocrx_word' id='word_1_974' title='bbox 3002 5762 3047 5806; x_wconf 89' lang='lat' dir='ltr'><strong>et</strong></span> <span class='ocrx_word' id='word_1_975' title='bbox 3098 5752 3220 5805; x_wconf 83' lang='lat' dir='ltr'><strong>luna</strong></span> <span class='ocrx_word' id='word_1_976' title='bbox 3260 5758 3436 5805; x_wconf 81' lang='lat' dir='ltr'><strong>contra</strong></span> <span class='ocrx_word' id='word_1_977' title='bbox 3480 5746 3675 5803; x_wconf 78' lang='lat' dir='ltr'><strong>vallem</strong></span> 
     </span>
    </p>
   </div>
  </div>
