3970 6152
360 346 457 405 189

1165 344 1231 404 IN
1267 345 1481 403 EPIST.
1524 345 1616 402 AD
1654 343 2012 402 HEBRAiOS.
2052 345 2204 403 CAP.
2245 347 2336 404 XI.
2376 347 2588 404 noun.
2651 346 2858 404 XXVII.

3485 351 3586 403 190

348 472 535 530 Elom.’
560 469 675 527 lloc
690 478 791 533 est,
820 469 961 524 diem
1006 467 1167 523 faciat
1197 466 1476 538 majorem.
1507 465 1618 522 lioe
1646 467 1806 523 ctiam
1847 468 1924 524 fa-
2008 464 2186 520 affecit
2217 482 2230 518 :
2262 464 2468 529 Audiri,
2494 463 2685 535 inquit,
2707 463 2951 533 gemitum
2967 478 3160 531 eorum,
3181 472 3228 518 et
3256 466 3494 520 descendi
3514 469 3580 520 ad

341 574 481 620 ctum
508 562 678 620 estin
709 560 982 625 Ezechia;
1026 558 1106 614 sol
1161 559 1494 613 rctrocessit.
1543 558 1648 614 Sed
1701 559 1803 615 hoc
1842 570 1922 616 est

342 656 427 710 illo
453 653 844 716 admirabilius,
875 665 1067 720 nempe
1086 649 1351 704 contraria
1369 648 1451 702 via
1476 663 1662 704 rursus
1693 650 1917 720 ingredi,

339 762 455 802 rum
477 759 700 801 cursum
740 758 892 797 suum
919 741 1155 796 nondum
1187 739 1526 795 confecisset.
1550 740 1658 795 Sed
1686 740 1770 796 his
1802 756 1920 796 ma-

339 841 445 915 iora
468 855 568 894 nos
591 852 964 907 assequemur,
1004 834 1052 890 si
1080 822 1326 889 velimus.
1345 832 1476 887 Nam
1500 848 1743 904 quaenam
1765 835 1921 890 nobis

340 929 581 1000 promisit
600 926 847 983 Christus
862 927 886 980 ?
901 926 1016 981 Non
1046 923 1159 980 fore
1183 933 1241 979 ut
1266 923 1433 979 solem
1456 924 1727 991 sistamus,
1749 940 1920 994 neque

337 1024 536 1085 lunam,
564 1034 740 1090 neque
768 1019 898 1073 solis
919 1016 1452 1087 retrogradationcm,
1484 1016 1580 1071 sed
1606 1017 1777 1085 quid?
1817 1016 1916 1072 Ve-

338 1116 549 1182 niamus,
592 1113 785 1183 inquit,
817 1112 885 1165 ad
918 1112 1084 1180 ipsum
1122 1124 1212 1181 ego
1233 1118 1280 1163 et
1329 1108 1485 1162 Pater
1512 1092 1672 1175 meus,
1698 1120 1744 1163 et
1774 1126 1920 1164 man-

335 1209 523 1263 sionem
550 1204 692 1277 apud
717 1220 833 1258 eum
857 1203 1097 1273 faciemus
1126 1199 1308 1271 (Joau.
1340 1200 1424 1257 14.
1453 1200 1570 1268 25).
1601 1198 1740 1267 Quid
1785 1200 1915 1256 mihi

336 1311 464 1366 opus
493 1304 574 1352 est
620 1295 737 1350 sole
786 1301 844 1349 et
887 1294 1011 1347 luna
1049 1300 1103 1348 et
1155 1291 1237 1345 his
1261 1291 1531 1345 miraculis
1559 1332 1574 1356 ,
1624 1307 1744 1346 cum
1802 1292 1916 1362 ipse

337 1388 571 1444 omnium
603 1385 863 1442 Dominus
908 1384 974 1439 ad
1003 1399 1089 1438 me
1126 1382 1435 1445 descendat,
1463 1391 1516 1438 ct
1545 1382 1684 1451 apud
1715 1398 1800 1438 me
1828 1384 1914 1435 fir-

338 1496 459 1535 mus
482 1488 692 1532 maneat
720 1487 774 1533 et
798 1475 1038 1531 stabilis?
1070 1475 1170 1528 hoc
1207 1473 1336 1526 mihi
1362 1488 1464 1526 non
1489 1483 1572 1528 est
1593 1487 1745 1542 opus,
1774 1473 1911 1542 Quid

343 1558 482 1608 enim
511 1556 644 1609 mihi
698 1557 806 1611 ullo
838 1557 1026 1612 horum
1054 1572 1188 1628 opus
1225 1564 1351 1615 est?
1400 1563 1513 1632 ipse
1536 1564 1638 1619 erit
1688 1565 1819 1618 mihi
1864 1565 1915 1617 in

337 1645 500 1700 solem
517 1657 572 1701 et
592 1646 771 1702 lunam
794 1657 849 1703 et
874 1649 1068 1704 lucem.
1095 1647 1250 1716 Nam,
1280 1650 1365 1705 die
1387 1651 1539 1717 mihi,
1555 1653 1681 1723 quid
1703 1654 1915 1721 malles,

336 1737 533 1807 regiam
562 1737 852 1806 ingressus,
885 1755 952 1793 an
972 1737 1170 1811 aliquid
1199 1733 1554 1798 transmutare
1581 1758 1764 1798 eorum
1796 1762 1915 1815 qua:

339 1827 435 1879 lixa
463 1836 612 1892 sunt,
642 1844 710 1882 an
737 1845 917 1899 regem
951 1830 1042 1883 tibi
1076 1839 1222 1884 tanta
1251 1832 1576 1904 conjungere
1626 1834 1916 1889 fatniliari-

337 1927 460 1982 tate,
481 1928 538 1973 ut
567 1920 617 1974 ei
638 1920 961 1989 persuadeas
988 1931 1039 1974 ut
1070 1921 1134 1974 ad
1169 1931 1218 1976 te
1241 1921 1514 1977 deveniat?
1543 1940 1720 1981 nonne
1744 1926 1912 1980 multo

334 2010 495 2078 magis
523 2009 645 2072 hoc,
677 2026 834 2080 quam
872 2011 1032 2065 illud?
1057 2011 1193 2077 Quid
1248 2014 1421 2069 vero?
1455 2029 1558 2069 non
1607 2017 1821 2081 mirum,
1866 2020 1906 2073 si

333 2117 445 2169 qua!
474 2100 638 2155 homo
667 2102 912 2173 imperat,
944 2104 1056 2158 hmc
1081 2119 1292 2174 quoque
1317 2105 1596 2162 Christus?
1624 2109 1727 2164 Sed
1757 2110 1909 2164 Chri-

333 2200 459 2251 stus,
484 2193 675 2263 inquit,
706 2210 810 2248 non
840 2206 987 2265 rogat
1016 2195 1248 2264 Patrem,
1267 2198 1359 2252 sed
1385 2214 1481 2254 sua
1509 2198 1635 2255 facit
1678 2206 1908 2257 auctori-

334 2292 454 2338 tatc.
478 2283 647 2339 Recte
677 2303 690 2338 :
726 2286 954 2356 primum
977 2302 1103 2358 ergo
1125 2288 1384 2345 conﬁtere
1407 2290 1549 2361 quod
1576 2292 1784 2347 Patrem
1800 2308 1907 2348 non

332 2382 495 2443 rogat,
524 2384 578 2429 et
603 2389 698 2429 sua
728 2377 850 2430 facit
869 2378 1299 2442 auctoritate;et
1337 2387 1462 2436 tunc
1490 2396 1554 2436 ex
1590 2391 1640 2435 te
1660 2382 1904 2441 sciscita-

331 2463 441 2531 bnr,
481 2465 592 2522 imo
646 2476 697 2523 te
724 2466 927 2523 docebo
972 2462 1112 2523 circa
1143 2471 1524 2540 precationem,
1573 2489 1729 2543 quam
1761 2473 1902 2538 facit,

331 2561 517 2617 fecisse
548 2579 647 2632 per
670 2566 1164 2634 attemperationem
1181 2575 1237 2621 et
1261 2568 1612 2621 oeconomiam
1642 2566 1769 2638 (non
1793 2576 1906 2621 erat

328 2652 463 2705 enim
494 2652 738 2707 Christus
761 2648 937 2708 minor
952 2654 1078 2710 Jesu
1105 2654 1295 2722 Nave),
1326 2664 1381 2711 et
1400 2655 1542 2724 quod
1572 2664 1777 2724 poterat
1809 2669 1905 2708 nos

329 2741 516 2795 docere
559 2742 677 2797 sine
702 2743 968 2798 oratione.
994 2743 1141 2799 Sicut
1166 2744 1306 2798 enim
1336 2744 1646 2814 magistrum
1672 2743 1899 2798 audiens

325 2831 707 2887 balbutientem
750 2843 803 2889 et
832 2833 1092 2889 elementa
1144 2843 1547 2897 recensentem,
1595 2848 1702 2887 non
1758 2832 1895 2889 dicis

326 2924 492 2993 ipsum
534 2926 817 2994 ignorare;
850 2935 904 2980 et
939 2924 1154 3004 quando
1190 2925 1519 2995 interrogat:
1557 2923 1654 2979 Ubi
1692 2924 1902 2978 esthoc

323 3014 687 3069 elementum?
726 3016 835 3069 scis
878 3015 1019 3085 quod
1052 3028 1156 3070 non
1180 3014 1435 3085 ignorans
1457 3014 1769 3083 interrogat,
1808 3013 1899 3068 sed

324 3104 638 3175 discipulum
667 3104 853 3159 volens
893 3105 1173 3160 instituere
1202 3120 1216 3157 :
1245 3104 1319 3159 ita
1342 3103 1501 3159 etiam
1525 3102 1768 3158 Christus
1797 3119 1896 3158 non

324 3197 561 3251 oratione
589 3195 832 3265 indigens
879 3195 1085 3259 orabat,
1116 3193 1210 3250 sed
1256 3203 1308 3250 te
1335 3193 1588 3249 inducere
1624 3194 1810 3248 volens
1839 3203 1899 3247 ut

325 3287 534 3342 assidue
565 3288 644 3342 sis
671 3294 907 3341 attentus
934 3286 1200 3350 orationi,
1258 3294 1316 3340 ut
1361 3300 1480 3340 eam
1526 3285 1739 3339 emittas
1786 3285 1901 3340 sine

324 3380 736 3445 intermissione,
755 3387 813 3433 ut
837 3378 1030 3443 sobrie,
1051 3386 1244 3432 etcum
1264 3377 1430 3432 multa
1448 3375 1736 3447 vigilantia.
1758 3375 1904 3447 Vigi-

324 3470 428 3529 lare
447 3480 631 3528 autem
660 3486 766 3526 non
788 3471 909 3526 dico
922 3472 1093 3527 solum
1113 3479 1272 3527 noctu
1287 3470 1604 3539 expergisci,
1624 3469 1717 3523 sed
1739 3469 1898 3524 etiam

323 3561 797 3617 interdiusohrium
820 3576 939 3617 esse
958 3564 1007 3615 in
1034 3559 1313 3632 precibus:
1344 3559 1393 3614 ls
1425 3559 1566 3615 enim
1600 3559 1903 3629 appellatur

320 3654 560 3725 vigilans.
610 3655 792 3710 Potest
829 3656 970 3709 enim
1014 3670 1133 3710 esse
1164 3663 1221 3708 ut
1250 3654 1367 3723 quis
1395 3661 1555 3707 noctu
1584 3667 1745 3707 orans
1775 3653 1901 3709 dor-

321 3745 465 3811 miat,
510 3754 569 3801 et
597 3745 829 3800 interdiu
858 3761 964 3799 non
993 3760 1154 3801 orans
1192 3744 1415 3814 vigilet,
1444 3744 1657 3813 quando
1692 3744 1902 3798 animus

320 3836 472 3893 fuerit
495 3837 564 3893 ad
605 3838 774 3893 Deum
803 3837 1036 3892 intentus
1056 3836 1290 3908 quando,
1312 3836 1511 3905 cogitat
1531 3851 1648 3890 cum
1671 3851 1775 3905 quo
1800 3835 1911 3888 dis—

319 3940 477 3997 serat,
511 3929 581 3985 ad
621 3944 781 4001 quem
823 3929 985 3984 verba
1029 3928 1206 3995 faciat,
1254 3926 1465 3997 quando
1492 3927 1538 3981 ei
1569 3926 1620 3980 in
1670 3936 1899 3980 mentem

320 4021 461 4076 venit
484 4019 627 4091 quod
649 4020 822 4091 angeli
846 4019 1055 4073 adsteut
1074 4034 1195 4073 cum
1224 4026 1456 4072 tremore
1468 4024 1524 4071 et
1551 4017 1763 4079 timore,
1788 4017 1901 4084 ipse

319 4121 489 4166 autem
520 4110 729 4166 accedit
754 4111 987 4165 oscitans
1013 4118 1067 4164 et
1092 4125 1150 4165 se
1171 4108 1385 4164 fricans.

393 4201 611 4256 Precum
640 4211 829 4273 quanta
854 4201 918 4255 sit
947 4202 1128 4254 vis.—-—
1153 4199 1337 4269 Magna
1358 4214 1506 4253 arma
1537 4209 1654 4252 sunt
1691 4212 1898 4268 preces,

321 4295 361 4349 si
389 4310 508 4350 cum
546 4310 612 4349 ea
641 4310 743 4364 qua
769 4309 864 4363 par
888 4301 972 4348 est
999 4302 1176 4346 mente
1206 4295 1353 4348 ﬂant.
1384 4292 1449 4344 Et
1470 4300 1528 4345 ut
1549 4306 1733 4345 earum
1784 4290 1898 4343 vim

322 4386 605 4456 intelligas,
640 4386 765 4439 hinc
793 4383 1063 4454 perpende
1093 4400 1108 4436 :
1137 4381 1519 4451 impudentiam
1562 4393 1616 4435 et
1646 4381 1895 4450 iniquita-

325 4482 447 4539 tem,
475 4472 849 4529 crudelitatem
888 4481 943 4526 et
972 4472 1326 4538 importunam
1374 4467 1647 4521 audaciam
1679 4466 1898 4518 vincunt

323 4565 548 4621 assidua:
578 4578 767 4633 preces
793 4582 804 4614 :
834 4562 1019 4616 Audite
1069 4561 1230 4623 enim,
1266 4559 1455 4629 inquit,
1497 4558 1619 4627 quid
1648 4556 1785 4608 dicat
1808 4553 1902 4623 ju-

323 4657 414 4710 ὕει
462 4654 745 4725 iniquitatis
775 4652 924 4723 (Luc.
969 4652 1019 4707 8.
1050 4650 1133 4721 6).
1165 4651 1230 4704 Et
1273 4663 1459 4703 rursus
1502 4648 1718 4700 vincunt
1763 4645 1903 4699 desi-

324 4746 461 4799 diam
496 4762 512 4799 :
544 4744 768 4813 etquod
801 4758 905 4796 non
946 4742 1068 4796 fecit
1107 4741 1355 4804 amicitia,
1389 4739 1491 4791 hoc
1519 4737 1725 4790 assidua
1779 4733 1904 4788 fecit

327 4836 685 4905 interpellatio
711 4852 723 4887 :
754 4833 817 4886 Et
842 4834 885 4887 si
902 4850 1002 4886 non
1029 4848 1086 4885 eo
1115 4831 1249 4901 quod
1274 4832 1338 4883 sit
1358 4830 1466 4898 ejus
1479 4828 1687 4890 amicus,
1713 4824 1900 4892 inquit,

324 4927 457 4979 dabit
484 4926 550 4987 ei,
579 4925 670 4978 sed
696 4935 859 4977 tamen
890 4933 1096 4991 propter
1123 4923 1231 4991 ejus
1255 4919 1658 4988 impudentiam,
1695 4931 1903 4984 surgens

324 5020 457 5073 dabit
483 5020 534 5074 ei
561 5018 715 5090 (Luc.
753 5018 839 5071 il.
869 5016 944 5088 8).
977 5016 1043 5069 Et
1082 5030 1197 5067 eam
1249 5028 1366 5082 qum
1397 5018 1515 5065 erat
1555 5009 1782 5076 indigna,
1818 5006 1903 5059 di-

324 5129 477 5184 gnam
507 5113 636 5168 fecit
680 5110 965 5165 assiduitas
997 5125 1009 5160 :
1040 5107 1161 5161 Non
1211 5116 1304 5169 est,
1336 5105 1526 5173 inquit,
1559 5104 1745 5155 bonum
1770 5101 1904 5152 acci-

325 5221 438 5270 pere
482 5220 668 5275 partem
697 5202 938 5270 ﬁliorum,
969 5209 1014 5253 et
1063 5198 1185 5251 dare
1210 5195 1435 5249 canibus.
1490 5193 1677 5255 Etiam,
1704 5190 1895 5258 inquit,

328 5297 541 5353 Domine
572 5314 592 5351 :
618 5313 736 5349 nam
763 5304 811 5349 et
830 5294 986 5348 catuli
1028 5292 1293 5346 comedunt
1323 5307 1348 5343 e
1389 5305 1560 5342 mensa
1585 5286 1901 5338 dominorum

324 5407 531 5447 suorum
554 5389 769 5461 (Matth.
802 5389 887 5444 15.
912 5386 1002 5440 26.
1030 5385 1146 5455 9.7).

391 5484 442 5539 5.
486 5481 847 5537 Attendamus
890 5492 1019 5547 ergo
1043 5474 1271 5530 orationi
1303 5494 1315 5528 :
1346 5483 1468 5528 sunt
1515 5486 1700 5539 magna
1752 5484 1901 5523 arma

326 5587 535 5642 preces,
580 5572 625 5627 si
659 5572 786 5624 ﬁant
829 5577 1030 5623 attente
1058 5577 1112 5622 et
1142 5565 1375 5629 assidue,
1422 5565 1465 5619 si
1520 5563 1720 5630 absque
1760 5560 1901 5613 inani

327 5666 515 5735 gloria,
543 5664 587 5719 si
619 5679 738 5717 cum
797 5678 931 5731 puro
962 5669 1015 5715 et
1061 5661 1273 5714 sincero
1315 5656 1526 5711 all‘eetu.
1555 5655 1734 5708 Oratio
1766 5653 1901 5707 bella

329 5756 539 5821 evertit,
564 5754 676 5823 ipsa
704 5760 919 5822 gentem
953 5751 1210 5821 integrant
1242 5757 1295 5803 ct
1348 5747 1611 5816 indignam
1647 5744 1902 5799 beneﬁcio

2002 571 2086 608 eos
2140 555 2427 610 liberandos
2471 553 2664 627 tExod.
2696 555 2750 609 5.
2779 553 2874 623 8):
2902 555 3074 609 oratio
3121 564 3206 609 est
3236 554 3579 624 pharmacum

2001 645 2251 710 salutare,
2273 654 2326 699 et
2350 645 2642 715 prohibens
2671 653 2912 714 peccata,
2934 654 2987 699 et
3013 644 3461 701 medicamentum
3486 647 3580 700 tle-

2003 736 2270 788 lictorum.
2303 733 2444 788 luca
2483 742 2600 789 erat
2633 734 2846 789 assidue
2892 734 3047 788 vidua
3093 735 3181 789 illa
3223 736 3408 790 relicta
3438 738 3572 791 sola.

2002 828 2133 882 Nam
2160 828 2203 881 si
2232 842 2449 882 oremus
2489 842 2613 881 cum
2644 827 2962 893 luunilitate,
3011 828 3054 881 si
3085 836 3270 897 pectus
3299 831 3578 898 pulsantes

2001 931 2054 972 ut
2088 918 2403 988 publicanus
2423 959 2439 982 ,
2472 918 2516 971 si
2553 933 2614 972 ea
2642 934 2760 987 quae
2791 920 2878 974 ille
2909 920 3219 988 loquentes,
3248 920 3291 971 si
3314 919 3574 986 dicamus,

2002 1009 2127 1064 Esto
2172 1010 2424 1080 propitius
2471 1010 2596 1063 mihi
2625 1010 2875 1079 peccatori
2909 1009 3058 1079 (Luc.
3100 1012 3187 1066 i8.
3232 1012 3347 1080 15),
3398 1013 3575 1066 omnia

1999 1118 2411 1173 consequemur.
2455 1102 2586 1157 Nam
2628 1102 2726 1156 etsi
2760 1116 2863 1155 nou
2891 1116 3076 1157 sumus
3105 1102 3388 1171 publicani,
3413 1104 3576 1159 habe-

2001 1208 2118 1248 mus
2143 1195 2243 1249 alia
2268 1202 2485 1265 peccata
2514 1193 2654 1247 illius
2680 1193 2911 1260 peccatis
2941 1208 3044 1246 non
3079 1194 3305 1248 minora.
3340 1194 3415 1249 Ne
3444 1194 3574 1249 mihi

2000 1286 2199 1341 dixeris
2246 1294 2300 1341 te
2351 1287 2403 1340 in
2442 1284 2669 1355 quadam
2703 1299 2859 1354 parva
2892 1299 2950 1338 re
2980 1298 3231 1352 peccasse
3264 1303 3277 1339 :
3318 1301 3402 1341 res
3433 1287 3573 1344 enim

1999 1378 2242 1433 eamdem
2282 1377 2443 1432 habet
2467 1388 2732 1431 naturam.
2762 1375 2913 1431 Sicut
2937 1375 3079 1431 enim
3115 1376 3365 1433 similiter
3384 1380 3573 1435 dicitur

1999 1468 2285 1535 homicida,
2318 1478 2372 1524 et
2401 1470 2488 1539 qui
2516 1483 2709 1539 parvos
2738 1456 2932 1539 pueros
2966 1469 3259 1534 interemit,
3290 1481 3346 1527 et
3374 1474 3461 1541 qui
3493 1474 3572 1526 vi-

1998 1576 2116 1616 rum
2142 1577 2157 1615 :
2187 1563 2257 1616 ita
2284 1562 2445 1615 etiam
2473 1569 2556 1617 est
2584 1576 2795 1627 avarus,
2820 1570 2873 1615 et
2895 1564 2983 1632 qui
3015 1562 3065 1616 in
3096 1563 3298 1629 multis,
3318 1572 3371 1619 ct
3399 1567 3486 1635 qui
3518 1567 3571 1619 in

1994 1652 2177 1720 paucis
2198 1650 2409 1705 fraudat
2435 1651 2759 1722 quempiam.
2801 1652 2865 1707 Et
2894 1652 3100 1722 injuria:
3127 1664 3362 1725 accepta:
3389 1671 3573 1709 recor-

1996 1740 2161 1807 datio,
2194 1758 2297 1796 non
2328 1754 2411 1799 est
2437 1758 2677 1812 parvum,
2703 1744 2795 1799 sed
2826 1760 3076 1815 magnum
3103 1757 3379 1813 peceatum
3413 1766 3426 1801 :
3464 1748 3570 1802 Eo—

1994 1849 2109 1886 rum
2137 1837 2276 1888 enim
2298 1835 2384 1901 qui
2406 1834 2612 1906 injuriae
2634 1845 2853 1905 accepta:
2876 1847 2995 1890 sunt
3027 1855 3291 1906 memores,
3320 1842 3414 1894 via:
3455 1853 3570 1895 sunt

1992 1917 2059 1967 ad
2079 1916 2484 1986 mortem(Prov.
2510 1918 2597 1972 12.
2625 1918 2752 1989 28):
2788 1932 2864 1985 ct,
2902 1923 3003 1988 Qui
3036 1926 3272 1981 irascitur
3297 1934 3444 1999 fratri
3478 1950 3568 1987 suo

1993 2006 2104 2060 sine
2129 2023 2303 2073 causa,
2335 2009 2429 2062 erit
2469 2010 2714 2066 obnoxius
2735 2013 2976 2082 gehennae
3022 2016 3232 2086 (Matth.
3270 2021 3322 2075 5.
3351 2022 3479 2091 21);
3513 2032 3569 2079 et

1991 2098 2080 2166 qui
2138 2109 2291 2154 vocat
2340 2100 2558 2155 fratrem
2607 2117 2759 2156 suum
2801 2103 2999 2159 fatuum
3032 2119 3083 2162 et
3112 2109 3472 2181 insipientem,
3510 2126 3565 2171 ct

1992 2192 2090 2244 alia
2124 2192 2372 2257 plurima.
2411 2192 2848 2249 Reverendorum
2905 2198 3064 2251 etiam
3111 2213 3565 2263 sacramentorum

1994 2284 2289 2352 participes
2313 2299 2498 2339 sumus
2542 2285 2779 2355 indigne,
2805 2296 2857 2341 et
2907 2288 3228 2359 invidemus,
3262 2304 3314 2349 et
3346 2297 3563 2353 maledi-

1993 2379 2095 2430 ctis
2139 2377 2439 2445 appetimus
2469 2395 2482 2431 :
2513 2377 2726 2448 quidam
2763 2394 2828 2433 ex
2880 2381 3034 2435 nobis
3073 2398 3215 2455 sa'pe
3261 2388 3419 2441 etiam
3446 2400 3568 2443 sunt

1994 2467 2261 2520 iuebriati.
2296 2466 2493 2521 Horum
2544 2482 2674 2523 vero
2707 2471 3118 2541 unumquodque
3169 2476 3340 2543 ipsum
3389 2493 3485 2546 per
3510 2494 3569 2534 se

1993 2558 2184 2612 sufficit
2205 2558 2270 2612 ad
2298 2559 2666 2629 expellendum
2686 2576 2715 2615 e
2734 2576 2901 2630 regno
2927 2577 2942 2616 :
2970 2564 3185 2632 quando
3210 2575 3386 2621 autem
3408 2570 3565 2623 simul

1994 2662 2397 2719 congeruntur,
2450 2666 2737 2721 quamuam
2788 2653 3099 2710 habebimus
3159 2656 3569 2717 defensionem?

1995 2739 2174 2801 Multa,
2216 2755 2247 2795 0
2293 2739 2495 2806 dilecti,
2545 2742 2700 2795 nobis
2742 2757 2879 2813 Opus
2905 2753 2987 2799 est
3021 2747 3352 2816 pmuitentia,
3402 2752 3566 2807 multa

1993 2832 2433 2897 oratione,mnlla
2470 2834 2775 2900 tolerantia,
2795 2836 2961 2890 multa
2979 2836 3312 2903 assiduitate,
3340 2850 3399 2895 ut
3429 2843 3565 2897 bona

1996 2925 2149 2980 nobis
2178 2927 2438 2994 promissa
2487 2926 2751 2996 possimus
2781 2928 3014 2997 assequi.
3040 2929 3289 2987 Dicamus
3319 2949 3446 3005 ergo
3471 2950 3571 2991 nos

1994 3031 2224 3086 quoque,
2256 3014 2522 3085 Propitius
2551 3025 2656 3071 esto
2683 3017 2811 3070 mihi
2839 3020 3130 3087 peccaturi;
3170 3022 3279 3076 imo
3308 3039 3437 3079 vero
3463 3039 3569 3079 non

1996 3106 2166 3162 solum
2211 3107 2469 3171 dicamus,
2493 3107 2587 3162 sed
2631 3109 2789 3163 etiam
2812 3110 3106 3165 sentiamus
3141 3128 3204 3168 ac
3257 3115 3568 3185 cogitemus,

1996 3207 2050 3252 et
2070 3196 2116 3251 si
2143 3196 2279 3250 alius
2305 3210 2400 3251 nos
2429 3196 2509 3251 sic
2526 3207 2761 3264 accuset,
2791 3214 2860 3253 ne
2891 3199 3204 3257 irascamur.
3225 3203 3439 3259 Audivit
3458 3206 3569 3272 ille,

2000 3288 2119 3343 Non
2145 3305 2258 3343 sum
2286 3289 2411 3343 sicut
2432 3288 2732 3359 publicanus
2759 3291 2891 3358 iste;
2937 3308 3037 3349 nec
3076 3294 3265 3365 iratus,
3299 3298 3391 3353 sed
3422 3315 3572 3354 com-

1998 3390 2225 3450 punctus
2249 3389 2332 3435 est
2360 3398 2373 3433 :
2405 3379 2678 3435 victoriam
2704 3382 2949 3447 obt’nnit,
2975 3395 3027 3438 et
3047 3387 3389 3455 opprobrium
3408 3390 3573 3460 depo-

1998 3471 2123 3525 suit.
2156 3470 2417 3526 indicavit
2443 3470 2530 3526 ille
2557 3472 2780 3539 vulnus;
2814 3474 2898 3527 hic
2926 3475 3271 3543 pharmacum
3304 3482 3570 3549 quaesivit.

2000 3563 2244 3617 Dicamus
2272 3577 2420 3632 ergo,
2449 3562 2712 3632 Propitius
2732 3575 2837 3618 esto
2858 3567 2983 3619 mihi
3003 3571 3256 3635 percntari
3275 3585 3297 3634 ;
3325 3570 3418 3624 sed
3445 3581 3499 3625 ct
3527 3575 3571 3627 si

1997 3654 2133 3707 alius
2176 3655 2337 3718 dicat,
2368 3669 2435 3728 ne
2484 3654 2845 3724 indignemur.
2889 3656 2982 3711 Sin
3025 3668 3201 3714 autem
3230 3662 3326 3730 ipsi
3355 3661 3570 3733 quidem

1998 3746 2235 3799 dicamus
2261 3746 2327 3800 de
2352 3744 2504 3801 nobis
2531 3747 2667 3800 mala
2694 3747 3121 3813 innumerabilia,
3157 3759 3212 3805 et
3244 3753 3310 3805 ab
3338 3754 3456 3807 aliis
3476 3770 3567 3807 au-

1998 3837 2206 3891 dientes
2234 3836 2547 3902 irascamur,
2579 3851 2685 3889 non
2708 3847 2785 3891 est
2820 3836 2923 3892 hoc
2950 3839 3132 3909 utique
3178 3841 3450 3897 humilitas
3473 3861 3566 3900 ue-

1998 3943 2102 3998 que
2128 3926 2413 3991 confessio,
2432 3926 2523 3980 sed
2551 3929 2837 3982 ostentatio
2859 3937 2912 3982 et
2929 3929 3098 3985 inanis
3118 3932 3303 4001 gloria.
3325 3934 3572 3990 Ostenta-

2000 4020 2144 4073 tione
2159 4025 2261 4081 est,
2278 4017 2464 4085 inquit,
2480 4016 2715 4086 seipsum
2728 4032 2920 4073 vocare
2932 4029 3263 4088 peccatorem
3277 4022 3535 4079 ?Maxime
3558 4042 3572 4079 :

2000 4106 2312 4161 humilitatis
2353 4105 2495 4159 cnim
2528 4106 2920 4163 existimatione
2966 4106 3210 4177 fruimur,
3260 4111 3313 4165 in
3341 4113 3576 4167 admira-

2001 4202 2142 4255 tione
2172 4198 2449 4263 habemur,
2483 4197 2728 4253 laudibus
2757 4199 3064 4253 cxtollimur
3090 4217 3103 4253 :
3136 4202 3179 4257 si
3210 4217 3338 4257 vero
3381 4203 3449 4258 de
3477 4218 3575 4259 uo-

1999 4292 2080 4347 bis
2107 4290 2331 4345 dicimus
2356 4289 2701 4354 contrarium,
2725 4288 3071 4358 despicimur.
3092 4292 3448 4359 Quamobrem
3477 4295 3578 4350 hoc

2000 4398 2211 4455 quoque
2237 4381 2461 4435 facimus
2492 4388 2707 4448 propter
2732 4380 2978 4449 gloriam.

2078 4472 2354 4526 Humilitas
2400 4470 2521 4540 quid
2550 4470 2633 4524 sit.
2665 4501 2734 4510 ——-
2762 4470 2897 4538 Quid
2926 4480 3011 4527 est
3054 4484 3232 4528 autem
3272 4474 3578 4529 humilitas?

2002 4564 2197 4618 Prnbra
2226 4562 2427 4630 ingesta
2457 4560 2614 4623 ferre,
2640 4571 2910 4628 peccatum
2956 4578 3263 4633 agnoscere,
3294 4566 3433 4620 ferre
3463 4580 3576 4617 ma-

2004 4657 2213 4710 ledicta.
2247 4654 2321 4707 Ne
2350 4652 2449 4707 hoc
2478 4653 2689 4721 quidem
2724 4652 2882 4706 fuerit
2914 4654 3247 4716 humilitatis,
3282 4655 3377 4707 sed
3422 4655 3570 4707 beni-

1999 4737 2086 4809 gni
2113 4735 2275 4790 animi
2306 4743 2357 4788 et
2378 4733 2610 4802 ingenui.
2628 4732 2777 4786 Nunc
2794 4742 2969 4786 autem
2990 4745 3086 4784 nos
3115 4730 3328 4799 quidem
3348 4730 3574 4784 dicimus

2002 4836 2331 4899 peccatores,
2381 4824 2648 4892 indignos,
2673 4832 2727 4876 et
2752 4823 2853 4875 alia
2900 4819 3343 4881 innumerabilia;
3388 4819 3484 4874 sed
3532 4823 3574 4874 si

1999 4919 2118 4988 quis
2141 4917 2275 4971 alius
2300 4915 2451 4969 nobis
2481 4930 2641 4968 unum
2696 4929 2759 4967 ex
2792 4913 2873 4965 his
2900 4911 3137 4980 objiciat,
3158 4925 3305 4979 mgre
3334 4909 3574 4974 ferimus,

2001 5009 2307 5064 efferamur.
2357 5005 2518 5060 Vides
2546 5003 2686 5074 quod
2719 5004 2818 5057 hoc
2848 5018 2952 5056 non
2985 5004 3054 5054 sit
3083 5000 3372 5063 confessio,
3403 5016 3577 5069 neque

2001 5103 2163 5157 animi
2214 5099 2553 5171 tngenuitas?
2585 5098 2769 5151 Dixisti
2821 5096 3046 5165 teipsum
3089 5110 3208 5148 esse
3265 5094 3467 5147 talem:
3512 5110 3579 5145 ne

2003 5193 2269 5258 irascaris,
2310 5192 2372 5245 si‘
2398 5190 2466 5243 ab
2507 5190 2623 5242 aliis
2652 5189 2701 5241 id
2732 5187 2882 5240 audis
2924 5196 2979 5240 et
3005 5186 3283 5254 argueris;
3314 5199 3434 5237 nam
3484 5184 3575 5237 tibi

2001 5288 2078 5341 sic
2109 5287 2244 5342 levia
2282 5284 2579 5340 redduntur
2601 5291 2839 5352 peccata,
2864 5280 3078 5350 quando
3100 5280 3188 5332 alii
3217 5279 3574 5346 exprobrant;

2002 5381 2101 5435 sibi
2149 5379 2289 5434 enim
2333 5392 2469 5431 onus
2515 5377 2832 5444 imponunt,
2884 5382 2934 5426 te
2980 5378 3156 5425 autem
3198 5370 3457 5423 inducunt
3511 5370 3575 5421 ad

2005 5469 2413 5540 philosophiam.
2451 5467 2584 5520 Audi
2613 5465 2738 5534 quid
2771 5464 2911 5518 dicat
2939 5463 3126 5516 beatus
3158 5460 3339 5521 David,
3368 5459 3578 5529 quando

2001 5579 2120 5616 eum
2155 5559 2536 5616 exsecrahatur
2562 5555 2737 5611 Semci
2773 5573 2786 5607 :
2824 5553 3030 5607 Dimitte
3062 5568 3196 5614 eum,
3225 5551 3432 5620 inquit:
3468 5549 3577 5604 Do-

2001 5654 2164 5705 minus
2191 5652 2236 5703 ei
2266 5648 2538 5712 manaavit,
2566 5656 2618 5699 ut
2646 5645 2805 5698 rideat
2826 5643 3158 5696 Immililatcm
3176 5658 3334 5694 meam
3360 5658 3377 5696 :
3399 5652 3441 5695 et
3464 5645 3578 5694 red-

2000 5745 2080 5798 a'ct
2112 5744 2232 5797 mihi
2265 5741 2508 5793 Dominus
2540 5740 2667 5792 bona
2697 5754 2786 5803 pro
2817 5738 2923 5800 eius
2956 5736 3296 5790 tJ'scrraliouc
3337 5751 3448 5807 (ικαὶ
3482 5735 3577 5792 fuit
