3970 6152
285 317 376 379 191

294 439 442 493 hodie
483 436 558 503 (ἓ.
605 434 727 501 ne”.
763 429 844 484 16.
902 427 985 480 10.
1032 424 1143 495 12).
1172 423 1252 478 Tu
1294 427 1477 475 autem"
1500 416 1569 471 de
1606 424 1657 469 te
1684 413 1869 500 dicens

291 530 498 571 summa
529 511 758 577 mala,'si
790 524 897 563 non
925 509 992 561 ab
1013 506 1130 558 aliis
1162 503 1348 556 audias
1388 511 1699 568 magnorum
1732 510 1871 548 Vtro-

294 626 412 665 rum
440 620 491 663 et
513 608 773 677 justorum
811 600 1017 665 laudes,
1050 596 1311 653 eﬂ'eraris.
1353 592 1514 647 Vides
1549 588 1690 660 quod
1736 587 1872 641 ludis

292 702 351 756 in
382 700 538 754 rebus
568 712 670 750 non
713 692 965 748 ludicris?
1015 688 1203 743 laudes
1229 686 1371 742 enim
1401 682 1709 752 repellimus
1737 677 1873 731 alia-

295 807 411 845 rum
442 788 650 842 laudum
679 784 967 846 desiderio,
988 791 1045 835 ut
1076 783 1266 834 iterum
1295 777 1495 845 majora
1524 782 1874 840 assequamur

296 880 558 943 cncomia,
593 887 649 932 ut
692 877 742 930 in
773 874 980 944 majore
1026 873 1320 927 habeamur
1357 866 1729 922 admiratione.
1767 860 1877 917 Nos

300 972 480 1040 itaque
503 985 607 1025 non
637 969 987 1023 admittentes
1030 962 1215 1018 laudes
1251 970 1309 1015 ut
1354 974 1446 1015 eas
1465 969 1754 1028 augeamus
1781 955 1883 1009 hoc

934 304 993 359 S.
1033 297 1309 358 JOANNIS
1341 287 1818 356 CIIRYSOSTOMI
1856 282 2174 361 ARCIIlEI‘.
2209 265 2739 336 CONSTANTINOI’.

1968 402 2211 465 facimus,
2234 407 2289 453 et
2327 393 2504 450 omnia
2544 405 2573 443 a
2623 383 2774 440 nobis
2813 381 2945 434 liunt
2975 375 3040 431 ad
3070 372 3316 444 gloriam,
3341 380 3452 465 non
3476 362 3544 465 ad
3636 406 3639 409 λ

1969 497 2269 552 veritatem.
2293 491 2575 557 Drepterea
2597 487 2721 535 sunt
2748 473 2926 531 omnia
2951 467 3153 532 inania,
3170 461 3345 517 omnia
3365 456 3545 510 dubia.

3446 252 3546 306 ιςιτι

1973 580 2344 657 Quamobrem‘
2364 555 2493 648 rogo
2520 586 2580 628 ut
2602 585 2743 628 nunc
2771 566 2959 620 saltem
2984 555 3298 615 abstineatis
3326 567 3358 605 a
3382 556 3551 603 matre

1978 648 2237 739 malorum
2285 674 2426 730 inani
2470 667 2675 740 gloria,
2707 669 2763 718 et
2789 658 2976 712 vivatis
3003 662 3060 708 ut
3100 652 3209 706 Deo
3238 648 3408 717 placet
3498 648 3552 693 ut

1982 778 2153 832 futura
2198 778 2414 837 quoque
2441 762 2581 816 bona
2628 762 3043 822 consequamur,
3094 744 3146 798 in
3193 739 3409 796 Christo
3429 733 3555 790 Jesu

1987 864 2211 920 Domino
2239 867 2442 914 uestro.

308 1087 3458 1137 ____________________________________________.——.
3502 1092 3563 1099 μ-

1575 1153 1922 1217 HOMILIA
1962 1149 2259 1212 XXVIII.

308 1307 436 1362 CAP.
462 1305 547 1358 ll.
588 1318 640 1355 v.
668 1302 759 1356 57.
805 1297 1118 1354 Circuierunt
1146 1294 1197 1347 in
1224 1290 1439 1355 metatis,
1467 1289 1520 1342 in
1548 1286 1760 1357 pellibus
1785 1299 1870 1337 ca—

382 1396 563 1467 prinis,
590 1401 807 1463 egentes,
831 1387 1131 1460 angustiati,
1159 1382 1325 1454 amicti
1340 1399 1357 1446 ;
1382 1380 1470 1436 58.
1497 1377 1678 1448 quibus
1698 1374 1884 1444 dignus

384 1504 484 1541 non
513 1494 618 1539 erat
646 1481 887 1544 mundus;
916 1480 968 1532 in
994 1472 1352 1532 solitudinibus
1383 1477 1627 1534 errantes,
1656 1468 1711 1521 in
1738 1481 1885 1519 mon-

387 1577 537 1635 tibus,
563 1575 615 1628 in
640 1558 892 1642 speluncis
919 1578 966 1623 et
994 1571 1047 1621 in
1075 1565 1298 1621 cavernis
1329 1573 1494 1616 teme.

387 1670 440 1725 1.
481 1668 705 1736 Semper
731 1662 967 1734 quidem,
1002 1658 1233 1715 maxime
1262 1663 1439 1710 autem
1468 1651 1683 1723 quando
1710 1648 1888 1719 cogito

318 1776 405 1816 res
427 1767 606 1830 gestas
632 1764 959 1815 sanctorum,
989 1761 1113 1808 tunc
1138 1748 1270 1802 mihi
1297 1745 1444 1801 venit
1490 1744 1542 1798 in
1569 1751 1801 1797 mentem
1827 1738 1895 1793 de

319 1869 406 1909 me
430 1853 739 1921 desperare,
763 1847 904 1918 quod
952 1860 1052 1900 nec
1094 1844 1150 1897 in
1195 1840 1399 1897 somnis
1445 1837 1658 1908 quidem
1690 1834 1895 1905 experti

319 1958 526 2008 sumus,
558 1944 609 1996 in
642 1941 837 2012 quibus
866 1938 966 1993 viri
998 1935 1075 1990 illi
1106 1942 1218 1989 toto
1247 1941 1488 1999 tempore
1516 1934 1644 1984 sunt
1670 1925 1894 1993 versati,

321 2051 426 2087 non
458 2040 794 2102 peccatorum
827 2042 1010 2097 ptenas
1036 2027 1262 2089 luentes,
1283 2021 1378 2077 sed
1404 2035 1492 2077 res
1509 2020 1676 2075 bonas
1700 2033 1766 2074 ex
1783 2018 1894 2072 vir-

314 2122 426 2167 tute
444 2123 690 2182 gcrentcs
707 2121 759 2167 et
776 2127 986 2181 semper
1004 2110 1207 2166 afﬂicti.
1224 2111 1355 2165 Nam
1372 2111 1543 2181 cogita
1562 2109 1691 2164 mibi
1711 2109 1903 2173 Ellam,

328 2204 393 2258 ad
443 2220 599 2275 quem
634 2202 794 2258 hodie
823 2204 961 2257 rodit
984 2203 1155 2258 oratio
1183 2218 1199 2258 :
1225 2202 1293 2257 de
1321 2203 1412 2258 illo
1446 2202 1588 2256 enim
1628 2200 1715 2254 hic
1742 2200 1904 2266 dicit,

327 2300 645 2354 Circuierunt
699 2299 753 2350 in
800 2297 1018 2357 metatis,
1059 2306 1110 2350 et
1166 2296 1219 2349 in
1269 2310 1391 2350 eum
1440 2294 1692 2349 desinunt
1738 2292 1907 2362 ipsius

330 2387 575 2457 exempla
608 2405 623 2441 :
654 2385 795 2457 quod
829 2393 945 2440 erat
973 2384 1238 2440 familiare
1267 2384 1381 2440 istis
1410 2392 1465 2438 et
1502 2382 1798 2453 pr0prium.
1840 2380 1910 2434 Et

336 2479 648 2535 memoratis
693 2476 955 2546 apostolis
1001 2474 1145 2545 quod
1195 2475 1247 2529 in
1295 2474 1565 2529 occisione
1599 2472 1762 2543 gladii
1803 2471 1908 2525 sint

335 2569 530 2624 mortui
560 2610 574 2635 ,
616 2566 758 2636 quod
807 2566 1021 2635 lapidati
1048 2607 1062 2630 ,
1103 2564 1347 2620 ascendit
1376 2578 1565 2619 rursus
1595 2562 1659 2618 ad
1692 2561 1863 2615 Eliam
1891 2600 1907 2626 ,

337 2660 425 2725 qui
468 2657 653 2713 eadem
678 2672 796 2726 qum
824 2655 922 2725 ipsi
960 2663 1279 2724 passuscst.
1321 2653 1455 2708 Nam
1497 2653 1752 2723 quoniam
1795 2658 1913 2705 erat

339 2749 628 2805 verisimile
655 2763 747 2802 eos
776 2746 845 2802 de
885 2745 1142 2814 apostolis
1187 2744 1423 2799 nondum
1471 2746 1671 2797 tanta’m
1713 2757 1909 2796 coneeo

341 2845 481 2913 pisse
525 2840 863 2910 Opinionem,
894 2837 961 2892 ab
1000 2852 1065 2892 co
1113 2836 1200 2906 qui
1252 2836 1348 2889 fuit
1394 2842 1730 2902 assumptus,
1758 2841 1813 2888 et
1856 2833 1910 2886 in

338 2931 570 2984 maxima
588 2929 800 2983 habitus
820 2936 903 2981 est
923 2926 1298 2990 admiratione,
1317 2923 1472 2978 all'crt
1487 2922 1917 2978 exhortationem

336 3036 389 3075 et
411 3020 854 3075 consolationem.
880 3016 1193 3072 Circuierunt
1215 3016 1381 3083 enim,
1406 3014 1596 3083 inquit,
1624 3012 1677 3065 in
1700 3010 1918 3073 melotis,

336 3112 389 3163 in
420 3110 636 3180 pellibus
665 3108 912 3179 caprinis,
941 3116 1163 3179 egentes,
1189 3105 1485 3175 angustiati,
1513 3103 1684 3173 afﬂicti
1704 3117 1719 3155 :
1743 3100 1922 3171 quibus

339 3202 524 3272 dignus
551 3216 651 3254 non
680 3212 788 3253 erat
823 3199 1060 3252 mundus.
1092 3197 1168 3252 Ne
1192 3208 1396 3250 Vestem
1429 3195 1644 3266 quidem
1667 3193 1919 3264 ,xinquit,

341 3291 609 3347 habebant
633 3286 855 3362 propter
877 3305 1142 3344 summam
1175 3287 1522 3342 afflictionem
1544 3328 1558 3352 ,
1591 3300 1697 3340 non
1730 3285 1919 3339 civita-

340 3396 465 3451 tem,
498 3400 603 3439 non
633 3383 876 3450 domum,
906 3399 1009 3437 non
1045 3378 1404 3436 habitaculum
1431 3397 1445 3433 :
1468 3378 1571 3433 hoc
1591 3377 1732 3448 ιιιιιιό
1762 3376 1921 3431 Chri-

337 3485 453 3529 stus
504 3474 747 3540 dicebat,
786 3472 955 3527 Filius
1003 3481 1171 3525 autem
1223 3470 1444 3525 hominis
1489 3484 1590 3522 non
1642 3467 1789 3520 liabet
1837 3466 1923 3521 ubi

337 3576 490 3634 caput
519 3567 727 3621 reclinet
761 3564 979 3636 (Matth.
1010 3564 1063 3619 8.
1092 3560 1208 3635 20).
1238 3561 1376 3631 Quid
1405 3561 1547 3625 dico,
1581 3574 1686 3615 non
1717 3558 1921 3613 habita-

338 3657 553 3711 culum?
585 3672 653 3712 ne
697 3658 985 3712 stationem
1029 3654 1245 3726 quidem
1271 3673 1285 3709 :
1317 3669 1439 3708 nam
1471 3667 1646 3723 neque
1675 3666 1796 3707 cum
1826 3665 1921 3705 ve-

341 3751 549 3807 nissent
577 3751 631 3807 in
662 3750 1005 3806 solitudinem
1031 3790 1044 3815 ,
1075 3749 1312 3819 quietem
1340 3746 1567 3817 agebant
1594 3761 1609 3800 :
1641 3760 1749 3800 non
1776 3743 1921 3799 enim

337 3844 486 3909 dicit,
513 3843 788 3900 Sedebant
818 3844 871 3897 in
901 3842 1208 3906 solitudine,
1234 3839 1330 3896 sed
1355 3847 1554 3894 etcum
1584 3836 1691 3891 illic
1715 3844 1919 3903 essent,

338 3936 611 4008 fugiebant
639 3946 695 3992 et
721 3938 869 3991 illiue
894 3935 1326 4004 expellebantur,
1354 3949 1459 3987 non
1489 3932 1663 3985 solmn
1688 3945 1753 3984 ex
1779 3938 1920 3983 terra

342 4027 598 4093 habitata,
625 4027 717 4082 sed
746 4027 907 4081 etiam
930 4041 997 4079 ex
1024 4023 1377 4078 inhabitabili.
1429 4022 1493 4075 Et
1524 4022 1574 4076 in
1604 4019 1919 4075 memoriam

339 4118 417 4172 eis
448 4125 664 4172 revocat
692 4117 807 4171 loca
839 4116 891 4169 in
921 4115 1115 4181 quibus
1144 4112 1438 4172 sederunt,
1471 4120 1526 4164 et
1553 4125 1641 4166 res
1666 4126 1785 4179 quze
1817 4109 1924 4163 illic

341 4210 499 4264 factm
528 4216 653 4263 sunt
678 4225 691 4262 :
721 4206 965 4279 Egentes,
989 4205 1179 4277 afﬂicti.
1212 4201 1416 4259 Deinde
1453 4217 1571 4267 vos,
1605 4200 1805 4270 inquit,
1836 4213 1925 4252 ae-

318 4288 530 4355 Icusant
577 4309 799 4369 propter
837 4297 1135 4363 Christum,
1166 4305 1222 4350 et
1272 4293 1373 4350 hoc
1417 4292 1698 4363 patrabant
1734 4300 1923 4346 contra

343 4393 519 4446 Eliam
551 4409 565 4446 :
593 4390 720 4460 quid
768 4388 1041 4444 habebant
1065 4388 1135 4443 de
1164 4403 1270 4457 quo
1297 4403 1417 4441 eum
1444 4392 1797 4448 accusarent,
1829 4398 1926 4438 cur

339 4484 708 4553 expellerent,
742 4491 1198 4555 persequerentur
1227 4489 1281 4535 et
1308 4495 1429 4535 cum
1460 4480 1597 4534 fame
1624 4475 1923 4533 conﬂictari

339 4574 802 4651 cogerentiQuod
825 4574 876 4627 bi
904 4588 1116 4643 quoque
1143 4582 1267 4626 tunc
1297 4570 1631 4640 patiebantur
1656 4588 1668 4623 :
1690 4579 1925 4638 propter-

339 4682 404 4720 ea
433 4666 561 4721 alibi
595 4665 832 4732 dicebat,
863 4664 1250 4728 Decreverunt,
1279 4660 1470 4729 inquit,
1495 4660 1711 4714 mittere
1734 4658 1812 4712 eis
1833 4657 1923 4727 qui

340 4759 647 4829 afﬂiguntur
674 4774 740 4813 es
768 4756 1065 4827 discipulis.
1093 4755 1354 4822 Quantum
1381 4760 1653 4823 suppetunt
1669 4751 1819 4804 alicui
1838 4754 1924 4821 fa-

340 4854 567 4917 cultates,
587 4862 871 4906 statuerunt
913 4849 1252 4920 unusquisque
1279 4863 1453 4902 eorum
1482 4847 1674 4899 mittere
1691 4844 1743 4898 in
1777 4844 1926 4896 mini-

340 4946 547 4998 sterium
579 4944 920 4999 habitantibus
946 4943 1000 4996 in
1023 4941 1209 4995 Judaza
1238 4939 1482 5009 fratribus
1513 4937 1647 5010 (Act.
1677 4937 1764 4991 Η.
1787 4934 1856 4989 29
1877 4935 1920 5006 ).

266 5040 273 5043 ἡ
339 5037 492 5105 Quod
537 5037 729 5093 borum
775 5050 989 5107 quoque
1044 5042 1178 5089 erat.
1225 5033 1424 5104 Aﬁiicti,
1466 5031 1667 5100 inquit;
1719 5027 1773 5083 id
1819 5037 1922 5094 est,

340 5130 478 5185 male
523 5129 824 5198 patientes,
868 5128 920 5182 in
967 5126 1108 5192 viis,
1159 5126 1210 5178 in
1256 5124 1505 5194 periculis
1534 5139 1548 5178 ι
1576 5121 1717 5191 quod
1761 5122 1921 5175 etiam

340 5223 530 5276 horum
559 5234 698 5277 erat.
749 5221 1065 5275 Circnierunt
1095 5228 1293 5281 autem,
1323 5217 1448 5288 quid
1475 5216 1591 5271 est?
1633 5214 1701 5268 In
1743 5214 1926 5268 solitu-

338 5313 557 5377 dinibus,
593 5314 767 5384 inquit
788 5354 803 5377 ,
832 5321 1059 5365 errantes
1086 5320 1132 5363 et
1160 5310 1413 5364 montibus
1439 5318 1484 5362 et
1511 5308 1565 5361 in
1589 5308 1847 5376 speluncis
1875 5316 1924 5358 et

338 5406 560 5459 cavernis
591 5414 757 5462 terrae.
788 5404 1063 5473 Tanquam
1098 5400 1325 5470 fugitivi,
1356 5400 1547 5469 inquit,
1574 5399 1920 5464 circuierunt,

339 5505 388 5547 et
422 5496 511 5563 qui
538 5511 568 5551 e
593 5496 707 5550 suis
735 5496 967 5564 migrant
996 5491 1237 5556 sedibus,
1266 5501 1536 5560 tamquam
1559 5491 1649 5560 qui
1683 5491 1921 5560 turpissi-

344 5602 550 5638 morum
583 5587 844 5641 scelerum
882 5583 1301 5645 suntconvieti,
1344 5592 1615 5650 tamquam
1662 5598 1729 5636 ne
1776 5580 1922 5649 digni

344 5668 559 5735 quidem
604 5672 769 5725 solem
817 5670 1010 5725 intueri
1042 5710 1057 5736 ,
1088 5684 1155 5723 nc
1182 5684 1245 5723 ex
1278 5667 1563 5726 solitudine
1593 5667 1806 5734 quidem
1836 5665 1915 5719 in-
1966 5685 1970 5688 ‘

1993 1288 2252 1331 venerunt
2292 1276 2541 1346 effugium
2565 1316 2580 1341 ,
2620 1275 2716 1330 sed
2761 1290 2977 1347 semper
3018 1275 3301 1344 Oportebat
3347 1275 3573 1344 fugere,

1991 1370 2271 1439 oportebat
2315 1370 2535 1425 latibula
2579 1384 2858 1440 quaerere,
2886 1367 3173 1438 oportebat
3215 1384 3277 1422 se
3321 1368 3470 1422 vivos
3516 1368 3571 1423 in

1993 1472 2186 1516 terram
2232 1460 2516 1529 infodere,
2561 1476 2776 1531 semper
2819 1474 2939 1515 esse
2986 1463 3036 1514 in
3079 1468 3242 1513 metu.
3278 1460 3368 1513 59.
3409 1457 3475 1511 Et
3519 1459 3577 1511 lii

1992 1572 2162 1610 omnes
2204 1555 2485 1608 testimonio
2527 1552 2724 1624 probati
2757 1569 2845 1621 per
2871 1553 3062 1621 ﬁdem,
3107 1568 3209 1604 non
3252 1550 3574 1615 obtinuerunt

1991 1646 2452 1717 repromissionem,
2479 1645 2570 1699 40.
2600 1643 2709 1697 Deo
2740 1660 2831 1714 pro
2861 1642 3004 1697 nobis
3034 1643 3214 1697 melius
3234 1641 3427 1710 aliquid
3455 1659 3575 1710 pro-

1993 1740 2207 1805 vidente,
2230 1750 2283 1791 ut
2310 1756 2371 1792 ne
2389 1739 2497 1793 sine
2522 1740 2661 1791 nobis
2681 1747 3173 1791 consummarentur.
3198 1736 3327 1802 Qua:
3346 1747 3428 1790 est
3448 1751 3573 1804 ergo

1994 1844 2199 1893 merces
2225 1840 2386 1884 tanta:
2412 1830 2562 1899 spei?
2587 1845 2705 1899 qua:
2733 1828 3129 1882 remuneratio?
3158 1827 3323 1882 Tanta
3350 1839 3496 1881 certe
3520 1834 3576 1880 ut

1993 1921 2237 1975 oratione
2264 1919 2489 1989 exprimi
2519 1935 2622 1972 non
2657 1919 2843 1988 possit.
2874 1917 2953 1971 Ea
2984 1919 3125 1970 enim
3147 1958 3161 1976 ,
3196 1917 3365 1987 inquit
3391 1956 3405 1981 ,
3440 1932 3576 1984 prte-

1996 2015 2189 2083 paravit
2218 2012 2351 2066 Dens
2378 2011 2704 2083 diligentibus
2731 2028 2868 2075 eunt,
2899 2026 3013 2079 qua:
3038 2026 3197 2079 neque
3225 2007 3402 2063 oculus
3429 2008 3573 2071 vidit,

1994 2124 2083 2160 nec
2106 2109 2245 2160 auris
2274 2106 2467 2159 audivit
2494 2146 2507 2169 ,
2540 2121 2630 2158 nec
2661 2104 2714 2156 in
2740 2120 2826 2157 cor
2853 2102 3073 2156 hominis
3114 2102 3451 2155 ascenderunt
3481 2103 3498 2169 (
3523 2100 3575 2153 Ι.

1995 2198 2112 2252 Cor.
2141 2196 2197 2252 2.
2227 2195 2319 2267 9).
2378 2195 2485 2250 Sed
2523 2194 2749 2248 nondum
2792 2201 3114 2262 acceperunt,
3162 2206 3348 2246 verum
3397 2190 3575 2249 adhuc

1994 2296 2327 2357 exspectant,
2355 2301 2476 2341 cum
2511 2285 2563 2339 in
2596 2293 2737 2338 tanta
2768 2282 3103 2338 decesserint
3130 2280 3441 2336 afflictione.
3473 2281 3581 2335 Tot

1995 2389 2120 2433 sunt
2148 2377 2273 2432 anni
2301 2394 2365 2432 ex
2395 2393 2501 2447 quo
2529 2377 2770 2430 vicerunt
2793 2417 2807 2442 ,
2839 2383 2892 2430 et
2935 2373 3174 2428 nondum
3206 2386 3533 2443 acceperunt
3559 2393 3575 2430 :

1996 2488 2090 2529 vos
2113 2480 2290 2527 autem
2318 2471 2443 2525 dum
2471 2469 2647 2523 adhuc
2667 2468 2905 2534 certatis,
2938 2468 3115 2522 moesti
3141 2467 3306 2521 estis?
3335 2468 3582 2537 Cogitate

2000 2579 2095 2620 vos
2128 2579 2339 2634 anque
2368 2561 2492 2631 quid
2524 2569 2579 2615 et
2608 2569 2864 2630 quantum
2894 2559 2983 2624 sit,
3014 2558 3205 2613 sedere
3230 2558 3498 2613 Abraham
3527 2568 3583 2613 et

1997 2658 2216 2715 Paulum
2261 2655 2563 2727 apostolum
2608 2661 2985 2723 exspectantes
3037 2652 3252 2721 quando
3311 2660 3364 2705 tu
3416 2651 3582 2706 fueris

1997 2759 2435 2811 consummatus,
2470 2756 2526 2801 ut
2557 2757 2682 2800 tunc
2715 2747 2919 2815 possint
2955 2744 3203 2814 accipere
3248 2744 3576 2799 mercedem.

1997 2844 2152 2909 Nam,
2187 2843 2284 2896 nisi
2316 2857 2412 2895 nos
2441 2854 2657 2910 quoque
2685 2836 3036 2907 adfuerimus,
3073 2837 3322 2906 prmdixit
3346 2837 3426 2890 eis
3454 2836 3582 2891 Scr-

1990 2946 2152 2990 xvator
2177 2950 2236 2989 se
2264 2949 2368 2987 non
2400 2932 2648 2986 daturum
2677 2946 2690 2981 :
2716 2929 2853 2982 sicut
2875 2928 2918 2981 si
2950 2937 3101 2996 pater
3126 2927 3418 2982 benevolus
3440 2927 3585 2980 dit-at

1999 3027 2181 3098 probis
2213 3024 2335 3079 filiis
2357 3032 2412 3078 et
2435 3034 2526 3092 qut
2556 3037 2694 3090 opus
2721 3017 3096 3081 confecerunt,
3117 3032 3176 3071 se
3204 3032 3308 3071 n0n
3332 3017 3588 3071 daturum

2000 3119 2141 3192 quod
2167 3117 2366 3179 edant,
2402 3115 2501 3169 nisi
2538 3112 2786 3168 venerint
2817 3125 3003 3165 eorum
3044 3109 3263 3164 fratres.
3292 3108 3369 3162 Tu
3401 3116 3580 3162 autem

2001 3225 2142 3282 δἐι-θ
2174 3209 2280 3265 fers
2306 3206 2448 3278 quod
2482 3204 2784 3260 mercedem
2817 3202 3053 3256 nondum
3098 3200 3414 3269 acceperis?
3445 3200 3581 3267 Quid

2000 3288 2131 3375 ergo
2159 3302 2317 3357 faciet
2344 3299 2495 3363 Abel,
2524 3298 2613 3367 qui
2647 3307 2774 3351 ante
2799 3308 2987 3349 omnes
3017 3292 3176 3357 vicit,
3211 3300 3267 3348 et
3295 3292 3444 3347 sedet
3475 3306 3582 3345 non

2003 3391 2322 3451 coronatus?
2342 3388 2467 3460 quid
2490 3403 2617 3441 vero
2637 3385 2788 3440 Noe?
2807 3382 2933 3454 quid
2954 3382 3011 3448 ii,
3031 3382 3121 3452 qui
3149 3382 3257 3437 illis
3280 3382 3426 3438 fuere
3451 3391 3587 3434 tein-

2003 3487 2253 3560 poribus,
2284 3484 2373 3553 qui
2408 3490 2458 3536 te
2488 3490 2543 3535 et
2572 3495 2667 3536 eos
2692 3478 2782 3549 qui
2820 3486 2941 3546 post
2971 3484 3022 3531 te
3049 3483 3207 3529 erunt
3234 3475 3587 3543 exspectant?

2076 3575 2479 3632 Christianorum
2522 3570 2715 3641 eptima
2746 3567 2991 3622 conditio.
3015 3596 3086 3605 —
3116 3565 3279 3620 Vides
3306 3564 3450 3636 quod
3483 3565 3589 3618 illis

2006 3681 2191 3723 smnus
2218 3664 2548 3732 superiores,
2573 3671 2626 3715 et
2653 3659 2842 3714 melior
2867 3657 2937 3712 sit
2963 3665 3148 3711 nostra
3179 3671 3337 3726 quam
3369 3656 3585 3710 illorum

2006 3756 2276 3813 conditio?
2298 3752 2372 3808 De
2390 3752 2537 3807 nobis
2552 3754 2705 3816 enim,
2732 3748 2926 3819 inquit,
2948 3748 3148 3817 aliquid
3163 3748 3341 3802 melius
3355 3747 3588 3816 prwvidit

2012 3848 2167 3901 Deus.
2190 3845 2268 3901 Ne
2290 3844 2598 3899 viderentur
2610 3840 2752 3897 enim
2775 3853 2896 3894 esse
2917 3836 3154 3892 melioris
3171 3852 3332 3907 quam
3350 3852 3447 3890 nos
3460 3852 3586 3889 eon-

2012 3934 2250 3997 ditionis,
2296 3935 2342 3987 si
2374 3931 2528 4001 primi
2581 3937 2992 3993 coronarentur,
3048 3924 3291 3980 definivit
3339 3921 3587 3975 omnibus

2015 4039 2178 4079 unum
2212 4032 2421 4092 tempus
2463 4035 2813 4084 coronarum;
2857 4026 2910 4072 et
2937 4017 3025 4087 qui
3053 4025 3157 4069 tam
3186 4014 3364 4068 multis
3387 4022 3509 4067 ante
3541 4023 3594 4066 te

2016 4114 2172 4169 annis
2196 4113 2342 4178 vicit,
2364 4121 2536 4167 tecum
2565 4110 2756 4178 accipit
2780 4123 3057 4163 coronam.
3084 4105 3246 4160 Vides
3284 4106 3375 4159 Dei
3405 4118 3591 4159 curam

2016 4214 2072 4259 et
2119 4200 2546 4273 providentiam?
2596 4198 2709 4253 Non
2757 4197 2907 4265 dixit,
2939 4197 3014 4252 Ne
3067 4198 3182 4251 sine
3231 4195 3384 4249 nobis
3432 4210 3592 4249 coro-

2019 4306 2245 4360 nentur;
2303 4294 2421 4357 sed,
2476 4291 2542 4347 Ut
2594 4280 2692 4345 non
2742 4290 2850 4344 sine
2888 4290 3029 4344 nobis
3076 4297 3598 4342 consummarentur:

2019 4388 2198 4458 itaque
2228 4396 2351 4441 tunc
2380 4391 2639 4454 apparent
2684 4382 2931 4452 perfecti.
2976 4381 3374 4436 Praecesserunt
3398 4380 3449 4432 in
3480 4395 3603 4432 cer-

2022 4477 2343 4542 taminibus,
2399 4473 2494 4529 sed
2564 4491 2667 4526 nun
2733 4470 3042 4541 prmcedunt
3082 4472 3134 4525 iu
3189 4471 3424 4525 coronis.
3480 4469 3599 4523 Non

2021 4569 2140 4624 illos
2189 4567 2346 4631 laesit,
2398 4565 2492 4619 sed
2540 4580 2638 4619 nos
2686 4563 3020 4617 honoravit:
3058 4561 3155 4630 ipsi
3210 4561 3351 4615 enim
3405 4559 3604 4615 fratres

2019 4664 2353 4723 exspectant.
2387 4655 2523 4709 Nam
2573 4654 2618 4707 si
2674 4666 2862 4707 omnes
2908 4666 3094 4705 sumus
3146 4667 3308 4704 unum
3365 4665 3601 4719 corpus,

2021 4749 2230 4803 exsistit
2276 4747 2399 4801 huic
2441 4744 2654 4815 corpori
2702 4744 2874 4813 major
2919 4743 3183 4812 voluptas,
3212 4741 3425 4812 quando
3453 4756 3605 4795 com-

2023 4841 2254 4893 muniter
2296 4848 2605 4901 coronatur,
2661 4843 2716 4890 et
2762 4851 2871 4889 non
2896 4834 3225 4906 singulatim.
3281 4834 3493 4888 Etenim
3550 4834 3604 4888 in

2024 4931 2125 4983 hoc
2155 4944 2368 4999 quoque
2390 4936 2514 4981 sunt
2533 4926 2663 4998 justi
2686 4925 3053 4991 admirabiles,
3079 4925 3218 4995 quod
3243 4926 3487 4978 notantur
3510 4927 3602 4978 ho-

2024 5022 2105 5074 nis
2134 5019 2358 5074 fratrum
2394 5027 2664 5087 tamquam
2697 5017 2831 5072 suis.
2865 5016 3237 5087 Quamobrcut
3259 5016 3361 5071 hoc
3390 5033 3606 5087 quoque

2023 5114 2130 5168 illis
2157 5111 2300 5165 cedit
2325 5126 2390 5165 ex
2421 5111 2584 5164 animi
2614 5110 2694 5164 sui
2726 5111 3014 5171 sententia,
3042 5107 3187 5178 quod
3219 5124 3342 5162 cum
3372 5109 3607 5178 propriis

2025 5202 2281 5258 membris
2312 5201 2420 5256 sint
2440 5201 2682 5256 coronati
2712 5217 2724 5252 :
2755 5198 2898 5270 quod
2921 5199 3063 5253 enim
3091 5198 3247 5252 simul
3271 5199 3377 5252 sint
3403 5199 3607 5267 gloriti-

2022 5296 2146 5359 cati,
2172 5311 2360 5365 magna
2390 5305 2473 5349 est
2496 5294 2763 5363 voluptas.
2805 5291 2955 5365 (Cap.
2987 5292 3075 5361 12)
3108 5293 3158 5345 l.
3189 5290 3412 5362 Ideoque
3437 5300 3481 5343 et
3512 5307 3606 5345 nos

2026 5399 2221 5443 tantam
2246 5386 2480 5440 habentes
2505 5372 2796 5449 impositam
2826 5383 3006 5438 nubent
3036 5382 3256 5436 testium.
3310 5367 3317 5371 ”

2093 5482 2148 5536 2.
2191 5481 2463 5549 Scriptura
2496 5488 2638 5547 smpc
2665 5477 2859 5548 accipit
2888 5476 3311 5531 consolationem
3340 5474 3396 5528 io
3426 5476 3601 5541 malis,

2023 5591 2053 5629 c
2081 5573 2239 5627 rebus
2266 5589 2384 5643 qua:
2410 5571 2662 5626 accidunt
2689 5587 2701 5624 :
2728 5580 2782 5624 ut
2810 5569 3022 5639 quando
3044 5567 3177 5622 dicit
3205 5567 3458 5638 prOpbeta
3483 5588 3493 5622 :
3521 5568 3604 5623 lia:

2023 5677 2170 5735 testu,
2202 5675 2248 5720 et
2275 5664 2484 5732 duritie,
2516 5674 2562 5718 ct
2594 5663 2837 5718 imbribus
2869 5662 3044 5733 eripiet
3075 5671 3122 5716 te
3150 5660 3389 5731 llsai.\.’t.
3423 5663 3519 5729 li);
3551 5672 3607 5715 et
