3970 6152
359 282 459 340 1θὸ

357 396 634 460 κάκείνοις
682 392 843 449 τοῦτο
897 391 1038 447 κατὰ
1095 390 1323 463 γνώμην
1373 392 1511 455 ἐστὶ,
1564 390 1628 445 τὸ
1652 390 1793 461 μετὰ
1819 389 1929 445 τῶν

358 484 536 555 μελῶν
565 482 675 537 τῶν
708 482 855 534 ἰδίων
887 477 1296 548 στεφανωθῆναι
1325 494 1339 508 ·
1379 478 1441 530 τὸ
1472 478 1582 548 γάρ
1623 477 1758 549 ὁμοῦ
1783 478 1935 545 δσξα.

354 572 586 639 σθῆναι,
628 568 839 641 μεγάλη
895 566 1079 639 ἡδονή.
1135 564 1454 635 Τοιγαροῦν
1481 564 1582 619 καὶ
1628 564 1799 634 ἡμεῖς
1844 583 1934 619 το·

350 660 578 714 Γοῦτον
625 658 871 727 ἔχοντες
933 654 1348 723 περικείμενον
1403 651 1551 723 ἡμῖν
1579 655 1763 722 νέφος
1781 669 1931 722 μαρ-

360 763 386 801 τ
397 763 574 816 υρων.

430 948 495 1018 β’.
529 945 802 1015 Πολλαχοῦ
829 945 862 1014 ἡ
907 939 1097 1014 Γραφὴ
1129 940 1228 1012 τὴν
1260 938 1618 1010 παραμυθίαν
1665 937 1933 1009 λαμϐάνει

349 1035 446 1107 τὴν
463 1037 522 1087 ἐν
543 1037 655 1097 τοῖς
677 1035 868 1094 κακοῖς
882 1032 989 1084 άπὸ
1005 1031 1113 1083 τῶν
1134 1026 1541 1099 συμϐαινόντων
1567 1027 1932 1096 πραγμάτων,

302 1128 303 1131 “
360 1123 436 1187 ὡς
485 1124 615 1176 ὅταν
667 1121 801 1191 λέγῃ
841 1121 870 1172 ὁ
899 1119 1222 1190 προφήτηςο
1303 1114 1440 1171 Ἀπὸ
1485 1116 1787 1183 καύματος
1834 1113 1934 1167 καί

349 1212 792 1279 σκληρότητος,
826 1209 925 1263 καὶ
949 1207 1126 1262 ὑετοῦ
1141 1206 1396 1274 ῥύσεταί
1420 1219 1495 1258 σε
1517 1220 1531 1233 ·
1565 1203 1657 1257 καὶ
1688 1206 1715 1257 ὁ
1745 1203 1929 1257 Δαυῖδ·

362 1297 614 1367 Ἡμέρας
641 1300 671 1349 ό
697 1296 870 1364 ἣλιος
896 1297 969 1348 οὺ
990 1294 1326 1362 συγκαύσει
1352 1306 1451 1355 σε,
1477 1291 1620 1345 οὐδὲ
1638 1292 1674 1360 ἡ
1696 1288 1932 1358 σελήνη

350 1386 466 1453 τὴν
494 1386 708 1438 νύκτα.
766 1382 938 1435 Τοῦτο
967 1381 1097 1449 γοῦν
1143 1381 1237 1434 καὶ
1284 1378 1519 1433 ἐνταῦθα
1540 1378 1728 1446 λέγει,
1780 1378 1862 1431 ὅτι
1898 1379 1933 1447 ἡ

354 1474 544 1543 μνήμη
582 1470 691 1522 τῶν
739 1469 911 1537 ἁγίων
957 1469 1205 1531 ἐκείνων,
1246 1468 1434 1536 ὥσπερ
1478 1468 1638 1537 νέφος
1675 1466 1766 1520 τὸν
1807 1466 1935 1536 φλε-

350 1562 581 1631 γόμενον
611 1561 717 1614 ὐπὸ
747 1561 965 1623 ἀκτῖνος
997 1558 1337 1629 θερμοτέρας
1369 1557 1605 1622 σκιάζει,
1645 1557 1789 1611 οὓτω
1832 1555 1932 1626 τὴν

352 1650 460 1702 ὐπὸ
484 1649 593 1703 τῶν
627 1648 810 1703 κακῶν
843 1646 1378 1717 καταπεπονημένην
1395 1646 1650 1715 ἀνίστησι
1673 1644 1769 1699 καὶ
1797 1645 1931 1699 ἀνα-

355 1746 549 1798 κτᾶται
587 1742 785 1813 ψυχήν.
855 1741 966 1794 Καὶ
1021 1742 1121 1795 οὐκ
1146 1739 1339 1805 εἶπεν,
1390 1741 1933 1810 ’Υπεραιωρούμενου

349 1831 527 1902 ήμῶν,
556 1831 712 1896 ἀλλὰ,
778 1830 1205 1899 Περικείμενον
1243 1828 1410 1899 ἡμῖν,
1461 1828 1491 1881 δ
1523 1830 1734 1882 ἐκείνου
1768 1828 1932 1881 πλέον

346 1914 416 1990 ἦν
450 1934 467 1950 °
533 1917 677 1972 ὥστε
727 1917 965 1988 δηλῶσαι
1015 1918 1105 1971 διὰ
1151 1918 1340 1970 τούτου
1368 1956 1384 1982 ,
1434 1917 1516 1970 ὅτι
1547 1916 1931 1987 περικείμενον

348 2007 566 2078 κύκλῳ,
622 2009 681 2060 ἐν
747 2008 954 2077 μείζονι
1008 2005 1164 2078 ἀδείᾳ
1220 2005 1448 2069 είκότως
1496 2002 1634 2060 εἶναι
1688 2006 1932 2076 ποιήσει.

347 2097 648 2168 Μάρτυρας
707 2088 765 2149 δέ
819 2095 942 2166 οὐχὶ
980 2096 1106 2157 τοὺς
1151 2095 1211 2146 ἐν
1256 2096 1324 2165 τῇ
1364 2094 1540 2164 Καινῇ
1566 2094 1714 2162 λέγει
1747 2094 1929 2165 μόνον,

347 2184 485 2239 ἀλλὰ
538 2184 634 2237 καὶ
673 2183 803 2246 τοὺς
857 2185 914 2236 ἐν
947 2184 1011 2253 τῇ
1044 2181 1259 2251 Παλαιᾷ
1292 2194 1311 2213 ο
1342 2180 1437 2234 καὶ
1483 2181 1593 2252 γὰρ
1642 2183 1736 2235 καὶ
1778 2181 1934 2234 αὐτοὶ

348 2272 738 2344 ἐμαρτύρησαν
758 2275 824 2342 τῇ
854 2271 947 2324 τοῦ
975 2270 1114 2324 Θεοῦ
1151 2269 1537 2340 μεγαλειότητι
1570 2287 1583 2300 ·
1616 2266 1749 2333 οἷον,
1783 2268 1858 2332 ὡς
1881 2269 1932 2322 οί

347 2362 495 2431 τρεῖς
512 2358 724 2421 παῖδες,
752 2359 801 2410 οἱ
829 2374 895 2410 πε
906 2356 958 2427 ρὶ
980 2358 1069 2410 τὸν
1102 2356 1313 2419 Ἠλίαν,
1336 2356 1389 2407 οἱ
1406 2356 1684 2427 προφῆται
1708 2354 1929 2419 πάντεςζ

352 2449 574 2518 "Orator
585 2445 939 2516 ἀποθέμενοι
953 2444 1595 2509 πάντα.-[1ἁντα,τίνα
1615 2463 1631 2511 ;
1652 2446 1931 2510 Τουτέστι,

346 2536 439 2588 τὸν
464 2534 653 2597 ὓπνον,
682 2533 781 2603 τὴν
810 2532 1129 2603 ὀλιγωρίαν,
1162 2534 1289 2596 τούς
1314 2533 1611 2602 λογισμοὺς
1632 2534 1754 2598 τοὺς
1781 2535 1933 2587 εὐτε-

347 2621 481 2686 λεῖς,
516 2622 695 2676 πάντα
720 2620 788 2674 τά
819 2618 1158 2689 ἀνθρώπινα.
1208 2621 1317 2675 Καὶ
1347 2618 1463 2688 τὴν
1498 2622 1933 2688 εὐπερίστατον

349 2710 664 2779 ἁμαρτίαν.
691 2706 1102 2777 Εὐπερίστατον
1124 2707 1244 2778 ἤτοι
1269 2708 1368 2778 τὴν
1398 2707 1634 2771 εὐκόλως
1652 2724 1937 2779 περιισταο

351 2799 520 2870 μένην
559 2799 727 2869 ἡμᾶς,
776 2797 809 2867 ἢ
848 2797 948 2866 τὴν
986 2796 1224 2859 εὐκόλως
1258 2796 1579 2866 περίστασιν
1625 2796 1933 2870 δυναμένην

349 2886 564 2951 παθεῖν,
602 2885 788 2953 λέγει·
824 2884 1024 2954 μᾶλλον
1066 2884 1125 2937 δὲ
1173 2883 1336 2937 τοῦτο
1365 2900 1382 2915 ·
1417 2883 1599 2954 ῥᾴδιον
1645 2886 1779 2955 γὰρ,
1834 2887 1931 2941 ἐάν

248 2978 253 2983 ’
349 2974 615 3044 θέλωμεν,
667 2971 1055 3040 περιγενέσθαι
1102 2971 1203 3042 τῆς
1237 2970 1530 3041 ἁμαρτίας.
1596 2973 1674 3024 Δι’
1707 2976 1932 3042 ὑπομο-

345 3061 483 3129 νῆς,
519 3060 672 3131 φησὶ,
702 3060 1003 3127 τρέχωμεν
1022 3057 1128 3111 τὸν
1144 3058 1351 3126 προκεί
1348 3075 1534 3127 μενον
1545 3060 1689 3127 ἡμῖν
1708 3061 1927 3130 ἀγῶνα.

348 3150 462 3203 Οὐκ
491 3146 633 3212 εἶπε,
662 3145 1054 3215 Πυκτεύωμεν,
1074 3145 1211 3209 οὐδὲ,
1249 3145 1604 3215 Παλαίωμεν,
1637 3148 1782 3210 οὐδὲ,
1823 3149 1930 3207 Πο-

345 3234 630 3307 λεμῶμεν,
662 3233 778 3287 ἀλλ’
809 3232 838 3286 δ
876 3234 1094 3287 πάντων
1122 3232 1452 3303 κουφότερον
1494 3228 1562 3304 ἦν
1586 3233 1646 3286 τὸ
1674 3234 1768 3287 τοῦ
1807 3235 1931 3305 δρό⁴

350 3342 473 3393 μου,
505 3322 663 3375 τοῦτο
689 3323 769 3383 εἰς
801 3320 966 3391 μέσον
996 3321 1260 3374 τέθεικεν.
1307 3321 1443 3374 Οὐδὲ
1482 3317 1628 3386 εἷπε,
1672 3322 1927 3392 Προσθῶ-

349 3430 449 3483 μεν
469 3411 545 3481 τῷ
583 3412 792 3482 δρόμῳ,
824 3409 962 3474 ἀλλ’,
1023 3410 1113 3463 Ἐν
1136 3410 1285 3480 αὐτῷ
1313 3409 1490 3479 τούτῳ
1520 3411 1926 3483 ὑπομείνωμεν,

349 3502 425 3572 μὴ
453 3499 789 3570 ἐκλυθῶμεν.
848 3497 1174 3567 Τρέχωμεν,
1205 3498 1361 3570 φησὶ,
1396 3497 1502 3552 τὸν
1536 3501 1929 3569 προκείμενον

344 3591 489 3661 ἡμῖν
516 3589 737 3660 ἀγῶνα.
768 3584 904 3644 Εἶτα
931 3588 991 3641 τὸ
1020 3586 1171 3660 [257]
1204 3587 1499 3657 κεφάλαιον
1521 3588 1621 3658 τῆς
1643 3589 1928 3660 παρακλή-

345 3695 503 3743 σεως,
536 3678 564 3732 ὃ
596 3678 692 3731 καὶ
717 3676 934 3745 πρῶτον
981 3676 1075 3729 καὶ
1127 3675 1356 3745 ὕστερον
1403 3676 1607 3745 τίθησι,
1656 3676 1746 3729 τὸν
1788 3678 1926 3746 Χρι-

346 3766 469 3819 στόν
494 3782 508 3797 ο
575 3763 963 3835 Ἀφορῶντες,
1021 3765 1208 3832 φησὶν,
1260 3765 1346 3830 είς
1378 3763 1487 3817 τὸν
1518 3762 1625 3832 τῆς
1667 3764 1937 3831 πίστεωςῖ

341 3853 608 3922 ἀρχηγὸν
671 3852 765 3907 καὶ
806 3849 1135 3920 τελειωτὴν
1176 3851 1430 3920 Ἰησοῦν.
1470 3852 1645 3921 Ὅπερ
1691 3849 1785 3904 οὖν
1833 3853 1924 3906 καὶ

342 3942 502 4005 αὐτὸς
534 3944 563 3995 ὁ
595 3940 828 4012 Χριστὸς
851 3942 967 4003 τοῖς
1020 3938 1292 4010 μαθηταῖς
1324 3939 1573 4009 συνεχῶς
1598 3940 1785 4008 ἔλεγεν
1805 3958 1818 3972 ·
1854 3942 1925 3995 El

342 4029 450 4082 τὸν
470 4028 906 4093 οἰκοδεσπότην
926 4025 1286 4086 Βεελζεϐοὺλ
1304 4026 1721 4092 άπεκάλεσαν,
1749 4030 1924 4093 πόσῳ

337 4116 583 4184 μᾶλλον
610 4112 752 4178 τοὺς
782 4112 1086 4177 οἰκιακοὺς
1115 4111 1340 4176 αὑτοῦ;
1391 4114 1486 4166 καὶ
1532 4114 1695 4166 πάλιν
1731 4131 1745 4145 ·
1798 4117 1920 4169 Οὐκ

341 4204 473 4257 ἐστι
502 4201 777 4270 μαθητὴς
807 4200 959 4268 ὑπὲρ
989 4201 1096 4253 τὸν
1118 4200 1514 4265 διδάσκαλον,
1545 4201 1686 4255 οὐδὲ
1706 4202 1921 4269 δοῦλος

341 4288 496 4358 ὑπὲρ
516 4288 622 4341 τὸν
637 4290 844 4356 κύριον
859 4289 1136 4343 οὐτοῦ.-
1158 4288 1535 4358 Ἀφορῶντες,
1565 4292 1697 4358 φησί
1721 4307 1735 4318 ·
1760 4308 1947 4343 τουτοκ

342 4375 512 4438 ἐστιν,
554 4374 639 4426 ἵνα
676 4373 937 4443 μάθωμεν
970 4374 1212 4445 τρέχειν,
1241 4374 1527 4447 βλέπωμεν
1561 4378 1640 4441 εἰς
1660 4378 1915 4447 Χριστόν.

344 4460 613 4532 Καθάπερ
658 4461 767 4531 γὰρ
792 4461 884 4513 ἐπὶ
916 4460 1025 4514 τῶν
1054 4461 1257 4531 τεχνῶν
1274 4463 1480 4530 ⁸πασῶν
1523 4464 1616 4517 καὶ
1637 4464 1744 4518 τῶν
1773 4466 1919 4533 ἀγω-

341 4551 619 4620 νισμάτων
646 4550 781 4621 πρὸς
814 4550 939 4612 τοὺς
962 4548 1316 4612 διδασκάλους
1342 4550 1603 4621 ὁρῶντες,
1623 4550 1796 4616 οὔτως
1835 4555 1919 4606 ἐν-

340 4636 621 4709 τυποῦμεν
662 4640 728 4708 τῇ
759 4636 969 4707 διανοίᾳ
1019 4636 1118 4707 τὴν
1172 4636 1386 4707 τέχνην,
1427 4638 1516 4689 διὰ
1556 4639 1657 4707 τῆς
1686 4640 1917 4711 ὀπτικῆς

342 4727 574 4789 κανόνας
621 4726 773 4789 τινάς
801 4724 1170 4795 λαμϐάνοντες
1203 4740 1215 4752 ·
1259 4723 1401 4777 οὓτω
1433 4723 1496 4794 δὴ
1535 4726 1629 4778 καὶ
1658 4726 1913 4793 ἐνταῦθα,

340 4816 390 4868 εί
421 4812 746 4886 βουλοίμεθα
788 4814 1026 4884 τρέχειν,
1071 4813 1166 4866 καὶ
1214 4811 1407 4882 μαθεῖν
1448 4811 1627 4876 καλῶς
1676 4814 1912 4884 τρέχειν,

340 4902 477 4973 πρὸς
508 4902 600 4955 τὸν
632 4901 869 4973 Χριστὸν
886 4900 1121 4971 ὁρῶμεν,
1157 4900 1247 4954 τὸν
1280 4900 1523 4970 ἀρχηγὸν
1552 4901 1651 4970 τῆς
1678 4901 1914 4965 πίστεως

331 4980 432 5045 ’καὶ
452 4992 742 5061 τελειωτὴν
786 4990 1015 5061 Ἰησοῦν.
1078 4988 1144 5056 Τί
1202 4991 1319 5042 ἐστι
1363 4988 1554 5053 τοῦτος
1596 4989 1908 5053 Τουτέστιν,

337 5082 500 5145 αὐτὸς
526 5084 583 5135 ἐν
611 5083 742 5152 ἡμῖν
765 5081 861 5152 τὴν
901 5081 1084 5134 πίστιν
1108 5078 1386 5149 ἐνέθηκεν,
1414 5078 1576 5140 αὐτὸς
1601 5078 1697 5149 τὴν
1737 5079 1911 5149 ἀρχὴν

334 5168 586 5223 δέδωκεν.
621 5172 686 5221 '0
713 5170 806 5222 καὶ
829 5167 965 5239 πρὸς
986 5168 1111 5228 τοὺς
1144 5166 1437 5237 μαθητὰςό
1465 5168 1506 5218 Χ
1516 5170 1693 5235 ριστος
1715 5164 1866 5219 εἶπεν
1893 5183 1906 5196 ·

341 5258 463 5325 Οῦχ
502 5256 670 5326 ὑμεῖς
710 5274 786 5325 με
823 5255 1206 5319 ἐξελέξασθε,
1244 5256 1380 5308 ἀλλ’
1412 5253 1913 5331 ἑγὼὲξελεξάμην

334 5346 508 5415 ὑμᾶς.
528 5337 683 5398 Καῖό
705 5343 911 5407 Παῦλος
938 5344 995 5395 δέ
1029 5360 1161 5413 φησι
1186 5358 1202 5374 ο
1240 5342 1375 5395 Τότε
1401 5342 1470 5394 δὲ
1485 5342 1907 5411 ἐπιγνώσομαι,

336 5432 525 5497 καθὼς
568 5431 665 5486 καί
708 5430 1116 5500 ἐπεγνώσθην.
1187 5431 1248 5483 Εἰ
1285 5430 1341 5483 δέ
1391 5429 1549 5493 αὐτὸς
1593 5429 1691 5501 τὴν
1736 5431 1910 5501 ἀρχὴν

334 5522 465 5590 ημῖν
511 5521 803 5591 ἐνέθηκεν,
859 5519 1022 5582 αὐτὸς
1066 5522 1158 5573 καί
1203 5518 1263 5570 τὸ
1305 5516 1453 5581 τέλος
1491 5517 1759 5587 ἐπιθήσει.
1805 5521 1909 5584 Ὃς

333 5608 465 5660 ἀντὶ
518 5608 628 5674 τῆς
673 5605 1071 5674 προκειμένης
1128 5603 1307 5668 αὐτῷ,
1340 5606 1493 5673 φησὶ,
1541 5603 1747 5672 χαρᾶς,
1792 5608 1907 5659 ὐπ-

331 5693 527 5764 ἐμεινε
552 5695 818 5763 σταυρόν
838 5736 851 5761 ,
892 5695 1189 5763 αἰσχύνης
1222 5709 1507 5762 κιιτιιφροι
1529 5709 1706 5760 υσιις.
1737 5695 1903 5747 Ἰὀιτ-

942 258 953 267 “
1064 277 1122 333 s.
1160 273 1448 333 JOANNIS
1477 273 1925 332 CHRYSOSTOI

2028 274 2336 333 ARCHIEP.
2372 277 2507 334 CON
2517 277 2928 336 STANTINOP.

3513 288 3623 346 {Mr

2035 392 2388 472 έστινκέξῆν
2432 394 2582 468 αὐτῷ
2622 396 2794 469 μηδὲν
2846 397 3039 452 παθεῖν
3064 437 3080 459 ,
3144 397 3306 472 είπερ
3332 400 3613 463 ἐϐούλετο.

2033 478 2167 532 Οὐδὲ
2207 478 2315 552 γὰρ
2343 480 2616 552 ἁμαρτίαν
2642 482 2935 554 ἐποίησεν,
2979 483 3103 537 οὐδὲ
3131 484 3282 550 δόλος
3318 486 3522 563 εὑρέθη
3555 491 3615 544 ἐν

2031 569 2110 639 τῷ
2161 570 2391 640 στόματι
2432 570 2629 625 αὐτοῦ’
2675 572 2857 637 καθὼς
2900 573 2995 629 καὶ
3031 575 3196 639 αὐτός
3220 591 3386 647 φησιν
3418 580 3478 635 ἐν
3502 584 3617 647 τοῖς

2033 655 2411 725 Εὐαγγελίοιςο
2470 660 2796 728 Ἔρχεταιό
2831 661 2939 716 τοῦ
2965 663 3202 732 κόσμου
3237 664 3473 734 ἄρχων,
3514 670 3617 724 καί
3660 705 3670 733 ,

2032 746 2281 815 οὺκὲχει
2319 747 2392 801 ἐν
2439 747 2569 817 ἐμοὶ
2611 748 2811 807 οὐδέν.
2868 750 3170 822 Προῦκειτο
3213 753 3392 808 τοίνυν
3441 755 3614 827 αὐτῷ,
3652 736 3668 787 -’

2031 832 2192 903 εἴπερ
2231 834 2501 899 ἐϐούλετο,
2533 835 2608 908 μὴ
2655 836 2831 892 ἐλθεῖν
2857 840 2941 902 εἰς
2968 837 3065 892 τὸν
3098 840 3368 911 σταυρόν
3411 842 3619 907 Ἐξου-

2032 920 2176 974 σίαν
2217 922 2327 992 γὰρ
2376 924 2514 992 ἔχω,
2543 925 2703 995 φησὶ,
2735 926 2923 982 θεῖναι
2953 927 3067 997 τὴν
3101 928 3316 997 ψυχήν
3333 947 3474 999 μου,
3516 932 3617 985 καί

2031 1006 2322 1071 ἐξουσίαν
2350 1010 2468 1079 ἔχω
2500 1011 2688 1066 πάλιν
2718 1013 2929 1068 λαϐεῖν
2954 1014 3172 1084 αὐτήν.
3231 1017 3296 1069 Εἰ
3321 1016 3502 1070 τοίνυν
3528 1029 3554 1057 ι
3587 1019 3622 1071 ὁ

2035 1094 2305 1166 μηδεμίαν
2350 1097 2489 1168 ἔχων
2526 1100 2773 1170 άνάγκην
2820 1099 2914 1153 τοῦ
2952 1101 3360 1173 σταυρωθῆναι,
3414 1106 3615 1159 ἐσταυ-

2037 1182 2181 1255 ρώθη
2212 1185 2368 1256 ἡμῶν
2385 1186 2573 1241 ἕνεκεν
2591 1203 2604 1217 ·
2628 1188 2780 1258 πόσῳ
2802 1189 3003 1259 μᾶλλον
3035 1191 3184 1260 ἡμᾶς
3208 1191 3416 1245 δίκαιον
3438 1194 3615 1247 πάντα

2031 1274 2297 1341 γενναίως
2345 1275 2670 1347 ὐπομένειν’;
2739 1279 2843 1344 Ὃς
2873 1278 3008 1334 άντί
3059 1279 3173 1348 τῆς
3219 1280 3614 1350 προκειμένης

2030 1359 2191 1426 αὐτῷ
2226 1360 2436 1430 χαρᾶς,
2468 1364 2652 1434 φησὶν,
2685 1364 2970 1435 ὑπέμεινε
2994 1368 3283 1434 σταυρὸν,
3310 1370 3613 1439 αἰσχύνης

2032 1452 2517 1518 καταφρονήσας.
2558 1453 2623 1506 Τί
2666 1453 2724 1506 δέ
2755 1455 2922 1516 ἐστιν,
2969 1456 3284 1525 Αἰσχύνης
3314 1472 3613 1527 καταφρο-

2032 1534 2265 1603 νήσας;
2311 1537 2417 1590 Τὸν
2465 1540 2846 1606 ἐπονείδιστον,
2900 1543 3087 1611 φησὶν,
3140 1543 3313 1597 είλετο
3360 1543 3608 1599 θάνατον.

2037 1626 2221 1679 Ἔστω
2261 1629 2399 1699 γὰρ,
2451 1629 2800 1701 ἀπέθνησκεθ
2843 1631 2905 1684 τί
2940 1632 3034 1685 καὶ
3068 1632 3491 1698 ἐπονειδίστωςς
3534 1637 3613 1689 Δι’

2031 1713 2185 1767 οὐδὲν
2243 1715 2449 1786 ἓτερον,
2501 1717 2617 1770 ἀλλ’
2670 1720 2821 1789 ἡμᾶς
2863 1719 3129 1774 διδάσκων
3158 1722 3325 1792 μηδὲν
3359 1723 3611 1794 ἡγεῖσθαι

2032 1800 2132 1871 τὴν
2180 1801 2310 1873 παρ’
2344 1803 2649 1872 ἀνθρώπων
2696 1805 2874 1870 δόξαν.
2910 1807 3008 1884 Διά
3041 1807 3221 1875 τοῦτο,
3252 1810 3349 1880 οὐχ
3388 1812 3608 1865 ὑποκεί-

2034 1905 2193 1958 μενος
2238 1890 2482 1963 ἁμαρτίᾳ
2504 1892 2677 1946 είλετο
2705 1894 2894 1964 αὐτὴν,
2928 1894 3200 1949 παιδεύων
3250 1898 3399 1967 ἡμᾶς
3438 1915 3610 1952 κατα-

2030 1974 2235 2048 τολμᾷν
2262 1978 2451 2049 αὐτῆς,
2480 1980 2573 2032 καὶ
2606 1981 2772 2052 μηδὲν
2809 1982 2979 2054 αὐτὴν
3007 1982 3269 2038 τίθεσθαι.
3321 1986 3421 2039 Διὰ
3449 1986 3502 2038 τί
3534 1986 3611 2057 μὴ

2032 2061 2152 2119 εἷπε
2192 2067 2429 2135 Λύπην,
2452 2066 2587 2123 ἀλλὰ
2622 2070 2971 2138 Αἰσχύνην;
3025 2071 3231 2125 Ὅτιού
3263 2073 3402 2143 μετὰ
3432 2072 3608 2144 λύπης

2030 2151 2200 2205 ταῦτα
2229 2153 2415 2225 ἔφερε.
2475 2155 2540 2208 Τί
2563 2152 2655 2209 οὖν
2684 2156 2746 2210 τὸ
2776 2155 2964 2225 τέλος;
2994 2157 3156 2211 ἄκουε
3183 2200 3197 2225 ,
3234 2159 3385 2233 [258]
3412 2162 3609 2231 ἐπάγει
3690 2206 3695 2209 -

2030 2241 2139 2310 γάρ
2160 2256 2174 2270 ·
2215 2242 2310 2294 Ἑν
2346 2241 2515 2309 δεξιᾷ
2543 2242 2651 2297 τοῦ
2687 2244 2905 2313 θρόνου
2935 2245 3045 2299 τοῦ
3080 2246 3232 2302 Θεοῦ
3271 2250 3608 2304 κεκάθικεν.

2040 2328 2204 2403 ⁹ςλρᾷς
2260 2331 2322 2383 τὸ
2362 2330 2629 2399 ἔπαθλονς
2682 2333 2858 2405 Ὅπερ
2912 2334 3005 2387 καὶ
3037 2337 3067 2388 ὀ
3113 2335 3326 2400 Παῦλος
3381 2340 3608 2411 γράφων

2032 2418 2203 2485 φησί·
2286 2417 2385 2470 Διὸ
2426 2418 2527 2472 καί
2570 2421 2603 2472 ό
2653 2419 2798 2486 Θεὸς
2834 2421 3021 2475 αὑτὸν
3070 2424 3468 2494 ὑπερύψωσε,
3509 2428 3609 2481 καί

2029 2501 2354 2570 ἐχαρίσατο
2378 2504 2538 2570 αὐτῷ
2558 2507 2743 2575 ὄνομα
2767 2508 2832 2561 τὸ
2857 2507 3007 2577 ὑπὲρ
3030 2508 3153 2567 πᾶν
3176 2511 3384 2583 ὄνομα,
3413 2515 3515 2569 ἵνα
3537 2518 3609 2570 ἐν

2031 2589 2112 2655 τῷ
2148 2592 2391 2660 ὀνόματι
2449 2592 2655 2661 Ἰησοῦ
2691 2596 2951 2662 Χριστοῦ
2999 2597 3123 2652 πᾶν
3169 2602 3318 2670 γόνυ
3374 2603 3604 2674 κάμψῃ.

2031 2679 2105 2731 Τὸ
2146 2679 2288 2733 κατὰ
2338 2680 2518 2750 σάρκα
2562 2682 2715 2751 φησί.
2775 2684 3031 2738 Μάλιστα
3084 2686 3183 2756 μὲν
3234 2685 3348 2757 οὖν,
3411 2694 3460 2745 εί
3512 2695 3608 2748 καὶ

2033 2767 2200 2838 μηδὲν
2254 2762 2323 2838 ἦν
2370 2767 2626 2833 ἔπαθλον,
2697 2771 2881 2826 ἰκανὸν
2933 2773 2995 2826 τὸ
3058 2775 3369 2848 ὑπόδειγμα
3419 2785 3606 2837 πεῖσαι

2030 2857 2209 2910 πάντα
2238 2856 2486 2911 ἑλέσθαιο
2519 2858 2636 2911 νυνὶ
2662 2857 2719 2911 δὲ
2758 2861 2852 2913 καὶ
2881 2861 3088 2916 ἔπαθλα
3131 2865 3262 2935 ἡμῖν
3294 2869 3605 2940 πρόκειται,

2029 2947 2090 3000 οὐ
2140 2947 2208 3001 τά
2228 2948 2480 3018 τυχόντα,
2531 2948 2669 3004 ἀλλὰ
2700 2951 2910 3021 μεγάλα
2937 2954 3034 3006 καὶ
3078 2955 3386 3028 ἀπόρρητα.
3441 2960 3605 3014 Ὥστε

2029 3037 2125 3089 καὶ
2181 3036 2341 3107 ἡμεῖς
2370 3036 2588 3091 ἐπειδάν
2631 3055 2685 3090 τι
2713 3038 2975 3108 πάθωμεν
3026 3042 3285 3108 τοιοῦτον,
3346 3046 3455 3117 πρὸ
3494 3049 3611 3103 τῶν
3640 3095 3653 3102 -

2026 3123 2339 3177 ἀποστόλων
2377 3124 2648 3194 ἐννοῶμεν
2701 3126 2792 3179 τὸν
2848 3128 3104 3197 Χριστόν.
3180 3132 3279 3185 Διὰ
3314 3132 3403 3197 τίς
3481 3137 3605 3189 Ὅτι

2027 3209 2145 3273 ὅλος
2171 3212 2199 3261 ὁ
2224 3210 2335 3280 βίος
2359 3211 2522 3265 αὐτοῦ
2540 3211 2748 3285 ὕϐρεων
2777 3213 2941 3283 ἔγεμε
2963 3232 2975 3245 ·
3012 3218 3104 3270 καὶ
3137 3219 3245 3289 γὰρ
3277 3222 3603 3291 μαινόμενος

2028 3296 2226 3366 ἤκουεν
2252 3299 2361 3362 ἀεὶ,
2386 3301 2480 3352 καὶ
2504 3300 2724 3364 πλάνος,
2758 3302 2852 3354 καὶ
2873 3302 3008 3373 γόης
3031 3320 3048 3337 ο
3080 3306 3172 3357 καὶ
3197 3307 3330 3360 ποτὲ
3363 3309 3462 3378 μὲν
3484 3311 3602 3363 ἕλε-

2027 3399 2122 3450 γον
2183 3386 2232 3436 οί
2263 3385 2526 3439 Ἰουδαῖοι·
2567 3385 2754 3453 Οὗτος
2792 3393 2904 3443 οὐκ
2936 3390 3109 3445 ἐστιν
3128 3393 3247 3447 ἀπὸ
3292 3396 3399 3449 τοῦ
3429 3398 3598 3451 Θεοῦ*

2028 3471 2158 3523 ποτὲ
2184 3471 2263 3524 δέ’
2294 3473 2465 3541 Οὐχὶ,
2498 3476 2683 3544 φησὶν,
2711 3476 2872 3531 ἀλλὰ
2897 3477 3102 3545 πλανᾷ
3120 3479 3228 3534 τὸν
3255 3482 3443 3549 ὄχλον
3469 3500 3482 3516 ·
3508 3485 3597 3537 καὶ

2027 3557 2223 3613 πάλιν·
2276 3560 2535 3627 Ἐκεῖνος
2574 3565 2608 3615 ό
2658 3562 2890 3630 πλάνος
2925 3561 3096 3620 εἶπεν
3124 3568 3211 3621 ἔτι
3262 3569 3374 3629 ζῶν
3398 3587 3413 3601 ·
3440 3574 3602 3626 Μετὰ

2023 3644 2180 3712 τρεῖς
2209 3645 2435 3716 ἡμέρας
2463 3647 2776 3717 ἐγείρομαι.
2822 3652 2929 3704 Καὶ
2969 3654 3049 3716 εἰς
3073 3636 3324 3724 γοητείαν
3351 3657 3408 3710 δὲ
3438 3660 3600 3713 αὐτὸν

2024 3732 2301 3787 διέϐαλλον
2338 3733 2613 3803 λέγοντεςο
2658 3738 2755 3790 Ἑν
2798 3739 3161 3800 Βεελζεσοὺλ
3206 3742 3489 3799 ἐκϐάλλει
3530 3750 3600 3803 τὰ

2023 3819 2327 3891 δαιμόνιαο
2349 3824 2441 3877 καὶ
2462 3826 2542 3878 ὅτι
2578 3825 2853 3892 μαίνεται,
2881 3828 2977 3883 καὶ
3006 3830 3278 3901 δαιμόνιον
3316 3833 3425 3903 ἔχει
3457 3852 3470 3865 °
3515 3841 3599 3889 Οὐ

2024 3909 2223 3978 καλῶς
2274 3912 2585 3983 ἐλέγομεν,
2630 3915 2813 3983 φησὶν,
2871 3915 2961 3969 ὅτι
2989 3916 3297 3988 δαιμόνιον
3316 3920 3461 3989 ἔχει,
3500 3923 3599 3976 καί

2017 4001 2289 4069 μαίνεται
2311 4016 2330 4064 ;
2368 4003 2479 4054 Καὶ
2506 4001 2677 4055 ταῦτα
2699 4004 2861 4074 ἤκουε
2881 4003 3012 4075 παρ’
3043 4005 3243 4073 αὐτῶν,
3268 4009 3595 4080 εὐεργετῶν,

2023 4088 2474 4159 θαυματουργῶν,
2517 4089 2652 4141 Θεοῦ
2688 4090 3323 4164 ἔργα.ἐπιδεικνύμενος.
3385 4096 3448 4150 El
3496 4101 3598 4169 μὲν

2021 4177 2130 4246 γὰρ
2158 4175 2323 4245 μηδὲν
2359 4175 2531 4229 ποιῶν
2566 4175 2739 4229 ταῦτα
2771 4179 2992 4248 ἤκουεν,
3041 4180 3143 4233 οὐκ
3180 4176 3247 4252 ἦν
3285 4182 3429 4235 οὕτω
3461 4184 3595 4239 θαυ-

2024 4264 2230 4333 μαστόν
2256 4280 2271 4294 ·
2307 4266 2356 4317 εἰ
2397 4264 2454 4316 δὲ
2482 4263 2749 4318 διδάσκων
2778 4265 2847 4319 τά
2878 4268 3015 4338 πρὸς
3057 4268 3313 4340 ἀλήθειαν
3339 4310 3353 4335 ,
3395 4272 3597 4340 πλάνος

2020 4350 2186 4421 ἤκουε
2209 4390 2224 4415 ,
2251 4346 2357 4404 ’καὶ
2388 4350 2650 4422 δαίμονας
2687 4352 2963 4407 ἐκϐάλλων
2990 4397 3005 4421 ,
3043 4355 3271 4425 δαίμονα
3301 4358 3445 4430 ἔχειν
3470 4361 3594 4415 ἐλέ-

2018 4455 2165 4506 γετο,
2196 4439 2290 4493 καὶ
2311 4440 2485 4492 πάντα
2499 4439 2820 4509 ἀνατρέπων
2845 4440 2915 4494 τά
2929 4444 3168 4505 ἐναντία,
3189 4445 3321 4515 γόης
3342 4446 3593 4516 ἐλέγετοο

2020 4527 2177 4579 ποίαν
2222 4527 2528 4596 ὑπερϐολὴν
2575 4527 2852 4596 θαύματος
2899 4529 2999 4582 οὐκ
3054 4531 3212 4601 ἔχεις
3268 4532 3450 4588 Ταῦτα
3485 4539 3595 4607 γάρ

2017 4614 2181 4668 αὐτοῦ
2214 4614 2456 4684 συνεχῶς
2485 4615 2847 4687 κατηγόρουν.

2088 4800 2156 4867 7'.
2176 4798 2239 4851 Εἰ
2265 4799 2320 4851 δὲ
2350 4797 2527 4867 βούλει
2545 4798 2637 4851 καὶ
2657 4797 2726 4851 τά
2750 4799 3060 4870 σκώμματα
3082 4803 3292 4861 καὶτὰς
3307 4806 3593 4875 εἰρωνείας

2020 4887 2232 4956 μαθεῖν,
2266 4884 2332 4948 ἃς
2365 4885 2485 4938 κατ’
2540 4886 2703 4938 αὐτοῦ
2728 4887 3026 4953 ἐποιοῦντο,
3061 4889 3091 4942 δ
3144 4890 3375 4959 μάλιστα
3403 4894 3591 4949 δάκνει

2015 4974 2113 5036 τὰς
2137 4972 2412 5045 ἡμετέρας
2440 4973 2634 5043 ψυχὰς,
2661 4972 2826 5028 ἄκουε
2864 4975 3078 5045 πρῶτον
3099 4978 3199 5041 τὰς
3237 4980 3347 5033 ἀπὸ
3371 4982 3466 5034 τοῦ
3494 4983 3589 5051 γέ-
3662 4986 3681 5017 ²ε

2015 5078 2171 5125 νουςο
2223 5063 2345 5129 Οὐχ
2387 5057 2585 5126 οὗτος,
2626 5062 2833 5137 φησιν..
2865 5063 3039 5117 ἐστίν
3082 5068 3114 5118 ὀ
3159 5066 3265 5120 τοῦ
3309 5068 3590 5136 τέκτονος

2012 5149 2162 5215 υἱὸς,
2196 5145 2267 5205 οὗ
2292 5148 2464 5217 ἡμεῖς
2487 5150 2665 5218 ἴσμεν
2693 5150 2798 5203 τὸν
2814 5150 3040 5219 πατέρα
3058 5157 3158 5205 καί
3187 5154 3302 5222 τὴν
3323 5157 3589 5224 μητέρας

2012 5240 2123 5307 οὐχ
2163 5239 2215 5290 οὶ
2256 5236 2506 5304 ἀδελφοί
2555 5236 2744 5291 αὑτοῦ
2792 5236 3017 5304 πάντες
3059 5242 3196 5308 παρ’
3242 5242 3388 5310 ἡμῖν
3428 5246 3589 5307 είσι;

2012 5328 2103 5378 καὶ
2139 5324 2246 5377 ἀπὸ
2274 5323 2375 5392 τῆς
2413 5324 2670 5394 πατρίδος
2709 5324 2870 5377 αὐτὸν
2912 5326 3272 5392 σκώπτοντες,
3308 5330 3495 5397 ἔλεγον
3520 5332 3587 5385 ἐκ

2011 5412 2261 5482 Ναζαρὲτ
2309 5410 2469 5463 αὐτὸν
2539 5406 2698 5465 εἶναι.
2785 5413 2894 5465 Καὶ
2942 5412 3104 5467 πάλιν
3149 5432 3165 5447 ο
3225 5415 3584 5485 Ἐρώτησοικ

2064 5695 2085 5732 ’⁸
2125 5710 2243 5758 Vide
2279 5716 2443 5757 notam
2465 5709 2513 5757 in
2550 5721 2703 5770 ηιμ-ε.
2740 5705 3170 5769 interpretationis
3206 5708 3408 5759 Latium.
