3970 6152
376 293 474 350 193

371 418 553 483 David,
585 416 689 471 Per
710 416 842 471 diem
865 416 941 469 sol
960 428 1060 468 non
1085 425 1193 469 uret
1219 423 1287 479 te,
1312 430 1473 484 neque
1493 416 1616 467 luna
1640 430 1729 484 per
1748 424 1945 467 nocteut

371 510 542 582 (Psal.
567 509 693 564 120.
723 509 802 578 6).
831 507 943 562 lloc
963 508 1123 561 etiam
1147 505 1234 560 hic
1257 506 1404 571 dicit,
1429 505 1574 576 quod
1596 506 1807 562 illorum
1829 512 1945 562 san-

369 615 579 661 etorum
606 600 930 666 recordatio,
961 600 1101 654 sicut
1127 599 1297 654 nubes
1324 614 1445 654 eum
1477 598 1569 669 qui
1599 601 1774 654 uritur
1796 617 1826 656 a
1854 617 1943 656 ca-

370 697 555 752 lidiore
582 694 735 749 radio
761 692 1066 757 obumbrat,
1096 690 1167 746 ita
1189 691 1386 746 excitat
1407 701 1457 745 et
1480 704 1690 747 recreat
1709 694 1942 746 animam

368 804 482 859 qua:
509 787 668 840 malis
697 785 928 839 laborat.
962 784 1029 838 Et
1054 799 1160 837 non
1191 783 1345 849 dixit,
1379 782 1433 837 ln
1459 783 1627 838 altum
1652 798 1819 854 super
1839 801 1943 843 no.

367 881 582 943 elatam,
609 876 727 940 sed,
760 874 923 931 Nobis
947 875 1234 944 impositam
1258 890 1278 927 :
1304 874 1449 944 quod
1476 875 1694 943 auidem
1718 885 1834 930 erat
1855 878 1948 930 illo

366 968 618 1039 amplius,
638 976 697 1022 ut
715 981 813 1036 per
835 966 937 1022 hoc
956 964 1286 1031 ostenderet,
1305 964 1447 1035 quod
1470 965 1627 1020 nobis
1648 967 1699 1020 in
1720 967 1944 1023 circuitu

367 1060 649 1129 impositus
678 1058 849 1129 magis
886 1072 1103 1114 securos
1128 1056 1337 1113 reddet.
1362 1056 1550 1112 Testes
1570 1058 1701 1113 dicit
1724 1074 1831 1113 non
1853 1075 1950 1114 eos

366 1140 539 1199 solum
567 1144 660 1214 qui
692 1153 819 1199 sunt
849 1150 902 1198 In
932 1143 1081 1198 Novo
1102 1187 1115 1209 ,
1158 1148 1252 1199 sed
1299 1148 1462 1200 etiam
1494 1164 1588 1202 eos
1614 1150 1703 1219 qui
1735 1162 1861 1204 sunt
1891 1152 1943 1206 in

369 1232 547 1289 Veteri
577 1250 594 1289 :
623 1249 748 1287 nam
784 1233 888 1303 ipsi
927 1249 1142 1305 quoque
1182 1236 1421 1290 tulerunt
1468 1238 1835 1295 testimonium
1885 1241 1954 1297 de

368 1326 463 1382 Dei
492 1327 861 1397 magnitudine
881 1344 894 1380 :
916 1336 974 1382 ut
993 1336 1104 1382 tres
1126 1328 1295 1397 pueri,
1321 1338 1377 1384 et
1404 1329 1570 1397 Elius,
1596 1341 1651 1386 et
1677 1332 1952 1401 prophetae

371 1434 577 1475 omnes.
608 1418 930 1488 Deponentes
955 1436 1104 1474 omne
1144 1421 1366 1489 pondus.
1408 1422 1605 1488 Omne,
1638 1425 1953 1495 quodnam?

370 1509 647 1574 Somnum,
668 1509 1068 1580 negligentiam,
1089 1512 1222 1565 viles
1242 1521 1297 1566 et
1318 1512 1555 1583 abjectas
1575 1514 1950 1585 cogitationes,

369 1600 546 1655 omnia
565 1601 815 1654 humana.
833 1599 904 1653 Et
924 1602 1257 1656 circumstans
1278 1619 1369 1656 nos
1393 1615 1674 1673 peccatum.
1695 1606 1801 1661 Aut
1811 1607 1952 1677 quod

372 1705 466 1747 nos
491 1690 648 1745 facile
667 1691 1038 1755 circumsistit,
1067 1701 1162 1746 aut
1185 1692 1329 1763 quod
1358 1692 1513 1749 facile
1539 1697 1739 1764 patitur
1765 1707 1824 1753 ut
1842 1697 1950 1753 circ

375 1783 780 1837 rumveniatur:
809 1781 913 1839 hoc
938 1791 1117 1838 autem
1151 1785 1327 1854 potius
1357 1803 1369 1840 :
1400 1786 1555 1843 facile
1583 1790 1750 1857 enim,
1786 1791 1830 1845 si
1865 1806 1953 1845 vc-

372 1875 527 1929 limns
545 1918 563 1939 ,
595 1890 881 1946 possumus
902 1892 1159 1947 superare
1187 1889 1489 1947 peceatum.
1524 1879 1635 1934 Per
1654 1883 1952 1953 patientiam

366 1983 632 2023 curramus
653 1967 967 2038 preposition
987 1968 1130 2022 nobis
1153 1978 1427 2024 certamen.
1448 1970 1565 2025 Non
1582 1971 1737 2040 dixit,
1754 1973 1954 2045 Pugne-

367 2070 505 2119 mus,
530 2072 726 2125 neque,
756 2057 1067 2123 Luctemur,
1096 2075 1293 2130 neque,
1325 2061 1531 2116 Bellum
1557 2077 1830 2131 geramus,
1855 2065 1948 2119 sed

363 2150 505 2220 quod
531 2160 652 2205 erat
678 2152 929 2208 omnibus
955 2153 1146 2220 levius,
1171 2169 1367 2225 nempe
1395 2170 1612 2209 cursum
1636 2157 1687 2210 in
1713 2155 1946 2212 medium

363 2242 559 2296 attulit.
609 2241 797 2311 Neque
819 2242 987 2311 dixit,
1014 2244 1207 2299 Cursui
1234 2245 1550 2315 adjiciamus
1575 2286 1590 2311 ,
1621 2246 1716 2302 sed
1743 2289 1757 2313 ,
1792 2246 1848 2301 In
1884 2262 1951 2302 eo

363 2334 482 2400 ipso
508 2332 876 2388 sustineamus
900 2345 954 2390 et
985 2336 1373 2405 persistantus,
1404 2353 1471 2392 ne
1497 2337 1667 2393 simus
1694 2339 1946 2395 dissoluti

361 2438 419 2481 ct
460 2427 726 2482 enervati.
769 2427 1082 2496 Curramus,
1116 2429 1324 2500 inquit,
1355 2448 1569 2501 agonem
1612 2434 1947 2503 propositum.

365 2520 566 2575 Deinde
590 2521 976 2576 consolationis
996 2530 1054 2578 et
1072 2524 1463 2578 exhortationis
1491 2533 1673 2594 caput,
1702 2524 1844 2594 quod
1870 2534 1951 2579 est

360 2625 418 2670 et
447 2617 675 2684 primum
697 2625 753 2671 et
778 2617 1044 2682 ultimum,
1070 2620 1240 2688 ponit,
1265 2619 1536 2675 Christum
1564 2639 1577 2673 :
1604 2620 1660 2676 2.
1684 2622 1948 2691 Aspicietto

360 2717 455 2768 trs,
480 2707 675 2777 inquit,
699 2707 752 2760 in
773 2717 1030 2761 auctorem
1054 2709 1176 2777 ﬁdei
1200 2720 1245 2763 et
1272 2720 1725 2765 consummatorem
1750 2709 1949 2765 Jcsum.

360 2797 514 2864 Quod
539 2798 658 2866 ipse
677 2813 891 2869 quoque
913 2799 1160 2853 Christus
1181 2800 1397 2855 assidue
1417 2801 1630 2877 dicebat
1656 2802 1767 2857 suis
1791 2803 1955 2857 disci-

364 2892 504 2961 pulis
551 2908 567 2944 :
620 2891 681 2946 Si
736 2900 927 2963 patrem
977 2891 1205 2963 familias
1249 2890 1530 2946 Beelzebub
1584 2895 1950 2964 appellarunt,

369 2994 555 3053 quanto
583 2984 747 3054 magis
774 2983 1077 3039 domesticos
1104 2985 1215 3054 ejus
1237 2983 1453 3054 (Matth.
1487 2985 1576 3039 10.
1602 2987 1734 3056 9.5)?
1760 2996 1813 3041 et
1836 3002 1955 3039 rur-

370 3089 474 3138 sus,
510 3074 631 3129 Non
658 3084 733 3127 est
761 3074 1045 3144 discipulus
1072 3091 1230 3145 supra
1257 3074 1576 3145 magistrum,
1602 3093 1760 3147 neque
1780 3093 1953 3131 servus

370 3182 512 3235 super
538 3165 804 3219 dominum
828 3181 975 3219 suum
1004 3165 1024 3237 (
1057 3164 1190 3219 Ibid.
1220 3183 1267 3219 υ.
1295 3164 1429 3235 21).
1476 3167 1791 3236 Aspicientes
1821 3210 1835 3231 ,
1870 3168 1952 3222 in.

370 3256 477 3324 quit
503 3272 520 3310 :
555 3257 658 3310 hoc
683 3266 790 3325 est,
823 3266 882 3312 ut
908 3258 1182 3313 discamus
1207 3272 1447 3324 currere,
1482 3258 1764 3314 videamus
1793 3260 1948 3315 Chri-

371 3357 527 3401 stum.
562 3347 715 3403 Sicut
734 3350 878 3404 enim
904 3350 954 3405 in
985 3350 1237 3405 omnibus
1257 3350 1463 3405 artibus
1489 3359 1543 3405 et
1569 3351 1953 3406 certaminibus

372 3437 436 3491 ad
465 3440 750 3509 magistros
780 3440 1122 3510 aspicientes,
1156 3441 1229 3495 ita
1258 3441 1313 3497 in
1343 3453 1526 3496 mente
1555 3450 1729 3496 artem
1761 3442 1950 3511 impri-

373 3531 599 3593 mimus,
634 3546 731 3600 per
763 3532 977 3586 videndi
1020 3531 1326 3593 facultatem
1365 3533 1623 3604 quasdam
1675 3544 1952 3590 sumentes

373 3622 585 3690 regulas
618 3640 633 3678 :
665 3624 737 3677 ita‘
791 3623 878 3678 hic
927 3640 1179 3694 quoque,
1226 3627 1270 3679 si
1321 3629 1548 3681 velimus
1592 3643 1850 3693 currere,
1898 3638 1953 3683 ct

370 3703 578 3761 discere
604 3719 751 3764 recte
776 3725 1012 3779 currere,
1041 3716 1328 3784 aspicimus
1354 3717 1419 3770 ad
1447 3718 1724 3773 Christum
1755 3730 1937 3774 aucto-

371 3812 479 3850 rem
508 3798 633 3854 fidei
671 3809 727 3855 et
764 3815 1251 3860 consummatorem
1279 3808 1480 3862 Jesum.
1512 3808 1651 3876 Quid
1694 3809 1794 3864 hoc
1824 3810 1945 3865 est?

373 3888 428 3941 ld
455 3899 540 3944 est
559 3931 574 3951 ,
604 3890 721 3960 ipse
746 3893 902 3948 nobis
929 3894 1085 3950 fidem
1112 3896 1332 3965 indidit,
1360 3901 1472 3969 ipse
1498 3901 1818 3970 principium
1842 3901 1942 3956 de-

370 3978 466 4034 dit.
512 3981 669 4050 Qnod
699 3983 910 4040 dicebat
945 3986 1191 4042 Christus
1221 3989 1541 4059 discipulis:
1576 3990 1698 4046 Non
1736 4009 1821 4047 vos
1868 4010 1949 4047 me

370 4073 608 4144 elegistis,
636 4078 725 4131 sed
755 4093 845 4149 ego
869 4076 1001 4149 elegi
1026 4096 1112 4134 vos
1138 4080 1317 4153 (Joan.
1344 4084 1432 4139 15.
1462 4083 1575 4155 16).
1607 4085 1802 4140 Paulus
1826 4095 1952 4156 q'uo-

372 4180 474 4237 que
505 4166 637 4222 dicit
663 4187 677 4222 :
710 4168 853 4225 Tunc
880 4187 1183 4244 cognoscam
1210 4175 1339 4229 sicut
1365 4185 1413 4231 et
1451 4179 1681 4249 cognitus
1710 4195 1820 4233 sum
1850 4177 1870 4251 (
1895 4180 1946 4234 1.

373 4251 487 4310 Cor.
513 4257 602 4313 13.
637 4258 767 4330 12).
798 4260 855 4316 Si
899 4271 1080 4318 autem
1123 4262 1237 4334 ipse
1269 4266 1424 4321 nobis
1465 4268 1716 4338 imposuit
1744 4270 1952 4342 princi-

376 4347 515 4415 pium
534 4390 550 4413 ,
577 4348 697 4419 ipse
721 4367 940 4424 quoque
968 4355 1124 4410 nobis
1155 4355 1314 4412 finem
1346 4358 1592 4430 imponit.
1642 4362 1738 4427 Qui
1767 4380 1953 4434 prapo-

375 4437 466 4491 sito
488 4437 587 4493 sibi
610 4441 802 4511 gaudio
828 4445 1068 4500 sustinuit
1087 4464 1304 4514 crucem,
1326 4452 1624 4524 confusione
1647 4463 1951 4524 contempta.

378 4527 486 4585 lloc
515 4541 596 4587 est
625 4573 640 4597 ,
674 4532 870 4590 licebat
910 4536 962 4591 ei
1002 4538 1137 4593 nihil
1180 4541 1322 4610 pati,
1355 4543 1397 4596 si
1445 4544 1701 4598 voluisset
1733 4562 1745 4598 :
1783 4560 1954 4614 neque

376 4627 514 4680 enim
545 4636 827 4695 peccatum
852 4628 998 4696 fecit,
1030 4646 1205 4701 neque
1232 4635 1481 4689 inventus
1502 4645 1585 4689 est
1608 4636 1765 4691 dolus
1788 4638 1838 4691 in
1863 4651 1956 4692 ore

376 4716 485 4785 ejus
517 4717 686 4790 (Isai.
715 4720 807 4775 55.
839 4720 912 4793 9)
939 4739 953 4775 :
983 4722 1119 4779 sicut
1150 4723 1267 4793 ipse
1295 4741 1510 4796 quoque
1535 4727 1665 4781 dicit
1696 4729 1745 4781 itt
1778 4728 1956 4782 Evan-

375 4809 523 4876 geliis
549 4828 563 4862 :
607 4810 751 4864 Venit
782 4814 959 4866 mundi
985 4815 1240 4885 princeps,
1271 4828 1316 4870 et
1342 4819 1393 4870 in
1424 4835 1502 4872 me
1523 4835 1620 4873 non
1647 4819 1792 4874 habet
1816 4821 1958 4890 quid-

376 4916 523 4968 quam
554 4902 737 4973 (Joan.
767 4905 856 4960 14.
884 4906 1002 4976 50).
1035 4907 1163 4962 Erat
1190 4923 1316 4979 ergo
1343 4911 1391 4965 ei
1422 4921 1726 4982 promptum
1747 4957 1761 4980 ,
1791 4915 1834 4967 si
1865 4929 1958 4969 vo-

385 4991 570 5049 luisset
598 5009 704 5049 non
734 4998 917 5052 venire
943 4998 1014 5052 ad
1037 5014 1249 5054 crucem
1276 5019 1289 5054 :
1322 4999 1622 5056 Potestatem
1662 5004 1800 5059 enim
1827 5047 1841 5069 ,
1872 5007 1956 5059 in-

380 5086 508 5153 quit,
531 5086 693 5140 habeo
715 5089 939 5157 ponendi
962 5092 1185 5144 animam
1207 5109 1388 5152 meam.
1417 5104 1464 5146 et
1491 5105 1781 5162 potestatem
1803 5097 1958 5150 habeo

381 5191 553 5230 rursus
582 5178 865 5249 recipiendi
892 5197 1003 5234 eam
1034 5178 1213 5252 (Joan.
1251 5183 1335 5237 10.
1368 5185 1479 5254 18).
1511 5185 1586 5257 (τι)
1628 5185 1682 5241 Si
1714 5203 1838 5258 ergo
1869 5190 1958 5259 qui

387 5267 603 5323 minime
651 5284 874 5326 necesse
910 5270 1143 5327 habebat
1184 5276 1418 5345 crncifigi
1442 5318 1454 5340 ,
1490 5289 1707 5347 propter
1735 5295 1832 5334 nos
1865 5281 1960 5334 fuit

386 5361 666 5415 crucifixus
691 5380 706 5416 :
734 5373 935 5431 quanto
965 5367 1133 5438 magis
1166 5382 1259 5434 par
1284 5378 1366 5423 cst
1396 5378 1451 5423 ut
1482 5386 1580 5424 nos
1610 5373 1783 5426 omnia
1814 5372 1962 5427 forti-

390 5459 467 5503 ter
497 5452 773 5508 feramus?
801 5454 901 5521 Qui
930 5459 1212 5526 proposito,
1247 5460 1448 5528 inquit,
1473 5462 1566 5514 sibi
1590 5464 1775 5532 gaudio
1806 5464 1961 5517 susti-

391 5544 491 5595 nuit
519 5561 717 5598 crucem
744 5587 758 5610 ,
788 5550 1091 5619 confusione
1126 5559 1428 5615 contempta.
1460 5552 1595 5619 Quid
1634 5564 1713 5608 est
1733 5594 1749 5622 ,
1778 5553 1965 5624 Confu-

468 5703 540 5772 (α)
561 5704 767 5758 Grandis
785 5708 862 5758 hic
879 5707 1038 5760 hiatus
1061 5718 1137 5761 est
1160 5712 1206 5761 ia
1229 5713 1442 5765 Colbcrt.

1176 294 1243 351 IN
1280 294 1490 352 EPIST.
1534 292 1625 350 AD
1661 293 2023 354 IIEBREOS.
2063 298 2217 356 CAP.
2259 304 2370 360 XII.
2415 306 2647 363 HOMIL.
2691 309 2914 367 XXVIII.

3531 314 3624 369 194

2048 419 2191 475 sione
2219 427 2551 495 contempta?
2575 424 2919 496 Probrosam,
2952 430 3152 501 inquit,
3182 431 3342 504 elegit
3373 443 3620 491 mortem.

2050 508 2180 565 Esto
2205 514 2346 567 enim
2369 556 2383 581 ,
2414 516 2619 586 inquit,
2652 528 2735 574 est
2762 529 3047 588 mortuus;
3090 539 3188 579 cur
3236 526 3629 596 ignominiose?

2050 599 2166 656 Non
2192 615 2415 673 propter
2438 606 2601 671 aliud,
2630 623 2791 679 quam
2814 626 2913 666 nos
2937 612 3159 679 docens,
3184 625 3241 670 ut
3261 617 3485 685 gloriam
3509 634 3629 688 quae

2051 693 2118 748 ab
2160 694 2462 751 hominibus
2500 698 2657 753 datur
2692 700 2843 756 nihili
2870 702 3148 761 ducamus.
3180 706 3475 777 Propterea
3504 725 3627 765 cum
3658 730 3691 739 “

2052 800 2157 839 non
2178 796 2320 840 esset
2347 797 2564 855 peccato
2584 792 2877 860 subjectus,
2904 809 3020 849 eam
3045 796 3225 867 elegit,
3255 799 3509 855 erudiens
3530 816 3630 857 nos

2054 885 2110 930 ut
2138 876 2396 932 adversus
2414 893 2535 932 eam
2562 880 2732 934 simus
2753 883 2984 939 audaces
3010 928 3024 950 ,
3055 897 3109 942 et
3134 903 3252 943 eam
3285 891 3436 947 nihili
3464 891 3632 947 facia-

2055 981 2193 1021 mus.
2215 968 2391 1050 Quare
2416 983 2521 1024 non
2545 970 2698 1033 dixit.
2725 972 2970 1041 Tristitia,
3000 977 3093 1031 scd
3120 977 3471 1050 Confusione?
3491 982 3635 1050 Quo-

2058 1059 2200 1111 niam
2233 1042 2336 1112 nim
2371 1059 2486 1114 haec
2517 1060 2721 1117 ferebat
2749 1078 2869 1118 cum
2901 1068 3135 1122 tristitia.
3178 1042 3306 1135 Quis
3345 1042 3535 1127 autcm'
3566 1074 3635 1127 sit

2055 1146 2176 1202 fluis
2196 1148 2317 1201 audi
2347 1166 2361 1202 :
2384 1148 2547 1219 Atque
2565 1151 2618 1205 in
2638 1153 2847 1207 dextera
2866 1156 2999 1209 sedis
3023 1155 3116 1210 Dei
3139 1160 3293 1213 sedet.
3312 1160 3473 1217 Vides
3500 1179 3636 1232 pra:-

2042 1232 2208 1287 mium
2237 1235 2589 1292 certaminis?
2614 1238 2769 1305 Quod
2804 1239 3001 1297 Paulus
3033 1259 3247 1317 quoque
3273 1252 3516 1311 scribens
3541 1256 3623 1310 dl-

2040 1326 2115 1380 eit
2145 1342 2159 1378 :
2194 1324 2414 1394 Propter
2434 1328 2575 1396 quod
2601 1337 2647 1382 et
2676 1328 2813 1385 Deus
2840 1331 2994 1386 istum
3019 1340 3434 1409 superemltavit,
3458 1355 3507 1399 et
3531 1347 3624 1400 do-

2042 1417 2178 1468 navit
2206 1416 2286 1470 illi
2313 1432 2512 1481 nomen,
2552 1420 2690 1488 qnod
2736 1430 2807 1475 est
2847 1439 3001 1493 super
3042 1438 3189 1481 omne
3228 1445 3432 1496 nomen,
3470 1444 3527 1487 ut
3568 1437 3622 1490 in

2043 1508 2244 1563 nemine
2267 1507 2391 1563 Jesu
2422 1525 2569 1564 omne
2597 1528 2729 1581 genu
2758 1514 2995 1582 flectatur
3023 1514 3285 1591 (Philipp.
3317 1522 3371 1575 2.
3405 1522 3458 1578 9.
3490 1523 3621 1597 10).

2044 1598 2185 1653 Dicit
2205 1600 2346 1670 quod
2368 1612 2453 1655 est
2477 1602 2769 1658 secundum
2792 1620 3031 1661 carnem.
3059 1611 3229 1679 Atque
3255 1614 3485 1670 maxime
3509 1616 3626 1686 qui-

2044 1687 2205 1756 dem,
2251 1692 2460 1745 etiamsi
2507 1693 2712 1747 nullum
2762 1706 2907 1751 esset
2958 1702 3290 1770 propositum
3342 1706 3624 1774 praemium

2044 1784 2373 1850 certaminis,
2405 1784 2684 1840 sufficeret
2726 1790 3031 1858 exemplum
3080 1792 3144 1846 ad
3194 1798 3624 1863 persuadendum

2046 1884 2105 1929 ut
2144 1876 2324 1930 omnia
2365 1888 2547 1931 nostra
2580 1886 2772 1947 sponte
2801 1884 3191 1939 sustineremus
3222 1902 3236 1939 :
3270 1904 3413 1944 nunc
3440 1901 3621 1946 autem

2048 1966 2203 2019 nobis
2229 1968 2388 2021 etiam
2418 1980 2793 2038 proponuntur
2819 1976 3056 2041 pramtia,
3089 1992 3194 2029 non
3222 1981 3493 2053 qualibet,
3528 1984 3623 2037 sed

2046 2069 2236 2126 magna
2280 2068 2333 2111 et
2374 2058 2683 2114 ineffabilia.
2731 2060 3093 2130 Quamobrem
3123 2082 3221 2122 nos
3251 2085 3464 2141 quoque
3502 2088 3621 2127 cum

2047 2146 2248 2217 aliquid
2276 2149 2383 2204 tale
2413 2152 2552 2219 passi
2585 2152 2862 2219 fuerimus,
2893 2167 3018 2210 ante
3048 2161 3322 2226 apostolos
3351 2162 3626 2220 Christum

2048 2239 2362 2307 cogitemus.
2388 2240 2595 2307 Quare?
2621 2242 2753 2309 Qnia
2777 2253 2882 2297 tota
2905 2246 3021 2314 ejus
3056 2249 3161 2301 vita
3192 2251 3346 2319 plena
3376 2251 3473 2308 fuit
3500 2270 3627 2308 con-

2049 2329 2284 2382 tumcliis
2314 2346 2327 2382 :
2361 2345 2573 2399 semper
2600 2333 2742 2385 enim
2774 2336 2912 2390 male
2938 2338 3214 2407 audiebat,
3244 2351 3302 2395 ut
3328 2346 3418 2413 qui
3450 2360 3617 2399 voca-

2048 2429 2199 2472 retur
2219 2418 2472 2483 furiosus,
2498 2422 2748 2477 seductor
2773 2434 2825 2478 et
2850 2429 3234 2498 prmstigialor;
3264 2441 3317 2486 et
3339 2435 3629 2505 aliquando

2050 2509 2263 2579 quidem
2287 2510 2537 2565 dicebant
2558 2512 2749 2580 Judmi,
2783 2515 2881 2568 llic
2902 2533 3001 2572 non
3022 2529 3095 2572 est
3118 2537 3150 2573 tt
3172 2520 3317 2587 Deo;
3346 2525 3631 2593 aliquando

2050 2609 2247 2662 autem.
2284 2599 2403 2654 Non
2426 2644 2439 2665 ,
2470 2602 2558 2655 sed
2580 2604 2771 2659 seducit
2802 2608 3009 2674 turbas;
3038 2619 3092 2663 ct
3121 2626 3307 2667 rursus
3327 2656 3343 2680 ,
3374 2613 3627 2670 Seductor

2048 2689 2140 2745 ille
2167 2691 2362 2745 dicebat
2389 2693 2557 2747 adhuc
2582 2696 2900 2760 vivens,Post
2928 2707 3027 2753 tres
3052 2701 3156 2755 dies
3180 2719 3459 2775 resurgam.
3493 2707 3631 2763 Prat-

2051 2780 2326 2851 stigiarum
2354 2797 2567 2853 quoque
2607 2794 2659 2839 et
2700 2789 2920 2855 magica:
2967 2792 3097 2845 artis
3144 2807 3266 2847 cum
3310 2798 3633 2865 accusabant

2051 2872 2291 2927 dicentes
2320 2892 2332 2925 :
2362 2872 2427 2926 In
2460 2873 2738 2930 Beelzebub
2766 2880 2901 2947 ejicit
2929 2881 3180 2936 daemonia
3233 2885 3420 2955 (Joan.
3452 2887 3506 2943 9.
3542 2890 3627 2944 16.

2054 2974 2100 3017 et
2126 2964 2177 3018 7.
2213 2963 2301 3030 12;
2334 2964 2522 3021 Matth.
2545 2966 2634 3020 27.
2666 2969 2753 3022 63.
2780 2980 2826 3023 ct
2856 2971 2940 3024 ιε.
2965 2972 3058 3045 24)
3086 2992 3097 3025 :
3125 2985 3177 3028 ct
3204 2978 3345 3044 quod
3376 2980 3635 3036 insaniret

2054 3063 2111 3109 et
2141 3055 2361 3110 haberet
2389 3056 2716 3113 daemonium
2746 3080 2758 3115 :
2797 3061 2917 3117 Non
2948 3065 3069 3120 bene
3095 3068 3407 3137 dicebamus,
3438 3073 3632 3144 inquit,

2052 3146 2189 3217 quod
2215 3147 2361 3202 habet
2388 3148 2698 3204 damonium
2727 3163 2775 3206 et
2803 3156 2993 3210 insanit
3037 3157 3230 3227 (Joau.
3264 3162 3352 3217 10.
3377 3164 3449 3218 20
3470 3167 3531 3235 )‘l
3571 3167 3637 3223 Et

2058 3240 2174 3293 lucc
2199 3239 2267 3293 ab
2296 3239 2402 3295 illis
2432 3242 2715 3308 audiebat,
2741 3260 2863 3299 cum
2904 3262 2999 3302 eos
3040 3248 3319 3307 beneflciis
3357 3255 3596 3312 afficeret
3619 3301 3634 3321 .

2059 3332 2315 3387 miracula
2349 3332 2568 3403 faceret,
2605 3335 2698 3390 Dei
2732 3352 2894 3406 opera
2926 3341 3255 3398 ostenderet.
3288 3345 3417 3400 Nam
3446 3348 3490 3402 si
3517 3350 3637 3418 qui-

2060 3422 2180 3477 dem
2211 3423 2342 3477 nihil
2373 3424 2572 3479 faciens
2606 3426 2721 3480 lncc
2746 3429 2994 3494 audiret,
3028 3433 3161 3485 nihil
3192 3445 3337 3489 esset
3366 3437 3503 3492 adeo
3534 3441 3638 3494 tui-

2060 3530 2177 3569 rum
2202 3532 2215 3568 :
2240 3517 2283 3569 si
2310 3525 2487 3571 autem
2529 3517 2732 3573 docens
2769 3536 2889 3589 qua:
2918 3524 3187 3591 pertinent
3225 3526 3291 3579 ad
3338 3530 3637 3598 veritatem,

2061 3607 2315 3662 audiebat
2344 3624 2403 3663 se
2429 3610 2608 3665 vocari
2634 3611 2993 3678 seductorem,
3023 3625 3078 3669 et
3099 3615 3371 3673 daetnmies
3395 3620 3637 3689 ejiciens,

2060 3699 2311 3754 audiebat
2331 3715 2389 3755 se
2415 3702 2614 3769 probro
2635 3703 2812 3770 appeti
2835 3704 2975 3772 quod
3000 3704 3222 3760 haberet
3244 3708 3564 3776 dmmoncnt,
3588 3724 3639 3769 et

2062 3806 2409 3861 quaecumque
2434 3800 2590 3845 erant
2616 3795 2882 3846 contraria
2911 3797 3474 3860 evertens,dicebatur
3506 3817 3641 3872 prte-

2063 3880 2308 3949 sligialor
2332 3901 2344 3935 :
2366 3897 2522 3951 quam
2555 3881 2796 3937 mirabile
2820 3883 2944 3939 illud
2966 3886 3085 3940 est?
3114 3886 3315 3943 Horum
3344 3893 3485 3946 enim
3518 3908 3641 3948 eum

2064 3970 2279 4026 assidue
2303 3974 2642 4028 accusabant.
3408 3990 3421 3996 ‘

2141 4064 2197 4119 5.
2235 4061 2293 4118 Si
2318 4062 2397 4115 vis
2420 4068 2598 4115 autem
2638 4059 2823 4113 audire
2863 4056 3086 4111 dicteria
3129 4064 3185 4111 et
3207 4055 3487 4113 irrisioncs
3511 4073 3643 4128 quas

2070 4156 2126 4211 in
2154 4170 2276 4212 eum
2303 4153 2635 4218 emittebant,
2654 4150 2795 4221 quod
2820 4159 3031 4203 nostros
3053 4148 3285 4205 maxime
3306 4149 3516 4206 mordet
3541 4151 3652 4207 anl-

2071 4261 2208 4313 mos,
2241 4245 2362 4300 audi
2396 4246 2620 4314 primum
2650 4257 2680 4295 a
2701 4255 2935 4311 genere:
2961 4238 3082 4293 Non
3113 4250 3185 4293 est
3224 4240 3324 4303 hic,
3366 4237 3556 4310 inquit,
3582 4241 3644 4309 ﬁ-

2069 4343 2168 4395 lius
2195 4340 2346 4409 fabri,
2372 4338 2517 4407 cujus
2539 4351 2630 4388 nos
2650 4335 2877 4387 novimus
2904 4341 3095 4402 patrem
3118 4340 3164 4385 et
3191 4332 3441 4384 matrem?
3480 4348 3647 4386 nonne

2071 4432 2252 4501 fratres
2274 4430 2382 4500 ejus
2412 4443 2583 4482 omnes
2603 4425 2741 4496 apud
2768 4441 2858 4478 nos
2879 4432 2992 4478 sunt
3014 4422 3229 4493 (Matth.
3266 4425 3349 4478 1'5.
3375 4422 3464 4492 55)
3488 4422 3511 4475 ’ἒ
3533 4432 3584 4476 et
3614 4438 3645 4476 a

2070 4521 2240 4591 patria
2268 4534 2389 4574 eum
2419 4518 2747 4572 ludificantes
2776 4514 3022 4569 dicebant
3050 4529 3172 4569 eum
3221 4528 3338 4567 esse
3368 4528 3433 4565 ex
3478 4511 3643 4565 Naza-

2070 4612 2210 4667 reth.
2240 4612 2303 4666 Et
2326 4624 2541 4665 rursus:
2573 4607 2858 4677 Interroga,
2886 4606 3073 4674 inquit,
3102 4615 3147 4657 et
3168 4605 3279 4656 vide
3300 4602 3435 4672 quod
3459 4616 3521 4653 ea:
3541 4600 3646 4655 Ga-

2069 4705 2206 4757 liltca
2236 4718 2335 4755 non
2368 4700 2525 4770 surgit
2569 4698 2814 4767 propheta
2861 4695 3039 4767 (Joan.
3088 4696 3144 4746 7.
3189 4691 3394 4761 5‘2):cl
3442 4691 3645 4744 ferebat

2067 4812 2187 4848 cum
2221 4792 2304 4845 his
2337 4797 2679 4859 appeterctur
2705 4785 3002 4841 calumniis.
3037 4784 3102 4836 Et
3131 4796 3317 4836 rursus
3348 4780 3593 4833 dicebant
3625 4797 3639 4832 :

2069 4886 2250 4937 Annon
2273 4882 2392 4935 dicit
2415 4880 2683 4947 Scriptura
2706 4877 2842 4946 quod
2861 4892 2921 4929 ea:
2940 4874 3195 4927 Bethleem
3213 4873 3316 4924 vico
3337 4872 3467 4924 venit
3490 4870 3611 4925 Chri
3628 4899 3642 4908 ‹

2067 4985 2174 5028 stus
2213 4973 2318 5045 (Ib.
2348 4988 2395 5026 υ.
2429 4970 2559 5039 4‘2)?
2587 4970 2674 5024 \‘is
2705 4970 2866 5023 etiam
2902 4965 3087 5018 audire
3128 4963 3404 5016 irrisioncs
3449 4961 3641 5030 quibus

2066 5066 2118 5118 in
2149 5080 2271 5119 eum
2294 5064 2392 5118 sub
2431 5062 2543 5131 ipsa
2586 5075 2749 5114 cruce
2775 5055 3094 5112 utebantur?
3133 5052 3412 5107 illudentes
3437 5051 3633 5105 adora-

2070 5157 2360 5223 banteum,
2390 5164 2444 5209 et
2482 5151 2850 5223 percutiebant
2887 5158 2940 5203 et
2979 5145 3234 5214 colaphos
3256 5144 3636 5211 impingebant,

2067 5247 2451 5316 dicebantque:
2478 5245 2576 5297 Dic
2600 5243 2741 5297 nobis
2765 5242 2876 5311 quis
2891 5248 2962 5293 est
2982 5240 3067 5309 qui
3087 5250 3130 5291 te
3145 5236 3424 5307 percussit?
3446 5245 3499 5290 ct
3519 5250 3640 5288 ace-

2070 5349 2178 5392 tum
2208 5337 2501 5392 offerebant
2521 5338 2589 5399 ei,
2620 5335 2858 5388 dicentes
2882 5351 2895 5387 :
2922 5331 2982 5386 Si
3003 5348 3052 5384 es
3074 5329 3240 5384 Filius
3266 5327 3375 5392 Dei,
3399 5327 3643 5382 descende

2066 5432 2128 5484 de
2157 5446 2302 5483 cruce
2337 5428 2547 5499 (Matth.
2580 5427 2669 5480 ‘26.
2701 5426 2788 5479 68.
2817 5435 2862 5477 et
2890 5423 2977 5476 ‘27.
3002 5424 3114 5492 40).
3146 5422 3410 5475 Prmtcrea
3454 5434 3642 5473 servus

2066 5536 2278 5593 quoque
2304 5519 2571 5590 pontificis
2600 5516 2747 5571 dedit
2789 5516 2836 5568 ei
2867 5514 3097 5581 alapam,
3143 5522 3195 5564 ct
3223 5510 3384 5563 dicit:
3420 5510 3481 5563 Si
3511 5508 3643 5562 male

2065 5616 2305 5681 loquutus
2344 5628 2476 5675 sum,
2533 5607 2863 5662 testimonium
2907 5604 3109 5671 perhibe
3147 5604 3208 5655 tle
3236 5602 3469 5655 malo:st'
3498 5601 3638 5665 bene,

2064 5704 2186 5773 quid
2216 5721 2292 5758 me
2321 5702 2471 5756 (tedis
2505 5699 2679 5771 (Joan.
2712 5695 2798 5750 18.
2822 5692 2950 5763 ‘25)?
2976 5692 3042 5746 Et
3066 5692 3351 5747 irridentes
3375 5693 3643 5761 imposue-
