3970 6152
304 296 397 349 lilii

304 430 429 475 runt
458 418 507 474 ei
545 415 904 486 chlamydem,
949 423 1002 467 et
1043 421 1303 482 spuertmt
1333 413 1383 465 in
1417 412 1533 480 ejus
1575 411 1796 474 faciem;
1827 423 1880 466 et

307 516 627 567 mutationes
650 512 696 565 ei
720 523 930 579 semper
956 506 1297 573 adhibebant,
1326 520 1446 559 eum
1475 514 1763 561 tentantes.
1793 506 1880 561 \‘is

305 605 465 658 etiam
498 602 677 656 ridere
718 599 1105 662 accusationes,
1156 612 1276 667 qua:
1313 598 1471 659 clatn,
1515 612 1632 667 quae
1682 597 1876 666 palam,

305 714 423 766 qua:
452 697 609 749 etiam
638 693 705 747 ab
732 693 860 760 ipsis
884 692 1079 746 fiebant
1104 689 1415 758 discipulis?
1441 688 1584 742 Nunt
1605 699 1650 742 et
1671 704 1776 753 uos,
1802 690 1882 743 in-

304 787 436 855 quit,
464 786 610 837 cultis
639 782 814 836 abire?
842 793 914 845 et,
950 781 1270 835 Dwmonium
1310 781 1459 834 [tabes
1485 780 1666 850 (Joau.
1702 780 1755 834 6.
1788 780 1877 835 68.

305 890 349 931 et
377 879 430 932 7.
461 877 579 945 20),
612 876 890 930 dicebatur
918 875 985 928 ab
1014 876 1077 929 iis
1103 875 1193 944 qui
1231 873 1340 942 jam
1382 872 1742 927 crediderant.
1787 873 1879 927 Dic

304 981 480 1025 autem
509 970 659 1036 inilti,
691 983 870 1022 nonne
899 968 1013 1036 ipse
1029 982 1241 1037 quoque
1258 980 1471 1035 semper
1496 964 1751 1033 fugiebat,
1771 965 1874 1019 ali-

303 1061 515 1132 quando
545 1061 757 1130 quidem
787 1061 839 1114 in
870 1059 1164 1124 Galilaeam,
1191 1056 1478 1127 aliquando
1500 1067 1677 1111 autem
1707 1057 1760 1111 in
1787 1057 1880 1111 Ju-

303 1154 511 1209 daeum?
540 1168 717 1207 annon
748 1152 816 1205 ab
846 1150 978 1220 ipsis
1008 1132 1326 1203 ineuitabilis
1349 1148 1448 1202 fuit
1473 1147 1638 1202 multa
1668 1146 1878 1216 appeti-

305 1257 391 1300 tus
414 1243 740 1299 tcntatione?
762 1258 939 1297 atlllon
963 1257 1109 1306 eum,
1151 1256 1271 1295 eum
1300 1250 1443 1296 esset
1470 1241 1663 1306 infans,
1709 1250 1881 1295 mater

303 1336 524 1392 deduxit
551 1335 602 1387 in
622 1333 946 1403 lEgyptum?
974 1332 1196 1401 Propter
1218 1330 1331 1386 ha-c
1346 1330 1523 1386 omnia
1540 1331 1671 1386 dicit
1691 1346 1707 1384 :
1730 1330 1880 1400 Aspi-

302 1429 486 1481 cientes
517 1427 569 1479 in
597 1436 852 1489 auctorem
880 1426 999 1494 ﬁdei
1027 1434 1074 1479 et
1101 1433 1552 1479 consummatorem
1578 1423 1609 1477 J
1617 1440 1774 1491 esum,
1793 1425 1880 1494 qui

308 1510 566 1578 preposito
588 1512 681 1564 sibi
705 1513 892 1580 gaudio
920 1514 1156 1567 sustinuit
1184 1530 1400 1578 crucem,
1431 1515 1726 1582 confusione
1748 1530 1874 1566 cou-

303 1608 514 1670 tempta,
543 1610 692 1670 atque
719 1601 771 1654 in
801 1602 1006 1655 dextera
1035 1604 1168 1657 sedis
1190 1603 1289 1658 Dei
1309 1607 1464 1658 sedet.
1496 1604 1576 1658 Ad
1604 1620 1723 1658 eum
1748 1619 1879 1675 ergo

301 1692 622 1760 aspiciamus
647 1702 697 1746 et
713 1693 779 1747 ad
801 1694 919 1761 ejus
936 1693 1243 1763 discipulos,
1268 1695 1505 1763 legentes
1518 1684 1636 1765 qua:
1655 1710 1873 1765 perpes-

300 1794 394 1836 sus
418 1793 496 1833 est
520 1781 731 1842 Paulus.
757 1793 809 1837 et
835 1784 1110 1839 audientes
1131 1801 1253 1839 eum
1279 1785 1543 1840 dicentem
1568 1804 1582 1840 :
1605 1787 1674 1840 In
1716 1788 1878 1841 ntalta

299 1873 564 1940 patientia,
579 1877 629 1928 in
647 1875 1066 1942 tribulationibus,
1083 1881 1133 1930 in
1153 1878 1597 1945 necessitatibugin
1613 1894 1876 1948 persequu-

255 2011 263 2027 ,
299 1965 536 2029 tionibus,
556 1967 607 2021 iu
622 1968 887 2036 angustiis,
910 1969 959 2021 in
977 1968 1161 2038 plagis,
1177 1970 1231 2022 in
1242 1969 1875 2035 corceﬁbusduseditioni—

296 2058 794 2125 bus,in]ejuuiis,in
821 2057 1111 2122 laboribus,
1126 2059 1181 2111 in
1203 2059 1467 2125 castitate,
1484 2059 1538 2111 in
1559 2058 1778 2111 scientia
1793 2057 1870 2123 (2.

295 2147 417 2201 Cor.
431 2150 483 2202 6.
502 2148 639 2218 4-6);
660 2159 709 2203 ct
724 2164 935 2214 rursus,
954 2148 1871 2219 Usqueadltanclwramesurimuset

295 2239 527 2300 sitimus,
541 2248 589 2293 et
600 2239 729 2292 nudi
738 2234 1000 2297 minuset
1013 2240 1528 2309 colapltiscrrdimar,
1540 2247 1588 2292 et
1600 2237 1870 2292 instabiles

296 2341 491 2388 sumus,
522 2336 569 2379 et
596 2326 882 2379 laboramus
909 2336 1171 2394 operantes
1211 2325 1439 2378 manibus
1474 2326 1691 2377 nostris:
1716 2323 1876 2377 male-

297 2416 532 2479 dicimur,
582 2426 628 2468 et
672 2415 1043 2478 benedicimus;
1089 2415 1512 2484 persequutiouem
1543 2414 1782 2484 patimur,
1828 2424 1874 2467 et

298 2505 632 2567 sustinemus;
661 2505 1088 2574 blasphemamur,
1118 2514 1165 2558 et
1208 2506 1527 2559 obsecramus
1569 2503 1788 2576 (l.<Cor.
1817 2504 1869 2559 5.

300 2595 470 2649 11-15
489 2595 531 2665 ).
562 2595 824 2650 Passusne
851 2603 934 2649 est
960 2595 1243 2666 quispiam,
1272 2596 1357 2650 vel
1384 2595 1657 2649 minimam
1684 2594 1872 2649 horum

299 2686 543 2754 partem?
569 2685 863 2755 Tamquam
909 2685 1240 2752 seductor-es,
1270 2685 1461 2755 inquit,
1495 2693 1761 2750 tamquam
1788 2684 1874 2738 in-

299 2777 490 2841 fames,
540 2787 807 2846 tamquam
839 2776 970 2830 nihil
1021 2776 1283 2831 habentes
1335 2775 1413 2847 (2.
1453 2775 1571 2831 Cor.
1611 2777 1665 2831 6.
1702 2777 1794 2846 8):
1822 2785 1877 2832 et

302 2882 508 2933 rursus,
541 2867 587 2921 Α
624 2866 823 2921 Judwis
863 2867 1125 2937 quinquies
1150 2867 1521 2938 quadragenas,
1549 2884 1654 2922 una
1686 2871 1869 2935 minus,

301 2959 471 3027 accepi
490 2977 508 3023 ;
537 2967 612 3012 ter
630 2958 782 3027 virgis
802 2975 960 3012 census
979 2975 1111 3023 sum,
1135 2958 1287 3012 semel
1302 2960 1556 3025 lapidatus
1571 2975 1716 3025 sum;
1732 2969 1876 3014 nocte

300 3060 350 3105 et
374 3051 455 3103 die
477 3051 529 3103 in
560 3049 814 3120 profundo
836 3050 990 3102 maris
1014 3049 1111 3119 fui,
1134 3050 1254 3103 etin
1277 3050 1537 3105 itineribus
1557 3065 1711 3120 περι,
1742 3050 1874 3120 afﬂi-

301 3143 566 3208 ctionibus,
591 3142 843 3212 angustia,
873 3140 1008 3210 [ante
1031 3140 1106 3214 (2.
1137 3139 1256 3196 Cor.
1290 3142 1377 3197 11.
1403 3140 1620 3208 24-26).
1646 3143 1712 3197 Et
1732 3142 1874 3212 quod

300 3237 417 3289 tunc
446 3234 554 3287 Deo
585 3233 875 3300 placerent,
904 3233 1027 3289 audi
1056 3249 1177 3288 eum
1203 3233 1502 3288 dicentem:
1540 3233 1755 3304 Propter
1781 3235 1875 3289 hoc

301 3335 375 3379 ter
405 3324 675 3378 Dominum
717 3325 912 3394 rogari,
954 3334 998 3378 et
1020 3325 1147 3378 dixit
1174 3325 1294 3379 milii
1312 3340 1331 3378 :
1371 3324 1568 3395 Suﬂicit
1596 3324 1683 3379 tibi
1710 3327 1876 3395 gratia

299 3434 447 3471 mea:
470 3418 627 3470 virtus
654 3416 785 3471 enim
816 3432 923 3469 mea
944 3417 996 3468 in
1020 3417 1311 3485 inﬁrmitate
1346 3416 1625 3485 perﬁcitur.
1656 3415 1877 3488 Propter

298 3508 453 3580 quod,
485 3508 675 3578 inquit,
705 3508 878 3575 placeo
908 3508 1034 3561 milii
1063 3508 1115 3561 in
1142 3508 1518 3575 infirmitatibus
1544 3508 1685 3574 meis,
1708 3509 1762 3562 in
1789 3510 1875 3579 af—

299 3598 627 3671 ﬂictionibus,
650 3599 700 3652 in
729 3598 1126 3664 necessitatibus,
1158 3598 1213 3651 in
1241 3597 1510 3668 angustiis,
1538 3598 1590 3650 in
1619 3597 1800 3667 plagis,
1824 3598 1877 3651 in

298 3690 603 3755 carceribus,
629 3700 682 3744 ut
709 3691 763 3746 iu
789 3706 868 3744 mc
893 3690 1135 3744 inhabitet
1160 3690 1316 3744 virtus
1338 3689 1524 3744 Christi
1546 3688 1623 3760 (‘2.
1643 3688 1761 3745 Cor.
1785 3687 1872 3743 12.

300 3783 354 3838 3.
377 3783 430 3838 0.
462 3782 572 3853 10).
600 3781 737 3837 Audi
759 3790 935 3837 autem
965 3781 1138 3852 ipsum
1161 3795 1376 3851 quoque
1400 3779 1668 3835 Christum
1689 3779 1876 3834 dicen-

300 3884 443 3929 tem:
478 3873 543 3927 In
592 3873 781 3928 mundo
805 3872 1121 3943 aﬂiictionem
1148 3870 1390 3925 habebitis
1420 3869 1598 3940 (Joan.
1632 3870 1720 3925 16.
1758 3869 1873 3938 55).

299 3967 353 4024 5.
396 3968 706 4039 Recogitate,
738 3968 928 4036 inquit,
959 3985 1090 4034 eum,
1119 3968 1206 4038 qui
1244 3968 1395 4022 talem
1427 3967 1665 4022 sustinuit
1693 3983 1726 4020 ιι
1757 3983 1877 4038 pec-

299 4056 550 4110 catoribus
575 4057 809 4111 adversus
834 4058 999 4126 ipsum
1017 4057 1484 4122 contradictionem,
1512 4067 1566 4110 ut
1592 4074 1655 4111 ne
1678 4057 1867 4126 defati-

301 4147 486 4217 gemini
510 4147 692 4199 animis
717 4147 890 4199 vestris
919 4146 1225 4211 deﬁcientes.
1254 4146 1384 4201 Jure
1413 4147 1605 4201 merito
1631 4148 1746 4199 hate
1778 4145 1876 4199 ad-

303 4236 439 4291 didit
464 4254 477 4290 :
505 4250 624 4289 nam
649 4236 693 4289 si
716 4235 1080 4303 proximorum
1106 4249 1207 4289 nos
1225 4236 1462 4290 excitant
1482 4235 1875 4305 perpessiones,

303 4322 478 4392 ipsius
508 4321 715 4376 Domini
741 4320 1116 4390 perpessiones
1143 4331 1398 4391 quantam
1429 4319 1586 4376 nobis
1606 4334 1712 4374 non
1742 4335 1888 4390 pra:-

309 4415 512 4471 bebunt
533 4413 695 4469 animi
724 4413 1090 4468 alacritatem?
1115 4413 1240 4483 quid
1275 4414 1430 4469 nobis
1460 4428 1568 4468 non
1596 4411 1794 4467 faciet?
1820 4411 1889 4469 Et

308 4508 434 4563 vide
459 4505 732 4576 quomodo
763 4505 1180 4575 praatermittens
1200 4505 1381 4559 omnia
1407 4504 1610 4571 dicere,
1641 4518 1735 4574 per
1758 4519 1889 4560 eon-

312 4600 681 4656 tradictionem
721 4607 889 4653 totum
917 4596 1233 4666 significavit
1257 4615 1270 4650 :
1301 4598 1436 4651 ictus
1462 4599 1604 4652 enim
1632 4597 1687 4652 in
1714 4597 1885 4667 genis,

310 4694 500 4758 risum,
527 4690 903 4754 contumelias,
931 4689 1397 4758 exprobrationes,
1429 4688 1725 4757 irrisioucs,
1773 4689 1890 4744 haec

308 4785 487 4839 omnia
528 4782 780 4839 indicavit
830 4796 925 4852 per
974 4779 1454 4835 contradictionem
1489 4797 1504 4834 :
1537 4795 1713 4849 neque
1759 4794 1888 4834 vero

308 4877 485 4932 solum
515 4875 625 4942 illa,
659 4874 752 4931 sed
778 4884 835 4930 et
859 4888 978 4944 qua:
1006 4876 1220 4927 luerunt
1249 4871 1301 4925 in
1350 4872 1593 4926 universa
1636 4871 1757 4926 vita:
1786 4870 1885 4926 do-

306 4970 499 5030 ctrina.
550 4968 673 5023 llzue
705 4968 884 5038 igitur,
915 4964 1271 5029 dilectissimi,
1304 4978 1516 5033 semper
1558 4973 1885 5033 reputemus,

307 5071 359 5114 et
379 5067 535 5115 noctu
559 5067 612 5113 et
631 5057 861 5112 interdiu
885 5056 936 5110 in
965 5055 1160 5110 animis
1180 5055 1378 5109 nostris
1404 5069 1697 5119 versemus,
1718 5054 1891 5108 scicn-

309 5162 387 5206 tes
412 5152 553 5222 quod
578 5150 773 5206 isthinc
790 5163 978 5219 magna
999 5146 1316 5217 reportaturi
1345 5162 1530 5201 sumus
1560 5145 1719 5212 bona,
1752 5145 1889 5200 mul-

278 5254 281 5257 ‘
308 5252 523 5311 tamque
551 5242 673 5296 inde
700 5242 982 5297 utilitatem
1012 5240 1353 5309 recipiemus.

378 5334 566 5388 Christi
587 5334 931 5403 perpessiones
947 5333 1000 5385 in
1027 5332 1319 5385 memoriam
1345 5330 1663 5385 revocandae.
1685 5360 1758 5372 -—-
1775 5330 1855 5385 Ma
1870 5360 1886 5370 -

306 5442 466 5496 guunt
499 5428 664 5491 enim,
700 5440 888 5479 revera
916 5439 1167 5494 magnum
1216 5432 1344 5477 sunt
1391 5423 1643 5479 solatium
1689 5423 1890 5479 Christi

306 5519 683 5588 perpessiones
703 5527 757 5573 et
776 5518 1148 5587 pcrpessiones
1168 5516 1552 5587 apostolorum.
1578 5517 1727 5572 Adeo
1745 5533 1888 5574 emat

308 5611 511 5673 sciebat
539 5611 677 5667 hanc
703 5613 843 5667 viam
874 5612 1087 5667 virtutis
1112 5626 1232 5666 esse
1263 5612 1559 5675 meliorem,
1594 5620 1651 5666 ut
1672 5622 1727 5666 et
1750 5611 1884 5680 ipse,

310 5702 400 5770 qui
431 5718 494 5771 ea
519 5718 624 5760 non
653 5705 863 5774 egebat,
906 5720 1025 5762 eam
1063 5706 1129 5762 sit
1172 5704 1477 5777 ingressus:
1504 5704 1641 5762 adeo
1686 5703 1888 5762 sciebat

1016 289 1075 344 s.
1103 288 1379 346 JOANNIS
1416 288 1885 345 cunvsos'rom
1920 284 2229 343 .tRCItlEP.
2267 254 2795 339 consumtum.

3456 271 3547 325 I96

1971 407 2332 461 afﬂictiometn
2379 406 2590 475 juvarc,
2623 412 2681 456 ut
2705 417 2823 470 quae
2855 399 3023 469 magis
3064 400 3130 454 sit
3158 414 3321 455 causa
3359 402 3553 471 quietis

1970 510 2025 556 et
2053 500 2406 557 remissionis.
2437 499 2573 553 Audi
2603 499 2744 552 enim
2776 496 2952 565 ipsum
2966 494 3240 549 Christum
3262 495 3553 551 dicentem:

1973 595 2037 651 Si
2071 596 2183 666 quis
2225 611 2324 648 non
2356 593 2503 647 tollat
2541 607 2741 645 crucem
2784 605 2950 652 suam,
2984 597 3031 642 et
3057 605 3136 641 me
3164 598 3421 657 captatur,
3452 606 3555 644 non

1970 698 2042 741 est
2071 703 2149 741 me
2177 687 2362 756 dignus
2399 683 2613 756 (Matth.
2648 682 2735 736 10.
2770 680 2886 749 58).
2920 681 2998 734 Ac
3026 680 3069 732 si
3101 679 3337 734 diceret:
3365 680 3421 735 Si
3471 696 3552 746 es,

1971 780 2166 851 inquit,
2199 779 2515 849 discipulus,
2560 777 2769 830 imitare
2797 774 3138 843 Magistrum;
3172 772 3277 827 hoc
3301 772 3444 826 enim
3471 783 3556 827 est

1970 871 2239 941 discipuli.
2257 870 2312 926 Si
2335 880 2511 924 autem
2542 869 2657 937 ipse
2674 866 2886 936 quidem
2906 865 3051 919 venit
3065 879 3161 934 per
3182 862 3552 931 afﬂictiouem,

1972 970 2029 1015 tu
2051 972 2227 1016 autem
2251 977 2347 1030 per
2361 961 2594 1030 quietem
2620 965 2676 1011 et
2701 957 3094 1020 remissionem,
3123 970 3228 1008 non
3256 956 3443 1010 eadem
3470 956 3552 1011 via

1971 1052 2271 1122 ingrederis
2293 1066 2394 1121 qua
2428 1050 2518 1104 ille
2547 1058 2630 1104 est
2657 1048 2951 1117 ingressus,
2980 1045 3076 1100 sed
3115 1045 3241 1098 alia.
3269 1046 3554 1112 Quomodo

1969 1160 2098 1215 ergo
2122 1144 2366 1213 sequeris
2398 1158 2499 1197 non
2528 1139 2797 1211 sequens?
2822 1138 3092 1209 quomodo
3133 1153 3193 1194 es
3234 1138 3552 1208 discipulus,

1969 1253 2076 1292 non
2102 1250 2334 1306 sequens
2374 1232 2724 1304 Magistrum?
2766 1231 2879 1285 Hoc
2910 1231 3104 1284 Paulus
3132 1245 3345 1298 quoque
3379 1229 3509 1283 dicit
3536 1246 3551 1283 :

1971 1328 2086 1383 Nos
2106 1329 2318 1397 inﬁrmi,
2346 1342 2432 1381 vos
2453 1336 2622 1380 autem
2650 1329 2834 1396 fortes;
2868 1340 2960 1377 nas
2985 1323 3245 1394 ignobiles,
3277 1337 3362 1376 eos
3383 1332 3553 1376 autem

1970 1420 2163 1475 nobiles
2195 1419 2277 1487 (1.
2309 1417 2428 1474 Cor.
2461 1416 2654 1488 4.10).
2681 1417 2787 1470 Aut
2814 1415 3082 1485 quomodo
3104 1423 3189 1469 est
3213 1414 3404 1466 rationi
3425 1427 3555 1467 con-

1970 1518 2286 1565 sentaneum
2311 1523 2410 1563 nos
2436 1506 2674 1562 :cmulari
2697 1504 2987 1568 contraria,
3007 1511 3062 1559 et
3081 1518 3180 1559 vos
3199 1503 3413 1572 quidem
3432 1517 3554 1556 esse

1971 1599 2286 1669 discipulos,
2321 1613 2419 1653 nos
2445 1609 2623 1652 autem
2651 1595 2973 1666 magistros?
2993 1595 3178 1665 Magna
3204 1609 3331 1666 ergo
3354 1610 3442 1649 res
3470 1605 3548 1650 est

1968 1689 2207 1755 afﬂictio,
2239 1703 2273 1744 ο
2298 1688 2476 1743 dilecti
2498 1706 2512 1742 :
2537 1689 2644 1741 duo
2672 1687 2819 1742 enim
2863 1685 3048 1751 efﬁcit,
3077 1700 3251 1755 eaque
3293 1685 3547 1749 tnaxima,

1967 1790 2023 1836 et
2047 1790 2261 1851 peccata
2292 1779 2459 1846 delet,
2484 1788 2540 1834 et
2566 1777 2691 1833 facit
2720 1777 2884 1833 fortes
2911 1785 2967 1831 et
2995 1777 3264 1832 robustos.

2033 1869 2090 1916 4.
2136 1861 2273 1929 Quid
2322 1878 2472 1926 vero,
2522 1863 2711 1932 inquit,
2754 1863 2800 1918 si
2839 1861 3091 1917 everterit
3117 1872 3175 1919 et
3203 1863 3540 1933 perdiderit?

1963 1952 2079 2008 Non
2106 1953 2210 2011 hoc
2240 1952 2366 2008 facit
2393 1952 2633 2020 afﬂictio,
2658 1953 2753 2010 sed
2778 1963 2960 2009 nostra
2989 1955 3215 2025 ignavia.
3239 1954 3541 2022 Quomodo,

1964 2045 2172 2115 inquit?
2200 2045 2255 2100 Si
2284 2045 2450 2100 sobrii
2479 2045 2666 2111 simus,
2700 2047 2742 2100 si
2779 2046 2941 2099 Deum
2970 2059 3221 2115 rogemus
3250 2057 3307 2099 ut
3338 2061 3440 2099 non
3467 2046 3542 2100 si-

1963 2148 2055 2192 nat
2082 2152 2179 2194 nos
2211 2138 2400 2192 tentari
2434 2137 2550 2207 plus
2574 2153 2732 2207 quam
2765 2136 2905 2192 ferre
2931 2137 3220 2207 possimus,
3251 2136 3296 2193 si
3327 2138 3375 2192 ei
3402 2151 3543 2192 sem-

1967 2244 2062 2299 per
2089 2229 2385 2285 hmreamus
2406 2272 2420 2296 ,
2455 2229 2661 2285 fortiter
2688 2230 2944 2293 stabimus
2965 2238 3021 2285 et
3044 2230 3096 2284 in
3122 2229 3255 2285 acie.
3281 2230 3545 2298 Quamdiu

1964 2336 2084 2377 eum
2122 2321 2464 2377 habuerimus
2494 2320 2793 2391 adjutorem
2816 2363 2830 2386 ,
2860 2321 3070 2376 etiamsi
3097 2319 3345 2376 omnibus
3371 2321 3544 2374 ventis

1964 2414 2331 2470 vehementius
2367 2414 2618 2483 spirat-int
2648 2414 2967 2470 tentationes
2986 2456 3000 2480 ,
3031 2422 3189 2469 erunt
3214 2414 3368 2469 nobis
3395 2414 3541 2483 palea

1964 2515 2021 2562 et
2043 2505 2226 2561 folium
2255 2506 2395 2583 quod
2440 2505 2628 2562 leviter
2667 2515 2722 2562 et.
2765 2515 2966 2562 temere
2996 2507 3182 2562 fertur.
3226 2504 3362 2561 Audi
3407 2506 3547 2561 Pau-

1966 2599 2075 2654 lum
2107 2599 2369 2654 ditcntcm
2404 2616 2419 2653 :
2450 2596 2519 2652 In
2539 2600 2617 2653 Itis
2644 2600 2873 2681 omnibus
2901 2613 3231 2668 superamus;
3254 2608 3308 2653 et
3334 2613 3543 2664 rursus,

1966 2690 2218 2746 Existimo
2244 2692 2376 2745 enim
2402 2690 2536 2759 quod
2562 2708 2661 2745 non
2685 2701 2801 2744 sunt
2826 2689 3091 2761 condigna:
3110 2690 3371 2760 passiones
3392 2690 3546 2760 hujus

1967 2784 2204 2853 temporis
2242 2781 2311 2834 ad
2349 2784 2575 2853 futuram
2604 2781 2820 2852 gloriam
2850 2797 2963 2851 qua:
2990 2781 3291 2834 revelabitur
3317 2781 3370 2833 in
3404 2779 3547 2833 nobis

1969 2875 2144 2948 (Rom.
2172 2874 2227 2931 8.
2257 2874 2344 2928 57.
2377 2884 2421 2928 ct
2449 2874 2570 2945 18);
2603 2885 2656 2928 et
2685 2889 2890 2939 rursus,
2940 2872 3008 2926 Id
3045 2872 3181 2943 quod
3217 2874 3271 2927 iu
3314 2874 3548 2942 presenti

1967 2978 2041 3022 est
2083 2976 2486 3022 momentaneum
2530 2977 2576 3020 et
2619 2968 2725 3020 leue
2767 2967 3108 3020 tribulationis
3147 2976 3352 3033 nostra,
3394 2983 3549 3033 supra

1968 3057 2172 3111 modum
2187 3065 2428 3110 aeternum
2443 3056 2622 3126 gloria:
2638 3056 2833 3124 pondus
2849 3067 3088 3126 aperatur
3106 3056 3158 3109 in
3179 3055 3320 3110 nobis
3332 3055 3410 3125 (ξ.
3429 3055 3545 3112 Cor.

1976 3149 2022 3203 1.
2056 3145 2164 3219 ib).
2200 3147 2332 3202 Vide
2369 3148 2832 3217 quanta‘pericula
2853 3187 2869 3212 ,
2901 3147 3174 3217 naufragia
3195 3189 3209 3209 ,
3244 3150 3549 3218 frequentes

1968 3241 2302 3304 afﬂictiones,
2344 3250 2398 3295 et
2425 3256 2544 3309 qua:
2571 3249 2696 3295 sunt
2742 3239 3067 3308 huiusmodi,
3099 3250 3254 3294 vocat
3284 3241 3419 3294 levia
3453 3258 3464 3292 :
3495 3250 3551 3296 et

1970 3333 2220 3386 tumulare
2247 3331 2385 3385 hunc
2412 3330 2746 3386 adamantem
2778 3330 2879 3385 hoc
2907 3345 3136 3400 corpore
3174 3331 3363 3387 leviter
3387 3343 3440 3387 et
3469 3341 3550 3387 te-

1969 3437 2119 3478 mere
2156 3422 2417 3477 indutum.
2465 3421 2538 3477 Es
2581 3422 2633 3475 in
2666 3422 3022 3491 paupertate?
3062 3422 3158 3476 sed
3187 3437 3292 3476 non
3323 3423 3376 3476 in
3407 3431 3549 3477 tanta

1968 3524 2164 3585 quanta
2195 3514 2390 3569 Paulus
2411 3555 2425 3581 ,
2458 3515 2546 3584 qui
2578 3528 2698 3568 cum
2729 3515 2895 3579 fame,
2935 3514 3019 3568 siti
3049 3525 3102 3568 et
3145 3515 3388 3570 nuditate
3416 3531 3548 3571 con-

1968 3606 2268 3661 ﬂictabatur
2298 3623 2310 3658 :
2342 3622 2447 3660 non
2471 3608 2611 3660 enim
2640 3621 2802 3660 unum
2831 3606 2970 3659 diem
3001 3606 3103 3661 hoc
3123 3617 3204 3661 est
3227 3623 3433 3677 passus,
3457 3610 3549 3662 sed

1969 3710 2227 3770 perpetuo
2271 3699 2372 3755 hoc
2414 3698 2731 3768 patiebatur.
2782 3698 2931 3755 Unde
2979 3699 3078 3754 hoc
3120 3702 3368 3754 constat?
3415 3701 3549 3755 Audi

1968 3806 2091 3847 eum
2133 3790 2397 3846 dicentem
2436 3807 2448 3844 :
2485 3789 2654 3860 Usque
2692 3791 2743 3844 in
2790 3790 2920 3844 hanc
2957 3791 3137 3844 horam
3183 3793 3432 3846 esurimus
3457 3834 3472 3859 ,
3503 3802 3551 3846 et

1968 3883 2183 3947 sitimus,
2218 3892 2263 3937 et
2299 3882 2422 3935 nudi
2451 3898 2627 3936 sumus
2656 3883 2731 3952 (1.
2765 3881 2883 3935 Cor.
2915 3883 2969 3936 4.
3005 3884 3120 3951 ll).
3150 3884 3341 3952 Papm!
3376 3899 3550 3955 quan-

1969 3984 2074 4028 tam
2105 3973 2326 4044 gloriam
2370 3973 2480 4041 jam
2528 3981 2847 4042 assequutus
2894 3974 2947 4026 in
2994 3973 3392 4043 praedicatione,
3446 3988 3549 4030 tam

1967 4068 2132 4121 multa
2164 4066 2387 4130 ferebat,
2417 4075 2470 4120 et
2492 4066 2600 4133 jam
2634 4066 2812 4134 viginti
2840 4079 3009 4120 anuos
3051 4066 3102 4120 in
3130 4081 3190 4120 ea
3223 4048 3550 4134 confecerat,

1969 4157 2186 4228 quando
2216 4156 2329 4212 hanc
2357 4156 2622 4212 scribebat
2647 4156 2669 4208 ?
2699 4156 2821 4211 Scio
2854 4158 3007 4221 enim,
3052 4157 3249 4226 inquit,
3298 4158 3553 4213 Immineat

1966 4260 2084 4304 ante
2112 4264 2272 4302 annos
2297 4247 2715 4317 quatuor-decim,
2764 4248 2867 4302 sive
2909 4249 2962 4302 in
3002 4264 3233 4318 corpore,
3267 4251 3369 4303 sive
3409 4262 3554 4305 extra

1967 4356 2149 4411 corpus
2192 4341 2356 4394 nescio
2403 4338 2478 4409 (2.
2530 4339 2648 4392 Cor.
2690 4338 2776 4395 12.
2830 4339 2925 4409 2);
2971 4350 3025 4395 et
3054 4357 3259 4405 rursus,
3291 4341 3418 4397 Post
3455 4354 3554 4398 tres

1965 4446 2127 4484 annos
2146 4471 2160 4494 ,
2191 4429 2396 4499 inquit,
2427 4430 2632 4483 escendi
2657 4429 3030 4501 Jerosolymam
3060 4429 3202 4499 (Gal.
3240 4435 3286 4485 1.
3328 4433 3439 4505 18).
3486 4434 3556 4489 Et.

1966 4537 2153 4578 rursus
2189 4521 2313 4576 audi
2353 4536 2474 4577 eum
2514 4521 2776 4576 dicentem
2812 4539 2826 4576 :
2868 4521 3066 4575 Bonum
3105 4532 3178 4577 est
3225 4524 3346 4577 milii
3392 4524 3555 4596 magis

1965 4618 2116 4684 mori,
2144 4632 2294 4686 quant
2314 4624 2372 4668 ut
2391 4614 2607 4684 gloriam
2633 4630 2796 4667 meam
2820 4615 2930 4685 quis
2955 4625 3174 4669 euacuet.
3202 4614 3311 4670 Nec
3339 4615 3442 4670 hoc
3468 4634 3557 4672 so-

1966 4711 2076 4765 lum
2096 4751 2109 4769 .
2141 4709 2234 4763 sed
2262 4709 2423 4764 etiam
2458 4720 2642 4760 rursus
2673 4705 2914 4760 scribens
2941 4706 3153 4760 diccbat
3186 4724 3198 4759 :
3234 4707 3381 4760 Sicut
3430 4724 3557 4773 pur-

1967 4800 2203 4866 gamenta
2229 4790 2404 4845 mundi
2435 4793 2556 4860 [acti
2583 4807 2756 4845 sumus
2783 4788 2860 4863 (l.
2888 4789 3005 4847 Cor.
3035 4790 3091 4848 9.
3130 4791 3218 4846 15.
3257 4800 3304 4845 et
3343 4791 3400 4846 4.
3433 4791 3548 4863 13).

1971 4884 2105 4951 Quid
2135 4878 2277 4938 fame
2304 4882 2558 4952 gravius?
2585 4882 2711 4952 quid
2741 4883 2959 4952 frigore,
2992 4881 3116 4952 quid
3145 4882 3350 4937 insidiis
3379 4897 3409 4935 a
3443 4882 3557 4937 fra-

1973 4975 2178 5041 tribus,
2217 4989 2350 5043 quos
2399 4975 2560 5027 etiam
2598 4973 2828 5041 appellat
2885 4972 3046 5028 falsos
3088 4971 3326 5028 fratres?
3376 4968 3557 5029 nerine

1971 5066 2259 5121 vocabatur
2283 5064 2429 5119 orbis
2464 5074 2621 5118 terra:
2650 5065 2933 5133 pernicies,
2975 5078 3079 5118 Ιιοιι
3120 5066 3402 5134 impostor,
3446 5079 3555 5118 non

1969 5156 2228 5214 eversor?
2263 5172 2441 5211 annon
2471 5155 2918 5210 conscindebatur
2959 5154 3139 5225 ﬂagris
3179 5154 3398 5210 εωθιιεῖ
3425 5153 3556 5209 llaec

1974 5249 2128 5303 nobis
2154 5249 2366 5303 veniant
2396 5247 2447 5300 in
2478 5256 2710 5301 mentetn
2732 5286 2747 5310 ,
2781 5260 2813 5299 o
2843 5245 3041 5311 dilecti,
3083 5246 3200 5301 haec
3233 5245 3553 5314 cogitemus,

1972 5344 2088 5397 haec
2118 5339 2520 5396 meminerimus
2547 5349 2599 5393 et
2621 5353 2906 5408 mnnquam
2929 5337 3286 5393 dissolvemur
3309 5348 3366 5393 et
3394 5351 3556 5392 ener-

1973 5436 2234 5498 vabitnur,
2280 5432 2489 5487 etiamsi
2534 5431 2725 5501 injuria
2772 5430 3062 5485 afticiamur
3090 5471 3104 5495 ,
3150 5430 3360 5485 etiamsi
3411 5428 3556 5484 bona

1972 5537 2152 5584 nostra
2185 5525 2522 5596 diripiantur,
2555 5524 2760 5580 etiamsi
2792 5523 2928 5578 mala
2957 5523 3218 5593 patiamur
3247 5522 3553 5575 innumera.

1974 5624 2138 5677 Detur
2166 5620 2316 5675 nobis
2340 5630 2398 5674 ut
2422 5619 2473 5672 in
2502 5617 2648 5672 caalis
2675 5617 2729 5671 in
2755 5617 2893 5671 bona
2923 5617 3087 5671 simus
3118 5614 3512 5669 existimatione
3534 5654 3552 5680 ,

1974 5725 2025 5771 ct
2055 5724 2178 5770 sunt
2203 5712 2381 5768 ontnia
2413 5708 2706 5768 tolerabilia
2736 5726 2749 5763 :
2796 5708 2952 5764 detur
2991 5717 3048 5765 ut
3087 5706 3197 5764 illic
3223 5718 3310 5761 res
3337 5714 3552 5761 nostras
