3970 6152
307 290 412 356 197

304 416 469 472 Μετὰ
507 417 641 485 τρία
664 418 790 485 ἔτη,
821 415 1004 486 φησὶν.
1032 414 1306 485 ἀνῆλθον
1327 419 1415 482 εἰς
1468 416 1888 484 Ἰεροσόλυμα.

309 505 424 559 Καὶ
454 505 617 559 πάλιν
649 504 814 559 ἄκουε
845 502 1011 557 αὑτοῦ
1040 503 1289 571 λέγοντος
1313 520 1327 534 ⁸
1363 504 1571 558 Καλόν
1603 521 1707 573 μοι
1744 505 1894 557 εἰπο-

308 591 538 656 θανεῖν,
575 592 613 661 ἢ
645 592 712 644 τὸ
757 590 1042 660 καύχημά
1061 609 1183 661 μου
1217 593 1319 647 ἵνα
1380 609 1472 660 τις
1504 591 1769 660 κενώσῃ.
1820 593 1894 644 Οὐ

311 680 473 751 μόνον
498 680 554 733 δὲ
594 679 776 742 τοῦτο,
799 679 935 733 ἀλλά
960 680 1054 734 καὶ
1082 680 1247 735 πάλιν
1273 681 1504 753 γράφων
1528 681 1720 749 ἔλεγεν
1743 697 1757 710 ·
1805 682 1897 746 Ὡς

308 765 789 837 περικαθάρματα
817 767 923 821 τοῦ
944 768 1180 838 κόσμου
1202 769 1596 841 ἐγενήθημεν.
1630 768 1697 822 Τί
1728 767 1893 838 λιμοῦ

308 854 721 928 χαλεπώτερονς
758 858 811 910 τί
869 857 1129 929 κρυμοῦς
1170 859 1224 911 τί
1277 859 1388 912 τῶν
1435 857 1741 912 ἐπιϐουλῶν
1786 858 1896 912 τῶν

309 942 459 1014 παρά
484 942 760 1013 άδελφῶνς
785 943 877 1007 οὒς
908 944 1311 1014 ψευδαδέλφους
1340 945 1528 1000 λοιπὸν
1558 945 1734 999 καλεῖ.
1762 946 1896 1016 Οὐχὶ

308 1028 524 1101 λυμεὼν
577 1030 826 1085 ἐκαλεῖτο
872 1032 971 1102 τῆς
1023 1024 1388 1106 οἰκουμένηςξ
1428 1034 1550 1104 οὐχί
1596 1033 1890 1100 άπατεῶνς

308 1119 428 1191 οὐχί
459 1117 841 1191 ἀνατροπεύςς
876 1119 1000 1190 ούχὶ
1044 1122 1416 1176 κατεκόπτετο
1463 1122 1892 1193 μαστιζόμενοςς

309 1206 495 1260 Ταῦτα
517 1209 575 1261 ἐν
606 1206 680 1277 νῷ
705 1206 983 1278 λάϐωμεν,
1019 1211 1317 1281 ἀγαπητοὶ,
1358 1211 1531 1265 ταῦτα
1554 1211 1892 1280 ἀναλογιζώ-

312 1294 476 1366 μεθα,
506 1296 683 1349 ταῦτα
714 1296 1161 1369 μνημονεύωμεν,
1199 1300 1293 1353 καί
1314 1300 1568 1354 οὐδέποτε
1602 1299 1896 1372 ἐκλυθησό-

313 1385 476 1455 μεθα,
512 1384 615 1439 κᾶν
654 1385 991 1457 ἀδικώμεθα,
1020 1387 1124 1443 κᾶν
1154 1390 1556 1461 ἀρπαζώμεθα,
1592 1392 1699 1446 κᾶν
1726 1393 1898 1463 μυρία

312 1473 615 1542 πάσχωμεν
644 1473 812 1526 κακά.
846 1473 1063 1529 Γένοιτο
1114 1475 1181 1529 τὰ
1222 1480 1279 1531 ἐν
1308 1480 1419 1542 τοῖς
1459 1478 1708 1551 οὐρανοῖς
1750 1479 1899 1550 ἡμᾶς

313 1558 643 1628 εὐδοκιμεῖν,
680 1563 775 1614 καὶ
805 1561 985 1615 πάντα
1013 1564 1227 1635 φορητά
1253 1581 1266 1594 ·
1293 1566 1508 1635 γένοιτο
1535 1566 1597 1621 εῦ
1631 1568 1896 1639 πράττειν

314 1648 454 1708 ἐκεῖ,
486 1651 579 1700 καί⁵
602 1648 712 1701 τῶν
737 1649 975 1704 ἐνταῦθα
1000 1650 1161 1719 λόγος
1182 1652 1378 1717 οὐδείς.
1404 1654 1542 1709 Σκιά
1566 1653 1744 1709 ταῦτά
1775 1656 1896 1709 ἐστι

315 1734 412 1786 καὶ
446 1733 607 1805 ὄναρ·
670 1731 759 1789 οἷα
811 1738 879 1790 ἂν
930 1738 1041 1808 εἴη,
1089 1738 1467 1811 ἐλπιζομένων
1513 1743 1740 1798 ἐκείνων
1802 1743 1895 1796 καὶ

314 1823 806 1895 προσδοκωμένων,
820 1825 976 1879 οὐδέν
995 1828 1112 1879 ἐστι
1136 1827 1244 1880 τῶν
1261 1828 1451 1883 δεινῶν
1476 1827 1600 1884 οὔτε
1619 1832 1684 1902 τῇ
1711 1830 1893 1900 φύσει,

312 1908 438 1962 οὔτε
467 1910 544 1979 τῷ
576 1911 776 1982 χρόνῳ.
816 1912 882 1964 Τί
905 1911 1014 1985 γὰρ
1053 1912 1235 1983 βούλει
1270 1915 1407 1987 πρὸς
1441 1918 1509 1970 τὰ
1543 1917 1693 1973 δεινά
1714 1920 1898 1972 ἐκεῖνα

313 1998 754 2069 παραϐάλωμενς
786 2000 839 2054 τί
879 2001 1020 2072 πρὸς
1075 2001 1137 2055 τὸ
1184 2002 1297 2074 πῦρ
1332 2003 1391 2057 τὸ
1417 2004 1703 2072 ἄσϐεστον,
1761 2005 1899 2077 πρὸς

314 2086 405 2138 τὸν
445 2084 705 2156 σκώληκα
733 2087 825 2142 τὸν
854 2087 1245 2161 ἀτελεύτητονς
1281 2091 1335 2143 τί
1363 2091 1569 2165 δυνήσῃ
1601 2091 1751 2165 [262]
1785 2094 1899 2148 ἴσον

316 2173 492 2228 εἰπεῖν
521 2174 632 2230 τῶν
657 2176 897 2230 ἐνταῦθα
927 2179 1065 2249 πρὸς
1091 2179 1183 2232 τὸν
1219 2179 1469 2250 βρυγμὸν
1508 2181 1620 2235 τῶν
1645 2180 1895 2248 ὀδόντων,

316 2263 454 2333 πρὸς
486 2265 554 2319 τά
588 2266 789 2337 δεσμὰ,
828 2267 966 2339 πρὸς
996 2269 1057 2321 τὸ
1098 2269 1292 2332 σκότος
1332 2270 1394 2323 τὸ
1434 2262 1725 2343 ἐξώτερον,
1762 2271 1900 2342 πρὸς

317 2352 417 2418 τὴν
444 2351 640 2423 ὀργὴν,
673 2355 810 2426 πρὸς
835 2356 933 2426 τὴν
964 2356 1168 2426 θλῖψιν,
1197 2357 1335 2426 πρὸς
1367 2356 1463 2428 τὴν
1495 2359 1857 2429 στενοχωρίαν
1883 2377 1898 2427 ς

331 2437 492 2491 Ἀλλά
517 2440 595 2510 τῷ
621 2442 831 2512 χρόνῳς
868 2444 980 2496 Καὶ
1010 2444 1065 2496 τί
1103 2443 1279 2515 μύρια
1322 2445 1417 2516 ἔτη
1460 2444 1596 2515 πρὸς
1642 2446 1903 2517 ἀπείρους

319 2528 523 2592 αἰῶνας
569 2531 665 2582 καὶ
688 2531 1117 2604 ἀτελευτήτουςς
1166 2533 1266 2604 ούχ
1304 2516 1429 2587 ὅσον
1482 2534 1654 2606 μικρὰ
1691 2535 1903 2604 σταγὼν

321 2617 461 2687 πρὸς
488 2615 725 2670 ἄϐυσσον
755 2618 1015 2691 ἀπειρονς
1063 2620 1224 2674 Ἀλλά
1255 2622 1392 2694 πρὸς
1411 2622 1481 2678 τά
1503 2623 1718 2692 ἀγαθάς
1763 2625 1902 2678 Ἀλλ’

322 2706 442 2759 ἐκεῖ
460 2706 662 2776 μείζων
680 2709 1003 2780 ἡῦπερϐολή
1022 2727 1035 2741 ·
1062 2710 1401 2782 Ὀφθαλμὸς
1417 2714 1530 2769 οὐκ
1550 2713 1694 2779 εἶδε,
1716 2714 1901 2787 φησὶν.

321 2788 433 2860 οὖς
482 2797 593 2849 οὐκ
645 2794 934 2864 ἤκουσεν,
987 2799 1085 2853 ὲπί
1128 2799 1385 2869 καρδίαν
1421 2801 1738 2870 ἀνθρώπου
1791 2804 1904 2857 οὐκ

323 2882 525 2951 ἀνέϐη.
567 2883 678 2937 Καὶ
706 2883 878 2938 ταῦτα
907 2884 1059 2940 ἔσται
1091 2887 1256 2941 πάλιν
1285 2890 1342 2943 ἐν
1383 2889 1638 2960 ἀπείροις
1688 2891 1903 2945 αἰῶσιν.

334 2971 506 3042 ’Υπὲρ
538 2971 745 3026 τούτων
772 2972 865 3027 οὖν
911 2976 1292 3046 κατακοπῆναι
1326 2978 1585 3050 μυριάκις
1628 2978 1689 3031 οὗ
1718 2979 1904 3043 καλὸν,

323 3060 703 3134 ἀναιρεθῆνα¹ι,
732 3067 1102 3137 κατακαῆναι,
1139 3068 1369 3140 μυρίους
1403 3069 1705 3141 ὑποστῆναι
1746 3069 1909 3126 θανά-

324 3166 476 3215 τους,
525 3151 636 3204 πᾶν
681 3152 862 3207 ὁτιοῦν
918 3155 1215 3226 ὑπομεῖναι
1262 3156 1438 3211 δεινὸν
1486 3158 1583 3211 καὶ
1619 3156 1764 3229 λόγῳ
1812 3159 1908 3213 καί

326 3240 473 3311 ἔργῳ
500 3258 515 3308 ς
548 3241 609 3293 Εἰ
650 3241 760 3312 γάρ
791 3244 849 3296 ἐν
889 3243 1025 3315 πυρὶ
1058 3244 1157 3315 ζῇν
1211 3245 1650 3315 κατακαιόμενον
1686 3240 1775 3317 ῆν,
1806 3245 1909 3299 οὐκ

326 3329 433 3382 ἔδει
461 3330 636 3384 πάντα
658 3330 949 3402 ὑπομένειν
992 3332 1135 3404 ὑπὲρ
1158 3330 1255 3387 τοῦ
1277 3335 1464 3404 τυχεῖν
1496 3333 1605 3389 τῶν
1630 3333 1908 3406 ἐπηγγελ-

331 3417 506 3487 μένων
535 3418 760 3472 ἐκείνων
794 3417 1019 3489 ἀγαθῶν
1039 3436 1054 3486 ;

409 3622 570 3677 Ἀλλά
600 3623 653 3677 τί
688 3623 833 3693 λέγω
856 3624 1032 3679 ταῦτα
1060 3625 1245 3698 ληρῶν
1272 3626 1408 3695 πρὸς
1439 3625 1765 3698 ἀνθρώπους
1786 3627 1909 3681 οὐδὲ

326 3712 629 3781 χρημάτων
659 3714 1068 3784 καταφρονῆσαι
1094 3714 1480 3785 αἱρουμένους,
1516 3714 1632 3767 ἀλλ’
1656 3714 1733 3777 ὡς
1779 3715 1911 3768 dea-

327 3797 502 3851 νάτων
529 3797 710 3851 αὐτῶν
738 3800 1056 3870 ἐχομένους,
1096 3801 1200 3855 κάν
1233 3802 1406 3873 μικρά
1428 3803 1492 3855 ἐκ
1517 3800 1730 3856 πολλῶν
1755 3801 1907 3870 δῶσι,

328 3882 387 3937 τὺ
425 3885 533 3937 πᾶν
565 3884 889 3956 νομίζοντας
930 3888 1221 3957 ἠνυκέναις
1251 3889 1366 3943 Οὐκ
1408 3888 1524 3943 ἔστι
1568 3888 1728 3943 τοῦτο
1754 3890 1909 3962 ἐλιεη⁶

332 3972 536 4043 μοσύνη
558 3990 570 4001 ·
602 3973 941 4045 ἐλεημοσύνη
966 3976 1077 4048 γάρ
1100 3978 1249 4030 ἐστιν
1279 3978 1313 4048 ή
1335 3977 1434 4048 τῆς
1462 3978 1640 4049 χήρας
1669 3978 1907 4050 ἐκείνης,

327 4058 450 4128 ἥτις
478 4059 568 4112 τὸν
594 4059 707 4129 βίον
724 4061 895 4130 αὐτῆς
919 4064 1098 4118 πάντα
1126 4064 1416 4123 ἐκένωσεν.
1449 4066 1512 4118 Εἰ
1540 4065 1596 4119 δὲ
1620 4066 1680 4119 οὐ
1712 4068 1910 4137 χωρεῖς

330 4144 586 4198 τοσοῦτον
618 4146 741 4199 ὅσον
771 4149 804 4216 ἠ
842 4148 990 4218 χήρα
1024 4149 1373 4214 καταϐαλεῖν,
1421 4149 1559 4204 ἀλλά
1587 4150 1688 4205 κᾶν
1721 4151 1783 4204 τδ
1808 4168 1906 4205 πεο

334 4232 606 4302 ρίσσευμα
635 4232 755 4287 ὅλον
794 4234 1071 4289 κατάϐαλε
1094 4253 1108 4266 ·
1157 4235 1251 4307 ἔχε
1279 4237 1349 4291 τά
1379 4237 1678 4309 ἀρκοῦντα,
1734 4238 1810 4310 μὴ
1842 4239 1911 4294 τά

334 4318 586 4391 περιττά.
628 4319 763 4372 Ἀλλ’
791 4321 971 4386 οὐδείς
998 4325 1149 4377 ἐστιν
1175 4323 1298 4379 ούδέ
1327 4324 1389 4381 τὸ
1430 4324 1777 4398 περίσσευμα
1810 4344 1910 4383 κα-

333 4405 617 4461 ταϐάλλων
641 4423 654 4437 ’
686 4408 790 4472 ἕως
835 4409 945 4480 γὰρ
986 4411 1052 4466 ἂν
1084 4411 1213 4485 ἔχῃς
1261 4414 1480 4478 οἰκέτας
1536 4415 1766 4480 πολλοὺς
1811 4417 1910 4471 καὶ

338 4495 529 4563 ἱμάτια
580 4496 804 4567 σηρικὰ,
845 4497 1022 4551 πάντα
1063 4499 1235 4553 ταῦτα
1288 4501 1700 4574 περιττεύματά
1736 4504 1904 4558 ἐστιν.

336 4582 503 4637 Οὐδὲν
531 4584 824 4652 ἀναγκαῖον
852 4585 972 4639 οὐδὲ
1004 4586 1102 4657 τῆς
1144 4585 1352 4657 χρείας,
1376 4583 1451 4643 ὧν
1487 4588 1613 4643 ἀνευ
1631 4590 1908 4660 δυνάμεθα

336 4670 467 4741 ζῇψ
498 4671 669 4725 ταῦτα
694 4672 928 4744 περιττά
959 4674 1051 4728 καί
1083 4674 1269 4739 ἀπλῶς
1295 4675 1402 4740 ἔξω
1437 4677 1782 4749 πρόσκειται.
1814 4678 1908 4731 Ti-

335 4776 423 4822 vo;
452 4754 543 4812 οῦν
568 4758 697 4813 ἄνευ
729 4759 789 4813 οὐ
816 4760 1095 4831 δυνάμεθα
1120 4762 1221 4832 ζῇν
1253 4760 1475 4832 ἴδωμεν,
1514 4764 1563 4815 εἰ
1584 4763 1754 4821 δοκεῖ.
1790 4764 1909 4820 Κᾶν

334 4845 427 4899 δύο
462 4846 655 4917 μόνους
704 4846 917 4917 ἔχωμεν
970 4848 1208 4914 οἰκέτας,
1253 4848 1532 4920 δυνάμεθα
1582 4850 1718 4920 ζῆν’
1771 4851 1906 4904 ὅπου

336 4933 444 5003 γάρ
478 4934 584 4987 εἰσί
613 4952 758 4999 τινες
800 4935 967 5007 χωρὶς
999 4936 1229 4990 οἰκετῶν
1268 4934 1492 5002 ζῶντες,
1540 4938 1702 4992 ποίαν
1748 4939 1908 5009 ἡμεῖς

336 5022 531 5092 ἔχομεν
566 5022 889 5091 ἀπολογίαν,
917 5026 1031 5091 τοῖς
1060 5023 1155 5078 δύο
1180 5025 1281 5078 οὐκ
1322 5025 1692 5096 ἀρκούμενοις
1738 5027 1909 5080 Δυνά-

340 5110 479 5179 μεθα
508 5111 603 5163 καί
628 5111 693 5164 ἐκ
715 5110 954 5165 πλίνθων
972 5110 1118 5183 ἔχειν
1153 5112 1334 5167 οἰκίαν
1363 5112 1530 5184 τριῶν
1558 5113 1905 5184 οἰκημάτων⁶

335 5197 427 5250 καὶ
461 5197 616 5251 τοῦτο
646 5198 982 5270 ἀρκεῖὴμῖν.
1017 5199 1154 5253 Εἰπὲ
1177 5200 1290 5272 γάρ
1322 5218 1436 5272 μοι,
1467 5201 1567 5255 οὐκ
1607 5202 1717 5255 είσί
1764 5219 1909 5267 τινες

339 5285 475 5355 μετὰ
494 5285 698 5340 παίδων
718 5287 812 5341 καὶ
838 5288 1099 5357 γυναικὸς
1115 5288 1213 5344 ἕνα
1232 5286 1381 5343 οἰκον
1411 5289 1630 5360 ἔχοντες
1653 5306 1668 5354 ς
1694 5290 1909 5345 Ἐστωο

339 5391 439 5428 σαν
473 5374 553 5439 δὲ,
609 5375 658 5427 εἰ
715 5373 918 5444 βούλει,
961 5377 1057 5429 καὶ
1092 5376 1279 5441 παῖδες
1332 5376 1445 5430 δύο.
1500 5379 1612 5431 Καὶ
1646 5377 1763 5441 πῶς
1809 5380 1911 5433 οὐκ

337 5462 587 5532 αἰσχύνη,
619 5464 804 5532 φησὶν,
836 5463 955 5517 ἐστὶ
981 5463 1042 5517 τὸ
1067 5463 1207 5535 μετά
1232 5464 1327 5518 δύο
1368 5464 1595 5518 οἰκετῶν
1624 5466 1722 5535 τὴν
1754 5464 1909 5519 ἐλευ-

339 5552 503 5622 θέραν
547 5551 816 5622 βαδίζεινς
879 5555 1118 5623 Ἀπαγε,
1164 5555 1266 5608 ούκ
1313 5553 1428 5609 ἐστι
1460 5554 1619 5608 τοῦτο
1654 5555 1907 5625 αἰσχύνη,

341 5640 478 5710 μετὰ
529 5641 622 5693 δύο
673 5641 900 5695 οἰκετῶν
956 5643 1059 5715 ’τὴν
1123 5644 1415 5715 ἐλευθέραν
1465 5644 1739 5712 βαδίζειν,
1793 5645 1908 5699 ἀλλ’

338 5726 568 5798 αἰσχύνη
591 5729 707 5780 ἐστί
740 5728 801 5782 τὸ
824 5729 962 5799 μετά
991 5731 1202 5786 πολλῶν
1230 5732 1500 5804 προϊέναι.
1523 5732 1677 5802 Τάχα
1710 5733 1905 5804 γελᾶτε

1015 302 1074 356 S.
1114 298 1399 356 JOANNIS
1437 297 1930 356 CIIRYSOSTOMI
1972 298 2295 355 ARCIIIEP.
2336 297 2891 356 CONS'I’ANTI‘NOP.

3481 300 3582 357 198

2002 414 2209 469 τούτων
2246 415 2559 479 ἀκούοντες.
2612 414 2983 477 Πιστεύσατε,
3032 412 3193 467 τοῦτό
3233 410 3388 487 [εδει
3431 414 3584 470 ἐστιν

2002 502 2268 574 αἰσχύνη,
2322 503 2385 557 τὸ
2448 506 2587 575 μετά
2649 502 2861 556 πολλῶν
2917 501 3189 573 προϊέναι.
3255 501 3468 575 Ὠσπερ
3530 502 3586 557 οἰ

2001 592 2447 662 προϐατοπῶλαι,
2474 592 2508 663 ἢ
2537 591 2728 663 ὥσπερ
2776 592 2827 645 οἱ
2855 591 2964 644 τῶν
3011 591 3365 662 ἀνδραπόδων
3399 591 3586 662 κάπη-

2000 680 2106 744 λοι,
2127 679 2272 734 οὖτω
2302 680 2443 755 μέγα
2473 696 2526 731 τι
2555 679 2781 751 ἡγεῖσθε
2800 678 2863 732 τὸ
2894 677 3037 750 μετὰ
3059 678 3332 731 πλειόνων
3353 678 3588 732 οἰκετῶν

2001 769 2273 840 προϊέναι.
2298 770 2484 838 Τῦφος
2508 769 2671 823 τοῦτο
2699 769 2794 823 καὶ
2822 767 3108 835 κενοδοξία
3132 782 3147 796 ·
3165 769 3348 821 ἐκεῖνο
3369 767 3591 837 φιλοσο-

2001 858 2100 928 φία
2130 860 2224 913 καὶ
2252 860 2543 931 σεμνότης.
2577 859 2688 931 Τὴν
2720 859 2830 930 γάρ
2860 858 3156 928 ἐλευθέραν
3185 857 3288 910 οὐκ
3333 857 3444 910 ἀπὸ
3486 857 3587 911 τοῦ

2002 945 2244 1017 πλήθους
2283 948 2394 1001 τῶν
2433 946 2747 1001 ἀκολούθων
2789 943 3083 1015 φαίνεσθαι
3132 945 3246 999 δτῖο
3309 945 3441 999 ποία
3478 944 3587 1017 γάρ

1998 1035 2170 1108 ἀρετὴ
2201 1035 2512 1108 ἀνδράποδα
2542 1036 2690 1106 ἐχειν
2734 1034 2940 1101 πολλάς
2992 1033 3164 1088 Τοῦτο
3191 1034 3292 1088 οὐκ
3335 1034 3452 1087 ἔστι
3482 1033 3587 1106 ψυ-

2002 1124 2104 1194 χῆς
2120 1140 2135 1154 ο
2164 1124 2300 1195 ὅπερ
2324 1124 2382 1177 δὲ
2402 1124 2503 1178 οὐκ
2522 1121 2858 1196 ἔστιψυχῆς,
2885 1122 2949 1176 ού
2974 1121 3249 1176 δείκνυσιν
3267 1120 3583 1193 ἐλευθέραν.

2004 1210 2176 1265 Ὅταν
2202 1210 2408 1280 ὀλίγοις
2441 1212 2704 1284 ἀρκῆται,
2742 1210 2868 1264 τότε
2895 1210 3044 1264 ἐστὶν
3073 1209 3336 1279 ἐλευθέρα
3382 1208 3585 1274 ὅντωςσ

2001 1299 2134 1354 ὅταν
2161 1300 2220 1355 δέ
2249 1298 2461 1356 πολλῶν
2492 1300 2704 1371 δέηται,
2736 1299 2899 1372 δούλη
2937 1300 3055 1354 ἐστί
3099 1300 3195 1353 καὶ
3234 1297 3587 1370 ἀνδραπόδων

2002 1388 2223 1460 χείρων.
2514 1422 2517 1423 ν

2074 1670 2211 1724 Εἰπέ
2245 1687 2358 1741 μοι,
2387 1671 2437 1724 οἰ
2467 1668 2691 1740 ἄγγελοι
2716 1669 2837 1741 ούχί
2890 1671 3043 1741 μόνοι
3092 1669 3451 1743 περιπολοῦσι
3485 1671 3585 1744 τὴν

2003 1758 2351 1830 οἰκουμένην,
2384 1759 2481 1812 καὶ
2538 1759 2600 1811 οὐ
2650 1758 2862 1813 δέονται
2887 1758 3102 1824 οὐδενὸς
3148 1759 3243 1812 τοῦ
3277 1760 3579 1830 ἑψομένους

2004 1841 2095 1916 ἆρ’
2126 1841 2221 1900 οὖν
2250 1846 2339 1900 διά
2362 1846 2523 1899 τοῦτο
2546 1846 2763 1918 χείρους
2787 1847 2943 1918 ἡμῶν
2963 1848 3072 1901 εἰσι
3100 1846 3208 1901 τῶν
3230 1847 3504 1918 δεομένων
3530 1850 3584 1903 οί

2006 1933 2082 2005 μὴ
2115 1932 2395 2005 δεόμενοις
2432 1934 2495 1989 Εἰ
2529 1934 2711 1989 τοίνυν
2742 1935 2805 1988 τὸ
2855 1932 2993 2006 μηδέ
3022 1934 3162 1999 ὅλως
3208 1935 3420 1990 δεῖσθαι
3453 1939 3585 1991 ἀκο-

2003 2021 2218 2088 λούθου,
2242 2022 2555 2091 ἀγγελικδν,
2583 2022 2669 2087 τίς
2700 2021 2795 2077 τοῦ
2831 2023 3128 2093 ἀγγελικοῦ
3170 2024 3290 2095 βίου
3333 2025 3526 2093 ἐγγὺς,
3550 2027 3585 2083 ἡ
3646 2096 3657 2102 θ

2004 2109 2214 2163 πολλῶν
2233 2110 2488 2183 δεομένη,
2513 2110 2811 2185 ἢὴόλίγων
2831 2129 2847 2179 ς
2876 2113 2990 2166 Ούκ
3015 2112 3131 2166 ἔστι
3156 2112 3314 2167 τοῦτο
3329 2114 3584 2187 αἰσχύνης

2003 2197 2234 2269 αἰσχύνη
2264 2199 2372 2272 γάρ
2404 2200 2520 2252 ἐστι
2548 2199 2609 2253 τὸ
2631 2199 2832 2253 ἄτοπόν
2858 2217 2911 2254 τι
2953 2199 3333 2273 πρᾶξαι.Εἰπέ
3367 2216 3481 2273 μοι,
3501 2202 3587 2266 τίς

2002 2285 2324 2357 ἐπιστρέφει
2346 2286 2476 2349 τοὺς
2501 2286 2588 2339 ἐπ’
2615 2287 2894 2358 ἀγορᾶς,ὴ
2931 2288 3161 2352 πολλοὺς
3180 2289 3520 2361 ἐπαγομένη,
3551 2291 3585 2361 ἢ

2003 2370 2312 2442 ήόλίγουςς
2347 2371 2555 2441 ταύτης
2593 2371 2650 2425 δέ
2676 2371 2777 2442 τῆς
2812 2372 3027 2442 ὀλίγους
3056 2373 3427 2445 ἐπαγομένης,
3465 2376 3588 2447 ούχί

2003 2459 2038 2528 ἠ
2096 2457 2234 2529 μόνη
2286 2458 2486 2530 μᾶλλον
2542 2460 2857 2531 άπρόοπτος
2906 2461 3243 2533 φαινομένης
3287 2463 3451 2535 Ὁρᾷς
3505 2464 3590 2518 ὅτι

2005 2545 2186 2599 ἐκεῖνό
2213 2546 2360 2602 ἐστιν
2388 2546 2657 2617 αἰσχύνης
2687 2547 2785 2611 Τίς
2817 2549 3139 2622 ἐπιστρέφει
3172 2552 3296 2616 τοὺς
3342 2550 3433 2604 ἐπ’
3460 2551 3589 2622 ἀγο-

2011 2634 2130 2703 ρᾶς,
2160 2634 2194 2704 ἡ
2228 2633 2295 2687 τά
2321 2634 2462 2689 καλά
2491 2635 2734 2706 φοροῦσα
2759 2637 2973 2707 ἱμάτια,
2995 2638 3029 2707 ἢ
3058 2640 3091 2710 ἡ
3118 2638 3308 2704 ἁπλῶς
3338 2657 3587 2711 περικει-

2010 2721 2146 2793 μένη
2169 2721 2265 2775 καί
2293 2723 2769 2793 ἀνεπιτηδεύτωςς
2798 2724 2884 2789 τίς
2913 2725 3077 2780 πάλιν
3116 2727 3437 2800 ἐπιστρέφει
3464 2731 3588 2797 τοὺς

2008 2809 2094 2863 ἐπ’
2123 2810 2352 2882 ἀγορᾶς,
2379 2814 2412 2880 ἡ
2445 2812 2536 2865 ἐπὶ
2566 2812 2808 2883 ἡμιόνων
2850 2814 3149 2887 φερομένη,
3184 2817 3278 2869 καὶ
3312 2821 3590 2889 χρυσοπά-

2010 2913 2153 2951 στων
2182 2900 2730 2970 παραπετασμάτων,
2754 2899 2787 2970 ἢ
2814 2901 2846 2970 ή
2880 2900 3067 2965 ἁπλῶς
3091 2902 3186 2955 καί
3215 2903 3291 2967 ὠς
3311 2904 3470 2976 ἔτυχε
3496 2922 3584 2977 με·

2007 2985 2078 3041 τά
2105 2988 2465 3060 κοσμιότητος
2510 2987 2838 3059 βαδίζουσας
2870 2989 3133 3063 ἢταύτην
3168 2992 3267 3063 μὲν
3298 2993 3416 3046 οὐδὲ
3448 2993 3589 3066 δρῶ-

2013 3093 2114 3148 μεν
2153 3078 2256 3130 κᾶν
2282 3077 2502 3147 ίδωμεν,
2535 3076 2755 3148 ἐκείνην
2779 3077 2836 3131 δέ
2867 3078 2928 3130 οὐ
2957 3079 3119 3150 μόνον
3152 3080 3280 3134 ἰδεῖν
3310 3080 3590 3151 βιάζονται

2010 3166 2059 3219 οἰ
2093 3164 2301 3229 πολλοὶ,
2342 3163 2479 3218 ἀλλά
2533 3165 2627 3217 καί
2670 3164 2940 3237 ἐρωτῶσι,
2976 3166 3061 3231 τίς
3094 3169 3203 3240 εἴη,
3240 3169 3335 3222 καί
3384 3170 3587 3238 πόθενς

2010 3254 2123 3308 Καὶ
2151 3253 2395 3326 παρίημι
2414 3252 2594 3321 λέγειν
2612 3252 2783 3317 ὅσοςό
2816 3253 3012 3323 φθόνος
3042 3254 3295 3310 ἐντεῦθεν
3322 3257 3587 3315 τίκτεται.

2010 3330 2078 3398 Τί
2121 3338 2238 3407 οὖν,
2279 3341 2402 3396 εἰπέ
2438 3359 2550 3415 μοι,
2589 3341 2836 3414 αἰσχρὸν,
2866 3343 3098 3415 δρᾶσθαι
3132 3345 3164 3416 ἢ
3202 3346 3280 3417 μὴ
3322 3348 3586 3417 όρᾶσθαις

2012 3430 2144 3484 πότε
2177 3430 2363 3501 μείζον
2388 3431 2421 3502 ἠ
2460 3431 2714 3501 αἰσχύνη,
2738 3432 2869 3486 ὅταν
2897 3430 3100 3497 πάντες
3149 3436 3228 3498 εἰς
3260 3435 3436 3508 αὐτὴν
3466 3436 3590 3509 βλέ.

2013 3536 2212 3584 πωσιν,
2242 3518 2425 3590 ῆὸταν
2457 3520 2682 3590 μηδείςς
2714 3520 2845 3574 ὅταν
2887 3521 3209 3593 μανθάνωσι
3243 3525 3372 3597 περὶ
3397 3526 3588 3600 αὐτῆς,

2013 3608 2047 3679 ἢ
2074 3609 2204 3662 ὅταν
2229 3608 2363 3680 μηδέ
2390 3609 2784 3679 φροντίζωσινς
2822 3611 2985 3683 Ὁρᾷς
3010 3611 3092 3664 ὅτι
3119 3614 3181 3667 ού
3206 3612 3273 3667 δι’
3298 3616 3587 3690 αἰσχύνην,

2014 3694 2151 3749 ἀλλά
2176 3695 2267 3771 διά
2314 3696 2625 3762 κενοδοξίαν
2657 3698 2838 3755 πάντα
2888 3698 3234 3772 πράττομενς
3271 3701 3420 3776 Πλὴν
3475 3707 3591 3760 ἀλλ’

2014 3783 2204 3854 ἐπειδὴ
2230 3781 2422 3837 τούτου
2452 3783 2715 3839 ἀδύνατον
2761 3786 2909 3857 ὑμᾶς
2940 3790 3272 3860 ἀπαγαγεῖν,
3307 3793 3473 3862 ἀρκεῖ
3501 3813 3590 3866 μοι

2012 3871 2152 3936 τέως
2196 3871 2257 3925 τὸ
2292 3872 2485 3943 μαθεῖν
2514 3872 2681 3943 ὑμᾶς,
2726 3874 2810 3929 ὅτι
2840 3876 2943 3929 οὐκ
2997 3876 3113 3931 ἐστι
3139 3879 3297 3934 τοῦτο
3333 3883 3587 3956 αἰσχύνη.

2017 3959 2169 4033 [σοι]
2211 3960 2482 4033 Ἀμαρτία
2516 3962 2650 4032 μόνη
2687 3963 2917 4036 αἰσχύνη
2948 3966 3120 4034 ἐστὶν,
3156 3968 3223 4039 ἢν
3251 3969 3430 4036 οὐδεὶς
3450 3968 3591 4028 εἶναι

2014 4048 2226 4120 νομίζει
2251 4049 2534 4121 αἰσχύνην,
2559 4048 2699 4131 ἀλλά
2724 4051 2902 4105 πάντα
2923 4054 3175 4129 μᾶλλονῆ
3198 4057 3424 4129 ταύτην.
3441 4060 3592 4131 ’ἰμά-

2014 4151 2104 4191 τια
2137 4135 2279 4190 ἔστω
2305 4138 2375 4190 τὰ
2410 4138 2509 4208 τῆς
2532 4128 2742 4208 χρείᾶς,
2774 4140 2850 4212 μὴ
2882 4143 3147 4214 περιττά·
3185 4145 3325 4218 πλὴν
3362 4128 3591 4203 ἀλλ’-ἴνα

2018 4224 2093 4295 μὴ
2153 4226 2234 4288 εἰς
2287 4224 2489 4297 πολλὴν
2522 4228 2888 4301 στενοχωρίαν
2931 4231 3075 4301 ὑμᾶς
3114 4233 3588 4308 κατακλείσωμεν,

2015 4314 2192 4367 ἐκεῖνο
2224 4314 2543 4386 παρεγγυῶ,
2568 4315 2652 4369 ὅτι
2675 4318 3074 4388 χρυσοπάστων
3097 4322 3237 4393 ἡμῖν
3257 4323 3319 4375 οὐ
3343 4323 3447 4389 δεῖ,
3471 4327 3594 4384 ούδέ

2012 4400 2227 4459 λεπτῶν
2259 4401 2503 4458 ὀθονίων.
2538 4404 2650 4458 Καὶ
2675 4404 2848 4460 ταῦτα
2887 4407 2988 4460 οὐκ
3012 4407 3125 4478 ἐγὼ
3161 4409 3305 4481 λέγω
3326 4428 3341 4443 ’
3366 4413 3450 4469 ὅτι
3485 4416 3594 4488 γάρ

2013 4490 2115 4545 οὐκ
2146 4490 2259 4561 ἐμά
2277 4493 2391 4545 ἐστι
2424 4491 2493 4545 τὰ
2531 4494 2775 4564 ῥήματα,
2797 4493 2964 4549 ἄκουε
2996 4495 3093 4552 τοῦ
3131 4499 3406 4571 μακαρίου
3448 4503 3596 4558 Παύ-

2014 4578 2110 4632 λου
2125 4578 2395 4647 λέγοντος,
2416 4580 2510 4632 καὶ
2525 4581 2954 4651 παρεγγυῶντος
2970 4588 3087 4648 ταῖς
3100 4584 3313 4653 γυναιξί
3330 4590 3592 4658 Κοσμεῖν

2013 4666 2250 4732 ἑαυτὰς,
2265 4665 2351 4735 μὴ
2373 4668 2441 4719 ἐν
2452 4668 2861 4738 πλέγμασιν,ἣ
2881 4670 3107 4738 χρυσῷ,
3124 4672 3162 4741 ἢ
3178 4679 3591 4745 μαργαρίταις,

2016 4755 2054 4825 ἢ
2115 4755 2405 4825 ἱματισμῷ
2452 4756 2792 4810 πολυτελεῖ.
2826 4758 2988 4812 Ἀλλά
3043 4762 3275 4833 ποταπῷ
3316 4759 3521 4834 βούλει,
3550 4764 3594 4823 ὦ

2016 4842 2218 4907 Παῦλε,
2258 4842 2412 4896 εἰπὲσ
2445 4841 2573 4905 ἴσως
2614 4843 2723 4914 γὰρ
2751 4843 2989 4913 ἐροῦσιν,
3021 4847 3101 4901 ὅτι
3129 4848 3195 4903 τὰ
3239 4855 3421 4922 χρυσᾶ
3457 4857 3594 4926 μόνα

2014 4932 2134 4985 ἐστὶ
2169 4931 2452 5003 πολυτελῆ,
2485 4932 2552 4985 τά
2583 4931 2639 4985 δὲ
2666 4935 2869 5005 σηρικὰ
2901 4936 2962 4988 οὐ
2991 4937 3260 5011 πολυτελῆ
3300 4956 3313 4970 ·
3338 4945 3462 4999 εἰπέ
3496 4965 3587 5001 που

2014 5023 2171 5095 ταπῷ
2218 5024 2713 5095 βούλειῖεχοντες
2747 5025 2816 5079 δὲ
2859 5026 3180 5100 διατροφὰς
3219 5035 3315 5089 καὶ
3361 5041 3595 5094 σκεπά-

2014 5128 2233 5183 σματα,
2265 5113 2517 5179 τούτοις,
2558 5114 2741 5183 φησὶν,
2788 5115 3304 5190 ἀρκεσθησόμεθα.
3337 5125 3594 5183 Τοιοῦτ,ν

2016 5203 2157 5256 ἔστω
2171 5202 2231 5254 τὸ
2262 5202 2498 5271 ἱμάτιον,
2522 5202 2707 5271 φησὶν,
2738 5202 2879 5257 ὥστε
2911 5207 3138 5263 σκέπειν
3158 5210 3339 5282 μόνον.
3366 5214 3468 5269 Διά
3486 5218 3595 5290 γάρ

2012 5289 2174 5343 τοῦτο
2208 5287 2407 5342 ἔδωκεν
2444 5291 2578 5360 ἡμῖν
2604 5291 2744 5345 αὑτά
2775 5292 2804 5344 ὁ
2857 5291 3011 5361 Θεὸς,
3041 5295 3130 5350 ἵνα
3181 5299 3477 5373 σκέπωμεν
3497 5287 3595 5377 τὴν

2014 5376 2360 5449 γυμνότητα·
2397 5377 2559 5430 τοῦτο
2590 5378 2648 5431 δὲ
2670 5378 2981 5451 οἰονδήποτε
3006 5384 3226 5460 ἱμάτιον
3255 5389 3484 5460 ποιῆσαι
3502 5376 3595 5447 δύ.

2014 5483 2171 5521 ναται
2201 5464 2453 5528 εὐτελοῦς
2490 5465 2549 5519 δν
2576 5468 2765 5537 τιμῆς.
2785 5470 2939 5540 Τάχα
2968 5456 3182 5541 γελᾶτε,
3208 5477 3266 5529 αἰ
3300 5456 3597 5552 τάσηρικά

2016 5553 2285 5625 φοροῦσαι
2321 5554 2544 5624 ἱμάτια·
2598 5556 2829 5623 γελάσαι
2867 5559 2976 5631 γάρ
3024 5560 3195 5627 ὅντως
3222 5567 3352 5637 χρή.
3393 5569 3459 5622 Τί
3496 5573 3596 5641 μὲν

2019 5643 2229 5706 Παῦλος
2255 5643 2486 5709 ἐπέταξε
2506 5662 2521 5711 ;
2545 5643 2675 5698 τίδὲ
2699 5648 2860 5717 ἡμεῖς
2883 5650 3216 5722 πράττομενς
3247 5657 3321 5709 Ού
3342 5657 3481 5726 πρὸς
3499 5660 3597 5723 τὰς

2021 5732 2285 5802 γυναῖκας
2330 5731 2384 5785 δέ
2411 5749 2502 5801 μοι
2531 5734 2559 5786 ὁ
2588 5732 2743 5802 λόγος
2771 5736 2954 5805 μόνον,
3006 5738 3143 5795 ἀλλα
3171 5742 3266 5798 καὶ
3308 5745 3445 5815 πρὸς
3468 5748 3594 5810 τοὺς
