3970 6152
398 354 494 410 197

399 469 530 520 bene
558 473 827 532 geramus,
862 467 916 513 et
953 471 1142 513 eorum
1173 473 1293 527 qua:
1325 457 1410 512 hic
1435 466 1559 511 sunt
1588 457 1730 511 nulla
1757 456 1858 510 crit
1883 469 1973 510 ra-

397 559 471 611 tio
520 553 1056 625 cujusmodicumque
1105 550 1321 614 fuerint,
1356 549 1470 603 hac
1515 558 1640 603 sunt
1684 550 1870 604 umbra
1919 558 1973 604 et

395 648 686 705 somnium.
707 645 762 699 In
781 644 884 697 illis
913 658 1029 713 qua:
1051 651 1331 711 sperantur
1347 652 1400 696 et
1426 648 1824 709 exspectantur,
1842 639 1971 694 nihil

391 749 472 796 cst
486 752 648 810 grave
673 751 773 791 nec
789 743 996 800 natura,
1019 747 1120 787 nec
1138 742 1399 802 tempore.
1428 730 1564 799 Quid
1581 731 1725 786 enim
1748 733 1829 787 vis
1845 747 1966 787 cum

401 834 494 886 illis
511 830 764 903 gravibus
783 838 839 884 et
860 828 1131 882 atrocibus
1151 826 1527 882 conferamus?
1547 826 1672 897 quid
1702 841 1821 881 cum
1851 828 1971 897 igne

398 927 480 996 qui
507 941 613 979 non
648 931 825 993 potest
859 921 1169 991 exstingui?
1195 936 1318 976 cum
1343 936 1524 976 verme
1550 921 1642 990 qui
1673 934 1778 974 non
1808 919 1972 974 mori-

395 1027 478 1072 tur
501 1016 526 1069 ?
551 1015 680 1086 quid
709 1030 772 1069 es
804 1013 867 1067 iis
893 1028 1011 1083 quas
1039 1012 1128 1067 hic
1156 1021 1279 1068 sunt
1317 1020 1492 1082 potest
1525 1011 1705 1066 dicere
1733 1026 1828 1080 par
1850 1027 1971 1067 esse

396 1114 608 1170 stridori
627 1111 890 1176 dentium,
919 1109 1167 1172 vinculis,
1193 1108 1426 1163 tenebris
1449 1107 1830 1173 exterioribus,
1853 1106 1969 1173 ira),

397 1205 696 1268 alﬂictioni,
737 1201 1041 1271 angustiae?
1067 1202 1136 1253 At
1167 1198 1438 1266 tempore?
1464 1197 1533 1252 Et
1562 1197 1689 1267 quid
1719 1205 1842 1251 sunt
1875 1196 1971 1251 de-

395 1301 502 1353 cies
548 1296 695 1350 mille
733 1293 858 1348 anni
896 1292 961 1346 ad
999 1291 1193 1346 smcula
1238 1290 1440 1343 infinita
1482 1298 1536 1343 et
1575 1304 1691 1357 quae
1723 1303 1826 1342 non
1873 1287 1970 1341 de-

395 1388 611 1444 sinunt?
636 1401 812 1440 nonne
839 1391 1093 1453 quantum
1119 1395 1273 1450 parva
1287 1389 1428 1450 gutta
1450 1380 1514 1435 ad
1531 1380 1777 1449 abyssum
1799 1378 1974 1431 infini-

400 1483 546 1535 tam?
577 1481 642 1533 At
674 1475 1018 1532 conferentur
1045 1489 1166 1528 cum
1191 1473 1345 1526 bonis
1370 1473 1394 1522 ?
1421 1472 1524 1526 Sed
1553 1471 1661 1525 illic
1691 1472 1862 1538 major
1891 1480 1974 1524 est

398 1576 734 1645 exsuperatio
761 1591 774 1624 :
809 1570 1022 1635 Oculus,
1039 1568 1229 1637 inquit,
1252 1584 1352 1621 non
1377 1567 1520 1632 vidit,
1543 1581 1632 1619 nec
1663 1565 1801 1618 auris
1825 1564 1974 1616 andi-

396 1672 485 1732 rit,
507 1679 554 1721 et
583 1669 633 1720 in
651 1683 740 1719 cor
768 1663 983 1718 hominis
1002 1677 1103 1715 non
1125 1658 1455 1714 ascenderunt
1472 1660 1549 1728 (1.
1573 1656 1692 1712 Cor.
1721 1656 1774 1710 ἰ.
1797 1656 1873 1727 9).
1907 1656 1972 1710 Ει

400 1766 514 1819 lucc
559 1777 748 1817 rursus
789 1767 949 1815 erunt
977 1758 1030 1812 in
1061 1755 1273 1811 saeculis
1315 1753 1557 1808 infinitis.
1592 1753 1692 1806 Pro
1721 1751 1804 1804 his
1845 1765 1973 1819 ergo

397 1874 572 1912 annon
605 1857 802 1910 bonum
830 1861 910 1908 est
936 1850 1130 1905 millies
1157 1846 1430 1902 conscindi
1455 1886 1469 1911 ,
1502 1843 1732 1899 interimi
1755 1884 1770 1908 ,
1798 1842 1970 1902 exuri,

394 1935 540 1987 mille
566 1934 745 1986 subire
787 1943 1022 1996 mortes,
1054 1931 1280 2000 quodvis
1318 1945 1481 1999 grave
1521 1940 1577 1984 et
1622 1945 1868 1998 asperum
1916 1939 1972 1986 ct

392 2028 568 2080 verbis
611 2036 667 2080 et
711 2026 876 2080 rebus
913 2025 1041 2093 ipsis
1083 2022 1383 2078 sustinere?
1423 2021 1554 2076 Nam
1583 2023 1627 2076 si
1658 2022 1771 2076 fieri
1804 2023 1973 2091 possit

394 2130 449 2172 ut
491 2119 544 2172 in
587 2120 708 2188 igne
749 2117 851 2171 usti
892 2118 1223 2180 viveremus,
1257 2130 1437 2168 annon
1469 2123 1744 2183 oporteret
1785 2112 1966 2168 omnia

397 2211 621 2280 perpeti,
651 2220 708 2262 ut
737 2209 875 2263 bona
903 2209 990 2262 illa
1021 2207 1282 2278 promissa
1312 2204 1760 2274 assequeremur?

467 2301 803 2370 Eleemosyna
827 2315 1059 2369 quanam
1087 2314 1200 2352 vere
1228 2298 1329 2350 dici
1360 2297 1536 2366 possit.
1582 2324 1654 2334 —
1697 2293 1802 2349 Sed
1846 2293 1972 2362 quid

397 2397 510 2450 lucc
553 2395 676 2448 dico
718 2393 956 2448 delirans
997 2391 1138 2461 apud
1190 2389 1434 2442 homines
1479 2389 1567 2458 qui
1614 2401 1680 2440 ne
1722 2385 1974 2455 pecunias

395 2485 928 2556 quidemdespiccere
941 2483 1097 2536 Velim
1112 2523 1125 2547 ,
1141 2481 1232 2535 sed
1250 2490 1516 2549 tamquam
1539 2477 1865 2532 immortales
1885 2488 1976 2530 eas

393 2585 732 2632 assectantur
757 2585 810 2629 et
835 2575 912 2628 eis
939 2573 1333 2635 adhaerescunt,
1361 2581 1414 2625 et
1440 2571 1483 2624 si
1511 2586 1576 2624 ex
1604 2569 1783 2624 multis
1805 2583 1974 2639 pauca

393 2668 646 2722 dederint
667 2707 682 2731 ,
713 2675 882 2720 totum
925 2679 984 2718 se
1018 2663 1326 2717 existimant
1367 2661 1600 2716 fecisse?
1627 2660 1741 2714 Non
1767 2670 1848 2715 est
1877 2659 1978 2715 hoc

393 2761 738 2828 eleemosyna
780 2756 1164 2824 :eleemosyna
1206 2761 1290 2806 est
1333 2752 1475 2806 illius
1522 2751 1694 2804 viduae
1743 2749 1976 2805 eleemo-

393 2865 550 2921 syna,
584 2864 706 2918 qua:
742 2847 1018 2902 universas
1055 2860 1180 2899 suas
1210 2842 1445 2913 profudit
1476 2842 1759 2897 facultates
1785 2842 1977 2912 (Marc.

396 2943 486 2997 I2.
517 2940 630 3011 44).
664 2939 720 2994 Si
751 2948 934 2993 autem
964 2936 1018 2990 in
1050 2946 1100 2990 te
1128 2951 1233 2989 non
1273 2935 1436 2998 cadit,
1466 2943 1524 2988 ut
1555 2944 1760 2988 tantum
1791 2949 1981 3003 eroges

395 3042 655 3102 quantum
701 3031 790 3084 illa
841 3029 1018 3092 vidua,
1065 3042 1224 3096 eroga
1255 3025 1446 3079 saltem
1487 3024 1741 3094 quidquid
1771 3033 1854 3079 est
1888 3040 1979 3078 su-

397 3135 814 3194 pervacaneum,
849 3119 984 3173 habe
1019 3133 1140 3188 qua:
1182 3116 1473 3182 sufficiunt,
1505 3130 1610 3168 non
1641 3131 1759 3184 qua:
1789 3129 1980 3184 supcr-

399 3217 505 3268 llua
549 3220 696 3266 sunt.
745 3209 851 3265 Sed
901 3224 1059 3263 nemo
1104 3217 1186 3262 est
1223 3207 1311 3276 qui
1342 3213 1525 3275 eroget
1564 3221 1628 3258 ne
1658 3220 1721 3260 ea
1767 3205 1980 3274 quidem

398 3323 519 3375 qua:
545 3312 672 3359 sunt
699 3316 1096 3372 supervacanea
1130 3314 1288 3355 :nam
1319 3300 1570 3369 quamdiu
1600 3299 1764 3354 habes
1790 3300 1981 3354 multos

403 3397 647 3460 famulos,
674 3403 731 3449 et
755 3402 930 3449 vestes
957 3393 1156 3448 sericas
1179 3431 1194 3456 ,
1229 3390 1344 3445 lucc
1370 3390 1549 3445 omnia
1573 3399 1698 3444 sunt
1724 3405 1983 3459 superva-

402 3504 588 3546 canea.
621 3487 765 3542 Nihil
794 3495 877 3540 est
898 3484 1260 3540 necessarium
1287 3497 1384 3537 nec
1407 3481 1525 3536 usui
1553 3481 1794 3536 serviens
1820 3482 1870 3535 in
1895 3481 1982 3547 iis,

403 3586 516 3638 sine
538 3582 736 3651 quibus
760 3580 938 3633 vivere
969 3591 1252 3646 possumus
1279 3593 1294 3640 ;
1320 3591 1382 3631 ea
1412 3583 1536 3629 sunt
1565 3588 1984 3643 supervacanea,

404 3689 456 3730 et
476 3684 629 3729 extra
659 3681 786 3725 sunt
833 3670 1025 3739 posita.
1058 3667 1195 3735 Quid
1227 3667 1294 3720 sit
1332 3681 1462 3736 ergo
1497 3665 1571 3731 id,
1612 3665 1729 3720 sine
1751 3680 1855 3735 quo
1883 3681 1987 3719 non

407 3766 676 3834 possimus
705 3762 905 3825 vivere,
936 3759 1229 3823 videamus,
1260 3757 1303 3812 si
1329 3757 1522 3826 placet.
1545 3757 1658 3810 Etsi
1685 3757 1828 3809 solos
1855 3754 1990 3810 duos

409 3854 702 3908 habeamus
741 3849 988 3914 famulos,
1038 3861 1322 3917 possumus
1350 3847 1551 3900 vivere.
1582 3844 1714 3898 Nam
1744 3844 1832 3898 ubi
1866 3854 1992 3899 sunt

407 3946 569 4015 aliqui
592 3943 682 4012 qui
713 3943 900 3995 vivunt
927 3939 1132 4008 absque
1158 3937 1392 4002 famulis,
1420 3951 1578 4006 quam
1611 3935 1872 3990 habemus
1893 3951 1992 3991 nos

406 4033 830 4097 excusationem,
864 4032 908 4085 si
938 4045 1043 4084 non
1068 4030 1234 4083 simus
1254 4028 1489 4082 contenti
1516 4025 1768 4081 duobus?
1801 4027 1995 4081 Possu-

409 4145 528 4184 mus
555 4128 720 4182 etiam
747 4141 815 4180 ex
857 4124 1112 4178 lateribus
1147 4122 1346 4175 habere
1377 4119 1593 4174 domum
1634 4127 1993 4173 constructam

412 4222 570 4277 trium
611 4219 1040 4274 habitaculorum
1085 4233 1098 4268 :
1137 4223 1192 4269 et
1228 4213 1332 4268 hoc
1378 4211 1647 4266 sufficeret
1693 4209 1865 4264 nobis.
1903 4209 1996 4265 Dic

413 4317 553 4371 enim
586 4311 738 4375 mihi,
760 4325 935 4364 annon
961 4315 1084 4360 sunt
1105 4304 1265 4372 aliqui
1289 4304 1376 4372 qni
1400 4317 1518 4356 cum
1544 4301 1725 4355 liberis
1751 4313 1804 4354 et
1829 4316 1996 4354 uxore

424 4418 576 4456 uuam
623 4399 823 4454 habent
869 4395 1130 4451 domum?
1173 4394 1292 4448 Sint
1331 4400 1527 4454 autem,
1570 4389 1616 4444 si
1653 4389 1804 4454 velis,
1835 4387 1995 4441 etiam

422 4492 524 4545 duo
545 4490 749 4545 famuli.
777 4489 841 4542 Et
865 4485 1132 4557 quomodo
1153 4527 1168 4550 ,
1201 4483 1409 4555 inquies
1433 4523 1448 4547 ,
1477 4497 1583 4536 non
1611 4489 1693 4536 est
1719 4479 1888 4550 pudor
1914 4481 1998 4532 in-

423 4597 648 4649 genuam
679 4579 929 4633 incedere
964 4592 1084 4632 cum
1127 4575 1334 4629 duobus
1361 4573 1614 4628 famulis?
1644 4575 1824 4642 Apage
1845 4613 1859 4634 ,
1890 4586 1997 4624 non

423 4684 497 4726 est
529 4674 706 4741 pudor
732 4671 974 4737 ingenua:
1001 4666 1248 4721 incedere
1273 4680 1391 4719 cum
1412 4664 1616 4718 duobus
1648 4663 1876 4726 famulis,
1904 4661 1998 4715 sed

426 4765 594 4830 pudor
622 4770 705 4816 est
732 4760 1020 4830 procedere
1037 4774 1156 4812 cum
1181 4759 1378 4812 multis.
1405 4757 1652 4810 Fortasse
1680 4756 1864 4810 ridetis
1886 4754 2000 4808 lucc

423 4855 720 4908 audientes.
749 4851 984 4914 Credite,
1017 4849 1118 4902 hoc
1137 4858 1218 4901 est
1245 4848 1432 4916 pudor,
1457 4862 1576 4900 cum
1604 4847 1784 4899 multis
1811 4859 2000 4913 proce-

423 4946 567 4999 dere.
595 4944 749 4999 Sicut
776 4942 865 5012 qui
895 4957 1022 4995 oves
1051 4941 1302 5003 vendunt,
1333 4947 1422 4991 aut
1449 4940 1584 4992 sient
1613 4949 2000 5006 cauponatores

422 5037 837 5105 mancipiorum,
875 5047 1124 5102 magnum
1155 5031 1425 5099 quidpiam
1458 5030 1776 5082 existimatis
1815 5043 2001 5097 proce-

421 5127 548 5181 dere
590 5142 712 5180 cum
744 5126 926 5178 multis
956 5124 1188 5177 famulis.
1240 5122 1348 5174 Iloc
1389 5131 1472 5174 est
1519 5120 1682 5173 fastus
1729 5129 1784 5173 et
1833 5120 2004 5172 inanis

420 5220 585 5288 gloria
619 5238 631 5271 :
663 5218 794 5271 illud
823 5226 900 5272 est
936 5214 1273 5285 philosophia
1298 5221 1351 5267 ct
1391 5213 1657 5266 honestas.
1688 5212 1816 5264 Nam
1857 5211 2004 5279 iugc-

423 5327 581 5364 nnam
615 5324 724 5364 non
769 5324 835 5362 ex
876 5307 1213 5361 multitudine
1262 5305 1700 5374 pedissequorum
1751 5317 2006 5370 apparere

423 5411 682 5470 oportet:
741 5415 862 5468 quae
906 5399 1050 5453 enim
1106 5407 1190 5453 est
1233 5399 1403 5450 virtus
1453 5396 1541 5448 illa
1593 5395 1755 5447 multa
1806 5394 2006 5447 habere

425 5491 733 5560 mancipia?
765 5490 875 5544 IIoc
903 5507 1007 5543 non
1035 5499 1116 5543 est
1138 5490 1330 5542 anima:
1357 5505 1368 5540 :
1407 5486 1549 5556 quod
1589 5496 1764 5538 autem
1794 5501 1898 5537 non
1929 5494 2010 5537 est

425 5585 614 5636 animae
639 5623 652 5646 ,
703 5597 809 5634 uou
839 5581 1073 5634 ostendit
1112 5580 1419 5648 ingenuam.
1460 5577 1682 5644 Quando
1715 5585 1796 5629 est
1828 5575 2008 5643 paucis

427 5683 698 5737 eontenta,
735 5682 858 5726 tunc
890 5687 1016 5725 vere
1037 5680 1119 5725 est
1146 5673 1371 5739 ingenua
1405 5689 1418 5723 :
1453 5669 1666 5737 quando
1693 5677 1866 5722 autem
1889 5677 2009 5737 eget

431 5768 628 5831 multis,
663 5777 748 5820 est
777 5765 970 5818 ancilla
999 5776 1052 5817 et
1079 5763 1312 5817 deterior
1344 5761 1639 5831 mancipiis.

758 5850 1033 5910 ΡΑΤιιοι.
1085 5853 1196 5911 Gn.
1251 5854 1469 5916 LXIII.

1109 362 1176 418 IN
1217 360 1430 418 EPIST.
1476 363 1564 417 AD
1604 360 1958 418 HEBRASOS.
1999 359 2151 414 CAP.
2195 358 2309 416 XII.
2356 357 2586 416 IIOMIL.
2630 359 2865 415 XXVIII.

3541 355 3638 410 Ιηὸ

2147 465 2200 521 5.
2232 465 2325 519 Dic
2352 466 2501 530 mihi,
2525 465 2694 535 angeli
2718 478 2894 518 annon
2915 462 3014 518 soli
3036 463 3216 518 orbem
3243 473 3397 518 terra:
3434 466 3652 531 obeunt,

2074 567 2128 610 ct
2160 573 2267 610 non
2308 567 2467 627 egent
2515 558 2695 627 aliquo
2724 558 2813 628 qui
2856 558 2926 612 sit
2967 571 3061 610 eos
3113 560 3477 626 sequuturus?
3525 577 3652 614 num

2077 657 2357 718 propterea
2385 659 2512 702 sunt
2552 648 2726 715 nobis,
2758 649 2847 718 qui
2873 663 3125 718 egemus,
3152 647 3452 705 deteriores
3498 651 3533 706 ii
3563 653 3655 722 qui

2075 756 2179 794 non
2208 741 2409 809 egent?
2433 739 2489 794 Si
2519 754 2649 809 ergo
2674 754 2742 794 ne
2768 741 2988 794 omnino
3016 739 3228 809 quidem
3272 756 3431 812 egere
3451 745 3654 799 assecla

2073 829 2152 883 vel
2183 827 2502 899 pedisseqno
2530 837 2608 882 est
2636 829 2955 898 angelicum,
2983 843 3228 899 quaenam
3255 832 3423 900 magis
3450 833 3656 888 accedit

2070 921 2135 973 ad
2167 920 2325 973 vitam
2368 919 2660 988 angelicam
2684 961 2699 985 ,
2729 935 2862 973 eane
2910 935 3028 990 qua:
3081 921 3262 976 multis
3308 923 3546 992 indiget,
3584 939 3652 978 an

2070 1028 2189 1082 qua:
2220 1011 2435 1081 paucis?
2463 1011 2647 1066 Nonne
2683 1021 2764 1066 est
2800 1011 2900 1066 hoc
2939 1013 3149 1080 pudor?
3186 1013 3355 1082 pudor
3398 1025 3480 1069 est
3508 1015 3650 1069 enim

2072 1102 2269 1172 aliquid
2299 1113 2455 1172 turpe
2487 1102 2660 1157 facere
2687 1112 2742 1157 et
2765 1103 3077 1156 absurdum.
3107 1103 3198 1158 Dic
3222 1105 3374 1171 mihi,
3406 1121 3651 1176 quamam

2067 1196 2134 1250 ad
2164 1211 2223 1250 se
2249 1196 2514 1250 convertit
2538 1210 2631 1250 eos
2657 1211 2774 1265 qua:
2804 1204 2929 1250 sunt
2958 1195 3010 1248 in
3042 1194 3179 1258 foro,
3208 1211 3340 1252 eane
3368 1215 3491 1271 qua;
3512 1199 3648 1253 mul-

2071 1295 2152 1339 tos
2187 1301 2366 1341 secum
2394 1286 2558 1352 ducit,
2589 1303 2654 1340 an
2677 1300 2739 1341 ea
2767 1303 2884 1357 quae
2917 1287 3160 1356 paucos?
3189 1289 3287 1343 hac
3316 1302 3496 1346 autem
3529 1307 3650 1361 quas

2071 1390 2264 1442 paucos
2309 1377 2487 1439 ducit,
2541 1393 2718 1432 annon
2767 1393 2829 1433 ea
2880 1379 3048 1447 magis
3085 1395 3203 1448 qua:
3259 1381 3370 1434 sola
3421 1393 3643 1451 apparet

2068 1484 2171 1522 non
2205 1468 2473 1538 praevisa?
2501 1469 2658 1523 Vides
2689 1470 2828 1539 quod
2873 1470 3002 1524 illud
3029 1471 3098 1525 sit
3140 1471 3340 1539 pudor?
3388 1475 3644 1540 Quaenam

2065 1561 2117 1614 in
2165 1575 2224 1615 se
2250 1561 2509 1615 convertit
2539 1576 2632 1616 eos
2668 1564 2755 1631 qui
2787 1572 2911 1616 sunt
2938 1563 2992 1616 in
3023 1565 3172 1629 foro,
3217 1579 3352 1619 eane
3377 1581 3495 1634 quae
3523 1567 3644 1635 pul-

2065 1651 2222 1705 chras
2245 1659 2418 1720 gestat
2439 1662 2632 1718 vestes,
2668 1667 2734 1706 an
2764 1669 2882 1723 quae
2908 1653 3219 1722 simpliciter
3248 1663 3331 1709 est
3377 1657 3566 1710 vestita
3593 1669 3646 1712 et

2066 1743 2211 1796 nullo
2236 1753 2542 1813 comparato
2563 1746 2708 1800 cultu
2729 1756 2782 1800 et
2809 1748 3164 1801 ornamento?
3189 1764 3431 1817 qmenam
3465 1765 3648 1805 rursus

2067 1834 2235 1902 magis
2260 1834 2328 1888 ad
2359 1849 2417 1889 se
2445 1838 2711 1890 convertit
2740 1852 2832 1892 eos
2857 1838 2948 1906 qui
2977 1849 3100 1892 sunt
3128 1839 3180 1891 in
3211 1839 3344 1904 foro,
3371 1856 3503 1897 eane
3529 1858 3648 1911 quae

2067 1925 2223 1978 mulis
2252 1925 2462 1979 vehitur
2489 1935 2541 1981 et
2568 1928 2824 1982 inauratis
2850 1930 3117 1998 stragulis,
3158 1945 3223 1981 an
3265 1945 3326 1984 ea
3357 1945 3473 2000 qua:
3515 1932 3648 1986 sim-

2067 2015 2276 2084 pliciter
2305 2025 2358 2070 et
2397 2018 2916 2088 quomodocumque,
2966 2019 3058 2074 sed
3104 2019 3298 2075 decore
3340 2032 3393 2076 et
3429 2024 3650 2079 honeste

2069 2107 2302 2161 incedit?
2331 2123 2399 2162 an
2453 2109 2590 2164 hanc
2617 2126 2683 2165 ne
2712 2112 3002 2166 viderimus
3048 2113 3266 2183 quidem
3298 2124 3352 2168 et
3378 2119 3652 2185 aspexeri-

2068 2212 2206 2262 mus,
2234 2198 2378 2251 illam
2409 2208 2586 2254 autem
2640 2217 2746 2256 non
2777 2204 2948 2256 solum
2979 2213 3036 2257 ut
3069 2205 3284 2260 videant
3317 2215 3509 2276 urgent
3548 2209 3650 2262 ali—

2068 2289 2178 2358 qui,
2211 2289 2303 2343 sed
2336 2292 2495 2345 etiam
2523 2303 2715 2362 rogant
2741 2310 2984 2364 quaenam
3010 2295 3078 2349 sit
3101 2306 3152 2351 et
3178 2298 3356 2353 unde?
3383 2299 3531 2355 Mitto
3557 2317 3653 2356 au-

2071 2389 2175 2434 tem
2207 2383 2387 2438 dicere
2416 2395 2612 2453 quanta
2646 2387 2772 2441 hinc
2814 2389 3018 2443 oriatur
3052 2391 3268 2446 invidia.
3309 2392 3450 2460 Quid
3499 2410 3650 2466 ergo,

2070 2472 2157 2527 dic
2187 2475 2338 2541 mihi,
2369 2485 2452 2531 est
2493 2487 2667 2548 turpe,
2700 2479 2865 2533 videri
2912 2495 2980 2534 an
3035 2496 3140 2534 non
3179 2482 3386 2540 videri?
3441 2487 3654 2554 quando

2070 2575 2154 2620 est
2183 2568 2353 2637 major
2380 2569 2568 2638 pudor,
2613 2571 2826 2640 quando
2853 2587 3042 2628 omnes
3067 2573 3133 2628 ad
3174 2590 3291 2629 eam
3319 2580 3647 2646 aspexerint.

2073 2673 2138 2712 an
2169 2658 2382 2727 quando
2409 2661 2631 2715 nullus?
2663 2663 2879 2732 quando
2909 2677 3096 2718 omnes
3120 2664 3186 2718 de
3221 2681 3282 2719 ea
3312 2681 3556 2735 quamam
3585 2671 3657 2724 sit

2073 2750 2391 2816 resciscunt,
2422 2767 2487 2805 an
2512 2753 2724 2821 quando
2751 2769 2816 2808 ne
2838 2765 3026 2809 curant
3043 2756 3300 2826 quidem?
3331 2757 3489 2814 Vides
3513 2762 3653 2828 quod

2074 2854 2179 2894 nou
2227 2852 2444 2911 propter
2484 2844 2762 2912 pudorem,
2805 2847 2897 2900 sed
2931 2857 3148 2916 pr0ptcr
3176 2848 3388 2905 inanem
3429 2851 3652 2919 gloriam

2072 2934 2248 2986 omnia
2288 2934 2534 3003 agimus?
2563 2936 2664 2990 Sed
2695 2939 2944 3006 quoniam
2976 2939 3081 2996 hoc
3112 2941 3227 2997 fieri
3259 2959 3362 2999 non
3399 2956 3571 3014 potest
3598 2957 3656 3001 ut

2072 3037 2170 3076 nos
2194 3025 2261 3077 ab
2292 3025 2396 3077 illis
2426 3025 2776 3094 abducamus,
2810 3029 3009 3085 sufficit
3033 3032 3160 3086 mihi
3204 3033 3418 3090 interim
3458 3046 3516 3091 ut
3557 3055 3655 3094 vos

2073 3115 2287 3169 discatis
2314 3115 2416 3171 hoc
2445 3133 2548 3172 non
2576 3133 2693 3174 esse
2725 3122 3126 3190 turpitudinem.
3170 3126 3354 3185 Solum
3381 3141 3654 3198 peccatum

2073 3215 2154 3260 est
2181 3207 2474 3277 turpitudo,
2519 3210 2658 3277 quod
2691 3227 2848 3266 nemo
2876 3214 3143 3270 existimat
3196 3233 3316 3274 esse
3362 3221 3614 3288 pudorem
3638 3265 3652 3288 ,

2073 3297 2166 3352 sed
2208 3299 2417 3367 quidvis
2455 3301 2621 3370 magis
2652 3316 2810 3372 quam
2851 3303 3042 3373 ipsum.
3080 3305 3408 3366 Vestimenta
3461 3313 3568 3366 sint
3593 3329 3654 3368 ea

2073 3404 2192 3458 qua:
2212 3401 2335 3444 sunt
2362 3392 2501 3456 υευῑ,
2522 3408 2626 3447 non
2650 3403 2826 3448 autem
2847 3409 3238 3465 supervacanea
3273 3418 3286 3454 Σ
3309 3413 3561 3458 czelerum
3589 3421 3657 3460 ne

2075 3478 2128 3532 in
2159 3479 2349 3534 nimias
2377 3496 2471 3535 vos
2514 3483 2832 3538 concludam
2861 3489 3160 3555 angustias,
3194 3489 3322 3545 illud
3366 3492 3652 3561 admoneo,

2073 3568 2216 3637 quod
2264 3587 2368 3624 non
2420 3573 2489 3626 sit
2535 3573 2686 3629 vobis
2717 3589 2852 3644 opus
2889 3577 3066 3631 aureis
3111 3583 3443 3637 ornamentis
3485 3599 3657 3654 neque

2074 3663 2358 3719 subtilibus
2407 3667 2546 3721 telis.
2600 3669 2668 3722 Et
2699 3670 2811 3723 lucc
2856 3687 2959 3724 non
3005 3687 3104 3740 ego
3145 3671 3264 3726 dico
3299 3690 3311 3725 :
3343 3689 3462 3728 nam
3512 3680 3652 3747 quod

2075 3771 2180 3809 non
2209 3771 2324 3810 mea
2362 3758 2469 3810 sint
2489 3758 2672 3824 verba,
2704 3759 2826 3813 audi
2875 3762 3085 3815 beatum
3118 3763 3336 3818 Paulum
3368 3765 3653 3834 dicentem,

2077 3855 2128 3899 ct
2157 3846 2466 3901 mulieribus
2495 3850 2911 3918 prtecipientem,
2947 3850 3014 3904 Ut
3045 3869 3097 3906 se
3117 3863 3314 3918 ornent,
3339 3871 3438 3908 non
3461 3859 3512 3910 in
3552 3868 3656 3912 tor-

2101 3943 2161 3995 tis
2188 3942 2406 3995 crinibus
2435 3952 2521 3994 aut
2547 3958 2693 4005 auro,
2732 3951 2816 3994 aut
2851 3941 3156 4012 margaritis,
3186 3951 3273 3993 aut
3299 3952 3430 3996 veste
3455 3947 3672 4013 pretiosa

2105 4035 2179 4101 (1.
2211 4032 2340 4084 Tim.
2373 4032 2427 4085 2.
2453 4031 2532 4101 9).
2561 4031 2665 4087 Sed
2696 4031 2810 4097 dic,
2860 4031 3128 4100 quomodo
3168 4032 3248 4085 vis
3279 4041 3335 4087 ut
3371 4042 3610 4099 ornetur,
3641 4048 3674 4086 o

2101 4122 2300 4178 Paule?
2327 4122 2567 4178 fortassis
2594 4123 2735 4178 enim
2771 4123 2949 4178 dicent
2976 4124 3084 4178 sola
3116 4139 3277 4178 aurea
3301 4139 3418 4180 esse
3442 4125 3670 4194 pretiosa

2102 4224 2156 4267 et
2186 4224 2515 4284 sumptuosa,
2550 4215 2781 4284 pretiosa
2811 4223 2986 4269 autem
3016 4223 3070 4269 et
3094 4225 3400 4284 sumptuosa
3424 4231 3526 4269 non
3557 4231 3674 4270 esse

2101 4305 2267 4360 serica
2295 4299 2413 4359 :dic
2438 4321 2566 4374 ergo
2592 4305 2861 4375 quomodo
2889 4307 2966 4360 vis
3005 4315 3063 4360 ut
3093 4307 3390 4361 ornentur?
3420 4306 3674 4360 Habentes

2101 4404 2268 4446 autent
2306 4396 2544 4449 alimenta
2582 4405 2628 4449 et
2666 4397 2844 4466 quibus
2875 4406 3122 4467 tegamur,
3169 4398 3231 4451 iis
3259 4399 3477 4451 contenti
3520 4399 3674 4450 simus

2101 4487 2180 4554 (I.
2211 4485 2346 4541 Tim.
2380 4487 2432 4542 6.
2463 4489 2542 4558 8).
2575 4489 2850 4558 Ejusmodi
2893 4491 2964 4545 sit
2996 4490 3155 4544 vestis
3198 4499 3253 4544 ut
3289 4492 3459 4544 solum
3513 4500 3670 4559 tegat.

2102 4579 2387 4648 Propterea
2414 4581 2553 4635 enim
2582 4582 2734 4636 nobis
2773 4598 2834 4636 ea
2862 4583 3008 4638 dedit
3034 4583 3176 4637 Deus
3218 4593 3273 4636 ut
3305 4592 3541 4651 legamus
3573 4600 3671 4634 uu-

2101 4669 2354 4735 ditatem;
2385 4671 2485 4726 hoc
2512 4681 2686 4726 autem
2715 4683 2888 4743 potest
2928 4674 3100 4728 facere
3137 4674 3541 4737 vestimentum,
3572 4675 3670 4725 etsi

2101 4761 2170 4813 sit
2201 4761 2315 4814 vilis
2350 4763 2524 4830 pretii.
2577 4763 2824 4820 Fortasse
2873 4765 3058 4819 ridetis
3107 4780 3224 4833 quae
3255 4774 3431 4817 vestes
3456 4764 3674 4832 gestatis

2101 4853 2542 4916 sericas;revera
2570 4857 2709 4910 enim
2749 4866 2960 4926 oportet
3000 4857 3196 4910 ridere.
3243 4855 3376 4920 Quid
3424 4855 3674 4922 prtecepit

2103 4941 2336 4994 Paulus?
2362 4943 2487 5011 quid
2531 4959 2627 4997 nos
2678 4960 2806 4998 vero
2853 4945 3108 4999 facimus?
3139 4944 3251 4996 Non
3293 4953 3468 4997 autem
3499 4943 3670 4996 solum

2101 5032 2350 5086 mulieres
2399 5037 2658 5103 alloquor,
2714 5036 2807 5090 sed
2850 5037 3007 5090 etiam
3065 5036 3226 5088 viros.
3273 5034 3478 5088 Ca'tera
3531 5034 3671 5086 enim

2101 5125 2275 5176 omnia
2318 5141 2436 5193 qure
2481 5127 2737 5180 habemus
2772 5139 2894 5180 sunt
2923 5141 3334 5195 supervacanea.
3389 5125 3497 5178 Soli
3549 5141 3673 5193 pmi-

2102 5232 2258 5286 peres
2307 5234 2410 5271 non
2460 5220 2731 5287 possident
2789 5234 3179 5287 supervacanea
3230 5235 3242 5268 :
3303 5219 3526 5270 fortasse
3575 5233 3672 5268 au-

2103 5318 2205 5363 tem
2237 5311 2308 5363 illi
2339 5326 2548 5379 quoque
2596 5319 2808 5378 propter
2838 5312 3208 5364 necessitatem
3238 5326 3249 5359 :
3286 5309 3351 5361 ita
3395 5318 3489 5373 ut,
3524 5309 3565 5362 si
3606 5309 3672 5361 li-

2101 5411 2247 5454 ceret
2271 5442 2284 5466 ,
2316 5417 2381 5455 ue
2411 5403 2484 5454 illi
2532 5402 2744 5469 quidem
2777 5401 3128 5454 abstinerent.
3163 5399 3359 5451 Verum
3410 5399 3517 5462 illi,
3561 5399 3672 5451 sive

2104 5502 2358 5559 prtetextu
2400 5501 2451 5543 et
2486 5493 2787 5556 occasione,
2832 5491 2943 5544 sive
2971 5491 3043 5543 rei
3076 5491 3314 5552 veritate,
3344 5505 3446 5541 non
3477 5488 3670 5540 habent

2099 5598 2512 5651 supervacanea.
2546 5581 2692 5634 Talia
2726 5597 2854 5651 ergo
2897 5590 3163 5648 gestemus
3210 5581 3522 5632 vestimenta
3552 5594 3671 5646 qua:

2100 5691 2249 5728 usum
2291 5675 2556 5741 impleant.
2590 5673 2722 5738 Quid
2764 5674 2902 5726 enim
2931 5670 3028 5723 sibi
3057 5671 3169 5722 vult
3198 5671 3418 5724 multum
3449 5672 3670 5723 aurum?

2101 5765 2334 5818 Sceuieis
2367 5765 2478 5816 haec
2501 5764 2821 5817 Conveniunt
2851 5779 2862 5813 ε
2895 5761 3007 5814 hmo
3039 5760 3103 5814 ab
3134 5760 3237 5814 illis
3254 5770 3373 5812 sunt
3394 5761 3668 5830 gestanda.

3307 5854 3333 5913 1
3345 5855 3378 5912 3
