3970 6152
355 324 468 389 ,109

375 449 490 494 haec
528 443 649 492 sunt
678 428 1036 492 meretricum,
1064 438 1182 494 qua:
1212 420 1386 476 omnia
1428 417 1628 472 faciunt
1653 412 1719 466 ad
1763 411 1864 464 hoc
1893 416 1951 464 ut

374 539 704 604 Speetentur.
728 525 955 580 Ornetur
987 520 1074 574 illa
1102 530 1221 587 qua:
1250 522 1332 568 est
1351 513 1403 565 in
1431 506 1730 604 sccna,_i|la
1757 518 1875 573 qua:
1897 502 1950 556 in

378 597 685 684 orchestra;
729 616 840 670 vult
869 611 1010 666 enim
1057 621 1246 663 omnes
1286 603 1352 658 ad
1397 616 1455 655 se
1483 597 1752 652 attrahere
1792 605 1954 684 :qute

379 725 555 768 autem
589 681 710 763 vere
740 706 990 775 pietatem
1021 696 1321 768 profitetur,
1359 707 1464 746 non
1493 690 1569 744 sic
1601 693 1839 752 ornetur,
1863 681 1956 739 sed

377 805 531 858 aliter
576 799 764 853 haheat
793 801 1042 850 ornatum
1068 789 1160 843 illo
1188 787 1345 856 longe
1375 782 1650 851 majorem.

451 890 656 944 Mulieri
683 885 1001 940 Christiania.
1031 908 1105 920 —
1129 877 1303 932 Habes
1349 883 1403 929 et
1446 881 1500 926 tu
1543 869 1808 924 theatrum
1843 883 1856 920 :
1892 864 1960 920 ad

382 966 510 1019 illud
559 966 822 1018 theatrum
873 975 922 1017 te
983 977 1155 1025 orna,
1209 959 1296 1010 illo
1346 967 1400 1010 tu
1459 953 1654 1009 mundo
1708 953 1952 1006 induere.

378 1054 655 1122 Quodnam
699 1062 780 1108 est
812 1064 958 1106 tuum
991 1048 1300 1104 theatrum?
1345 1044 1563 1107 Catlum,
1596 1042 1822 1113 populus
1860 1055 1954 1094 an-

379 1147 656 1214 gelorum:
689 1159 796 1197 non
822 1143 939 1196 dico
970 1141 1142 1195 Solum
1170 1138 1453 1208 virginum,
1485 1134 1578 1189 sed
1605 1133 1764 1188 etiam
1801 1147 1953 1186 mun-

382 1237 636 1290 danarum
683 1251 778 1288 seu
809 1233 1145 1289 saecularium
1187 1248 1200 1284 :
1235 1242 1582 1299 qumcumque
1604 1225 1819 1280 Christo
1843 1239 1961 1279 cre-

383 1327 536 1390 dunt,
565 1326 765 1380 habent
795 1324 922 1378 illud
957 1324 1242 1377 theatrum.
1270 1320 1418 1375 Talia
1448 1319 1727 1388 loquamur
1757 1325 1814 1370 ut
1843 1316 1962 1372 illos

386 1418 715 1471 oblectemns
742 1422 1070 1483 spectatores
1094 1430 1106 1465 :
1138 1411 1332 1465 talibus
1361 1409 1600 1471 induere,
1631 1418 1686 1462 ut
1714 1408 1832 1462 illos
1864 1407 1960 1461 1:13-

387 1510 501 1563 titia
533 1509 733 1562 afficias
763 1505 860 1579 (α).
889 1506 1021 1559 Nam
1061 1505 1148 1559 dic
1189 1503 1337 1568 mihi,
1369 1502 1412 1556 si
1452 1501 1700 1556 meretrix
1732 1500 1964 1554 dimissis

389 1599 719 1655 ornamentis
747 1597 924 1651 aureis
956 1595 1386 1664 sumptuosisque
1431 1592 1666 1648 vestibus
1691 1600 1745 1646 et
1775 1592 1880 1644 risu
1912 1599 1967 1644 et

391 1691 568 1745 verbis
600 1690 816 1744 urbanis
865 1697 917 1742 et
946 1686 1232 1752 obscmnis,
1278 1685 1369 1738 vili
1406 1691 1553 1740 veste
1600 1683 1868 1748 induatur,
1913 1692 1968 1737 et

393 1781 670 1835 illaborato
696 1779 836 1834 cultu
852 1778 1144 1846 composita
1165 1775 1513 1846 ingrediatur,
1542 1785 1595 1831 et
1614 1775 1860 1845 loquatur
1883 1775 1966 1843 pia

392 1881 446 1927 et
467 1871 711 1940 religiosa
742 1869 922 1934 verba,
953 1879 1003 1922 et
1031 1867 1259 1922 disserat
1288 1866 1354 1922 de
1375 1867 1746 1936 temperantia,
1770 1865 1968 1920 etnihil

396 1973 547 2030 turpe
577 1961 737 2026 dicat,
771 1974 945 2012 annon
977 1972 1162 2012 omnes
1204 1955 1464 2026 surgent?
1492 1971 1667 2010 annon
1712 1955 1970 2010 dissolve-

395 2064 480 2110 tur
506 2053 609 2108 hoc
629 2052 935 2107 theatrum?
963 2066 1140 2105 annon
1167 2065 1283 2106 eam
1309 2050 1524 2120 ejicient
1545 2058 1601 2104 ut
1627 2065 1744 2120 qua:
1767 2053 1970 2104 nesciat

394 2159 692 2214 congruere
715 2143 931 2212 populo,
962 2151 1015 2198 et
1037 2156 1156 2212 qua:
1182 2141 1327 2196 dicat
1352 2139 1526 2196 aliena
1549 2141 1617 2196 ab
1640 2140 1732 2194 illo
1762 2140 1970 2194 theatro

395 2233 680 2290 satanico?
712 2235 782 2287 Ita
813 2243 870 2288 tu
895 2249 1126 2304 quoque,
1155 2233 1199 2287 si
1243 2231 1384 2288 illius
1415 2232 1743 2288 vestimentis
1781 2230 1973 2285 amicta

397 2326 719 2396 ingrediaris
754 2325 1021 2380 theatrum
1051 2325 1328 2389 calorum,
1372 2332 1425 2379 te
1453 2325 1669 2392 ejicient
1705 2331 1974 2393 spectato-

398 2432 506 2472 res.
538 2417 652 2473 lllic
681 2415 822 2470 enim
854 2430 959 2469 non
1005 2429 1139 2484 epus
1166 2423 1248 2469 est
1278 2413 1362 2468 his
1403 2413 1733 2469 vestimentis
1775 2413 1972 2480 aureis,

305 2499 316 2503 ’
402 2510 494 2565 sed
533 2511 674 2564 aliis.
724 2510 1096 2577 Quibusnam?
1141 2507 1453 2579 Cujusmodi
1498 2508 1625 2563 dicit
1661 2507 1924 2578 Propheta
1954 2523 1974 2563 :

401 2602 470 2657 In
518 2603 729 2673 ﬁmbriis
768 2603 934 2656 aureis
978 2602 1309 2668 circumdata,
1352 2602 1605 2671 variegata
1664 2601 1835 2671 (Psul.
1886 2602 1976 2656 Η.

402 2693 493 2764 M)
529 2712 540 2748 :
571 2710 674 2748 non
700 2705 754 2748 ut
778 2708 972 2764 corpus
1000 2693 1190 2748 reddas
1217 2690 1503 2746 candidum
1531 2702 1585 2746 et
1612 2691 1977 2760 reSplendens,

404 2784 499 2840 sed
529 2793 588 2838 ut
617 2798 777 2839 ornes
806 2785 1037 2837 animam
1069 2799 1084 2838 :
1113 2797 1174 2838 ea
1202 2793 1282 2838 est
1303 2782 1445 2838 enim
1474 2796 1592 2851 quae
1619 2781 1727 2836 illic
1755 2791 1980 2838 conten-

406 2875 554 2931 ditet
582 2876 840 2930 decertat.
881 2875 1059 2930 Omnis
1105 2875 1270 2945 gloria
1297 2875 1419 2944 ﬁlice
1463 2874 1614 2945 Regis
1661 2874 1980 2941 intrinsecus,

408 2969 595 3038 inquit.
625 2967 696 3022 lis
720 2967 939 3023 induere
969 2985 982 3022 :
1013 2982 1134 3021 nam
1164 2966 1310 3022 etab
1350 2964 1830 3020 innumerabilibus
1864 2966 1983 3022 aliis

408 3056 913 3124 malisteliberabis,
935 3056 1182 3111 maritum
1207 3072 1234 3110 a
1257 3055 1768 3124 sollicitudine,ette
1785 3071 1815 3110 a
1830 3070 1985 3113 cura.

410 3147 500 3204 Sic
514 3147 656 3202 enim
670 3147 776 3201 eris
793 3148 985 3201 marito
1001 3144 1541 3216 veneranda,quando
1558 3147 1736 3216 paucis
1752 3147 1982 3217 egueris.

483 3239 538 3295 6.
585 3238 734 3293 Solet
757 3238 898 3292 enim
951 3237 1113 3292 homo
1154 3239 1376 3308 quilibet
1403 3238 1770 3302 dissimulare,
1800 3248 1854 3293 et
1887 3255 1982 3294 eos

398 3337 698 3408 despicatui
727 3337 950 3404 habere,
983 3339 1070 3408 qui
1095 3338 1211 3409 ipso
1247 3339 1483 3410 indigent
1515 3340 1768 3410 :quando
1802 3347 1980 3394 autem

404 3430 602 3485 viderit
628 3445 733 3485 non
756 3444 891 3501 opus
923 3429 1140 3498 habere,
1189 3430 1378 3484 fastum
1405 3430 1677 3500 deprimit,
1707 3446 1812 3501 quo
1839 3429 1897 3485 fit
1923 3438 1984 3484 ut

402 3522 517 3593 pari
557 3530 729 3576 tecum
764 3521 966 3575 honore
989 3520 1238 3576 disserat.
1270 3519 1493 3586 Quando
1539 3520 1733 3575 viderit
1759 3520 1984 3574 maritus

401 3620 455 3668 te
478 3613 530 3667 in
560 3613 706 3666 nullo
739 3611 853 3682 ejus
882 3627 1039 3682 egere
1067 3619 1120 3666 et
1151 3610 1266 3681 ejus
1287 3611 1423 3665 dona
1452 3610 1746 3680 despicere,
1774 3608 1984 3665 etiamsi

406 3707 652 3778 ingentes
689 3706 804 3775 ejus
835 3707 1051 3775 spiritus
1081 3715 1134 3759 et
1159 3719 1350 3776 magna
1393 3704 1555 3758 animi
1585 3705 1747 3758 elatio
1777 3713 1904 3758 tunc
1932 3711 1986 3758 te

401 3799 572 3870 magis
588 3799 941 3864 reverehitur,
965 3813 1124 3868 quam
1155 3797 1391 3852 indutam
1413 3796 1589 3852 aureis
1614 3796 1982 3852 ornamentis:

403 3904 504 3944 nec
528 3889 637 3944 eris
681 3889 910 3959 amplius
935 3889 1051 3959 ejus
1075 3889 1288 3943 ancilla.
1329 3887 1462 3942 Nam
1489 3903 1716 3958 quorum
1742 3901 1982 3958 egemus,

402 3995 626 4035 necesse
673 3979 932 4034 habemus
963 3994 1060 4034 nos
1087 3980 1164 4034 eis
1194 3979 1507 4034 submittere
1533 3996 1546 4032 :
1573 3979 1655 4034 sin
1680 3988 1858 4034 autem
1891 3991 1988 4032 nos

403 4072 806 4140 abduxerimus,
841 4087 949 4124 non
990 4071 1188 4125 erimus
1217 4070 1450 4138 amplius
1473 4069 1692 4124 obnoxii
1718 4087 1732 4136 ;
1765 4069 1860 4125 sed
1887 4070 1988 4124 scit

403 4164 545 4234 quod
576 4171 794 4232 propter
816 4161 910 4217 Dei
938 4162 1186 4216 timorem
1214 4162 1262 4216 ei
1288 4161 1522 4229 aliquam
1553 4161 1837 4215 tribuimus
1857 4161 1986 4216 obe-

403 4253 686 4320 dientiam,
717 4268 822 4308 non
852 4260 1071 4322 propter
1096 4268 1157 4308 ea
1185 4267 1304 4322 qua:
1320 4251 1522 4321 abipso
1555 4250 1985 4320 proficiscuntur.

403 4345 536 4401 Nam
565 4359 706 4399 nunc
725 4345 962 4416 quidem,
994 4353 1052 4399 ut
1081 4345 1170 4415 qui
1197 4360 1387 4415 magna
1426 4343 1580 4399 nobis
1609 4343 1792 4410 donet,
1823 4360 1991 4414 quan-

405 4446 749 4506 tumcumque
771 4435 1031 4490 honorem
1054 4435 1211 4491 fuerit
1233 4442 1572 4506 assequutus,
1594 4451 1701 4492 non
1721 4435 1990 4492 existimat

405 4546 463 4586 se
486 4539 651 4585 totum
675 4544 794 4585 esse
811 4538 1178 4601 assequutum;
1199 4539 1326 4586 tunc
1341 4538 1516 4586 autem
1537 4531 1745 4588 etiamsi
1765 4544 1988 4601 parvum

401 4622 563 4678 fuerit
589 4629 928 4694 assequutus,
958 4621 1176 4678 habebit
1205 4622 1428 4694 gratiam
1450 4641 1464 4677 :
1486 4638 1591 4678 non
1619 4622 1988 4694 exprobrabit,

404 4731 503 4771 nec
524 4717 638 4786 ipse
667 4726 888 4786 cogetur
907 4723 1128 4786 propter
1157 4724 1209 4770 te
1253 4730 1348 4785 per
1374 4715 1648 4770 avaritiam
1676 4716 1810 4770 alios
1834 4713 1989 4769 bonis

401 4808 670 4863 fraudare.
714 4807 851 4874 Quid
899 4807 1041 4862 enim
1081 4810 1162 4861 e‘st
1204 4822 1234 4861 a
1284 4808 1491 4862 ratione
1535 4806 1784 4872 alienius,
1829 4820 1988 4875 quam

403 4915 565 4955 aurea
596 4909 912 4954 ornamenta
944 4899 1011 4955 ad
1034 4900 1135 4954 hoc
1163 4913 1499 4968 comparare,
1529 4905 1590 4953 ut
1608 4895 1988 4952 circumferan-

405 5002 489 5045 tur
520 4991 574 5045 in
603 4990 810 5046 balneis
833 4999 887 5046 et
915 4990 968 5044 in
1001 4990 1170 5046 foris?
1196 4990 1301 5047 Sed
1334 4991 1383 5044 in
1412 4989 1616 5046 balneis
1645 4998 1700 5044 et
1727 4987 1857 5042 foris
1885 5003 1990 5042 non

402 5093 486 5138 est
523 5084 749 5139 fortasse
774 5084 967 5138 mirum
996 5100 1008 5134 :
1034 5083 1086 5137 in
1113 5083 1398 5138 ecclesiam
1418 5091 1598 5136 autem
1627 5080 1784 5135 etiam
1809 5093 1875 5133 eo
1900 5079 1993 5132 ha-

407 5176 519 5230 bitu
551 5184 794 5231 ornatam
829 5175 1143 5245 procedere,
1177 5191 1268 5230 res
1293 5185 1376 5230 est
1405 5174 1558 5230 valde
1585 5173 1828 5229 ridicula.
1859 5171 1992 5226 Nam

406 5281 500 5320 cur
540 5266 644 5321 huc
684 5265 984 5336 ingreditur
1031 5279 1194 5319 aurea
1237 5275 1457 5334 gestans
1495 5268 1842 5329 ornamenta,
1875 5277 1992 5332 qua:

405 5357 566 5413 debet
602 5357 807 5428 ingredi
841 5366 899 5412 ut
927 5356 1108 5410 audiat
1138 5365 1386 5426 oportere
1419 5373 1478 5412 se
1517 5357 1694 5411 ornari
1727 5371 1832 5409 non
1862 5368 1994 5408 auro

407 5465 507 5505 nec
548 5450 872 5518 margaritis,
920 5464 1095 5519 neque
1121 5457 1273 5504 veste
1311 5448 1666 5518 sumptuosa?
1707 5447 1813 5503 Cur
1865 5461 1993 5516 ergo

406 5541 728 5613 ingrederis,
759 5557 792 5596 ο
818 5542 1051 5598 mulier?
1099 5541 1358 5613 numquid
1385 5550 1651 5612 tamquam
1681 5555 1801 5597 cum
1829 5539 1993 5595 Paulo

459 5702 533 5762 (α)
555 5703 643 5752 Hic
665 5702 846 5751 desinit
867 5700 1062 5750 homilia
1087 5700 1134 5747 in
1159 5697 1297 5749 Colb.

1045 311 1101 368 S.
1143 307 1416 366 JOANNIS
1453 291 1924 359 CllRYSOSTUMI
1968 289 2284 347 ARCHIEP.
2323 284 2854 345 CONSTANTINOP.
2904 334 2909 339 .

3483 277 3579 334 200

2023 414 2294 471 pugnans,
2326 410 2380 453 et
2408 399 2700 454 ostendens
2728 396 2872 468 quod
2910 395 3123 452 etiamsi
3152 396 3344 452 millies
3382 398 3491 454 haec
3516 402 3589 456 di—

2026 505 2128 557 cat,
2157 508 2264 547 nou
2295 492 2627 546 converteris
2653 491 2676 543 ?
2707 490 2803 545 sed
2835 505 2962 545 num
2995 499 3262 558 tamquam
3294 505 3390 545 nos
3413 490 3590 547 docto-

2025 599 2110 640 res
2135 585 2320 639 volens
2361 582 2682 653 redarguere
2707 581 2823 637 haec
2867 580 3062 636 frustra
3091 580 3313 636 dicere?
3348 582 3474 636 Nam
3512 583 3595 640 dic

2026 675 2180 739 mihi,
2211 675 2256 730 si
2297 673 2416 744 quis
2454 671 2675 728 Gratcus
2703 681 2759 726 et
2806 671 3037 726 infidelis
3080 685 3202 726 cum
3229 671 3455 728 audierit
3497 673 3596 744 legi

2024 766 2166 820 hunc
2199 765 2398 832 locum,
2423 763 2512 818 ubi
2541 763 2654 818 haec
2680 761 2810 817 dicit
2839 761 3026 816 beatus
3051 760 3267 827 Paulus,
3299 762 3598 833 praecipiens

2023 855 2357 920 mulieribus,
2389 864 2446 910 ut
2473 868 2540 910 ne
2562 868 2715 920 auro,
2751 862 2979 922 argento
3005 860 3061 907 et
3087 853 3408 922 margaritis,
3433 867 3597 922 neque

2025 945 2274 1018 pretiosis
2302 945 2538 1001 vestibus
2563 953 2786 1000 ornetur
2816 942 2892 1014 (l.
2925 942 3058 998 Tim.
3081 943 3139 996 ‘2.
3160 944 3238 1013 9);
3270 954 3325 998 et
3349 957 3467 998 cum
3493 944 3600 1013 ipse

2035 1034 2230 1089 haheat
2252 1047 2474 1089 uxorem
2507 1032 2747 1102 fidelem,
2766 1032 2948 1088 videat
2971 1032 3117 1087 illam
3145 1033 3358 1088 ornatui
3379 1033 3606 1096 smdere,

2037 1137 2092 1182 et
2117 1141 2279 1181 aurea
2314 1126 2720 1196 circumponere
2751 1135 2809 1180 ut
2835 1124 3164 1196 ingrediatur
3206 1124 3258 1178 in
3290 1123 3564 1180 ecclesiam
3595 1140 3606 1174 :

2038 1232 2215 1272 annon
2247 1217 2390 1273 dicet
2414 1217 2554 1287 apud
2585 1218 2856 1288 seipsum,
2883 1216 3075 1272 videns
3113 1231 3234 1271 eam
3277 1215 3331 1270 in
3379 1213 3612 1270 cubiculo

2040 1323 2100 1363 se
2128 1317 2315 1363 ornate
2345 1317 2756 1377 componentem
2783 1317 2838 1363 et
2867 1307 3241 1378 disponentem
3269 1325 3282 1361 :
3315 1305 3450 1374 Quid
3481 1305 3615 1358 intus

2041 1409 2223 1456 manet
2251 1401 2442 1454 mulier
2472 1400 2521 1454 in
2549 1399 2834 1455 cubiculo?
2865 1399 2992 1469 quid
3020 1397 3346 1454 cunctatur?
3377 1395 3500 1466 quid
3529 1412 3614 1447 au-

2043 1509 2133 1549 rea
2164 1493 2519 1564 circumponit
2549 1495 2908 1549 ornamenta?
2938 1508 3044 1563 quo
3081 1493 3194 1548 vult
3221 1491 3416 1547 abire?
3446 1491 3498 1545 in
3539 1503 3619 1544 ec-

2043 1585 2303 1640 clesiam?
2329 1585 2539 1654 quare?
2563 1595 2623 1639 ut
2649 1583 2848 1650 audiat,
2883 1583 3005 1637 Non
3034 1585 3087 1636 in
3130 1592 3267 1637 veste
3295 1579 3623 1652 sumptuosa?

2044 1676 2160 1732 Non
2205 1676 2431 1731 ridebit?
2479 1691 2585 1731 non
2632 1676 2686 1730 in
2715 1675 3006 1731 cachinnos
3049 1674 3341 1744 erumpet?
3375 1688 3478 1727 non
3517 1686 3624 1726 rem

2048 1767 2309 1822 ludicram
2337 1779 2389 1822 et
2420 1767 2792 1837 deceptionem
2823 1780 2910 1821 res
2937 1773 3149 1820 nostras
3189 1779 3316 1820 esse
3363 1763 3625 1819 existima-

2048 1857 2164 1912 bit?
2188 1856 2546 1925 Quamobrem
2590 1871 2740 1928 rogo,
2773 1863 2833 1911 ut
2871 1870 3033 1910 aurea
3061 1865 3378 1910 ornamenta
3429 1853 3628 1924 pompis

2049 1947 2400 2014 dimittamus,
2429 1946 2630 2014 scenis,
2661 1955 2716 2001 et
2762 1946 2818 2000 in
2861 1944 3059 2001 tabulis
3107 1943 3447 1999 ofﬁcinarum
3477 1955 3632 2010 expo-

2049 2042 2197 2096 sita:
2251 2040 2344 2093 Dei
2391 2046 2569 2092 autem
2601 2038 2779 2108 imago
2819 2052 2924 2091 non
2980 2035 3064 2091 his
3111 2044 3378 2101 ornetur;
3423 2041 3632 2087 ornetur

2051 2134 2278 2204 ingenua
2302 2132 2551 2187 libertate
2586 2147 2599 2184 :
2635 2145 2665 2185 a
2701 2130 2948 2186 libertate
2987 2137 3166 2183 autem
3197 2128 3356 2183 abest
3395 2126 3557 2180 fastus
3585 2134 3636 2180 et

2051 2233 2273 2279 ornatus
2304 2223 2608 2277 indecorus.
2638 2219 2791 2288 Quod
2818 2220 2863 2276 si
2895 2221 3054 2274 etiam
3074 2218 3210 2272 velis
3239 2218 3313 2273 ab
3341 2215 3637 2272 hominibus

2052 2314 2276 2386 gloriam
2303 2313 2582 2383 consequi,
2615 2327 2731 2367 eam
2778 2312 2856 2365 sic
2900 2310 3226 2379 assequeris.
3275 2308 3463 2363 Divitis
3501 2305 3638 2361 enim

2056 2407 2287 2461 hominis
2317 2421 2541 2460 uxorem
2575 2420 2680 2459 non
2729 2405 2800 2459 ita
2843 2401 3230 2457 admirabimur
3279 2414 3440 2455 aurea
3490 2412 3640 2453 orna-

2054 2507 2231 2554 menta
2275 2505 2572 2567 gestantem
2605 2505 2660 2550 et
2708 2494 2909 2551 sericas
2955 2501 3167 2560 vestes;
3222 2491 3335 2548 hoc
3379 2501 3459 2547 est
3505 2491 3640 2546 enim

2057 2604 2345 2646 commune
2394 2589 2677 2654 omnibus;
2712 2596 2772 2643 ut
2800 2586 3016 2654 quando
3063 2585 3226 2641 fuerit
3281 2585 3464 2641 induta
3503 2592 3645 2638 veste

2057 2681 2306 2752 simplici,
2357 2688 2412 2736 et
2440 2694 2506 2736 ex
2558 2679 2678 2734 lana
2730 2687 2933 2733 tantum
2981 2685 3227 2734 contexta
3262 2695 3278 2730 :
3313 2677 3415 2733 hoc
3467 2689 3647 2729 omnes

2060 2773 2491 2838 admirabuntur,
2545 2771 2649 2826 hoc
2675 2786 2795 2827 cum
2837 2772 3028 2842 plausu
3069 2770 3372 2840 excipient.
3421 2768 3550 2824 Nam
3596 2767 3647 2821 in

2059 2865 2154 2920 illo
2181 2863 2395 2934 quidem
2427 2862 2626 2917 mundo
2663 2870 3101 2917 ornamentorum
3131 2868 3187 2915 et
3211 2869 3649 2932 sumptuosarmn

2058 2956 2287 3011 vestium
2339 2954 2533 3008 nmltas
2565 2952 2725 3008 habet
2764 2951 2978 3018 socias;
3010 2962 3065 3007 et
3111 2951 3156 3006 si
3210 2951 3358 3008 hanc
3404 2957 3650 3021 superat,

2061 3054 2345 3118 superatur
2369 3044 2438 3100 ab
2465 3045 2566 3098 alia
2592 3061 2606 3112 ;
2634 3052 2689 3099 et
2709 3043 2755 3098 si
2785 3058 2972 3099 omnes
2999 3043 3230 3111 excedit,
3273 3044 3345 3098 ab
3374 3044 3488 3114 ipsa
3514 3050 3656 3097 certe

2062 3139 2247 3209 regina
2299 3137 2579 3191 vincitur:
2623 3135 2713 3190 hic
2759 3144 2936 3191 autem
2989 3135 3158 3190 vincit
3208 3150 3448 3200 omnes,
3501 3135 3654 3190 etiam

2065 3231 2236 3301 ipsam
2269 3242 2492 3283 uxorem
2519 3225 2862 3296 Imperatoris
2894 3244 2908 3280 :
2937 3226 3218 3281 solaenim
3241 3227 3302 3281 in
3329 3227 3532 3282 divitiis
3553 3225 3659 3280 ele-

2065 3320 2141 3392 git
2162 3335 2282 3390 quze
2307 3326 2431 3373 sunt
2453 3331 2769 3387 pauperum.
2786 3315 3166 3384 Quamobrem,
3183 3316 3404 3371 etiamsi
3425 3327 3660 3370 amemus

2065 3411 2312 3482 gloriam,
2343 3410 2429 3464 hic
2455 3417 2538 3464 est
2565 3407 2736 3478 major
2762 3407 2950 3478 gloria.
2979 3406 3096 3462 Non
3127 3408 3311 3463 solum
3346 3409 3471 3464 dico
3493 3405 3662 3461 viduis

2067 3513 2120 3557 et
2143 3501 2423 3566 divitibus;
2454 3500 2540 3554 hic
2557 3499 2700 3554 enim
2716 3498 3127 3554 necessitatibus
3153 3499 3442 3555 viduitatis
3461 3498 3663 3552 videtur

2069 3593 2173 3648 hoc
2195 3593 2402 3657 facere;
2435 3591 2528 3646 sed
2557 3591 2622 3645 iis
2646 3591 2808 3646 etiam
2840 3605 2960 3660 qua:
2988 3590 3161 3644 virum
3193 3589 3427 3646 habent.
3461 3591 3528 3644 At
3554 3603 3664 3643 ma-

2071 3677 2415 3752 rito,'inquit,
2446 3696 2551 3737 non
2586 3681 2790 3751 placeo.
2817 3680 2927 3736 Nec
2953 3681 3036 3736 vis
3067 3681 3259 3736 marito
3296 3682 3533 3752 placere,
3575 3675 3667 3733 sed

2070 3773 2399 3831 multitudini
2428 3773 2873 3843 paupercularum
2903 3773 3224 3836 mulierum;
3257 3773 3376 3828 imo
3403 3785 3533 3827 vero
3564 3783 3668 3822 non

2074 3867 2306 3937 placere.
2337 3865 2430 3919 sed
2458 3878 2550 3918 eas
2580 3863 2885 3919 tabefacere
2914 3873 2965 3918 et
2994 3862 3184 3918 dolore
3210 3862 3272 3916 af
3274 3864 3465 3924 ﬁcere.
3498 3871 3553 3916 et
3580 3876 3670 3914 ea-

2087 3966 2207 4007 rum
2232 3950 2489 4019 majorem
2528 3949 2702 4004 facere
2729 3959 3115 4019 paupertatem.
3147 3951 3326 4017 Quam
3356 3955 3525 4007 multa
3555 3961 3679 4019 pro-

2088 4051 2207 4113 pter
2235 4049 2287 4095 te
2325 4038 2573 4094 dicuntur
2605 4037 2952 4108 blasphema?
2990 4038 3070 4094 Ne
3094 4039 3184 4105 sit,
3212 4040 3413 4111 inquit,
3457 4051 3682 4110 pauper-

2091 4141 2170 4186 tas
2202 4149 2216 4185 :
2252 4131 2394 4187 Deus
2423 4130 2544 4185 odio
2572 4127 2736 4185 habet
2760 4143 2982 4199 egenos,
3033 4130 3176 4185 Deus
3218 4145 3334 4185 non
3374 4129 3551 4200 diligit
3587 4141 3681 4184 eos

2086 4224 2173 4294 qui
2211 4222 2411 4278 suntin
2450 4229 2780 4292 paupertate.
2809 4221 2940 4276 Nam
2970 4220 3113 4292 quod
3161 4236 3270 4277 non
3299 4223 3439 4278 velis
3471 4223 3680 4292 placere

2087 4313 2282 4369 marito
2310 4354 2328 4381 ,
2374 4328 2474 4369 nec
2523 4327 2583 4368 ea
2622 4312 2690 4368 de
2719 4326 2880 4368 causa
2909 4312 3138 4378 orneris,
3188 4313 3451 4368 omnibus
3503 4307 3682 4366 reddis

2087 4408 2423 4476 perspicuum
2451 4419 2516 4458 ex
2548 4404 2611 4458 iis
2651 4419 2770 4473 qum
2796 4403 2908 4474 ipsa
2949 4402 3098 4459 facis.
3153 4401 3290 4458 Nam
3335 4418 3465 4459 cum
3516 4403 3675 4456 limen

2086 4495 2302 4550 thalami
2329 4494 2626 4562 transieris,
2655 4492 2939 4550 confestim
2978 4492 3204 4563 deponis
3245 4495 3461 4561 omnia,
3503 4502 3558 4548 et
3587 4505 3676 4545 ve-

2083 4599 2214 4656 stes,
2249 4597 2304 4643 et
2325 4596 2640 4642 ornamenta
2666 4601 2850 4654 aurea,
2883 4595 2939 4642 et
2979 4586 3337 4657 margaritas;
3369 4587 3464 4640 illa
3484 4585 3682 4655 quippe

2081 4680 2227 4736 domi
2254 4693 2360 4734 non
2388 4686 2588 4749 gestas.
2627 4677 2684 4732 Si
2720 4685 2902 4733 autem
2932 4677 3014 4733 vis
3042 4676 3270 4732 omnino
3294 4677 3525 4746 placere
3568 4688 3681 4729 ma-

2082 4774 2208 4841 rito,
2236 4784 2361 4828 sunt
2385 4788 2479 4842 per
2510 4788 2628 4842 quae
2676 4773 2749 4828 sis
2779 4773 3063 4843 placitura,
3108 4786 3204 4839 per
3229 4771 3544 4837 lenitatem,
3588 4783 3683 4840 per

2082 4862 2568 4926 mansuetudinem,
2597 4879 2692 4931 per
2713 4862 3069 4917 honestatem.
3097 4861 3230 4917 Nam
3255 4861 3426 4917 crede
3464 4861 3618 4925 mihi,
3648 4871 3680 4913 ο

2082 4956 2272 5010 mulier
2295 4997 2309 5022 ,
2342 4946 2554 5011 etiamsi
2604 4952 2828 5008 maritus
2851 4964 2970 5009 tuus
2993 4953 3064 5009 sit
3089 4954 3282 5009 millies
3307 4953 3379 5008 ad
3423 4952 3682 5008 inferiora

2083 5060 2397 5116 propensus,
2416 5045 2530 5100 haec
2549 5045 2718 5116 magis
2739 5060 2859 5099 eum
2880 5044 3169 5110 attrahent,
3183 5045 3406 5112 lenitas,
3429 5057 3682 5099 mansue-

2084 5136 2229 5200 tudo,
2257 5137 2602 5204 temperantia
2634 5146 2689 5191 et
2714 5136 3027 5201 moderatio,
3047 5151 3078 5190 a
3108 5135 3245 5192 fastu
3265 5152 3394 5192 esse
3422 5137 3683 5198 alienam,

2083 5244 2185 5282 non
2203 5241 2322 5282 esse
2338 5237 2722 5296 sumptuosam,
2741 5228 2833 5283 sed
2859 5228 3114 5283 humilem
3145 5235 3200 5284 et
3224 5226 3684 5282 dimissam.Nam

2082 5320 2180 5374 etsi
2199 5320 2348 5375 mille
2365 5319 2488 5374 talia
2511 5322 2799 5391 excogites,
2823 5321 3149 5391 impudicum
3171 5329 3227 5376 et
3242 5320 3682 5375 incontinentem

2081 5427 2184 5467 non
2215 5412 2542 5467 continebis:
2569 5413 2671 5467 hoc
2693 5413 2868 5467 sciunt
2888 5429 3006 5482 qua:
3031 5413 3163 5467 tales
3189 5411 3641 5466 habentmaritos
3668 5426 3683 5465 :

2079 5520 2199 5559 nam
2240 5505 2738 5574 quomodocumque
2785 5515 2835 5561 te
2865 5520 3120 5570 exornes,
3146 5505 3256 5570 ille,
3290 5513 3350 5558 ut
3380 5505 3479 5574 qui
3506 5505 3577 5559 sit
3603 5505 3688 5557 in-

2076 5597 2376 5663 continens,
2405 5596 2514 5651 abit
2543 5595 2609 5651 ad
2639 5597 2798 5653 aliam
2830 5617 2843 5652 :
2869 5610 2991 5662 eum
3032 5605 3208 5651 autem
3236 5595 3326 5665 qui
3350 5607 3440 5650 est
3474 5603 3687 5664 tempe-

2076 5703 2202 5745 rans
2230 5698 2282 5745 et
2312 5688 2566 5760 pudicus,
2595 5703 2700 5746 non
2734 5688 2817 5744 his
2843 5689 3024 5760 capies
3043 5731 3060 5758 ,
3087 5688 3181 5746 sed
3230 5687 3570 5755 contrariis;
3600 5685 3682 5742 his
