3970 6152
371 416 460 473 199

368 529 572 602 ἀνδρας.
596 528 781 584 Πάντα
807 530 916 603 γὰρ
944 532 1012 587 τά
1044 533 1230 599 λοιπὰ,
1254 535 1399 609 άπερ
1428 536 1645 609 ἔχομεν,
1661 540 1910 610 περιττά·

366 615 506 682 μόνοι
532 615 583 667 οἱ
612 615 843 686 πένητες
864 618 925 670 ού
950 619 1180 690 περιττά
1207 620 1502 691 κέκτηνται
1526 637 1539 652 ·
1572 623 1713 693 τάχα
1740 624 1798 677 δὲ
1821 625 1920 677 κά-

365 700 519 752 κεῖνοι
552 697 621 750 δι’
653 699 919 769 ἀνάγκην,
940 699 1038 764 ὼς,
1069 702 1122 755 εί
1149 720 1212 771 γε
1243 702 1393 772 ἐξῆν,
1428 704 1530 759 οὐκ
1550 706 1615 761 ἂν
1638 706 1757 759 ούδέ
1779 708 1922 760 ἐκεῖ-

366 797 435 833 νοι
464 780 787 852 ἀπέσχοντο.
821 783 967 854 Πλὴν
1012 784 1150 847 ἀλλ’,
1178 786 1289 840 είτε
1312 787 1602 858 προφάσει,
1646 789 1753 843 εῖτε
1785 790 1922 859 άλη-

366 862 499 934 θεία,
527 862 669 926 τέως
700 864 900 917 ἐκεῖνοι
940 864 1011 919 τά
1051 867 1281 938 περιττά
1315 870 1415 922 ούκ
1444 870 1647 940 έχουσι.
1683 871 1923 925 Τοιαῦτα

364 948 534 1000 τοίνυν
556 945 816 1017 φορῶμεν
863 948 1074 1018 ἱμάτια,
1123 950 1194 1004 τά
1237 950 1336 1023 τὴν
1360 954 1551 1023 χρείαν
1587 953 1920 1026 πληροῦντα.

366 1032 422 1084 Τί
447 1031 555 1103 γάρ
603 1030 856 1101 βούλεται
909 1033 939 1086 δ
981 1034 1149 1097 πολὺς
1176 1034 1412 1105 χρυσόςς
1452 1039 1565 1100 τοῖς
1595 1039 1688 1090 ἐπὶ
1719 1038 1925 1109 σκηνῆς

248 1162 251 1165 .
363 1114 528 1169 ταῦτα
558 1113 844 1184 ἁρμόττει,
868 1115 1041 1170 ταῦτα
1087 1118 1313 1170 ἐκείνων
1345 1119 1412 1171 τά
1439 1121 1753 1193 φορήματα,
1793 1136 1926 1191 πορ-

366 1198 462 1252 νῶν
494 1199 613 1252 ἐστι
640 1199 939 1266 γυναικῶν,
981 1200 1159 1254 πάντα
1183 1201 1323 1271 πρὸς
1350 1202 1414 1255 τὸ
1445 1201 1705 1273 θεαθῆναι
1738 1220 1923 1256 ποιου-

368 1281 485 1335 σῶν.
518 1281 964 1349 Καλλωπιζέσθω
992 1284 1174 1356 ἐκείνη
1207 1287 1240 1355 ή
1273 1287 1366 1338 ἐπὶ
1383 1286 1484 1357 τῆς
1521 1287 1745 1359 σκηνῆς.
1770 1288 1804 1358 ή
1830 1285 1927 1340 ἐπὶ

367 1366 459 1435 τῆς
504 1366 814 1436 ὀρχήστρας
838 1384 852 1398 ’
890 1364 1098 1432 πάντας
1141 1370 1250 1440 γάρ
1302 1368 1549 1438 βούλεται
1570 1370 1706 1440 πρὸς
1728 1370 1927 1440 ἐαυτὴν

372 1447 768 1502 διασπάσασθαι
795 1464 811 1478 ο
847 1450 879 1520 ἡ
908 1449 967 1502 δέ
996 1450 1452 1521 ἐπαγγελλομένη
1486 1452 1817 1518 θεοσέϐειαν,
1852 1450 1928 1523 μὴ

373 1530 512 1585 οὕτω
536 1532 984 1600 καλλωπιζέσθω,
1013 1535 1153 1588 ἀλλά
1183 1536 1386 1606 ἐτέρως
1400 1535 1515 1606 ἔχει
1537 1535 1929 1607 καλλωπισμὸν

374 1612 501 1667 πολὺ
532 1615 745 1685 ἐκείνης
768 1617 1012 1686 μείζονα.

441 1697 623 1766 Ἔχεις
649 1697 743 1751 καὶ
775 1699 839 1752 σὺ
880 1698 1146 1769 θέατρον·
1183 1699 1320 1771 πρὸς
1364 1701 1542 1755 ἐκεῖνο
1587 1699 1927 1765 καλλωπίζου

368 1779 427 1833 τὺ
442 1778 687 1851 θέατρον,
718 1781 927 1836 ἐκεῖνον
960 1781 1270 1853 περιτίθεσο
1290 1783 1382 1837 τὸν
1408 1783 1634 1852 κόσμον.
1654 1784 1813 1837 Ποῖόν
1836 1783 1929 1836 σού

370 1864 479 1917 ἐστι
498 1865 560 1916 τὸ
590 1862 853 1935 θέατρον;
888 1866 950 1918 '0
978 1865 1227 1935 οὐρανὸς,
1262 1868 1289 1920 ό
1323 1866 1433 1920 τῶν
1456 1868 1705 1938 ἀγγέλων
1728 1869 1895 1939 δῆμος
1912 1885 1927 1900 ’

369 1946 486 2017 οὐχὶ
517 1945 627 2001 τῶν
649 1948 936 2019 παρθένων
956 1949 1101 2017 λέγω
1130 1951 1310 2019 μόνον,
1347 1952 1482 2005 άλλά
1505 1952 1725 2006 καὶτῶν
1747 1970 1933 2023 κοσμι-

372 2032 475 2085 κῶν
507 2048 522 2062 ’
570 2032 767 2096 πᾶσαι,
811 2033 934 2087 ὅσαι
962 2033 1040 2103 τῷ
1085 2034 1309 2105 Χριστῷ
1352 2034 1723 2097 πιστεύουσιν,
1756 2037 1935 2088 έκεῖνο

370 2115 547 2184 έχουσι
584 2114 646 2168 τὸ
683 2113 939 2186 θέατρον.
963 2116 1206 2170 Τοιαῦτα
1226 2117 1613 2187 φθεγγώμεθα,
1664 2118 1751 2172 ἴνα
1788 2120 1935 2171 ἐκεί-

371 2213 475 2260 νοις
509 2197 806 2269 τέρπωμεν
826 2201 955 2264 τοὺς
981 2199 1200 2264 θεατάς
1234 2199 1461 2253 τοιαῦτα
1482 2201 1812 2273 περιτίθεσο,
1849 2201 1937 2255 ίνα

372 2279 608 2344 ἐκείνους
627 2280 908 2353 εύφράνῃς
931 2281 1302 2355 ’.[2651Είπὶ
1323 2284 1431 2354 γάρ
1456 2300 1565 2354 μοι,
1590 2283 1688 2337 ἐὰν
1708 2285 1742 2354 ή
1766 2284 1935 2355 πόρνη

374 2365 507 2436 γυνὴ
535 2366 740 2434 ἀφεῖσα
757 2366 826 2420 τά
850 2366 1049 2438 χρυσία
1069 2369 1165 2421 καὶ
1188 2371 1256 2422 τὰ
1282 2367 1474 2437 ίμάτια
1496 2370 1592 2423 καὶ
1613 2369 1703 2422 τὸν
1726 2369 1937 2437 γέλωτα

375 2447 463 2503 καὶ
483 2447 554 2500 τά
586 2448 811 2518 ῥήματα
858 2450 928 2504 τά
973 2450 1165 2504 ἀστεῖα
1216 2451 1310 2504 καὶ
1340 2449 1410 2503 τά
1456 2452 1681 2522 αίσχρά,
1725 2451 1938 2514 εὐτελὲς

374 2531 585 2601 ἱμάτιον
640 2532 1028 2604 περιϐάληται,
1086 2534 1182 2587 καὶ
1209 2535 1647 2604 ἀνεπιτηδεύτως
1686 2535 1943 2589 συνθεῖσα

370 2613 569 2685 ἐαντὴν
626 2615 877 2687 εἰσέλθῃ,
920 2617 1015 2669 καὶ
1065 2616 1292 2687 θεοσεϐῆ
1341 2615 1648 2688 φθέγγηται
1696 2617 1942 2688 ῥήματα,

372 2697 462 2751 καὶ
484 2698 616 2768 περὶ
645 2699 1006 2768 σωφροσύνης
1029 2698 1370 2770 διαλέγηται,
1399 2701 1493 2754 καὶ
1528 2700 1695 2772 μηδὲν
1717 2700 1945 2772 αἰσχρὸν

370 2778 521 2851 λέγῃ,
541 2779 665 2849 οὐχὶ
692 2780 1093 2852 ἀναστήσονται
1137 2783 1342 2846 πάντες
1365 2800 1382 2849 ;
1412 2783 1532 2854 οὐχὶ
1557 2783 1944 2855 διαλυθήσεται

369 2861 525 2915 τοῦτο
562 2862 624 2916 τὸ
654 2863 921 2933 θέατρον;
953 2864 1078 2934 ούχὶ
1129 2865 1454 2919 ἐκϐαλοῦσιν
1499 2867 1689 2933 αύτὴν,
1740 2867 1815 2931 ὡς
1845 2867 1946 2921 ούκ

371 2944 572 2998 εἰδυῖαν
592 2945 940 3016 ἁρμόσασθαι
967 2946 1042 3017 τῷ
1061 2946 1242 3019 δήμῳ,
1274 2950 1369 3003 καὶ
1398 2949 1654 3020 ἀλλότρια
1677 2949 1946 3017 λέγουσαν

371 3026 461 3080 τοῦ
496 3027 728 3098 θεάτρου
783 3030 995 3082 ἐκείνου
1039 3030 1133 3083 τοῦ
1183 3032 1509 3097 σατανικοῦ;
1550 3032 1706 3086 Οῦτω
1731 3034 1824 3086 καὶ
1856 3034 1942 3098 σὺ,

370 3111 463 3165 ἐάν
518 3112 589 3165 τά
642 3113 859 3182 ἐκείνης
907 3112 1238 3185 περιθεμένη
1293 3115 1375 3179 εἰς
1427 3116 1490 3168 τὸ
1541 3115 1649 3169 τῶν
1700 3114 1947 3184 οὐρανῶν

372 3195 599 3265 θέατρον
628 3194 901 3268 είσέλθης,
933 3194 1228 3250 ἐκϐαλοῦσί
1255 3213 1313 3250 σε
1338 3200 1387 3252 οί
1407 3196 1620 3252 θεαταί.
1662 3198 1810 3251 Ἐκεῖ
1838 3197 1947 3268 γάρ

371 3280 429 3331 ού
462 3280 571 3332 τῶν
599 3278 819 3350 χρυσῶν
850 3278 1082 3349 ἱματίων
1110 3278 1270 3349 χρεία
1300 3280 1530 3344 τούτων,
1571 3279 1688 3334 ἀλλ’
1722 3282 1945 3352 ἐτέρων.

372 3363 581 3429 Ποίων;
614 3362 757 3415 Οἶων
794 3364 823 3415 ὀ
872 3363 1160 3432 προφήτης
1204 3363 1407 3432 φησίνο
1452 3364 1549 3417 Ἑν
1580 3362 1948 3431 κροσσωτοῖς

373 3443 622 3512 χρυσοῖς
651 3444 1143 3513 περιϐεϐλημένη,
1174 3446 1606 3514 πεποικιλμένη
1630 3462 1644 3477 ο
1673 3446 1771 3515 οὐχ
1806 3445 1948 3499 ὥστε

372 3527 432 3579 τὸ
474 3527 638 3596 σῶμα
676 3524 870 3579 λευκὸν
899 3529 1125 3597 ποιῆσαι
1147 3529 1243 3581 καὶ
1275 3528 1622 3592 ἀποστίλϐον,
1663 3528 1777 3580 ἀλλ’
1806 3527 1948 3581 ὥστε

373 3610 468 3680 τὴν
497 3610 678 3681 ψυχὴν
704 3610 1078 3664 καλλωπίσαι’
1112 3610 1252 3682 αὕτη
1304 3612 1413 3681 γάρ
1446 3613 1649 3681 ἐστινὴ
1682 3610 1946 3680 ἀγωνιζοο

377 3694 509 3764 μένη
540 3696 658 3747 ἐκεῖ
677 3694 771 3747 καὶ
788 3693 1044 3746 ἀθλοῦσα.
1072 3693 1247 3749 Πᾶσα
1271 3695 1309 3762 ἡ
1340 3694 1492 3758 δόξα
1524 3695 1634 3762 τῆς
1659 3694 1949 3765 θυγατρὸς

373 3777 477 3830 τοῦ
498 3776 811 3842 ,βασιλέως
839 3776 1087 3842 ἔσωθεν,
1123 3777 1278 3846 φησί.
1316 3777 1501 3831 Ταῦτα
1542 3777 1768 3848 περίθου
1795 3793 1807 3805 ·
1845 3794 1950 3847 μυ-

375 3859 507 3929 ρίων
535 3861 645 3930 γάρ
675 3860 770 3912 καὶ
798 3860 974 3914 ἄλλων
998 3859 1363 3923 ἀπαλλάττεις
1389 3860 1595 3930 σαυτὴν
1618 3859 1824 3920 κακῶν,
1854 3858 1951 3912 καὶ

372 3941 463 3994 τὸν
507 3942 680 4011 ἀνδρα
729 3943 1022 4013 μερίμνης,
1057 3945 1152 3996 καὶ
1193 3945 1397 4013 σαυτὴν
1438 3943 1743 4014 φροντίδος.
1793 3941 1950 3996 Οὕτω

374 4025 480 4096 γάρ
512 4024 791 4095 αἰδέσιμος
819 4025 916 4097 ἔσῃ
940 4025 1016 4094 τῷ
1042 4025 1219 4094 ἀνδρὶ,
1255 4027 1382 4079 ὅταν
1410 4026 1487 4095 μὴ
1522 4024 1732 4078 πολλῶν
1761 4025 1876 4096 δέῃ.

444 4128 520 4196 ς’.
540 4131 662 4194 Πᾶς
682 4130 790 4200 γὰρ
805 4130 1094 4201 ἄνθρωπος
1117 4130 1310 4184 είωθεν
1330 4129 1652 4194 ἀκκίζεσθαι
1671 4131 1811 4183 κατά
1842 4130 1951 4185 τῶν

374 4214 648 4286 δεομένων
704 4214 902 4269 αὑτοῦ·
934 4217 1062 4270 ὅταν
1110 4215 1168 4269 δὲ
1224 4216 1311 4288 ἴδῃ
1364 4214 1438 4287 μή
1484 4214 1676 4284 χρείαν
1706 4214 1947 4285 ἔχοντας,

375 4299 638 4370 κατασπᾷ
682 4299 744 4352 τὸ
795 4299 1071 4371 φρόνημα,
1108 4299 1250 4353 ὥστε
1292 4299 1572 4370 ὁμοτίμως
1614 4298 1947 4368 διαλέγεται.

380 4383 548 4437 Ὅταν
579 4383 666 4456 ἴδη
695 4385 724 4438 ὁ
743 4384 880 4453 ἀνὴρ
899 4384 982 4436 ὅτι
1003 4385 1062 4436 οὐ
1093 4384 1283 4454 χρείαν
1313 4383 1478 4437 αὐτοῦ
1508 4382 1651 4453 ἔχεις
1671 4385 1727 4436 ἐν
1749 4382 1947 4448 οὐδενὶ,

376 4465 459 4519 δτι
480 4468 840 4539 καταφρονεῖς
860 4466 970 4519 τῶν
998 4469 1126 4538 παρ’
1150 4466 1317 4521 αὑτοῦ
1344 4465 1581 4537 δωρεῶν,
1615 4465 1718 4519 κᾶν
1747 4465 1951 4535 σφόδρα

374 4542 410 4620 ᾗ
439 4548 849 4620 φρονηματιῶν,
883 4549 1007 4603 τότε
1038 4566 1097 4603 σε
1149 4550 1528 4620 αίδεσθήσεται
1562 4547 1782 4618 μᾶλλον,
1818 4547 1850 4616 ἢ
1881 4546 1950 4601 τά

374 4634 579 4701 χρυσία
624 4634 1045 4705 περικειμένην·
1083 4635 1177 4688 καὶ
1217 4633 1402 4687 ούκέτι
1436 4632 1531 4703 ἔσῃ
1570 4631 1736 4685 αὑτοῦ
1763 4630 1945 4700 δούλη.

372 4710 475 4769 Ὧν
503 4716 617 4789 γάρ
641 4715 831 4787 χρείαν
864 4716 1081 4787 ἔχομεν,
1108 4716 1441 4771 ὑποκύπτειν
1463 4716 1676 4777 τούτοις
1709 4715 1949 4782 ἀναγκα-

372 4797 586 4869 ζόμεθα
613 4814 629 4829 ·
661 4799 756 4852 ἐάν
787 4798 843 4851 δὲ
871 4799 1271 4870 ἀποστήσωμεν
1323 4797 1569 4859 ἑαυτοὺς,
1612 4797 1795 4849 ούκέτι
1826 4795 1948 4848 ἐσό-

374 4881 518 4948 μεθα
546 4880 819 4946 ὑπόδικοι,
860 4881 972 4934 ἀλλ’
1025 4878 1164 4935 οἶδεν
1206 4883 1287 4936 ὅτι
1318 4881 1405 4935 διά
1439 4881 1529 4935 τὸν
1558 4880 1652 4934 τοῦ
1686 4879 1822 4933 Θεοῦ
1855 4879 1949 4948 φό-

371 4961 468 5017 60v
493 4964 745 5035 ὑπακοήν
768 4981 887 5018 τινα
913 4964 1261 5034 ἀπονέμομεν
1298 4963 1469 5034 αύτῷ,
1517 4963 1578 5016 ού
1605 4962 1692 5015 διὰ
1719 4962 1787 5015 τά
1816 4962 1949 5032 παρ’

367 5045 562 5099 αὐτοῦ.
586 5045 705 5098 Νῦν
744 5045 843 5114 μὲν
872 5047 980 5116 γὰρ
1021 5046 1097 5109 ὡς
1146 5045 1359 5116 μεγάλα
1399 5048 1532 5114 ἡμῖν
1570 5043 1948 5115 χαριζόμενος,

364 5130 504 5201 ὅσης
534 5131 602 5184 ἂν
631 5128 919 5202 ἀπολαύσῃ
946 5131 1044 5200 τῆς
1065 5132 1252 5200 τιμῆς,
1274 5130 1372 5197 οὐχ
1395 5132 1612 5199 ἡγεῖται
1645 5130 1742 5199 τῆς
1772 5130 1953 5197 πάσης

364 5212 837 5266 ἀπολελαυκέναι·
869 5214 990 5265 τότε
1018 5212 1074 5266 δὲ
1104 5212 1204 5265 κᾶν
1233 5213 1435 5282 μικρᾶς
1457 5212 1616 5281 τύχῃ.
1636 5211 1794 5280 χάριν
1814 5211 1953 5281 ἡγή-

366 5311 562 5350 σεται·
597 5297 701 5351 ούκ
728 5296 963 5361 ὀνειδιεῖ,
996 5298 1096 5349 ούκ
1125 5294 1604 5365 ἀναγκασθήσεται
1639 5294 1761 5347 ούδὲ
1792 5295 1952 5356 αὐτὸς

366 5380 722 5435 πλεονεκτεῖν
774 5380 862 5433 διὰ
894 5379 973 5433 σέ.
1010 5380 1076 5432 Τί
1108 5380 1217 5449 γάρ
1258 5379 1599 5448 ἀλογώτερον
1631 5378 1724 5429 τοῦ
1755 5377 1954 5446 χρυσία

366 5464 454 5526 εἰς
478 5464 640 5517 τοῦτο
672 5464 1129 5525 κατασκευάζειν,
1161 5463 1249 5514 ἵνα
1300 5462 1661 5531 περικέωνται
1695 5463 1752 5512 ἐν
1792 5460 1956 5528 βαλα-

366 5546 535 5610 νείοις
577 5546 730 5618 [266]
763 5548 856 5600 καὶ
879 5548 939 5598 ἐν
962 5549 1226 5615 ἁγοραῖς;
1271 5546 1412 5597 Ἀλλ’
1439 5547 1496 5597 ἐν
1532 5543 1835 5613 βαλανείοις
1863 5543 1955 5595 καὶ

368 5627 431 5680 ἐν
459 5630 686 5703 ἀγοραῖς
714 5629 866 5684 οὐδὲν
914 5631 1043 5691 ἴσως
1072 5629 1385 5698 θαυμαστόν
1408 5644 1419 5656 ·
1449 5628 1509 5680 τὸ
1555 5627 1611 5679 δὲ
1640 5626 1732 5679 καὶ
1776 5627 1833 5679 ἐν
1861 5630 1953 5678 ἐκ-

438 5838 460 5863 ⁸
480 5841 612 5895 Finis
633 5844 849 5893 homilim
876 5841 923 5889 in
951 5840 1090 5892 Coib.

1055 415 1123 473 IN
1176 417 1394 477 msr.
1433 420 1523 476 AD
1560 421 1917 478 nmmos.
1958 422 2107 480 CAP.
2150 423 2264 479 xu.
2309 422 2542 479 nomL.
2584 404 2823 480 xxvm;

3492 429 3598 482 ΞΜ)

2032 540 2233 613 κλησίᾳ
2260 540 2405 595 οῦτω
2437 541 2915 613 σχηματιζομένην
2949 542 3219 613 προϊέναι,
3258 542 3422 606 πολὺς
3463 544 3494 595 ὁ
3515 544 3604 613 γέ-

2025 622 2153 687 λως.
2177 623 2243 677 Τί
2263 624 2372 695 γὰρ
2386 623 2589 694 δήποτε
2606 625 2916 696 είσέρχεται
2941 624 3141 696 χρυσία
3157 624 3398 695 φοροῦσα
3414 627 3604 679 ἐνταῦ-

2024 704 2117 771 θα,
2138 705 2478 775 ήόφεὶλουσα
2499 705 2785 771 είσελθεῖν,
2805 707 2891 761 ἵνα
2907 705 3118 780 ἀκούσῃ
3139 711 3363 778 κοσμεῖν
3383 709 3602 772 ἐαυτάς,

2030 786 2105 858 μὴ
2139 788 2351 859 χρυσίῳ
2378 788 2512 859 μηδέ
2546 788 2935 861 μαργαρίταις,
2965 788 3102 862 μηδέ
3132 790 3413 861 ἱματισμῷ
3443 792 3606 844 πολυ-

2024 872 2196 938 τελεῖς
2232 872 2392 934 Τίνος
2420 866 2516 925 οὖν
2562 872 2749 926 ἕνεκεν
2795 872 3043 946 εἰσέρχῃ,
3083 866 3129 927 ὧ
3160 874 3354 943 γύναι;
3388 871 3499 944 ἆρα
3530 874 3607 937 ὡς

2031 954 2316 1024 μαχομένη
2337 954 2414 1025 τῷ
2432 953 2763 1024 Παύλῳηιαλ.
2779 954 3102 1009 δεικνύουσα
3122 957 3205 1010 ὃτι
3227 957 3330 1011 κᾶν
3349 958 3607 1029 μυριάκις

2026 1036 2202 1089 ταῦτα
2227 1036 2382 1107 λέγῃ,
2402 1037 2503 1090 οὐκ
2527 1037 2834 1108 ἐπιστρέφῃ
2853 1055 2867 1102 ;
2891 1038 3006 1091 ἀλλ’
3021 1038 3096 1101 ὡς
3114 1038 3243 1103 τοῦς
3258 1040 3608 1103 διδασκάλους

2028 1118 2177 1188 ἡμᾶς
2196 1117 2413 1185 ἐλέγξαι
2440 1118 2740 1188 βουλομένη
2768 1120 2947 1191 μάτην
2970 1120 3145 1173 ταῦτα
3170 1121 3605 1192 διαλεγομένουςς

2028 1202 2166 1255 Είπέ
2190 1202 2298 1273 γάρ
2328 1218 2440 1272 μοι,
2481 1202 2579 1256 ἐάν
2621 1219 2708 1265 τις
2743 1201 2942 1273 Ἕλλην
2973 1203 3067 1256 καὶ
3110 1203 3336 1269 ἄπιστος
3370 1206 3608 1268 ἀκούσας

2028 1285 2543 1356 ἀναγινωσκομένου
2594 1284 2689 1338 τοῦ
2741 1286 2941 1356 χωρίου
3002 1284 3229 1352 τούτου,
3291 1288 3418 1341 ἔνθα
3439 1288 3610 1342 ταῦτα

2029 1368 2180 1437 λέγει
2216 1371 2245 1423 ὁ
2277 1369 2549 1439 μακάριος
2578 1368 2811 1434 Παῦλος,
2837 1371 3170 1441 παρεγγυῶν
3198 1374 3317 1433 ταῖς
3370 1372 3610 1439 γυναιξὶ,

2035 1453 2172 1523 μήτε
2222 1451 2434 1522 χρυσῷ,
2499 1452 2638 1523 μήτε
2700 1451 3092 1524 μαργαρίταις,
3138 1456 3276 1525 μήτε
3334 1454 3612 1525 ἱματισμῷ

2033 1534 2321 1589 πολυτελεῖ
2349 1538 2578 1606 κοσμεῖν
2604 1537 2824 1601 ἑαυτάς,
2856 1538 2952 1590 καὶ
2972 1537 3114 1607 ἔχων
3137 1540 3371 1604 γυναῖκα
3389 1537 3610 1608 πιστὴν,

2036 1619 2121 1691 ἴδῃ
2147 1618 2230 1672 ὅτι
2265 1618 2433 1672 πολὺν
2462 1620 2696 1673 ποιεῖται
2743 1618 2901 1688 λόγον
2945 1619 3041 1673 τοῦ
3093 1620 3483 1691 καλλωπισμοῦ
3515 1620 3614 1673 καὶ

2033 1701 2235 1772 χρυσία
2286 1701 2646 1772 περιτίθεται,
2698 1702 2787 1756 ἵνα
2814 1703 3054 1777 προέλθῃ
3093 1704 3151 1756 ἐν
3181 1705 3468 1775 ἐκκλησίᾳ,
3506 1700 3616 1775 ἆρα

2033 1785 2133 1837 οὐκ
2158 1784 2276 1854 ἐρεῖ
2299 1784 2437 1855 πρὸς
2464 1784 2681 1847 ἐαυτὸν,
2710 1784 2853 1855 ὁρῶν
2878 1786 3048 1856 αὐτὴν
3093 1788 3150 1840 ἐν
3178 1786 3256 1856 τῷ
3282 1787 3615 1856 κοιτωνίσκῳ

2034 1864 2206 1918 ταῦτα
2224 1866 2646 1937 περιτιθεμένην
2669 1868 2763 1920 καὶ
2782 1868 3116 1922 διατιθεῖσαν
3144 1870 3344 1934 καλῶς,
3370 1869 3434 1922 Τί
3463 1870 3614 1939 μένει

2037 1947 2183 2000 ἔνδον
2218 1949 2251 2016 ή
2301 1948 2439 2018 γυνὴ
2475 1951 2557 2013 είς
2587 1949 2681 2003 τὸν
2711 1951 3099 2016 κοιτωνίσκον;
3131 1952 3185 2004 τί
3217 1952 3502 2023 βραδύνει;
3560 1953 3615 2005 τί

2037 2030 2383 2103 περιτίθεται
2438 2033 2507 2087 τά
2532 2032 2764 2105 χρυσία;
2797 2034 2900 2088 ποῦ
2932 2035 3189 2089 ἀπελθεῖν
3215 2036 3358 2107 ἔχεις
3411 2038 3490 2099 είς
3516 2036 3616 2106 τήν

2038 2112 2369 2182 ἐκκλησίαν;
2398 2115 2489 2169 διά
2514 2117 2568 2169 τί
2590 2133 2604 2179 ;
2633 2117 2721 2170 ἴνα
2746 2116 2979 2188 ἀκούσῃ,
3000 2117 3096 2185 Μὴ
3114 2118 3409 2189 ἱματισμῷ
3436 2121 3618 2171 πολυ-

2040 2200 2236 2265 τελεῒ;
2265 2202 2342 2254 Ού
2370 2199 2696 2268 γελάσεται;
2725 2200 2825 2253 ούκ
2867 2201 3279 2271 ἀνακαγχάσας
3313 2202 3375 2254 οὐ
3416 2202 3617 2272 χλεύην

2042 2283 2139 2337 καὶ
2161 2285 2379 2355 ἀπάτην
2397 2280 2537 2335 εῖναι
2570 2285 2752 2351 νομιεῖ
2775 2281 2846 2337 τά
2873 2284 2906 2352 ή
2915 2283 3042 2352 μέτε
3052 2300 3147 2354 90;
3171 2283 3262 2337 Διδ
3290 2282 3615 2354 παρακαλῶ,

2040 2365 2112 2419 τά
2144 2366 2347 2439 χρυσία
2379 2367 2502 2429 ταῖς
2534 2368 2783 2436 πομπαῖς
2801 2366 3053 2437 ἀφῶμεν,
3079 2369 3203 2431 ταῖς
3235 2370 3483 2439 σκηναῖς,
3498 2370 3620 2427 ταῖς

2043 2450 2351 2521 προθήκαις
2372 2450 2494 2510 ταῖς
2515 2448 2610 2501 ἐπὶ
2638 2448 2749 2501 τῶν
2776 2449 3160 2519 ἐργαστηρίων
3182 2466 3196 2480 °
3225 2450 3260 2521 ή
3285 2450 3341 2503 δὲ
3370 2450 3465 2503 τοῦ
3481 2449 3619 2504 Θεοῦ

2042 2530 2208 2585 εἰκὼν
2260 2531 2335 2603 μὴ
2384 2530 2597 2594 τούτοις
2654 2530 3119 2603 καλλωπιζέσθωο
3150 2534 3184 2604 ή
3235 2532 3498 2604 ἐλευθέρα
3551 2536 3620 2603 τῇ

2047 2613 2332 2687 ἐλευθερίᾳ
2378 2612 2720 2683 κοσμείσθω·
2772 2614 3056 2686 ἐλευθερία
3101 2614 3160 2669 δέ
3202 2615 3262 2669 τὸ
3286 2615 3512 2685 ἄτυφον,
3561 2616 3624 2669 τὸ

2045 2696 2422 2766 ἀκόμπαστον.
2444 2694 2507 2748 Εί
2533 2694 2589 2748 δὲ
2616 2695 2712 2749 καὶ
2734 2694 2894 2764 δόξης
2919 2695 3098 2765 βούλει
3122 2698 3223 2767 τῆς
3241 2699 3392 2769 παρά
3413 2697 3627 2768 ἀνθρώο

2048 2796 2166 2832 πων
2185 2779 2490 2849 ἐπιτυχεῖν,
2509 2776 2685 2842 οὕτως
2700 2778 3098 2849 ἐπιτεύξῃ.Τὴν
3120 2780 3231 2850 γὰρ
3247 2780 3443 2851 ἀνδρὸς
3466 2781 3628 2833 πλου-

2046 2861 2268 2925 τοῦντος
2285 2857 2451 2915 οὖσαν
2466 2863 2702 2930 γυναῖκα
2721 2862 2823 2933 ούχ
2838 2861 2981 2916 οὕτω
3006 2862 3403 2934 θαυμασόμεθα
3423 2863 3624 2934 χρυσία

2049 2943 2322 3016 φοροῐσαν
2348 2945 2444 2998 καὶ
2473 2943 2875 3015 σηρικά(τοῦτο
2902 2946 3012 3013 γὰρ
3036 2946 3215 2999 κοινὸν
3237 2946 3513 3016 ἀπασῶν),
3547 2946 3624 3010 ὠς

2048 3030 2177 3083 ὅταν
2209 3025 2353 3080 λιτὸν
2400 3026 2616 3096 ἱμάτιον
2648 3028 2744 3080 καὶ
2786 3026 3016 3091 ἁπλοῦν,
3053 3029 3147 3081 καὶ⁹
3167 3029 3226 3095 ἐξ
3258 3029 3407 3100 ἐρίου
3438 3031 3627 3100 £1970-

2052 3111 2249 3180 σμένον
2282 3107 2443 3180 μόνον
2492 3111 2852 3181 περικειμένη
2898 3110 3143 3182 τυγχάνῃ
3171 3124 3185 3139 ’
3217 3109 3374 3165 τοῦτο
3412 3111 3628 3182 θαυμά-

2051 3208 2236 3245 σονται
2289 3192 2513 3258 πάντες,
2557 3191 2715 3245 τοῦτο
2757 3194 3137 3263 κροτήσουσιν.
3184 3194 3276 3248 Ἐν
3305 3196 3499 3265 ἐκείνῳ
3527 3197 3627 3265 μὲν

2050 3276 2159 3344 γὰρ
2188 3273 2265 3344 τῷ
2294 3274 2484 3345 κόσμῳ
2512 3273 2592 3345 τῷ
2628 3274 2737 3328 τῶν
2768 3275 3009 3345 χρυσίων
3038 3276 3133 3330 καὶ
3179 3275 3289 3330 τῶν
3318 3275 3626 3330 πολυτελῶν

2053 3358 2308 3429 ἱματίων,
2358 3357 2559 3421 πολλάς
2612 3357 2725 3428 ἐχει
2756 3358 2855 3422 τάς
2900 3360 3262 3425 κοινωνούσας
3294 3361 3466 3432 αύτῇο
3524 3360 3626 3414 κᾶν

2050 3439 2255 3507 ταύτην
2286 3440 2710 3512 ὑπερακοντίσῃ,
2745 3441 2851 3494 ὑπὸ
2876 3441 2978 3509 τῆς
3001 3443 3197 3512 ἐτέρας
3226 3445 3491 3513 ἡττᾶται·
3524 3442 3627 3495 κᾶν

2052 3523 2233 3586 πάσας
2263 3521 2659 3595 ὑπερϐάληται,
2690 3525 2795 3576 ὑπὸ
2816 3524 2918 3593 τῆς
2961 3523 3230 3593 βασιλίδος
3258 3525 3428 3596 αὐτῆς
3471 3526 3626 3579 νικᾶ-

2050 3624 2169 3661 ται·
2206 3606 2442 3661 ἐνταῦθα
2468 3608 2525 3660 δὲ
2556 3610 2737 3671 πάσας
2763 3610 2909 3679 νικᾷ,
2942 3611 3038 3662 καὶ
3055 3609 3223 3680 αὐτὴν
3244 3610 3340 3679 τὴν
3355 3611 3448 3663 τοῦ
3476 3610 3628 3679 βασι-

2050 3692 2189 3754 λέως
2246 3693 2505 3759 γυναῖκαθ
2543 3692 2680 3762 μόνη
2711 3691 2819 3761 γάρ
2845 3695 2902 3745 ἐν
2932 3691 3151 3762 πλούτῳ
3200 3692 3383 3763 πολλῷ
3419 3693 3487 3747 τά
3520 3694 3627 3745 τῶν

2053 3773 2204 3847 [267]
2240 3775 2490 3845 πενήτων
2545 3774 2739 3829 είλετο.
2764 3775 2927 3829 Ὥστε
2982 3776 3076 3829 καὶ
3108 3777 3157 3827 εί
3190 3776 3349 3843 δόξης
3388 3776 3624 3846 ἐρῶμεν,

2052 3857 2288 3911 ἐνταῦθα
2313 3855 2517 3927 μείζων
2548 3858 2581 3926 ή
2601 3857 2748 3922 δόξα.
2777 3858 2853 3910 Ού
2877 3857 3015 3926 πρὸς
3037 3857 3136 3920 τὰς
3162 3859 3339 3928 χήρας
3356 3858 3499 3926 λέγω
3535 3862 3630 3930 μό-

2052 3956 2164 4003 νον,
2201 3940 2297 3993 καὶ
2347 3939 2448 4001 τάς
2488 3938 2785 4002 πλουσίαςο
2838 3939 3076 3993 ἐνταῦθα
3122 3941 3231 4010 γάρ
3274 3940 3483 4012 δοκεῖή
3527 3943 3628 4011 τῆς

2053 4022 2282 4093 χηρείας
2334 4022 2550 4093 ἀνάγκη
2605 4020 2765 4076 τοῦτο
2812 4026 3020 4076 ’ποιεῖν⁹
3072 4022 3211 4078 ἀλλά
3239 4023 3335 4078 καὶ
3368 4025 3503 4094 πρὸς
3529 4026 3627 4087 τὰς

2055 4106 2367 4176 ὑπάνδρους
2396 4103 2583 4167 οῦσας.
2609 4104 2751 4157 Ἀλλ’
2773 4105 2873 4159 οὺκ
2892 4105 3132 4177 ἀρέσκω,
3171 4105 3327 4177 φησὶ,
3351 4105 3431 4175 τῷ
3449 4107 3624 4176 ἀνδρί.

2056 4189 2133 4243 Ού
2168 4188 2245 4258 τῷ
2271 4186 2427 4259 ἀνδρὶ
2477 4186 2656 4258 βούλει
2687 4187 2966 4258 ἀρέσκειν,
2997 4186 3134 4242 ἀλλά
3164 4187 3242 4259 τῷ
3276 4188 3474 4260 πλήθει
3519 4189 3628 4242 τῶν

2056 4271 2330 4341 γυναικῶν
2377 4270 2488 4325 τῶν
2537 4271 2845 4341 πενιχρῶν·
2877 4271 3081 4342 μᾶλλον
3127 4270 3186 4325 δὲ
3220 4271 3321 4326 οὐκ
3348 4273 3625 4344 ἀρέσκειν,

2054 4354 2193 4410 ἀλλά
2224 4357 2558 4424 κατατήκειν
2584 4354 2754 4418 αύτάς
2782 4355 2876 4409 καὶ
2923 4354 3140 4427 ὀδυνᾷν,
3174 4354 3273 4408 καὶ
3295 4357 3395 4425 τὴν
3438 4355 3628 4409 πενίαν

2058 4438 2281 4509 μείζονα
2311 4439 2506 4492 ποιεῖν.
2540 4438 2693 4492 Πόσα
2717 4437 2809 4492 διά
2836 4439 2895 4493 σὲ
2919 4438 3219 4510 βλάσφημα
3264 4438 3626 4508 φθέγγονται;

2055 4523 2148 4594 Μὴ
2177 4522 2339 4584 ἔστω,
2357 4522 2687 4592 φησὶ,πενία
2704 4538 2717 4552 °
2744 4523 2774 4576 ὁ
2792 4521 2926 4587 Θεὸς
2953 4526 3104 4594 μισεῖ
3120 4525 3251 4587 τοὺς
3274 4524 3625 4593 πενομένους,

2056 4609 2085 4662 ὁ
2116 4596 2250 4670 Θεὸς
2277 4608 2339 4661 ού
2376 4607 2521 4676 φιλεῖ
2546 4608 2670 4671 τοῦς
2702 4607 2761 4660 ἐν
2795 4608 2974 4677 πενίᾳ.
2992 4609 3113 4663 Ὅτι
3139 4607 3248 4677 γὰρ
3272 4607 3334 4659 ού
3368 4606 3446 4675 τῷ
3473 4606 3629 4675 ἀνδρὶ

2060 4691 2241 4761 βούλει
2262 4690 2538 4762 ἀρέσκειν,
2563 4691 2658 4745 καὶ
2685 4690 2889 4761 ταύτης
2918 4691 3102 4745 ἕνεκεν
3134 4691 3234 4759 τῆς
3281 4687 3462 4752 αίτίας
3497 4688 3628 4741 καλ-

2058 4774 2288 4845 λωπίζῃ,
2306 4772 2365 4839 ἐξ
2385 4767 2459 4828 ὧν
2472 4773 2608 4845 αὐτὴ
2625 4776 2797 4837 ποιεῖς
2811 4774 2968 4827 τοῦτο
2981 4773 3138 4845 δῆλον
3157 4774 3328 4825 ἅπασι
3346 4770 3627 4841 καθιστᾷς.

2059 4857 2227 4910 Ὅταν
2253 4859 2361 4928 γάρ
2395 4857 2640 4930 ύπερϐᾗς
2666 4859 2756 4913 τὸν
2785 4859 2938 4912 ούδὸν
2968 4859 3065 4910 τοῦ
3109 4855 3379 4924 θαλάμου,
3425 4854 3629 4915 εὐθέως

2058 4939 2276 4993 ἄπαντα
2301 4940 2555 5011 ἀποτίθῃ,
2586 4941 2681 4993 καὶ
2709 4940 2776 4993 τά
2824 4940 3038 5010 ἱμάτια,
3068 4940 3161 4990 καὶ
3194 4937 3263 4990 τά
3289 4936 3506 5007 χρυσία,
3534 4937 3630 4989 καὶ

2058 5024 2183 5085 τοὺς
2216 5023 2590 5093 μαργαρίταςο
2623 5025 2715 5075 καὶ
2739 5023 2832 5076 ἐπὶ
2861 5023 2958 5091 τῆς
2979 5022 3157 5083 οἰκίας
3195 5021 3432 5090 μάλιστα
3453 5019 3513 5071 ού
3535 5035 3632 5087 φο-

2061 5107 2193 5176 ρεῖς.
2229 5106 2289 5158 Εἰ
2317 5106 2373 5157 δὲ
2399 5105 2535 5167 ὅλως
2577 5104 2757 5173 βούλει
2789 5105 3047 5176 ἀρέσκειν
3075 5103 3153 5173 τῷ
3195 5103 3369 5173 ἀνδρὶ,
3411 5101 3526 5154 ἐστι
3559 5101 3627 5155 δι’

2058 5182 2132 5239 ὧν
2165 5188 2439 5257 ἀρέσκεις,
2472 5187 2539 5240 δι’
2574 5187 2898 5250 ἐπιεικείας,
2946 5186 3031 5239 διὰ
3065 5185 3386 5256 πραότητος,
3421 5182 3510 5235 διὰ
3537 5201 3630 5236 κο-

2063 5270 2376 5341 σμιότητος.
2404 5270 2636 5322 Πίστευε
2671 5269 2781 5339 γάρ
2813 5287 2923 5338 μοι,
2954 5267 3137 5335 γύναι,
3170 5267 3275 5319 κᾶν
3306 5266 3565 5336 μυριάκις

2061 5352 2389 5423 κατωφερὴς
2409 5355 2436 5405 ὁ
2459 5352 2599 5421 ἀνὴρ
2630 5353 2724 5404 καὶ
2750 5352 3015 5422 ἀκρατὴς.
3046 5349 3217 5402 ταῦτα
3254 5349 3452 5419 μᾶλλον
3471 5349 3633 5400 αὑτὸν

2060 5436 2434 5504 ἐφελκύσεται,
2487 5436 2780 5497 ἐπιείκεια,
2830 5435 3145 5504 κοσμιότης,
3201 5434 3262 5485 τὸ
3317 5433 3539 5500 ἄτυφον,
3574 5432 3634 5483 τὸ

2059 5521 2352 5580 ἀδάπανον,
2392 5518 2452 5568 τὸ
2483 5519 2717 5580 εὐτελές.
2752 5519 2854 5570 Τὸν
2890 5519 2989 5585 μὲν
3016 5519 3124 5586 γὰρ
3159 5515 3477 5575 ἀκόλαστον,
3531 5515 3633 5567 κᾶν

2064 5603 2232 5672 μυρία
2267 5599 2493 5653 τοιαῦτα
2524 5603 2767 5669 ἐπινοῇς,
2803 5602 2860 5651 ού
2890 5598 3171 5662 καθέξεις·
3205 5598 3298 5649 καὶ
3320 5597 3495 5649 ἴσασιν
3512 5599 3635 5669 ὅσαι

2061 5687 2332 5746 τοιούτους
2354 5684 2650 5752 ἐσχήκασιν
2673 5684 2869 5751 ἄνδρας
2886 5698 2899 5710 '
2929 5681 3003 5742 ὡς
3033 5682 3140 5750 γὰρ
3169 5681 3262 5732 ἐὰν
3286 5680 3633 5751 καλλωπίσῃς

2066 5766 2288 5835 σαυτὴν,
2340 5767 2548 5826 ἐκεῖνος
2584 5769 2877 5825 ἀκόλαστος
2909 5762 2981 5816 ὢν
3016 5766 3148 5834 πρδς
3193 5764 3382 5831 ἑτέραν
3414 5764 3595 5816 ἄπεισι
3618 5782 3631 5795 ·

2071 5850 2160 5901 τὸν
2182 5851 2235 5902 δὲ
2262 5850 2513 5919 σώφρονα
2539 5852 2629 5902 καὶ
2656 5851 2879 5917 κόσμιον
2899 5847 2957 5897 ού
2977 5848 3182 5910 τούτοις
3204 5847 3474 5918 αἱρήσεις,
3502 5848 3632 5898 ἀλλὰ
