3970 6152
337 368 459 428 ’Ξθί

358 495 470 556 τοῖς
501 491 762 553 ἐναντίοις
786 502 797 517 ’
829 488 886 541 ἐν
907 485 1117 548 τούτοις
1137 485 1190 538 δὲ
1213 485 1306 539 καὶ
1332 486 1544 548 λυπεῖς,
1588 484 1758 553 σαυτῇ
1781 480 1938 544 δόξαν

360 575 700 648 περιτιθεῖσα
753 571 1106 643 φιλοκόσμου.
1156 571 1219 622 Ei
1271 569 1380 640 γάρ
1425 569 1519 622 καὶ
1565 565 1938 635 αἱδούμενοςὸ

359 661 521 731 ἀνὴρ,
569 658 665 711 καὶ
695 655 852 710 τοῦτο
885 653 958 717 ὡς
1009 651 1243 724 σώφρων
1275 653 1336 706 ού
1367 652 1539 721 λέγει,
1583 650 1698 704 ἀλλ’
1727 648 1939 702 ἔνδοθεν

360 737 776 808 καταγνώσεται
798 752 913 789 σουο
934 737 1060 799 τοὺς
1086 735 1141 788 δέ
1160 734 1390 804 φθόνους
1420 731 1940 802 καὶτάςβασκανίας

357 827 418 879 οὐ
447 822 870 895 περιστελείται.
905 819 979 872 Οὐ
1011 821 1194 872 πᾶσαν
1218 817 1413 890 ἡδονὴν
1447 815 1700 878 ἐκϐαλεῖς
1727 814 1938 877 λοιπὸν,

359 909 552 981 φθόνον
585 907 875 976 ἐγείρουσα
904 903 1048 956 κατὰ
1083 905 1314 972 σαυτῆς;

427 993 490 1057 ζ’.
519 991 671 1060 Τάχα
697 987 974 1058 δυσχερῶς
985 985 1214 1040 ἀκούετε
1231 985 1338 1038 τῶν
1351 981 1678 1054 λεγομένων,
1704 980 1797 1034 καὶ
1813 979 1941 1047 ἀγα-

358 1076 605 1130 νακτεῖτε
636 1073 916 1140 λέγουσαι,
939 1071 1020 1122 ὅτι
1051 1070 1177 1132 τοὺς
1198 1067 1396 1137 ἄνδρας
1420 1065 1713 1137 παροξύνει
1741 1063 1941 1134 μᾶλλον

358 1159 500 1212 κατὰ
529 1157 637 1208 τῶν
665 1151 962 1223 γυναικῶν.
995 1151 1070 1203 Οὐ
1100 1151 1223 1211 τοὺς
1242 1149 1440 1221 ἄνδρας
1467 1146 1789 1218 παροξύνων
1811 1145 1944 1198 ταῦο

357 1259 428 1295 τα
462 1240 626 1309 λέγω,
653 1237 790 1290 ἀλλὰ
822 1235 951 1305 παρ’
986 1233 1142 1304 ὑμῶν
1203 1232 1529 1302 βουλόμενος
1557 1230 1740 1282 ἐκοντὶ
1772 1227 1944 1280 ταῦτα

357 1322 628 1393 γίνεσθαι,
651 1320 720 1372 δι’
755 1319 924 1390 ὑμᾶς,
959 1317 1019 1370 οὐ
1043 1317 1109 1369 δι’
1137 1315 1381 1378 ἐκείνους
1411 1330 1424 1342 ⁸
1458 1314 1556 1382 οὺχ
1587 1314 1673 1366 ἵνα
1700 1311 1943 1374 ἐκείνους

357 1405 655 1470 ἀπαλλάξω
685 1401 906 1472 φθόνου,
935 1398 1051 1452 ἀλλ’
1085 1397 1170 1451 ἴνα
1217 1399 1360 1466 ὑμᾶς
1397 1393 1694 1460 ἀπαλλάξω
1737 1410 1944 1463 φαντα-

363 1490 483 1551 σίας
509 1486 790 1557 βιωτικῆς.
851 1482 1047 1535 Βούλει
1092 1481 1325 1549 φανῆναι
1372 1479 1548 1549 καλή;
1578 1475 1735 1546 κάγὼ
1785 1475 1944 1530 τοῦτο

365 1570 515 1645 [268]
554 1569 834 1641 βούλομαι,
879 1566 1016 1620 ἀλλά
1044 1564 1240 1627 κάλλος
1264 1563 1291 1615 6
1311 1564 1338 1615 6
1354 1562 1486 1626 θεὸς
1505 1561 1678 1633 ζητεῖ,
1696 1559 1898 1645 κάλλος.
1917 1558 1944 1611 δ

363 1641 622 1724 ἐπιθυμεῖ
641 1653 666 1703 6
685 1649 958 1722 βασιλεύς.
1005 1649 1142 1702 Τίνα
1184 1645 1364 1717 βούλει
1397 1644 1828 1716 σχεῖν-ἐραστὴν,
1853 1641 1944 1695 τὸν

363 1739 497 1792 Θεὸν
525 1739 558 1808 ἢ
587 1733 908 1807 ἀνθρώπους
936 1752 951 1801 ;
984 1732 1108 1786 Ἐὰν
1126 1733 1304 1785 ἐκεῖνο
1319 1729 1386 1803 ᾖς
1413 1731 1475 1784 τὸ
1510 1729 1706 1792 κάλλος
1735 1727 1895 1799 καλὴ,
1919 1728 1948 1780 6

363 1824 496 1886 Θεὸς
524 1820 862 1890 ἐπιθυμήσει
879 1818 974 1870 τοῦ
1009 1816 1242 1878 κάλλους
1272 1832 1365 1868 σου
1389 1832 1405 1848 ο
1426 1814 1492 1868 ἂν
1518 1814 1575 1868 δὲ
1601 1811 1760 1866 τοῦτο
1779 1813 1948 1883 χωρὶς

358 1906 598 1970 ἐκείνου,
636 1904 843 1966 ἐκεῖνος
881 1901 981 1971 μέν
1019 1917 1078 1952 σε
1115 1898 1430 1969 βδελύξεται
1454 1938 1470 1964 ,
1529 1897 1743 1950 ἔσονται
1771 1896 1827 1949 δέ
1855 1913 1948 1948 σου

365 1989 591 2062 ἐρασταὶ
609 1987 802 2059 ἄνδρες
829 1983 1016 2056 μιαροί
1036 2000 1049 2014 °
1077 1983 1252 2047 οὐδεὶς
1268 1983 1378 2053 γάρ
1397 1980 1668 2052 ὑπάνδρου
1693 1979 1951 2050 γυναικὸς

366 2073 507 2144 ἐρῶν
535 2070 760 2142 ἀγαθός.
792 2068 964 2122 Τοῦτο
993 2068 1088 2122 καὶ
1118 2068 1212 2120 ἐπὶ
1244 2067 1338 2121 τοῦ
1369 2066 1577 2136 κόσμου
1619 2064 1716 2118 τοῦ
1751 2062 1951 2128 ἔξωθεν

365 2157 606 2227 λογίζου.
643 2154 887 2216 Ἐκεῖνος
919 2151 1018 2221 μὲν
1051 2151 1160 2221 γὰρ
1185 2153 1212 2204 6
1243 2151 1515 2220 κόσμος,δ
1539 2153 1640 2220 τῆς
1672 2148 1851 2220 ψυχῆς
1866 2147 1953 2201 λέ-

365 2257 470 2309 γω,
502 2239 592 2292 τὸν
616 2236 748 2289 Θεὸν
774 2234 1081 2288 ἐπισπᾶται
1098 2249 1110 2262 ·
1136 2227 1291 2296 οὗτος
1311 2232 1370 2286 δέ
1395 2232 1558 2287 πάλιν
1579 2233 1703 2294 τοὺς
1722 2231 1954 2303 μιαροὺς

355 2325 588 2394 ἄνδρας.
632 2320 795 2390 Ὁρᾷς
837 2319 921 2370 ὃτι
966 2315 1120 2387 ὑμῶν
1171 2316 1433 2386 κήδομαι,
1467 2316 1551 2369 ὃτι
1580 2316 1736 2386 ὑμῶν
1789 2332 1952 2387 φρον-

369 2404 526 2468 τίζω,
555 2404 652 2455 ἵνα
677 2401 844 2454 καλαὶ
883 2395 1004 2469 ῆτε,
1040 2399 1209 2462 ὅντως
1262 2398 1450 2465 καλαὶ,
1485 2399 1654 2463 δντως
1698 2398 1950 2464 ἐπίδοξοι,

374 2491 464 2542 ἵνα
497 2487 619 2540 ἀντὶ
637 2484 848 2554 ἀνδρῶν
875 2482 1090 2554 μιαρῶν
1110 2483 1204 2536 τὸν
1233 2482 1490 2536 ἁπάντων
1521 2482 1798 2552 Δεσπότην
1823 2481 1955 2534 Θεὸν

371 2573 535 2642 ἐχητε
560 2569 838 2638 ἐραστήν;
885 2568 947 2619 'H
975 2565 1032 2620 δὲ
1055 2568 1263 2619 ἐκεῖνον
1306 2565 1508 2636 ἔχουσα
1559 2563 1815 2637 ἐραστὴν,
1849 2563 1955 2616 τίνι

370 2657 528 2708 ἔσται
578 2651 777 2721 ὁμοία;
819 2649 957 2722 μετὰ
1001 2648 1252 2718 ἀγγέλων
1291 2648 1524 2720 χορεύει.
1553 2649 1617 2701 Εἰ
1649 2648 1757 2717 γὰρ
1804 2645 1957 2718 παρὰ

375 2737 645 2808 βασιλέως
671 2734 976 2806 φιλουμένη
1004 2751 1089 2797 τις
1116 2733 1256 2805 ὑπὲρ
1287 2734 1497 2796 πάντας
1541 2732 1902 2804 μακαρίςεται
1935 2746 1950 2763 ο

371 2827 405 2894 ἡ
448 2820 602 2892 παρὰ
630 2818 726 2873 τοῦ
765 2819 902 2873 Θεοῦ
935 2817 1237 2888 φιλουμένη
1297 2817 1481 2886 φιλίαν
1533 2815 1756 2888 πολλὴν,
1813 2815 1957 2879 τίνος

373 2904 712 2970 ἐσταιάξία;
752 2901 854 2955 κάν
883 2902 983 2972 τὴν
1021 2900 1354 2970 οἰκουμένην
1386 2900 1743 2970 ἀντιστήσης,
1805 2898 1956 2952 οὐδὲν

371 2987 466 3042 τοῦ
492 2987 723 3050 κάλλους
751 2986 968 3038 ἐκείνου
991 2984 1162 3049 ἄξιον.
1201 2982 1374 3036 Τοῦτο
1399 2983 1579 3037 τοίνυν
1625 2982 1956 3053 ἀσκήσωμεν

373 3071 436 3125 τὸ
461 3071 678 3136 κάλλος,
712 3068 888 3139 τούτῳ
922 3067 1259 3138 κοσμώμεθα
1273 3067 1350 3138 τῷ
1371 3067 1583 3138 κόσμῳ,
1617 3065 1706 3120 ἵνα
1733 3068 1813 3129 είς
1828 3067 1954 3131 τοὺς

374 3154 640 3226 οὐρανοὺς
662 3154 1026 3223 χωρήσωμεν,
1056 3151 1136 3215 είς
1158 3150 1259 3212 τὰς
1284 3150 1564 3213 παστάδας
1589 3151 1690 3213 τὰς
1707 3166 1956 3220 πνευμα-

375 3239 554 3300 τικὰς,
577 3239 656 3300 εἰς
678 3235 771 3288 τὸν
796 3235 1065 3305 νυμφῶνα
1094 3234 1187 3289 τὸν
1218 3235 1515 3304 ἀκήρατον.
1547 3232 1721 3286 Τοῦτο
1734 3234 1832 3303 μὲν
1848 3232 1957 3304 γάρ

376 3324 438 3376 τὸ
471 3320 668 3383 κάλλος
695 3319 802 3374 ὑπὸ
832 3319 1052 3371 πάντων
1093 3317 1404 3380 ἁλίσκεται,
1444 3317 1540 3370 καὶ
1586 3317 1715 3369 ὅταν
1773 3333 1957 3386 παρα-

371 3407 540 3477 μείνῃ
564 3403 765 3468 καλῶς,
789 3403 884 3456 καὶ
912 3402 1052 3472 μήτε
1077 3400 1230 3464 νόσος
1251 3399 1520 3472 ἐνοχλήσῃ
1539 3401 1685 3469 μήτε
1710 3400 1955 3471 φροντὶς,

375 3490 516 3561 ὅπερ
543 3487 828 3550 ἀδύνατον,
864 3485 924 3537 οὐ
954 3484 1265 3556 παραμένει
1292 3483 1497 3536 εἴκοσιν
1531 3482 1624 3552 ἐτη
1649 3498 1661 3514 ο
1695 3484 1874 3535 ἐκεῖνο
1903 3481 1958 3536 δὲ

377 3575 465 3627 ἀεὶ
493 3571 665 3637 ἀνθεῖ,
699 3571 788 3624 ἀεὶ
819 3565 1098 3639 ἀκμάζει·
1133 3569 1234 3620 οὐκ
1264 3567 1412 3622 ἐστιν
1435 3567 1553 3619 ἐκεῖ
1573 3566 1749 3620 δεῖσαι
1789 3584 1958 3638 μετα-

379 3659 562 3726 ϐολὴν,
595 3655 656 3708 οὺ
688 3653 869 3724 γῆρας
911 3650 1139 3705 ἐπελθὸν
1189 3650 1383 3720 ῥυτίδα
1443 3651 1674 3722 ἢγαγεν,
1707 3652 1769 3703 οὑ
1804 3652 1960 3714 νόσος

379 3737 784 3808 κατασκήψασα
811 3735 1108 3808 ἐμάρανεν,
1131 3735 1232 3788 οὐκ
1263 3733 1505 3805 ἀθυμίας
1555 3734 1779 3804 φροντὶς
1832 3733 1960 3786 ἐλυ-

383 3827 609 3894 μήνατο,
643 3821 780 3874 ἀλλά
799 3821 1019 3874 πάντων
1049 3819 1257 3872 τούτων
1279 3819 1430 3872 ἐστὶν
1461 3816 1758 3888 ἀνώτερον.
1787 3815 1961 3869 Τοῦτο

376 3910 437 3963 δὲ
482 3907 674 3980 πρὶνῆ
712 3907 971 3977 φανῆναι,
1023 3906 1274 3975 ἀπέστη,
1322 3904 1420 3958 καὶ
1469 3903 1639 3973 φανὲν
1687 3903 1788 3955 οὐκ
1844 3901 1960 3972 ἔχει

381 3993 612 4055 πολλοὺς
645 3993 773 4054 τοὺς
796 3991 1140 4060 θαυμαστάς.
1159 3992 1224 4042 Οί
1253 3989 1353 4060 μὲν
1373 3987 1483 4059 γὰρ
1511 3987 1729 4056 κόσμιοι
1753 3987 1813 4039 οὐ
1828 3985 1963 4038 θαυ-

386 4077 672 4146 μάζουσιν,
697 4075 745 4124 οἱ
765 4073 822 4124 δέ
853 4071 1262 4141 θαυμάζοντες,
1291 4073 1429 4141 μετά
1480 4070 1770 4139 ἀσελγείας
1831 4069 1963 4122 θαυ-

387 4158 642 4229 μάζουσι.
683 4154 775 4224 Μὴ
805 4155 984 4207 τοίνυν
1033 4151 1191 4206 τοῦτο
1237 4153 1518 4221 ἀσκῶμεν,
1570 4153 1685 4206 ἀλλ’
1745 4153 1956 4207 ἐκεῖνο·

384 4241 594 4294 ἐκείνου
623 4236 898 4308 ἐχώμεθα,
922 4239 1008 4290 ἵνα
1035 4236 1176 4305 μετὰ
1207 4235 1507 4306 λαμπάδων
1527 4234 1770 4307 φαιδρῶν
1793 4235 1961 4289 ἀπέλ-

385 4324 571 4392 θωμεν
595 4322 672 4383 είς
701 4320 793 4374 τὸν
811 4320 1092 4390 νυμφῶνα.
1116 4319 1191 4372 Οὐ
1218 4319 1326 4390 γάρ
1351 4321 1476 4384 ταῖς
1491 4318 1785 4390 παρθένοις
1804 4318 1960 4372 τοῦτο

385 4405 720 4476 ἐπήγγελται
752 4404 930 4473 μόνον,
963 4403 1100 4458 ἀλλὰ
1127 4407 1246 4468 ταῖς
1263 4405 1465 4475 ψυχαῖς
1486 4407 1605 4468 ταῖς
1633 4403 1925 4475 παρθένοις
1945 4419 1960 4435 ο

388 4492 531 4554 ἐπεὶ,
564 4490 615 4542 εἰ
654 4487 939 4560 παρθένων
971 4484 1041 4559 ἦν
1073 4487 1261 4552 ἀπλῶς
1289 4489 1470 4554 τοῦτο,
1501 4489 1601 4542 οὐκ
1621 4487 1690 4542 ἂν
1715 4489 1772 4542 αἱ
1798 4488 1964 4542 πέντε

386 4571 853 4643 ἀπεκλείσθησαν.
893 4570 1094 4625 Πασῶν
1140 4571 1319 4625 τοίνυν
1345 4573 1465 4624 ἐστὶ
1496 4573 1656 4626 τοῦτο
1691 4573 1814 4626 ὅσαι
1863 4571 1965 4644 τὴν

386 4656 563 4728 ψυχήν
589 4657 695 4709 είσι
730 4655 1018 4727 παρθένοι,
1042 4655 1165 4712 ὅσαι
1192 4656 1302 4710 τῶν
1327 4655 1616 4726 νοημάτων
1640 4657 1746 4710 τῶν
1782 4656 1967 4726 βιωτι-

386 4740 498 4796 κῶν
521 4741 656 4796 είσιν
679 4741 1106 4814 ἀπηλλαγμέναι
1127 4758 1142 4774 ’
1176 4740 1462 4813 φθείρουσι
1493 4740 1604 4812 γὰρ
1657 4741 1755 4806 τὰς
1784 4740 1964 4811 ψυχάς

1039 363 1097 419 S.
1141 355 1425 418 JOANNIS
1465 353 1959 417 CHRYSOSTOMI
1999 351 2328 412 ABCIIIEP.
2375 349 2923 409 CONST—ANTINOP.

3514 353 3621 408 209.

2045 477 2216 552 [269]
2278 479 2350 533 τά
2409 481 2656 550 νοήματα
2696 477 2889 531 ταῦτα.
2953 475 3077 530 Ἐάν
3126 475 3306 530 τοίνυν
3371 477 3622 548 ἀκέραιοι

2046 566 2300 636 μένωμεν
2324 605 2338 630 ,
2372 564 2788 634 ἀπελευσόμεθα
2831 564 2948 615 ἐκεῖ
2983 562 3076 614 καὶ
3105 560 3505 631 δεχθησόμεθα.

2127 648 2506 718 Ἡρμοσάμην
2534 647 2642 718 γὰρ
2675 645 2850 715 ὑμᾶς,
2875 645 3062 715 φησὶν,
3089 644 3178 697 ένὶ
3200 643 3394 712 ἀνδρὶ,
3412 643 3626 712 παρθέ-

2044 747 2156 785 νον
2179 731 2374 800 ἁγνὴν
2385 729 2773 798 παραστῆσαι
2790 727 2868 793 τῷ
2883 726 3135 795 Χριστῷ.
3191 726 3376 780 Ταῦτα
3399 728 3461 780 οὐ
3489 727 3625 796 πρὸς

2043 814 2144 878 τὰς
2161 815 2466 885 παρθένους
2485 809 2662 875 εἶπεν,
2691 812 2826 866 ἀλλά
2857 811 2994 883 πρὸς
3015 811 3077 864 τὸ
3097 810 3373 881 πλήρωμα
3412 811 3510 880 τῆς
3528 812 3624 862 ἐκ·

2045 899 2270 966 κλησίας
2283 898 2522 968 ἀπάσης.
2541 897 2606 950 Ἦ
2620 896 2731 967 γάρ
2749 896 2984 966 ἀφθορος
3005 894 3182 965 ψυχὴν
3196 894 3466 964 παρθένος
3483 893 3621 959 ἐστὶ,

2045 982 2151 1036 κᾶν
2173 983 2342 1052 ἄνδρα
2363 982 2464 1053 ἔχῃ
2492 998 2506 1010 ·
2531 983 2800 1053 παρθένος
2825 982 2946 1034 ἐστὶ
2959 980 3056 1050 τὴν
3085 979 3256 1043 ὅντως
3301 977 3622 1050 παρθενίαν,

2045 1068 2142 1138 τὴν
2195 1067 2519 1138 θαυμαστήν
2553 1083 2566 1097 ο
2591 1065 2730 1139 αῦτη
2778 1065 2941 1136 γάρὴ
2969 1063 3065 1117 τοῦ
3115 1061 3368 1134 σώματος
3411 1062 3628 1132 ἐκείνης

2049 1151 2196 1205 ἐστὶν
2238 1151 2663 1222 ἐπακολούθημα
2717 1151 2811 1204 καὶ
2838 1149 2986 1214 σκιὰ,
3011 1151 3044 1220 ὴ
3071 1149 3129 1202 δέ
3157 1147 3362 1219 ἀληθὴς
3421 1147 3628 1216 παρθε-

2046 1233 2135 1287 νία
2165 1234 2348 1304 ἐκείνη
2404 1235 2544 1288 ἐστί.
2597 1234 2816 1306 Ταύτην
2874 1232 3156 1303 ἀσκῶμεν,
3213 1231 3312 1285 καὶ
3352 1231 3496 1284 οὕτω
3531 1230 3627 1282 δυ-

2046 1315 2326 1388 νησόμεθα
2397 1318 2535 1388 μιτά
2592 1317 2819 1388 φαιδροῦ
2882 1314 3175 1386 προσώπου
3227 1315 3319 1368 τὸν
3388 1314 3626 1384 νυμφίον

2051 1401 2178 1454 ίδεῖν
2207 1441 2223 1466 ,
2280 1401 2420 1472 μετά
2489 1400 2729 1472 φαιδρῶν
2789 1400 3055 1454 εἰσελθεῖν
3118 1399 3227 1452 τῶν
3283 1399 3624 1469 λαμπάδων,

2047 1485 2144 1539 ἐὰν
2178 1485 2241 1538 τὸ
2295 1486 2473 1538 ἔλαιον
2529 1487 2678 1555 ἡμᾶς
2741 1484 2816 1555 μὴ
2866 1485 3114 1555 ἐπιλίπῃ,
3149 1482 3245 1536 ἐὰν
3309 1483 3378 1536 τά
3425 1483 3630 1553 χρυσία

2048 1569 2394 1638 χωνεύσασαι
2453 1569 2634 1622 ἔλαιον
2693 1567 3063 1639 ἐργασώμεθά
3119 1567 3384 1630 τοιοῦτον,
3415 1566 3443 1618 δ
3481 1555 3628 1618 ποιεῖ

2050 1651 2281 1721 φαιδράς
2325 1652 2422 1716 τὰς
2476 1651 2764 1722 λαμπάδας
2806 1667 2820 1680 ο
2853 1649 2913 1703 τὸ
2941 1649 2999 1703 δέ
3023 1649 3200 1703 ἔλαιον
3256 1649 3434 1702 ἐκεῖνό
3479 1651 3631 1701 ἐστιν

2050 1736 2085 1806 ἡ
2113 1735 2516 1806 φιλανθρωπία.
2535 1733 2662 1788 Ἐάν
2687 1735 2896 1805 ἑτέροις
2930 1733 3251 1804 μεταδῶμεν
3271 1732 3339 1787 τά
3362 1732 3514 1795 ὅντα,
3532 1731 3632 1785 ἐὰν

2048 1818 2229 1872 ἐλαιον
2253 1819 2393 1872 αὑτά
2431 1818 2819 1890 ἐργασώμεθα,
2855 1817 2978 1870 τότε
3009 1817 3170 1887 ήμῶν
3226 1817 3628 1886 προστήσεται,

2049 1904 2142 1956 καὶ
2154 1904 2254 1957 οὐκ
2269 1904 2500 1975 ἐροῦμεν
2521 1905 2580 1956 ἐν
2598 1903 2794 1974 ἐκείνῳ
2805 1900 2884 1972 τῷ
2897 1899 3092 1972 καιρῷ,
3112 1900 3254 1954 Δότε
3265 1899 3410 1968 ἡμῖν
3420 1899 3632 1953 ἔλαιον

2049 1988 2140 2041 ὅτι
2183 1989 2548 2043 σϐέννυνται
2587 1987 2760 2057 ’ἡμῶν
2774 1987 2834 2039 αι
2873 1983 3207 2053 λαμπάδες,
3244 1984 3367 2038 οὐδὲ
3421 1983 3632 2053 ἐτέρων

2049 2071 2450 2142 δεηθησόμεθα,
2479 2071 2600 2124 ούδέ
2629 2066 2965 2124 ἀπελθοῦσαι
2992 2067 3130 2138 πρὸς
3143 2069 3272 2131 τοὺς
3287 2066 3629 2131 πωλοῦντας,

2051 2155 2606 2227 ἀποκλεισθησόμεθα
2635 2194 2650 2219 ,
2704 2152 2825 2207 οὐδέ
2867 2151 3219 2222 ἀκουσόμεθα
3275 2152 3374 2222 τῆς
3441 2153 3636 2221 φωνῆς

2051 2239 2267 2310 ἐκείνης
2285 2239 2384 2309 τῆς
2401 2239 2638 2309 φοϐερᾶς
2667 2238 2761 2291 καὶ
2776 2235 3032 2308 φρικτῆς,
3066 2235 3360 2306 κρούουσαι
3418 2235 3518 2295 τὰς
3532 2234 3638 2288 Θύ-

2057 2341 2151 2394 ρας
2171 2340 2185 2354 ο
2217 2325 2339 2376 Οὐκ
2357 2319 2490 2376 οἶδα
2507 2321 2664 2391 ὑμᾶς
2683 2338 2698 2353 ⁸
2725 2321 2840 2374 ἀλλ’
2872 2321 3242 2390 ἐπιγνώσεται
3297 2321 3464 2390 ἡμᾶς,
3535 2319 3639 2372 καὶ

2055 2405 2576 2476 συνεισελευσόμεθα
2598 2404 2676 2476 τῷ
2693 2403 2934 2475 νυμφίῳ,
2963 2404 3058 2457 καὶ
3077 2403 3412 2466 είσελθόντες
3441 2403 3523 2465 είς
3548 2401 3638 2456 τὸν

2054 2489 2324 2559 νυμφῶνα
2339 2487 2432 2542 τὸν
2464 2488 2858 2557 πνευματικὸν,
2895 2486 3106 2558 μυρίων
3125 2485 3511 2556 ἀπολαύσομεν
3528 2485 3639 2538 τῶν

2055 2571 2298 2639 ἀγαθῶν.
2329 2572 2392 2624 El
2418 2571 2528 2642 γὰρ
2587 2569 2824 2624 ἐνταῦθα
2870 2569 3014 2623 οὕτω
3075 2571 3299 2642 φαιδρὸς
3323 2571 3351 2623 6
3380 2569 3636 2639 νυμφὼν,

2056 2654 2199 2709 οῦτω
2229 2654 2482 2726 λαμπραὶ
2510 2655 2566 2707 αἱ
2603 2654 2894 2721 παστάδες,
2922 2653 2997 2718 ὼς
3026 2653 3235 2725 μηδένα
3274 2652 3640 2724 κορέννυσθαι

2058 2737 2430 2809 προσέχονταο
2467 2738 2620 2808 πόσῳ
2673 2737 2874 2808 μᾶλλον
2909 2738 3060 2802 ἐκεί;
3117 2737 3371 2807 Θάλαμός
3425 2738 3582 2789 ἐστιν
3614 2737 3644 2789 6

2060 2822 2313 2892 οὐρανὸς,
2338 2820 2434 2874 καὶ
2481 2820 2574 2873 τοῦ
2630 2819 2862 2891 οὐρανοῦ
2885 2821 2914 2873 6
2935 2838 2996 2874 νυ
3007 2817 3164 2890 μφὼν
3226 2819 3450 2890 βελτίων
3475 2835 3490 2850 ·
3523 2819 3644 2872 ἐκεῖ

2061 2904 2502 2974 είσελευσόμεθα.
2525 2902 2588 2956 El
2618 2903 2674 2956 δὲ
2697 2905 2724 2955 6
2750 2901 2978 2974 νυμφὼν
3009 2903 3151 2955 οὕτω
3184 2903 3345 2964 καλὸς
3366 2944 3381 2969 ,
3412 2902 3501 2965 τίς
3532 2904 3644 2973 ἄρα

2059 2988 2213 3041 ἐσται
2237 2989 2266 3040 6
2287 2987 2519 3058 νυμφίος
2551 3003 2564 3051 ;
2597 2987 2708 3040 Καὶ
2736 2987 2790 3039 τί
2820 2986 2964 3055 λέγω
2990 2988 3058 3038 τὰ
3078 2987 3279 3056 χρυσία
3297 2985 3647 3056 ἀποθέμεναι

2063 3071 2386 3143 μεταδῶμεν
2416 3073 2528 3134 τοῖς
2550 3070 2857 3140 δεομένοις;
2888 3071 2936 3123 εί
2964 3069 3071 3141 γὰρ
3092 3070 3186 3123 καὶ
3208 3069 3408 3132 ἐαυτάς
3431 3071 3648 3124 πωλεῖν

2062 3156 2252 3228 ἐχρῆν,
2285 3157 2334 3209 εί
2357 3157 2465 3227 γὰρ
2491 3155 2604 3208 ἀντ’
2631 3154 2934 3224 ἐλευθέρων
2962 3154 3216 3222 γενέσθαι
3242 3155 3456 3220 δούλας,
3499 3156 3647 3209 ὥστε

2063 3239 2362 3310 δυνηθῆναι
2381 3238 2723 3311 μετ’ἐκείνου
2751 3234 2994 3291 εἷναιτοῦ
3020 3237 3384 3307 νυμφίου,τοῦ
3404 3239 3646 3302 κάλλους

2058 3322 2356 3376 ἀπολαύειν
2390 3322 2622 3386 ἐκείνου,
2643 3319 2804 3391 μόνον
2820 3322 2952 3392 δρᾷν
2981 3321 3061 3383 είς
3089 3321 3151 3373 τὸ
3178 3318 3470 3391 πρόσωπον
3493 3321 3647 3376 ἐκεί-

2059 3423 2189 3460 νου·
2226 3407 2327 3459 οὑκ
2372 3405 2543 3475 ἐχρῆν
2579 3403 2717 3474 μετὰ
2766 3403 3078 3474 προθυμίας
3131 3403 3348 3456 ἅπαντα
3400 3405 3647 3459 καταδέ-

2062 3489 2260 3557 ξασθαι
2296 3505 2310 3554 ;
2341 3489 2452 3541 Καὶ
2479 3487 2705 3558 βασιλέα
2739 3487 2836 3557 μέν
2853 3487 2945 3540 τὸν
2964 3487 3056 3540 ἐπὶ
3076 3485 3179 3556 γῆς
3203 3487 3291 3540 ἵνα
3326 3486 3499 3557 μόνον
3528 3489 3652 3542 ῐδω·

2063 3590 2185 3644 μεν,
2219 3571 2483 3636 πολλάκις
2518 3571 2660 3641 ὑπὲρ
2683 3569 2776 3623 τοῦ
2811 3570 2941 3623 ἰδεῖν
2974 3569 3136 3623 αὐτὸν
3165 3571 3256 3624 καὶ
3289 3572 3358 3625 τὰ
3395 3572 3458 3626 ἐν
3487 3574 3651 3645 χερσὶ

2062 3657 2349 3726 ρίπτομεν,
2380 3657 2475 3708 καὶ
2504 3655 2782 3723 ἀναγκαῖα
2831 3654 2960 3708 δντα
2994 3670 3007 3684 '
3041 3653 3182 3724 ὑπὲρ
3201 3654 3258 3706 δὲ
3281 3653 3376 3706 τοῦ
3409 3654 3651 3726 βασιλέα

2061 3739 2155 3791 καὶ
2183 3737 2416 3808 νυμφίον
2446 3739 2502 3790 ἐν
2523 3739 2774 3805 οὐρανοῖς
2802 3737 3088 3808 ἀμφότερα
3108 3738 3256 3801 ὄντα,
3282 3737 3426 3790 ῶστε
3454 3739 3533 3810 μὴ
3555 3740 3652 3810 μό-

2061 3838 2151 3876 νον
2180 3821 2589 3891 καταξιωθῆναι
2615 3821 2764 3886 ίδεῖν,
2783 3821 2918 3874 ἀλλά
2944 3822 3040 3874 καὶ
3076 3820 3444 3891 προηγεῖσθαι
3477 3821 3652 3876 αὑτοῦ

2065 3906 2205 3978 μετὰ
2233 3905 2553 3976 λαμπάδων,
2585 3905 2678 3957 καὶ
2702 3906 2870 3973 ἐγγὺς
2902 3903 3068 3957 αὑτοῦ
3099 3900 3260 3969 εἶναι,
3297 3904 3394 3957 καὶ
3414 3905 3658 3958 διαπαν-

2061 3990 2154 4053 τὸς
2185 3987 2336 4061 [270]
2369 3983 2510 4041 εἶναι
2542 3989 2662 4057 μετ’
2683 3987 2872 4051 αὐτοῦ,
2905 3987 2957 4039 τί
2987 3987 3088 4040 οὐκ
3128 3986 3236 4040 ἔδει
3269 3990 3485 4051 ποιεῖν;
3515 3988 3571 4041 τί
3597 3987 3657 4040 δὲ

2061 4074 2122 4128 οὐ
2158 4073 2455 4144 πράττειν;
2491 4071 2546 4123 τί
2571 4071 2627 4123 δέ
2649 4071 2748 4142 οὐχ
2774 4071 3104 4142 ὑπομένειν;
3145 4071 3258 4136 Διὸ,
3311 4073 3655 4142 παρακαλῶ,

2063 4157 2320 4227 λάϐωμέν
2351 4174 2475 4210 τινα
2518 4154 2683 4208 πόθον
2707 4157 2936 4209 ἐκείνων
2967 4154 3076 4208 τῶν
3098 4154 3340 4222 ἀγαθῶν,
3381 4155 3659 4227 ποθήσωο

2071 4258 2170 4312 μεν
2193 4243 2398 4293 ἐκεῖνον
2429 4240 2522 4293 τὸν
2549 4238 2804 4309 νυμφίον,
2835 4232 2986 4308 ὦμεν
3009 4237 3268 4308 παρθένοι
3311 4237 3413 4308 τὴν
3473 4239 3661 4309 ἀληθῆ

2069 4322 2369 4394 παρθενίαν
2403 4338 2416 4350 ·
2449 4322 2549 4391 τὴν
2578 4321 2688 4392 γάρ
2719 4324 2817 4392 τῆς
2843 4321 3023 4391 ψυχῆς
3070 4320 3366 4391 παρθενίαν
3393 4322 3664 4392 ἐπιζητεί

2067 4410 2096 4462 6
2126 4407 2427 4475 Δεσπότης.
2465 4405 2621 4459 Μετὰ
2643 4405 2848 4474 ταύτης
2882 4403 3216 4474 εἰσέλθωμεν
3249 4405 3330 4466 είς
3357 4405 3454 4457 τὸν
3486 4406 3662 4476 οὐρα-

2067 4491 2179 4558 νὸν,
2216 4490 2293 4561 μὴ
2324 4489 2539 4560 ἔχοντες
2564 4487 2828 4558 σπῖλον,ἢ
2863 4487 3121 4558 ρυτίδα,ή
3147 4504 3199 4540 τι
3221 4487 3330 4541 τῶν
3363 4489 3663 4552 τοιούτων,

2070 4575 2157 4630 ἵνα
2191 4574 2284 4628 καὶ
2317 4572 2426 4626 τῶν
2463 4569 2894 4642 ἐπηγγελμένων
2924 4572 3054 4641 ἡμῖν
3093 4570 3316 4638 ἀγαθῶν
3371 4571 3666 4642 ἐπιτύχω-

2073 4675 2172 4730 μεν
2193 4675 2207 4689 ο
2233 4651 2307 4712 ὧν
2333 4656 2544 4726 γένοιτο
2577 4655 2785 4718 πάντας
2814 4656 2964 4725 ἡμᾶς
2992 4657 3300 4726 μετασχεῖν,
3336 4655 3536 4726 χάριτι
3569 4655 3668 4708 καὶ

2069 4742 2264 4812 φιλανθ
2274 4741 2470 4813 ρωπίᾳ.
