3970 6152
381 415 458 472 901

384 531 522 582 etiam
546 543 604 584 es
622 529 671 583 ei
695 531 940 597 molesta,
956 541 1012 587 ut
1033 547 1150 604 qua:
1173 535 1222 590 ei
1244 536 1312 590 de
1333 545 1382 591 te
1400 537 1536 592 hanc
1555 555 1807 610 suggeras
1830 545 1951 614 opi-

379 622 598 686 nionem,
613 623 752 684 quod
773 623 1000 678 tenearis
1018 639 1201 681 amore
1217 637 1653 686 ornamentorum
1673 641 1725 688 et
1740 635 1947 694 mundi.

380 715 582 770 Etiamsi
600 715 742 771 enim
763 715 1027 772 reveritus
1042 717 1283 783 maritus,
1300 725 1353 770 ut
1366 717 1454 787 qui
1469 719 1534 771 sit
1551 718 1822 771 modestus
1836 734 1939 770 non

375 807 517 874 dicat,
533 807 677 862 intus
693 816 868 862 tamen
887 807 1026 878 apud
1052 823 1113 864 se
1136 817 1186 864 te
1203 807 1560 874 condemnat;
1585 807 1839 863 invidiam
1857 822 1944 862 au-

377 909 462 953 tem
481 916 588 955 non
610 902 948 971 comprimet.
963 903 1155 957 Annon
1179 901 1288 973 jam
1306 917 1520 958 omnem
1543 903 1782 974 expelles
1803 902 1946 956 volu-

376 1002 582 1062 ptatem,
607 1001 666 1047 ut:
696 1009 811 1064 quae
837 993 1094 1049 adversus
1149 993 1373 1065 teipsum
1405 995 1607 1050 excites
1649 994 1945 1049 invidiam?

431 1082 482 1138 ’1.
504 1083 671 1154 Αῑετθ
693 1085 918 1140 fortasse
937 1085 1133 1140 auditis
1149 1101 1269 1156 qua:
1289 1086 1634 1154 dicuntur,,et
1657 1099 1942 1141 succense-

375 1175 432 1229 tis
448 1174 691 1244 dicentes
721 1193 733 1229 :
768 1175 874 1230 lste
901 1176 1121 1230 maritos
1153 1177 1322 1248 magis
1343 1177 1787 1233 irritatadvcrsus
1809 1190 1945 1230 uxo-

374 1282 470 1322 res.
499 1266 626 1321 llmc
651 1265 773 1321 dico
802 1281 910 1322 non
933 1267 1148 1324 irritans
1175 1269 1539 1336 maritos,.scd
1576 1269 1698 1326 volo
1727 1285 1755 1323 a
1793 1268 1945 1324 vobis

374 1359 670 1416 lubentibus
697 1358 814 1415 hzec
841 1362 1105 1431 praestari,
1126 1371 1346 1432 propter
1371 1378 1490 1430 vos,
1514 1378 1630 1419 non.
1650 1374 1864 1434 propter
1879 1363 1945 1419 il-

375 1449 450 1504 los
471 1468 485 1505 :
508 1465 610 1504 non
638 1459 694 1504 ut
712 1450 831 1504 illos
847 1449 1068 1506 liberem
1092 1451 1159 1506 ab
1176 1451 1393 1520 invidia,
1418 1452 1511 1508 sed
1537 1463 1594 1508 ut
1614 1469 1707 1509 vos
1724 1455 1949 1510 liberem

374 1556 401 1594 a
422 1540 692 1611 phantasia
714 1556 894 1596 rerum
924 1542 1083 1612 hujus
1107 1543 1246 1597 vitae.
1267 1543 1360 1598 Vis
1383 1545 1548 1600 videri
1572 1546 1827 1615 pulchra?
1849 1562 1952 1616 ego

373 1645 582 1700 quoque
608 1630 708 1686 hoc
730 1629 875 1698 volo,
905 1631 998 1686 sed
1025 1632 1418 1702 pulchritudine
1443 1651 1600 1706 quam
1631 1636 1769 1691 Deus
1799 1652 1949 1707 quae-

371 1723 457 1787 rit,
475 1738 633 1793 quam
655 1723 768 1778 Rex
792 1725 1138 1795 concupiscit.
1159 1724 1452 1794 Quemnam
1476 1729 1554 1782 vis
1579 1727 1775 1785 habere
1799 1745 1952 1784 ama-

370 1825 537 1870 torem
560 1858 575 1883 ,
606 1816 772 1870 Deum
800 1831 868 1870 an
897 1814 1183 1872 homines?
1211 1817 1266 1873 Si
1309 1818 1384 1874 sis
1415 1819 1487 1874 ita
1521 1819 1762 1890 pulchra,
1808 1821 1952 1878 Deus

374 1918 513 1963 tuam
559 1907 906 1978 concupiscet
953 1909 1405 1977 pulchritudinem
1457 1930 1469 1966 :
1517 1914 1600 1968 sin
1645 1925 1822 1969 autem
1853 1915 1954 1970 hoc

371 1999 567 2069 absque
617 1998 710 2052 illo
729 2038 742 2064 ,
780 1998 870 2054 ille
894 1999 1112 2069 quidem
1137 2010 1188 2056 te
1216 2003 1563 2070 abhorrebit,
1591 2013 1750 2060 erunt
1775 2015 1952 2060 autem

373 2092 444 2146 tui
468 2100 736 2146 amatores
767 2091 866 2146 viri
891 2091 1102 2147 scelesti
1135 2109 1149 2146 :
1175 2094 1350 2148 nullus
1375 2095 1516 2150 enim
1539 2107 1621 2150 est
1649 2095 1838 2164 bonus,
1863 2097 1952 2168 qui

371 2192 511 2238 amet
538 2183 818 2238 mulierem
840 2183 1078 2254 junctam
1107 2187 1466 2241 matrimonio.
1512 2187 1624 2243 Hoc
1657 2190 1818 2244 etiam
1858 2206 1952 2247 co-

369 2275 474 2345 gita
515 2275 567 2328 in
612 2274 814 2330 mundo
854 2283 1100 2330 externo.
1147 2275 1278 2331 Nam
1311 2277 1399 2332 ille
1437 2277 1652 2346 quidem
1683 2279 1949 2348 mundus,

372 2365 622 2432 mundus,
656 2365 894 2436 inquam,
923 2366 1135 2432 animae,
1171 2367 1338 2422 Deum
1372 2367 1626 2435 attrahit;
1665 2369 1749 2424 hic
1777 2381 1956 2426 autem

368 2469 554 2515 contra
599 2460 742 2514 viros
804 2460 1116 2514 sceleratos.
1165 2460 1329 2515 Vides
1371 2461 1512 2531 quod
1560 2462 1724 2516 vestri
1773 2478 1953 2518 curam

370 2567 519 2622 gero,
552 2550 695 2623 quod
722 2551 790 2606 de
812 2551 962 2606 vobis
991 2567 1106 2607 sum
1137 2552 1430 2620 sollicitus,
1462 2564 1520 2608 ut
1545 2554 1663 2610 sitis
1684 2556 1943 2626 pulchrae,

373 2663 501 2703 vere
532 2646 768 2714 pulchrae
790 2655 844 2701 et
869 2647 1115 2715 gloriosae
1148 2665 1163 2702 :
1194 2656 1252 2702 ut
1282 2663 1376 2717 pro
1403 2648 1531 2702 viris
1552 2649 1826 2704 sceleratis
1860 2649 1956 2702 ha-

379 2742 548 2796 beatis
597 2750 886 2794 amatorem
943 2739 1111 2794 Deum
1171 2738 1408 2792 omnium
1463 2736 1786 2790 Dominum?
1827 2737 1958 2802 Quae

379 2845 554 2888 autem
580 2833 728 2886 illum
759 2831 919 2886 habet
945 2838 1240 2885 amatorem
1260 2870 1275 2894 ,
1310 2829 1394 2884 cui
1426 2829 1527 2884 erit
1555 2827 1780 2882 similis?
1824 2828 1958 2881 cho-

381 2939 470 2977 ros
497 2923 659 2978 ducet
688 2937 806 2976 cum
827 2921 1056 2991 angelis.
1103 2919 1236 2974 Nam
1284 2920 1327 2974 si
1369 2935 1488 2989 qua:
1516 2933 1545 2972 a
1581 2933 1704 2988 rege
1728 2929 1954 2984 amatur,

377 3027 539 3082 supra
567 3028 757 3068 omnes
780 3007 932 3068 beala
963 3011 1176 3067 ducitur
1201 3030 1214 3066 :
1243 3027 1364 3081 quae
1393 3027 1422 3066 a
1455 3011 1564 3066 Deo
1591 3011 1756 3064 multo
1774 3025 1958 3065 amore

376 3105 634 3175 diligitur,
669 3113 864 3174 quanta
893 3106 995 3160 erit
1021 3105 1138 3173 ejus
1165 3103 1442 3174 dignitas?
1489 3102 1712 3157 Etiamsi
1757 3103 1957 3157 dixeris

374 3194 560 3248 orbem
608 3203 804 3261 terrae,
856 3195 988 3250 nihil
1020 3195 1123 3250 erit
1150 3195 1367 3264 dignum
1411 3193 1498 3250 illa
1546 3193 1955 3263 pulchritudine.

377 3284 526 3339 llanc
552 3299 680 3355 ergo
707 3285 944 3341 colamus
976 3284 1443 3354 pulchritudinem,
1469 3285 1569 3338 hoc
1586 3289 1782 3339 mundo
1804 3299 1958 3338 orne-

371 3391 514 3438 mur,
540 3383 599 3429 ut
626 3374 691 3430 ad
722 3375 884 3431 caelos
913 3375 1302 3444 perveniamus,
1333 3375 1385 3428 in
1407 3375 1677 3430 cmnacula
1709 3373 1956 3444 spiritua-

369 3466 462 3531 lia,
488 3467 541 3520 in
562 3464 852 3520 thalamum
881 3467 1060 3536 Sponsi
1085 3465 1136 3519 in
1156 3480 1310 3535 quem
1330 3464 1504 3518 nullus
1520 3463 1662 3518 cadit
1686 3463 1953 3518 interitus.

368 3556 503 3610 Nam
530 3557 646 3612 haec
667 3558 878 3627 quidem
904 3556 1244 3626 pulchritudo
1263 3556 1329 3611 ab
1347 3556 1592 3611 omnibus
1607 3556 1766 3610 rebus
1782 3570 1952 3624 expu-

363 3659 585 3724 gnatur,
605 3657 660 3703 et
684 3648 895 3719 quando
930 3648 1090 3704 etiam
1116 3646 1341 3718 pulchre
1371 3647 1658 3712 manserit,
1688 3655 1738 3700 et
1781 3660 1953 3714 neque

365 3741 590 3796 morbus
610 3756 780 3810 neque
809 3740 1108 3796 sollicitudo
1125 3756 1242 3795 eam
1265 3740 1556 3802 vexaverit,
1573 3737 1713 3807 quod
1740 3737 1951 3808 quidem

367 3832 485 3892 fieri
517 3846 624 3886 non
657 3841 848 3902 potest,
875 3847 978 3885 non
1004 3840 1463 3900 permanetannos
1492 3828 1706 3898 viginti:
1743 3827 1831 3880 illa
1859 3843 1953 3882 au-

365 3935 475 3985 tem
494 3939 709 3994 semper
728 3923 902 3990 floret,
927 3939 1141 3993 semper
1152 3924 1319 3993 viget:
1341 3937 1442 3976 non
1463 3930 1548 3983 est
1567 3922 1671 3974 illic
1691 3919 1830 3995 quod
1851 3934 1955 3975 me-

365 4027 487 4071 tuas
509 4017 885 4083 mutationem,
909 4031 1013 4070 non
1038 4017 1246 4071 irruens
1262 4024 1506 4070 senectus
1525 4013 1723 4068 inducit
1743 4028 1948 4082 rugam,

366 4125 477 4171 non
505 4111 759 4179 ingruens
786 4109 1006 4170 morbus
1036 4108 1309 4166 flaccidam
1332 4106 1515 4171 efficit,
1544 4120 1648 4158 non
1671 4120 1735 4159 ex
1759 4105 1951 4158 anima:

362 4198 684 4269 aegritudine
711 4197 951 4268 profecta
983 4213 1108 4252 cura
1135 4213 1252 4252 eam
1285 4197 1609 4266 corrumpit;
1635 4197 1728 4249 sed
1755 4205 1837 4250 est
1870 4195 1951 4250 his

363 4290 619 4348 omnibus
649 4287 918 4357 superior.
951 4287 1076 4342 llarc
1111 4297 1286 4340 autem
1316 4286 1617 4356 priusquam
1646 4286 1951 4355 apparuerit

362 4382 571 4437 recedit
597 4396 611 4444 ;
636 4388 692 4435 et
719 4395 837 4433 cum
868 4379 1194 4449 apparuerit,
1227 4393 1330 4431 non
1365 4378 1558 4431 multos
1586 4376 1745 4432 habet
1775 4375 1946 4430 admi-

360 4481 597 4527 ratores.
629 4469 764 4525 Nam
798 4470 886 4540 qui
922 4477 1048 4524 sunt
1081 4467 1304 4522 modesti
1328 4477 1380 4522 et
1413 4477 1790 4537 temperantes,
1841 4482 1945 4521 non

361 4562 733 4626 admirantur;
759 4561 850 4629 qui
875 4569 1052 4614 autem
1076 4558 1427 4626 admirantur,
1457 4573 1576 4613 cum
1607 4557 1827 4611 libidine
1849 4557 1946 4611 ad-

364 4658 646 4710 mirantur.
681 4654 760 4710 Ne
793 4654 929 4709 hanc
954 4668 1083 4723 ergo
1105 4653 1363 4715 colamus,
1396 4651 1488 4706 sed
1521 4650 1663 4705 illam
1703 4668 1715 4702 :
1747 4650 1820 4704 illi
1847 4649 1945 4703 ad-

367 4747 707 4811 haereamus,
756 4755 815 4799 ut
858 4760 977 4799 cum
1022 4743 1295 4814 prccclaris
1321 4743 1649 4815 lampadibus
1681 4743 1731 4796 iu
1765 4741 1944 4812 sponsi

365 4838 656 4892 thalamum
687 4837 984 4892 veniamus.
1022 4833 1136 4888 Non
1164 4835 1305 4889 enim
1334 4835 1624 4904 virginibus
1661 4835 1831 4890 solum
1864 4842 1945 4887 est

367 4926 469 4980 huc
520 4927 848 4997 promissum
869 4965 884 4991 ,
933 4924 1027 4979 sed
1056 4925 1335 4979 animabus
1364 4941 1479 4994 quae
1515 4934 1639 4978 sunt
1665 4924 1896 4993 virgines
1927 4942 1940 4979 :

363 5034 484 5072 nam
510 5021 552 5074 si
577 5020 679 5074 hoc
709 5028 856 5073 esset
883 5018 1146 5087 virginum
1173 5026 1394 5082 tantum,
1423 5018 1655 5086 quinque
1681 5031 1785 5070 non
1813 5015 1943 5069 fuis-

365 5120 482 5162 sent
506 5111 759 5166 exclusm.
809 5107 920 5162 lloc
949 5123 1074 5178 ergo
1102 5117 1183 5163 est
1208 5109 1441 5164 omnium
1473 5123 1589 5176 qum
1617 5115 1741 5161 sunt
1767 5108 1942 5162 anima

361 5199 610 5275 virgines,
644 5216 769 5273 quae
800 5209 927 5257 sunt
957 5200 1192 5256 liberatae
1219 5199 1286 5254 ah
1315 5198 1472 5268 hujus
1499 5199 1616 5252 vita:
1663 5197 1941 5266 cogitatio-

1092 426 1159 483 ΙΝ
1196 428 1412 486 EPIST.
1445 432 1532 486 AD
1572 431 1926 493 HEBRAZOS.
1969 439 2119 496 CAP.
2156 443 2268 499 XII.
2313 445 2540 502 llOMIL.
2579 447 2806 505 XXVIII.

3508 455 3577 509 20
3586 454 3631 509 21‘

2043 553 2235 608 nibus:
2269 565 2616 624 corrumpunt
2639 557 2780 611 enim
2810 558 3014 610 animas
3047 555 3128 610 ha:
3154 557 3522 626 cogitationes.
3559 561 3612 613 Si

2037 660 2164 714 ergo
2187 661 2496 701 maneamus
2518 648 2706 718 integri
2729 657 2784 703 et
2810 647 3025 714 sinceri,
3050 647 3170 702 illuc
3191 649 3404 715 ibimus,
3430 658 3483 703 et
3512 650 3617 704 illic

2033 737 2378 805 excipiantur.

2111 823 2383 893 Virginitas
2425 839 2538 876 vera
2573 838 2702 892 quae.
2725 852 2796 863 —
2819 821 3078 892 Despondi
3105 820 3235 876 enim
3264 836 3379 885 vos,
3412 820 3600 889 inquit,

2030 916 2117 968 uni
2147 916 2270 980 viro,
2299 915 2548 986 virginem
2574 923 2762 967 castam
2790 914 3022 968 exhibere
3050 911 3248 967 Christo
3276 911 3351 982 (2.
3373 911 3494 965 Cor.
3515 911 3602 966 11.

2030 1007 2109 1076 2).
2158 1004 2282 1060 Hmc
2309 1020 2412 1058 non
2440 1005 2656 1060 dicebat.
2686 1003 3003 1074 virginibus,
3032 1002 3127 1057 sed
3153 1002 3315 1057 coetui
3344 1001 3605 1055 universae

2016 1096 2289 1152 Ecclesiae.
2343 1096 2476 1150 Nam
2527 1095 2678 1166 cujus
2718 1104 2800 1150 est
2842 1097 3019 1149 anima
3048 1095 3377 1163 incorrupta,
3423 1108 3486 1148 ea
3525 1103 3606 1148 est

2030 1190 2200 1260 virgo,
2227 1189 2325 1244 etsi
2354 1187 2514 1242 habet
2558 1187 2837 1251 maritum;
2871 1186 3040 1256 virgo,
3066 1186 3302 1255 inquam,
3332 1199 3453 1239 cum
3483 1199 3605 1238 vera

2032 1277 2743 1350 virginitate,etadmiranda
2767 1294 2779 1332 :
2803 1293 2922 1332 nam
2945 1278 3185 1346 corporis
3213 1276 3421 1346 quidem
3451 1276 3608 1346 virgi-

2030 1371 2168 1425 nitas
2190 1378 2272 1426 est
2297 1370 2438 1424 illius
2456 1383 2638 1424 comes
2663 1377 2717 1423 et
2741 1368 2927 1422 umbra
2950 1383 2964 1432 ;
2994 1381 3116 1420 vera
3133 1375 3311 1422 autem
3334 1366 3608 1436 virginitas

2029 1469 2111 1516 cst
2130 1461 2238 1516 illa.
2260 1461 2406 1515 llanc
2427 1460 2685 1524 colamus,
2717 1467 2770 1514 et
2799 1459 2866 1512 ita
2894 1459 3183 1528 poterimus
3214 1457 3334 1511 lzeto
3356 1456 3503 1510 vultu
3525 1457 3608 1510 vi-

2029 1550 2159 1606 dere
2183 1565 2460 1621 sponsum,
2481 1558 2534 1605 et
2562 1565 2680 1604 cum
2709 1548 3110 1618 splendentibus
3139 1546 3340 1618 ingredi
3361 1545 3610 1616 lampadi-

2029 1643 2208 1708 bus,si
2237 1642 2415 1697 oleum
2441 1642 2594 1696 nobis
2624 1655 2728 1695 non
2755 1640 2988 1705 deficiat,
3013 1639 3054 1693 si
3077 1640 3252 1693 aureis
3281 1637 3609 1692 ornamentis

2029 1733 2160 1790 fusis
2180 1743 2233 1788 et
2262 1731 2507 1787 conflatis
2528 1729 2789 1800 ejusmodi
2821 1730 2996 1785 oleum
3031 1727 3607 1797 confecerimusgquod

2029 1823 2374 1894 splendentes
2401 1821 2576 1876 reddit
2605 1819 2877 1888 lampades
2908 1837 2921 1872 :
2948 1818 3079 1872 illud
3113 1828 3288 1872 autem
3322 1817 3496 1873 oleum
3526 1827 3609 1872 est

2029 1915 2220 1968 caritas
2262 1913 2316 1967 in
2361 1912 2624 1967 homines.
2675 1910 2731 1964 Si
2779 1909 2898 1963 aliis
2941 1917 3152 1963 nostras
3195 1908 3610 1978 impertierimus

2031 2002 2332 2068 facultates,
2356 2002 2400 2055 si
2442 2002 2617 2055 oleum
2647 2015 2738 2054 eas
2770 1999 3054 2053 fecerimus
3074 2040 3089 2066 ,
3136 2006 3261 2052 tunc
3299 2012 3395 2052 nos
3428 2006 3608 2068 prote-

2029 2104 2118 2165 get
2163 2104 2218 2150 et
2259 2093 2538 2159 deiendet,
2595 2101 2650 2148 et
2689 2107 2794 2148 non
2825 2092 3066 2147 dicemus
3101 2091 3155 2146 in
3201 2091 3294 2146 illo
3321 2099 3560 2162 tempore
3593 2109 3606 2145 :

2028 2184 2163 2238 Date
2210 2185 2352 2238 nobis
2397 2185 2562 2238 oleum
2583 2225 2598 2251 ,
2651 2184 2892 2254 quoniam
2923 2183 3182 2253 lampades
3215 2191 3400 2236 nostra
3424 2182 3610 2235 exstin-

2029 2287 2252 2348 guuntur
2283 2276 2495 2347 (Matth.
2527 2275 2616 2331 25.
2651 2275 2730 2346 8),
2759 2291 2934 2346 neque
2963 2276 3084 2330 aliis
3110 2274 3405 2344 egebimus,
3437 2289 3617 2343 neque

2028 2379 2217 2423 euntes
2247 2366 2313 2420 ad
2347 2381 2442 2422 eos
2469 2367 2559 2437 qui
2584 2366 2862 2431 vendunt,
2895 2366 3242 2422 excludemur
3265 2407 3280 2432 ,
3310 2381 3482 2437 neque
3510 2382 3608 2422 au-

2029 2459 2236 2514 diemus
2260 2473 2444 2513 vocem
2477 2457 2618 2511 illam
2647 2457 2940 2512 terribilem
2990 2464 3043 2511 et
3087 2455 3408 2510 horrendam
3429 2498 3442 2521 ,
3490 2458 3607 2525 pul-

2029 2560 2208 2606 santes
2235 2551 2450 2615 ostium,
2477 2549 2664 2605 Nescio
2695 2566 2812 2615 vos;
2839 2549 2934 2604 sed
2965 2563 3064 2603 nos
3090 2559 3378 2619 agnoscet,
3411 2560 3462 2605 et
3487 2566 3607 2607 cum

2029 2655 2226 2710 sponso
2258 2639 2611 2707 iutrabimus,
2644 2648 2698 2695 et
2725 2640 2775 2693 in
2801 2639 3132 2708 spiritualem
3171 2640 3354 2709 sponsi
3383 2642 3608 2711 ingressi

2031 2734 2316 2788 thalamum
2343 2775 2355 2797 ,
2380 2731 2619 2786 fruemur
2647 2732 2802 2787 bonis
2825 2732 3323 2788 innumerabilibus.
3369 2734 3424 2790 Si
3465 2739 3612 2794 enim

2030 2825 2115 2880 hic
2138 2826 2272 2881 adeo
2297 2826 2510 2895 elegans
2539 2833 2622 2880 est
2641 2826 2820 2894 sponsi
2845 2825 3128 2890 thalamus,
3161 2826 3297 2882 adeo
3324 2829 3603 2896 splendida

2030 2919 2324 2982 ccenacula,
2352 2926 2410 2972 ut
2441 2932 2598 2971 nemo
2619 2917 2904 2971 attendens
2928 2918 3154 2972 satietur
3173 2959 3187 2984 ,
3212 2928 3410 2987 quanto
3439 2922 3608 2990 magis

2031 3012 2170 3066 illic?
2201 3011 2488 3066 Thalamus
2516 3019 2598 3065 est
2641 3010 2865 3076 caelum,
2903 3019 2957 3064 et
2981 3011 3162 3079 sponsi
3187 3009 3450 3066 thalamus
3476 3013 3606 3067 cmlo

2031 3100 2220 3155 melior
2252 3119 2264 3154 :
2293 3100 2417 3154 illuc
2444 3100 2826 3170 iugrediemur.
2855 3100 2908 3154 Si
2929 3109 3106 3154 autem
3134 3101 3316 3169 sponsi
3347 3101 3607 3156 thalamus

2030 3192 2272 3248 estadeo
2302 3190 2539 3260 pulcher,
2570 3191 2691 3261 quis
2725 3191 2828 3245 erit
2880 3204 3011 3258 ergo
3051 3190 3166 3259 ipse
3214 3193 3490 3261 sponsus?
3541 3193 3607 3246 Et

2031 3285 2157 3356 quid
2183 3283 2304 3338 dico
2343 3291 2401 3337 ut
2430 3282 2688 3352 depositis
2733 3283 2909 3338 aureis
2938 3284 3288 3348 ornamentis,
3316 3299 3378 3342 ea
3405 3285 3605 3354 imper-

2033 3377 2224 3430 tiamus
2270 3373 2582 3444 egentibus?
2621 3389 2744 3430 nam
2794 3374 2839 3427 si
2883 3382 3160 3442 oporteret
3197 3375 3282 3430 vel
3321 3391 3428 3434 vos
3465 3377 3607 3446 ipsas

2032 3466 2395 3530 venumdare,
2448 3466 2492 3526 si
2530 3481 2625 3534 pro
2659 3466 2841 3520 liberis
2868 3465 2982 3520 fieri
3010 3467 3262 3533 ancillas,
3294 3478 3352 3522 ut
3378 3471 3606 3538 possetis

2031 3571 2150 3617 cum
2197 3557 2286 3609 illo
2320 3570 2440 3610 esse
2473 3570 2694 3624 Sponso,
2733 3556 2820 3610 illa
2847 3555 2950 3612 frui
2978 3557 3373 3630 pulchritudine
3395 3601 3408 3623 ,
3439 3571 3494 3615 et
3518 3577 3607 3615 so-

2031 3645 2138 3699 lum
2173 3645 2320 3706 illum
2348 3647 2546 3705 vultum
2576 3649 2768 3707 intueri
2799 3667 2812 3704 :
2845 3664 3022 3703 annon
3052 3657 3326 3719 oporteret
3353 3662 3475 3702 cum
3505 3663 3612 3702 om-

2031 3737 2085 3791 ni
2126 3737 2404 3797 alacritate
2429 3740 2596 3796 animi
2625 3742 2807 3796 omnia
2834 3741 3150 3811 suscipere?
3176 3741 3376 3810 Regem
3408 3741 3496 3810 qui
3531 3751 3614 3797 est

2031 3828 2091 3885 in
2115 3836 2256 3881 terra
2277 3838 2336 3883 ut
2362 3829 2659 3898 videamus,
2683 3847 2826 3901 saepe
2850 3847 2970 3902 quae
2996 3840 3121 3886 sunt
3143 3832 3192 3884 iu
3222 3831 3470 3886 manibus
3512 3833 3615 3886 etsi

2031 3921 2356 3988 necessaria,
2371 3921 2668 3990 abjieimus.
2690 3922 2913 3990 Quando
2933 3933 3108 3978 autem
3134 3921 3327 3977 videris
3342 3931 3394 3977 et
3415 3922 3622 3992 Regem

2029 4020 2083 4064 et
2104 4025 2378 4081 Sponsum,
2398 4012 2566 4068 multo
2589 4013 2754 4085 magis
2773 4014 2824 4069 id
2844 4014 3004 4069 alacri
3026 4015 3204 4068 animo
3225 4023 3502 4084 oporteret
3523 4031 3616 4068 su-

2031 4104 2256 4173 scipere.
2296 4104 2502 4160 Revera
2541 4106 2654 4162 haec
2680 4107 2892 4178 quidem
2921 4117 3047 4162 sunt
3076 4107 3286 4172 umbra,
3317 4107 3404 4162 illa
3436 4117 3614 4162 autem

2031 4194 2248 4248 veritas.
2273 4193 2340 4250 Ut
2369 4212 2545 4266 regem
2574 4210 2751 4254 autem
2778 4208 2832 4254 et
2857 4214 3109 4268 sponsum
3141 4198 3194 4253 in
3225 4198 3372 4252 curiis
3396 4213 3500 4252 non
3529 4213 3618 4253 so-

2030 4286 2141 4342 lum
2170 4289 2355 4345 videre
2381 4291 2636 4359 digneris,
2662 4291 2754 4347 sed
2782 4293 2939 4347 etiam
2971 4292 3242 4362 praecedas
3259 4308 3382 4346 cum
3413 4293 3617 4361 lampa-

2031 4380 2208 4446 dibus,
2244 4394 2296 4437 et
2325 4385 2397 4436 sis
2431 4398 2595 4449 prope
2625 4385 2818 4450 ipsum,
2847 4394 2902 4440 et
2930 4395 3186 4452 perpetuo
3213 4386 3287 4439 sis
3313 4401 3433 4440 cum
3462 4386 3576 4454 ipso
3595 4425 3610 4450 ,

2037 4466 2160 4537 quid
2185 4483 2289 4522 non
2316 4476 2586 4536 oporteret
2619 4467 2793 4524 facere
2815 4510 2834 4539 ,ι
2861 4471 2986 4543 quid
3014 4488 3122 4528 non
3146 4488 3328 4543 agere,
3353 4475 3478 4544 quid
3514 4491 3620 4529 non

2045 4559 2314 4615 tolerare?
2336 4559 2460 4614 ldeo
2481 4575 2611 4631 rogo
2631 4575 2724 4615 vos
2751 4563 3022 4633 capiamus
3049 4565 3263 4634 aliquod
3288 4565 3500 4619 illorum
3535 4567 3627 4621 bo-

2042 4667 2230 4706 norum
2253 4652 2594 4717 desiderium,
2609 4653 2976 4710 desideremus
2994 4657 3142 4711 illum
3164 4671 3439 4726 sponsum,
3455 4657 3623 4712 simus

2041 4758 2164 4797 vera
2210 4743 2513 4813 virginitate
2544 4744 2811 4814 virgines:
2844 4746 3037 4800 anima:
3077 4748 3218 4800 enim
3266 4747 3624 4816 virginitatem

2040 4833 2264 4904 requirit
2313 4835 2588 4894 Dominus.
2616 4836 2748 4890 Cum
2776 4851 2838 4890 ea
2871 4837 2923 4890 in
2971 4837 3163 4891 caelum
3212 4837 3492 4902 intremus,
3523 4851 3624 4892 nec

2041 4925 2333 4981 habeamus
2351 4927 2608 4981 maculam
2627 4937 2718 4981 aut
2735 4942 2942 4997 rugam,
2963 4937 3052 4980 aut
3070 4927 3267 4995 aliquid
3288 4927 3620 4995 hujusmodi:

2041 5026 2097 5071 ut
2147 5033 2496 5088 assequamur
2553 5019 2690 5073 bona
2744 5020 3050 5089 promissa:
3097 5033 3214 5089 qua:
3264 5019 3420 5074 detur
3464 5018 3620 5074 nobis

2039 5111 2291 5180 consequi
2321 5111 2488 5180 gratia
2522 5120 2574 5166 ct
2599 5110 2942 5180 benignitate.
