3970 6152
995 369 1051 422 S.
1093 369 1362 425 ΜΛΝΝῶ
1400 370 1875 427 CllliYSOSTOMl
1916 369 2228 425 AliClllEl’.
2268 368 2800 425 CONSTA‘NTINOP.

3467 361 3568 417 Qui

1646 585 1990 647 HOMILIA
2034 588 2278 649 XXIX.

294 706 419 759 Cui.
467 706 552 758 1‘2.
596 721 646 757 v.
685 707 740 760 4.
786 705 1032 758 Nondum
1075 721 1232 775 usque
1271 707 1341 759 ad
1366 705 1666 777 sanguinem
1699 708 1886 761 restiti-

361 799 451 852 stis
479 799 718 851 adversus
745 809 1006 868 peccatum
1037 810 1376 870 repugnantes
1399 817 1418 854 :
1442 799 1495 854 5.
1525 811 1572 854 et
1591 800 1734 854 obliti
1766 802 1885 856 estis

363 891 743 954 consolationis,
773 907 886 959 quis
915 890 1054 944 vobis
1082 900 1342 962 tamquam
1369 890 1492 959 ﬁliis
1523 890 1769 961 loquitur,
1798 893 1880 944 di-

362 997 479 1034 cens
503 997 522 1034 :
551 980 657 1034 Fili
688 983 791 1044 mi,
838 983 942 1035 noli
971 980 1225 1052 negligere
1263 981 1590 1050 disciplinam
1639 981 1880 1048 Domini,

362 1089 522 1140 neque
545 1072 774 1142 [aligeris
805 1073 925 1125 dum
952 1073 1017 1125 ab
1045 1089 1102 1126 eo
1133 1072 1427 1143 corriperis.
1463 1073 1518 1127 6.
1564 1074 1723 1138 Quem
1747 1073 1881 1126 enim

364 1167 528 1236 diligit
558 1164 833 1229 Dominus,
853 1165 1070 1235 castigat
1098 1179 1117 1218 :
1137 1165 1366 1236 ﬂagellat
1390 1173 1559 1217 autem
1587 1180 1786 1218 onmem
1812 1164 1880 1232 fi-

364 1259 488 1312 lium
517 1274 667 1325 quem
695 1258 893 1326 recipit.
917 1258 971 1310 7.
1004 1256 1063 1310 Si
1092 1256 1351 1310 sustinetis
1387 1254 1733 1326 disciplinam,
1761 1272 1880 1324 erga

362 1365 448 1402 vos
479 1358 736 1416 tamquam
762 1365 881 1417 erga
901 1347 1035 1415 ﬁlios
1062 1347 1306 1418 afﬁcietur
1329 1343 1486 1400 Deus.
1511 1345 1637 1412 Quis
1657 1355 1729 1400 est
1746 1347 1878 1400 enim

363 1444 504 1510 ﬁlius
531 1457 677 1510 quem
704 1457 804 1494 non
833 1440 1039 1510 corripit
1067 1438 1247 1509 pater?

363 1535 418 1588 1.
464 1533 588 1587 Duae
616 1541 742 1587 sunt
770 1531 980 1601 Species
1006 1529 1390 1584 consolationis
1413 1569 1426 1594 ,
1473 1544 1592 1600 quae
1630 1528 1878 1584 videntur

292 1639 413 1680 esse
441 1625 579 1679 inter
606 1638 666 1678 se
685 1623 972 1677 contrariae
993 1663 1008 1688 ,
1056 1636 1301 1691 magnam
1327 1629 1508 1675 autem
1535 1635 1720 1676 secum
1767 1622 1873 1675 vim

291 1715 520 1770 aﬂ'erunt
552 1729 567 1769 :
598 1728 732 1784 quas
759 1714 846 1767 hic
877 1713 1052 1782 posuit
1081 1713 1288 1767 ambas.
1330 1711 1448 1768 Una
1491 1712 1707 1783 quidem
1758 1723 1872 1780 est,

289 1806 502 1876 quando
533 1804 768 1884 dicimus
813 1805 1023 1876 aliquos
1053 1805 1220 1860 multa
1249 1819 1371 1860 esse
1398 1819 1624 1876 passos:
1658 1806 1874 1875 rcqnie-

293 1897 551 1952 scitcnim
574 1899 805 1966 animus,
825 1897 1037 1966 quando
1067 1895 1228 1952 habet
1258 1898 1452 1954 multos
1475 1908 1638 1957 testes
1662 1916 1879 1957 suarum

294 1988 702 2058 perpessionum
733 2003 746 2039 :
778 2001 936 2056 quam
967 1986 1183 2056 quidem
1213 2001 1370 2056 supra
1400 1990 1616 2058 posuit,
1645 1991 1831 2047 dicens
1865 2011 1878 2047 :

294 2078 722 2133 Rementoramini
741 2087 906 2131 autem
926 2079 1168 2147 pristinos
1185 2078 1313 2144 dies,
1332 2079 1385 2132 in
1405 2080 1585 2150 quibus
1608 2082 1881 2137 illuntinati

291 2188 533 2242 magnum
555 2179 810 2224 certamen
831 2170 1141 2223 sustinuistis
1163 2169 1742 2241 passionumﬂleerO.
1764 2172 1876 2246 52):

291 2263 460 2317 altera
488 2269 692 2327 autem,
719 2260 934 2329 quando
965 2260 1214 2328 dicimus,
1236 2260 1352 2316 Non
1381 2277 1438 2316 es
1466 2277 1656 2332 passus
1682 2264 1880 2335 aliquid

291 2369 541 2423 magnum
571 2370 585 2407 :
618 2367 742 2406 nam
774 2352 878 2406 hoc
920 2352 1063 2406 dicto
1093 2355 1461 2408 convertimur
1487 2365 1539 2409 et
1560 2357 1877 2426 excitamur,

293 2458 452 2514 atque
473 2445 540 2499 ad
569 2444 876 2514 patiendum
911 2445 1201 2499 alacriores
1231 2444 1512 2501 eflicimur.
1543 2447 1637 2502 Illa
1665 2450 1878 2519 quidem

292 2537 418 2590 facit
437 2545 494 2590 ut
518 2534 713 2589 afﬂicta
731 2544 784 2589 et
800 2541 986 2588 vexata
1006 2537 1279 2605 quiescat;
1302 2536 1416 2592 haec
1432 2546 1608 2592 autem
1637 2539 1879 2610 ignavam

293 2629 525 2682 animam
545 2626 697 2682 sedat
721 2637 775 2681 et
804 2635 1045 2692 recreat;
1066 2628 1270 2698 pigram
1297 2639 1352 2683 et
1381 2631 1624 2701 supinam
1648 2647 1876 2691 conver-

293 2720 358 2773 tit
378 2728 433 2774 et
459 2733 487 2772 a
513 2719 763 2788 superbia
787 2716 1029 2772 retrahit.
1059 2717 1138 2773 Ne
1162 2720 1322 2789 igitur
1351 2735 1420 2775 ex
1447 2722 1537 2776 illo
1569 2724 1875 2780 testimonio

291 2813 370 2866 eis
396 2817 706 2866 nasceretur
730 2808 920 2876 fastus,
942 2809 1062 2864 vide
1083 2810 1210 2880 quid
1240 2809 1403 2867 faciat
1434 2829 1447 2866 :
1479 2811 1730 2869 Nondum
1749 2858 1761 2880 ,
1790 2817 1876 2871 in-

293 2901 428 2971 quit,
455 2916 614 2970 usque
654 2900 722 2954 ad
747 2900 1046 2970 sanguinem
1073 2900 1330 2956 restitistis
1356 2902 1595 2959 adversus
1622 2917 1878 2973 peccatum

292 3001 630 3062 repugnantes
663 3007 682 3044 :
705 3001 750 3046 et
779 2991 922 3046 obliti
948 2992 1067 3046 estis
1107 2991 1488 3049 consolationis.
1544 2995 1656 3053 Nec
1698 3000 1880 3056 statim

293 3079 566 3148 subjunxit
612 3093 730 3149 quae
781 3087 1097 3149 sequuntur,
1140 3078 1234 3132 sed
1263 3090 1383 3131 cum
1429 3080 1507 3133 eis
1546 3077 1868 3132 ostendisset

291 3183 480 3223 omnes
518 3168 606 3238 qui
654 3167 719 3222 ad
759 3167 1071 3238 sanguinem
1111 3181 1279 3236 usque
1320 3165 1642 3231 restiterant,
1679 3165 1872 3221 deinde

290 3258 676 3330 subjunxisset,
705 3258 1073 3328 glorianonern
1103 3272 1224 3313 esse
1253 3257 1451 3311 Christi
1478 3257 1869 3326 perpessiones,

295 3362 419 3406 tunc
453 3349 610 3406 facile
640 3359 835 3404 caetera
860 3359 942 3405 est
965 3357 1335 3419 persequutus.
1385 3347 1498 3402 Hoc
1537 3347 1699 3402 etiam
1741 3347 1874 3402 scri-

293 3444 426 3497 bens
460 3441 526 3497 ad
556 3441 896 3510 Corinthios,
944 3441 1072 3504 dicit
1105 3459 1118 3495 :
1147 3439 1382 3494 Tentatio
1428 3455 1514 3493 vos
1557 3455 1660 3493 non
1693 3455 1873 3509 appre-

295 3533 511 3598 Itendat,
537 3533 635 3586 nisi
661 3532 885 3586 humana
915 3531 990 3602 (1.
1024 3531 1141 3586 Cor.
1170 3530 1365 3601 10.15)
1385 3571 1402 3596 ,
1432 3529 1534 3584 hoc
1557 3538 1657 3595 est,
1692 3544 1874 3599 parva.

292 3625 405 3679 Hoc
428 3624 572 3680 enim
596 3623 793 3679 sufficit
818 3623 888 3678 ad
925 3621 1268 3678 excitandum
1314 3630 1370 3677 et
1406 3621 1717 3691 erigendum
1762 3621 1876 3675 ani-

292 3731 470 3782 mum,
513 3715 728 3786 quando
753 3714 1067 3785 cogitaverit
1089 3711 1232 3784 quod
1263 3726 1371 3767 non
1397 3712 1461 3766 ad
1495 3720 1662 3766 totum
1688 3725 1875 3766 ascen-

292 3810 390 3874 dit,
415 3818 467 3863 et
491 3809 590 3862 sibi
619 3807 942 3876 persuaserit
969 3820 1032 3859 ex
1062 3804 1127 3859 iis
1155 3819 1274 3874 quas
1299 3811 1708 3875 praecesserunt.
1744 3801 1877 3856 Dicit

294 3915 421 3955 vero
449 3918 461 3952 :
485 3899 729 3954 Nondum
775 3908 1001 3953 mortem
1052 3896 1196 3966 passi
1225 3895 1356 3951 estis
1384 3916 1396 3951 :
1428 3909 1598 3967 usque
1623 3893 1690 3947 ad
1718 3908 1878 3962 pecu-

295 3994 408 4046 nias
435 3993 697 4062 processit
740 4000 974 4045 vestrum
1012 3989 1297 4053 damnum,
1327 4003 1492 4056 usque
1529 3986 1596 4041 ad
1629 3986 1872 4057 gloriam,

293 4096 347 4136 et
379 4098 615 4152 eousque
659 4089 714 4134 ιιι
738 4081 1145 4150 expelleremini
1172 4097 1187 4133 :
1210 4078 1457 4134 Christus
1489 4093 1622 4132 vero
1651 4093 1748 4146 pro
1775 4093 1876 4131 no-

296 4174 376 4226 bis
397 4171 532 4225 fudit
553 4171 886 4240 sanguinem;
910 4184 1007 4224 vos
1028 4179 1205 4223 autem
1232 4183 1402 4238 neque
1428 4182 1526 4237 pro
1546 4169 1695 4221 vobis
1710 4167 1874 4238 ipsis:

299 4267 416 4332 ipse
441 4262 506 4316 ad
532 4273 758 4315 mortem
788 4275 954 4330 usque
980 4258 1305 4325 decertavit,
1335 4258 1532 4314 bellum
1557 4272 1752 4328 gerens
1783 4272 1879 4328 pro

304 4354 549 4420 veritate,
579 4367 674 4420 pro
708 4352 891 4416 vobis;
931 4365 1026 4405 vos
1059 4359 1238 4405 autem
1267 4349 1503 4405 nondum
1535 4348 1766 4403 venistis
1811 4347 1879 4403 ad

300 4442 536 4512 pericula
559 4450 782 4496 mortem
808 4441 1130 4495 minitantia.
1163 4439 1232 4494 Et
1254 4440 1394 4495 obliti
1423 4441 1538 4494 estis
1567 4440 1877 4494 consolatio-

299 4537 397 4594 nis.
431 4533 543 4588 Hoc
584 4541 688 4599 est,
734 4541 788 4587 et
828 4545 1019 4586 manus
1062 4531 1361 4598 remisistis,
1387 4539 1441 4584 et
1465 4530 1708 4585 dissoluti
1729 4531 1874 4585 estis.

303 4624 546 4679 Nondum
566 4666 581 4691 ,
633 4623 837 4693 inquit,
867 4637 1021 4693 usque
1049 4623 1118 4675 ad
1142 4623 1435 4692 sanguinem
1464 4623 1717 4676 restitistis
1739 4663 1754 4687 ,
1782 4622 1879 4675 ad-

301 4731 470 4769 versus
500 4723 756 4785 peccatum
790 4721 1146 4783 repugnantes.
1177 4711 1273 4767 Hic
1315 4712 1552 4766 ostendit
1597 4721 1653 4768 et
1697 4727 1881 4783 pecca-

302 4815 414 4859 tum
459 4803 804 4860 vehementer
853 4804 1094 4872 spirare,
1123 4811 1178 4858 et
1209 4797 1382 4871 ipsum
1423 4817 1541 4858 esse
1580 4812 1879 4860 armatum:

297 4896 428 4954 illud
475 4896 644 4963 enim,
682 4895 952 4950 Restitistis
973 4937 989 4962 ,
1031 4893 1099 4949 ad
1145 4908 1240 4949 eos
1269 4895 1355 4964 qui
1384 4901 1528 4947 stant
1552 4892 1750 4948 dictum
1778 4901 1879 4949 est.

307 4988 437 5053 Quo
459 4988 599 5042 vobis
618 4997 871 5058 tamquam
891 4986 1016 5055 ﬁliis
1043 4987 1266 5056 loquitur
1291 4985 1464 5040 dicens
1485 5001 1504 5040 :
1535 4983 1646 5039 Fili
1662 4986 1751 5052 mi,
1779 4986 1884 5040 noli

303 5081 552 5150 negligere
586 5079 907 5150 disciplinam
939 5076 1182 5143 Domini,
1221 5094 1380 5146 neque
1414 5077 1641 5149 fatigeris
1675 5077 1797 5130 dum
1822 5077 1883 5130 ab

305 5188 362 5225 eo
392 5171 681 5241 corriperis.
701 5169 1136 5225 Consolationcm
1155 5179 1208 5224 et
1225 5168 1649 5224 exhortationem
1675 5169 1797 5223 facit
1818 5184 1886 5223 ex

304 5265 463 5320 rebus
484 5262 644 5333 ipsis:
669 5277 732 5317 ex
755 5261 1078 5318 abundantia
1105 5270 1282 5317 autem
1305 5260 1460 5316 affert
1487 5262 1646 5316 etiam
1673 5277 1736 5316 ex
1766 5277 1888 5315 ver—

305 5355 409 5421 bis,
438 5353 506 5409 ab
526 5353 628 5408 hoc
649 5354 983 5408 testimonio:
1005 5351 1185 5420 Neque
1210 5353 1456 5423 fatigeris,
1479 5351 1669 5421 inquit,
1685 5352 1804 5404 dum
1825 5350 1886 5404 ab

307 5463 367 5501 eo
387 5445 677 5516 corriperis.
701 5445 835 5500 Sunt
865 5459 994 5514 ergo
1019 5443 1134 5498 haec
1166 5444 1277 5499 Dei.
1307 5443 1418 5498 lloc
1443 5458 1654 5514 quoque
1675 5451 1756 5496 est
1782 5457 1888 5497 non

312 5553 527 5605 parvum
551 5536 616 5591 ad
640 5537 1081 5600 consolationem,
1098 5550 1217 5591 eum
1245 5535 1500 5591 discimus
1525 5535 1666 5606 quod
1693 5535 1791 5590 Dei
1807 5543 1890 5590 est

309 5645 442 5697 opus
465 5639 520 5683 ut
551 5627 663 5682 htec
685 5629 797 5684 fieri
829 5629 1052 5696 possint,
1079 5628 1170 5682 illo
1192 5627 1518 5682 concedente
1539 5643 1551 5679 :
1573 5627 1708 5682 sicut
1728 5629 1887 5682 etiam

317 5718 439 5772 dicit
465 5719 686 5774 Paulus:
719 5718 938 5788 Drapter
967 5720 1060 5774 hoc
1085 5729 1158 5774 ter
1178 5719 1442 5775 Dominum
1466 5720 1662 5790 rogari,
1692 5730 1734 5774 et
1763 5718 1890 5773 dixit

1983 701 2126 770 milii,
2152 703 2345 774 Suﬁcit
2362 703 2449 757 tibi
2465 705 2628 775 gratia
2655 721 2764 758 mea
2783 721 2802 758 :
2818 722 2935 759 nam
2961 706 3119 762 uirtus
3135 722 3245 761 mea
3263 707 3314 761 in
3335 707 3553 775 inﬁrmi-

1980 803 2080 846 tate
2097 795 2352 862 perﬁcitur
2374 794 2450 863 (‘2.
2468 795 2740 849 Cor.i‘2.8.
2762 795 2837 865 9).
2857 796 2946 851 Ille
2963 811 3091 867 ergo
3111 797 3370 852 concedit.
3396 798 3556 864 Quem

1977 887 2110 936 enim
2137 883 2301 955 diligit
2326 884 2572 939 Dominus
2590 928 2604 950 ,
2635 885 2870 957 castigat,
2907 887 3136 959 ﬂagellat
3164 899 3334 942 autem
3360 905 3557 942 omnem

1978 973 2142 1040 ﬁlium
2170 990 2316 1040 quem
2351 975 2549 1045 recipit.
2571 974 2686 1029 Non
2717 987 2866 1046 potes
2893 976 3077 1032 dicere
3104 979 3244 1048 quod
3273 977 3341 1032 sit
3365 979 3556 1049 aliquis

1974 1063 2148 1132 justus
2168 1065 2367 1135 ahsque
2393 1065 2681 1123 afﬂictione
2711 1087 2724 1122 :
2757 1069 2965 1124 etiamsi
3008 1070 3150 1124 enim
3176 1071 3255 1126 sic
3281 1079 3553 1140 appareat,

1977 1154 2070 1208 sed
2100 1169 2198 1210 nos
2233 1156 2502 1210 nescimus
2531 1157 2661 1212 alias
2688 1157 3025 1214 afﬂictiones.
3076 1160 3434 1227 Quamobrem
3465 1178 3556 1217 ne-

1977 1262 2130 1301 cesse
2167 1260 2249 1302 est
2297 1257 2354 1302 ut
2402 1248 2574 1319 quivis
2617 1250 2792 1319 justus
2841 1255 3018 1307 veniat
3065 1269 3161 1325 per
3189 1253 3552 1310 afﬂictioncm.

1979 1336 2072 1390 Est
2103 1339 2243 1392 enim
2271 1338 2473 1395 Christi
2513 1343 2776 1397 sententia
2795 1385 2810 1410 ,
2833 1344 2974 1410 quod
3002 1347 3083 1399 via
3112 1347 3216 1399 lata
3235 1332 3299 1402 ~et
3325 1349 3557 1417 spatiosa

1978 1429 2196 1484 abducit
2239 1431 2305 1485 ad
2357 1432 2653 1500 interitum,
2684 1445 2830 1490 arcta
2854 1447 3028 1492 autem
3058 1448 3112 1493 et
3130 1450 3353 1510 angusta
3385 1440 3452 1494 ad
3482 1441 3562 1495 vi-

1978 1530 2084 1573 tam
2110 1521 2323 1589 (Matth.
2344 1523 2395 1577 7.
2417 1524 2530 1595 15).
2557 1524 2615 1580 Si
2641 1541 2769 1596 ergo
2795 1527 2918 1582 inde
2947 1528 3070 1584 licet
3089 1531 3270 1585 venire
3289 1531 3356 1586 ad
3375 1533 3560 1601 vitam,

1977 1610 2192 1666 aliunde
2220 1627 2347 1666 vero
2373 1629 2478 1668 non
2506 1614 2628 1670 licet
2661 1634 2676 1671 :
2709 1632 2805 1686 per
2832 1628 3109 1690 angustam
3129 1636 3256 1690 ergo
3283 1624 3418 1677 viam
3445 1639 3563 1678 om-

1979 1715 2074 1755 nes
2106 1713 2385 1770 venerunt,
2412 1705 2500 1774 qui
2525 1717 2788 1762 venerunt
2817 1709 2884 1764 ad
2906 1711 3088 1766 vitam.
3120 1711 3184 1768 Si
3213 1715 3560 1786 disciplinam,

1979 1793 2167 1862 inquit,
2193 1797 2468 1863 sustinetis,
2492 1815 2612 1868 erga
2639 1816 2725 1855 vos
2747 1809 3001 1874 tamquam
3015 1822 3137 1876 erga
3162 1807 3296 1876 ﬁlios
3321 1809 3565 1880 afﬁcietur

1977 1881 2135 1938 Deus.
2166 1885 2291 1952 Quis
2323 1887 2456 1940 enim
2477 1889 2638 1957 ﬁlius,
2673 1907 2819 1960 quem
2846 1909 2947 1947 non
2977 1896 3184 1966 corripit
3209 1899 3393 1966 pater?
3423 1900 3565 1968 Ergo

1976 1979 2042 2032 ad
2071 1981 2483 2048 correptionem,
2529 1997 2634 2036 non
2682 1983 2747 2038 ad
2780 2000 2988 2055 poenam
3019 2028 3035 2053 ,
3065 2003 3238 2058 neque
3263 1991 3328 2043 ad
3355 1993 3564 2060 suppli-

1977 2070 2138 2133 cium,
2185 2085 2358 2140 neque
2397 2080 2452 2126 ut
2488 2072 2626 2127 male
2654 2074 2954 2144 patiamini.
2987 2076 3123 2133 Vide
3158 2098 3170 2132 :
3203 2081 3345 2135 unde
3371 2084 3566 2136 existi-

1978 2159 2192 2214 mabant
2244 2175 2302 2215 se
2353 2177 2475 2217 esse
2521 2163 2828 2231 derelictos,
2877 2181 2944 2221 ex
2976 2167 3080 2234 his,
3115 2170 3307 2240 inquit,
3339 2174 3568 2228 credant

1977 2251 2118 2320 quod
2149 2248 2667 2311 non'sintderelicti.
2697 2257 2859 2325 Quasi
2887 2259 3094 2315 diceret
3123 2279 3137 2315 :
3169 2262 3429 2329 Quoniam
3453 2276 3568 2321 tam

1979 2343 2144 2397 multa
2184 2345 2322 2398 mala
2369 2347 2508 2415 passi
2546 2349 2677 2403 estis
2700 2391 2715 2416 ,
2749 2350 3071 2408 existimatis
3116 2356 3260 2424 quod
3299 2357 3439 2412 Deus
3463 2374 3569 2416 vos

1979 2431 2236 2488 dimiserit
2267 2443 2320 2488 et
2347 2435 2560 2490 oderit?
2601 2437 2708 2492 Sed
2753 2439 2796 2493 si
2844 2455 2951 2495 non
2988 2444 3132 2511 passi
3172 2449 3360 2502 essetis
3384 2488 3399 2512 ,
3432 2456 3570 2507 tunc

1979 2531 2251 2590 Oporterct
2279 2522 2381 2578 hoc
2405 2526 2666 2595 suspicari
2710 2544 2723 2580 :
2757 2545 2879 2582 nam
2919 2531 2962 2585 si
2995 2531 3223 2602 ﬂagellat
3248 2550 3464 2591 omnem
3491 2538 3569 2592 [i-

1979 2614 2107 2667 lium
2135 2630 2290 2684 quem
2320 2617 2524 2685 recipit,
2556 2618 2647 2687 qui
2686 2634 2791 2675 non
2824 2620 3140 2692 ﬂagellatur,
3174 2625 3400 2684 fortasse
3444 2646 3564 2687 non

1979 2714 2062 2758 est
2088 2702 2245 2757 filius.
2277 2704 2415 2772 Quid
2439 2722 2565 2761 vero
2586 2749 2602 2775 ,
2636 2709 2843 2780 inquit,
2877 2713 3002 2768 mali
3025 2730 3130 2769 non
3177 2718 3318 2773 male
3354 2723 3575 2789 patiun-

1982 2794 2109 2848 tur?
2130 2794 2411 2850 Patiuntur
2435 2799 2648 2866 quidem
2679 2817 2693 2854 :
2717 2804 2986 2871 quomodo
3012 2807 3156 2861 enim
3181 2825 3285 2864 non
3317 2823 3576 2880 pateren-

1987 2885 2114 2940 tur?
2137 2885 2229 2940 sed
2262 2901 2368 2941 non
2395 2887 2557 2956 dixit,
2605 2890 2934 2964 Quicumque
2958 2895 3254 2966 ﬂagellatur
3279 2911 3362 2956 est
3381 2903 3531 2959 [ilius
3557 2947 3574 2972 ,

1981 2977 2100 3043 sed,
2147 2978 2334 3033 Omnis
2361 2980 2503 3036 lilius
2539 2981 2856 3052 ﬂagellatur.
2901 2986 3008 3042 Sed
3037 3003 3141 3044 non
3174 3001 3327 3060 potes
3353 2992 3454 3049 hoc
3478 2993 3581 3050 di-

1980 3081 2104 3123 cere
2135 3087 2146 3122 :
2175 3078 2298 3123 sunt
2326 3071 2466 3124 enim
2495 3072 2583 3142 qui
2611 3073 2949 3143 ﬂagellautur
2975 3079 3124 3133 multi
3144 3121 3158 3147 ,
3198 3084 3358 3136 etiam
3393 3085 3528 3139 mali
3558 3130 3574 3152 ,

1981 3170 2040 3214 ut
2071 3160 2347 3216 homicidae
2367 3202 2380 3222 .
2411 3161 2679 3232 latrones,
2711 3167 3132 3238 prmstigiatores
3151 3211 3168 3239 ,
3191 3174 3576 3243 sepulcrorum

1980 3251 2284 3307 ell‘ossores.
2313 3252 2417 3308 Sed
2445 3253 2516 3307 illi
2548 3269 2769 3311 suorum
2796 3259 3060 3314 scelerum
3097 3261 3226 3316 dant
3253 3279 3475 3335 pinnas,
3511 3280 3574 3324 et

1981 3356 2090 3396 non
2120 3340 2456 3413 ﬂagellantur
2480 3353 2747 3416 tamquam
2771 3347 2886 3416 ﬂlii,
2917 3349 3011 3406 sed
3041 3351 3332 3421 puniuntur
3357 3367 3412 3409 ut
3441 3372 3576 3413 sce-

1976 3451 2162 3513 lerati;
2193 3465 2292 3505 vos
2320 3459 2498 3503 autem
2528 3455 2798 3516 tamquam
2828 3442 2942 3496 lilii.
2971 3441 3131 3496 Vides
3159 3436 3427 3509 quomodo
3463 3452 3579 3491 un-

1975 3538 2134 3611 dique
2175 3540 2452 3595 ratiocinia
2486 3547 2701 3602 movet,
2752 3550 2781 3589 a
2831 3534 2984 3589 factis
3011 3547 3129 3602 qua:
3160 3538 3283 3585 sunt
3329 3529 3383 3584 in
3411 3525 3581 3583 Scri-

1977 3639 2130 3698 ptura
2150 3672 2164 3696 ,
2192 3645 2222 3684 a
2247 3629 2426 3686 verbis
2445 3671 2462 3697 ,
2506 3643 2536 3684 a
2577 3627 2810 3699 propriis
2835 3623 3146 3680 nationibus
3165 3662 3179 3686 ,
3210 3621 3278 3676 ab
3301 3619 3588 3689 exemplis

1976 3739 2094 3792 qua:
2123 3733 2248 3779 sunt
2277 3723 2328 3778 in
2359 3723 2485 3776 vita.
2545 3720 2748 3775 Deinde
2795 3719 2955 3772 etiam
2987 3732 3016 3770 a
3047 3713 3316 3770 communi
3339 3726 3592 3766 censue-

1979 3814 2202 3869 tudine?
2230 3814 2282 3869 8.
2319 3814 2468 3880 Quod
2493 3813 2536 3866 si
2569 3821 2710 3865 extra
2736 3809 3059 3880 disciplinam
3085 3806 3224 3870 estis,
3259 3805 3405 3873 cujus
3444 3820 3591 3873 par-

1979 3905 2154 3973 ticipes
2191 3905 2315 3976 facti
2355 3911 2473 3957 sunt
2514 3917 2684 3956 omnes
2727 3917 2746 3954 :
2777 3915 2894 3969 ergo
2922 3897 3232 3961 adulterini,
3264 3905 3310 3949 et
3339 3910 3441 3946 non
3475 3894 3592 3962 ﬁlii

1979 3995 2114 4048 estis.

2049 4085 2106 4138 2.
2144 4083 2305 4139 Vides
2333 4082 2476 4154 quod
2504 4082 2640 4137 dixit
2668 4080 2720 4136 id
2767 4079 2910 4152 quod
2954 4077 3231 4143 dicebam,
3275 4074 3418 4146 quod
3465 4091 3594 4131 non

1981 4178 2150 4246 possit
2176 4188 2297 4230 esse
2327 4174 2464 4229 ﬂlius
2492 4173 2582 4245 qui
2610 4187 2714 4227 non
2743 4169 3073 4242 castigatur?
3116 4167 3250 4222 Nam
3298 4169 3599 4237 quomodo

1982 4267 2036 4322 in
2063 4267 2274 4322 familiis
2302 4266 2632 4321 adulterinos
2658 4264 2795 4318 filios
2816 4261 3116 4332 despiciunt
3137 4274 3333 4330 patres,
3359 4260 3600 4316 etiamsi

1981 4359 2116 4414 nihil
2140 4359 2368 4426 discant,
2397 4357 2608 4414 etiamsi
2640 4371 2746 4411 non
2773 4355 2878 4410 sint
2902 4354 3070 4426 gloria
3101 4351 3371 4423 insignes;
3397 4350 3469 4407 de
3503 4353 3598 4407 le-

1979 4452 2180 4525 gitimis
2199 4464 2372 4507 autem
2405 4451 2528 4506 [iliis
2556 4451 2743 4504 timent
2770 4464 2838 4503 ne
2864 4463 2923 4504 se
2944 4447 3144 4502 dedant
3162 4446 3270 4501 otio
3295 4459 3350 4501 et
3380 4463 3602 4503 socor-

1981 4548 2084 4602 dia:
2110 4547 2214 4601 :ita
2240 4547 2398 4601 etiam
2429 4545 2482 4600 in
2515 4543 2785 4614 praesenti.
2810 4540 2865 4598 Si
2887 4549 2970 4596 est
2991 4556 3118 4611 ergo
3145 4539 3603 4596 adulterinorum

1984 4654 2089 4693 non
2107 4635 2329 4703 erudiri,
2346 4634 2578 4706 gaudere
2605 4641 2819 4704 oportet
2837 4633 2906 4688 ob
2926 4631 3286 4702 disciplinam,
3307 4630 3605 4701 siquidem

1983 4744 2043 4783 ea
2067 4727 2348 4782 adhibetur
2377 4727 2428 4780 in
2454 4725 2724 4797 germanis
2748 4732 2805 4780 et
2825 4722 3076 4795 legitimis
3102 4721 3245 4776 filiis.
3275 4721 3606 4791 Tamquam

1984 4821 2104 4875 filiis
2131 4819 2282 4874 vobis
2309 4834 2367 4874 se
2395 4818 2552 4874 offert
2578 4818 2746 4872 Deus:
2768 4827 2986 4887 propter
3014 4815 3115 4868 hoc
3142 4814 3318 4884 ipsum
3343 4813 3506 4868 dicit.
3540 4815 3610 4871 9.

1984 4913 2180 4968 Deinde
2199 4921 2366 4983 patres
2381 4910 2584 4982 quidem
2600 4909 2767 4963 carnis
2788 4919 2974 4962 nostra:
2989 4905 3267 4960 eruditores
3284 4903 3609 4974 habuimus,

1983 5014 2028 5059 et
2060 5003 2405 5057 reverebantur
2453 5017 2537 5055 eos
2567 5015 2585 5054 :
2611 5017 2712 5054 non
2751 5001 2911 5053 multo
2938 4997 3099 5070 magis
3125 4995 3617 5066 obtemperabimus

1986 5095 2135 5150 Patri
2161 5094 2451 5164 spirituum,
2479 5101 2526 5146 et
2554 5091 2816 5146 vivemus?
2841 5090 3048 5145 Rursus
3091 5102 3120 5141 a
3168 5087 3397 5158 propriis
3457 5102 3620 5156 per-

1990 5184 2348 5256 pessionibus,
2377 5184 2446 5238 ab
2473 5181 2536 5237 iis
2566 5196 2686 5252 quae
2730 5180 2828 5251 ipsi
2877 5178 3214 5250 patiebantur
3241 5219 3255 5244 ,
3304 5175 3617 5236 hortatur.

1987 5277 2134 5333 Sicut
2163 5277 2306 5331 enim
2335 5274 2443 5328 illic
2468 5273 2598 5327 dicit
2631 5288 2643 5325 :
2675 5269 3104 5324 Rememoramini
3134 5267 3375 5338 pristinos
3417 5267 3558 5322 dies
3592 5286 3617 5325 :

1987 5371 2057 5425 ita
2086 5369 2173 5423 hic
2199 5382 2410 5438 quoque
2443 5382 2456 5419 :
2490 5365 2631 5419 Deus
2656 5405 2671 5430 ,
2702 5363 2908 5433 inquit,
2962 5360 3241 5417 nobiscum
3285 5358 3392 5428 agit
3453 5369 3631 5415 tam-

1988 5476 2149 5531 quam
2176 5474 2297 5513 cum
2329 5457 2475 5524 filiis,
2505 5470 2605 5511 nec
2630 5453 2852 5524 poteStis
2877 5451 3059 5507 dicere
3082 5492 3096 5516 ,
3144 5449 3262 5504 Non
3291 5460 3630 5518 possumus

1991 5556 2162 5617 ferre;
2191 5563 2244 5607 et
2275 5561 2542 5618 tamquam
2569 5563 2688 5602 cum
2720 5546 2858 5602 caris
2889 5543 3014 5598 filiis
3044 5544 3084 5597 ί.
3119 5541 3253 5596 Nam
3298 5541 3343 5595 si
3396 5552 3632 5609 patres

2057 5668 2071 5698 ³
2101 5664 2243 5721 Illud,
2266 5670 2308 5714 et
2333 5671 2576 5722 tamquam
2600 5671 2710 5710 cum
2732 5656 2867 5722 caris
2881 5654 3014 5722 filiis,
3041 5669 3136 5704 non
3160 5653 3340 5716 legitur
3382 5651 3446 5703 in
3502 5657 3639 5709 Mn.

1995 5732 2205 5786 tiauo,ct
2230 5719 2417 5777 videtur
2439 5719 2651 5774 alienum
2678 5734 2788 5772 esse
2814 5719 3208 5770 additamentum.
