3970 6152
275 332 383 387 205

274 445 452 508 αἰτίας
483 444 577 499 καὶ
601 445 706 497 ἀπὸ
736 443 827 498 τοῦ
872 446 1193 517 πράγματος
1223 463 1236 476 ·
1266 447 1326 499 οὐ
1358 445 1466 518 γάρ
1497 447 1589 498 ἐ.πί
1620 446 1734 507 τοῖς
1761 444 1859 497 αὐ-

272 534 385 594 τοῖς
412 523 566 593 οὗτος
600 530 840 583 κάκεῖνοι
870 527 1203 582 παιδεύουσι.
1220 528 1370 601 [275]
1388 530 1478 583 Διὸ
1503 529 1597 581 καὶ
1626 528 1819 595 ἐπάγει
1842 543 1857 558 ο

278 617 343 668 Οἱ
367 614 484 683 μὲν
529 615 637 681 γὰρ
660 613 808 679 πρὸς
837 611 1045 680 ὀλίγας
1086 611 1309 680 ἡμέρας
1336 612 1486 666 κατὰ
1521 611 1590 665 τὸ
1636 609 1861 664 δοκοῦν

271 696 476 761 αὐτοῖς
516 694 837 747 ἐπαίδευον
861 709 875 723 °
915 695 1197 747 τουτέστιν
1220 735 1236 760 ,
1277 693 1473 765 ήδονὴν
1521 693 1859 764 πληροῦντες

272 781 531 841 πολλάκις
557 816 571 843 ,
617 779 712 831 καὶ
746 779 806 830 οὑ
852 777 1128 848 πανταχοῦ
1166 778 1228 831 τὸ
1274 777 1554 848 συμφέρον
1600 777 1854 848 ὁρῶντες.

218 897 230 909 -
283 862 551 919 Ἐνταῦθα
579 862 636 914 δὲ
650 863 750 914 οὐκ
770 861 886 914 ἔστι
910 860 1070 914 τοῦτο
1098 863 1275 915 εἰπεῖν
1294 876 1310 890 °
1336 862 1397 915 οὐ
1422 861 1533 933 γὰρ
1559 861 1649 915 διά
1680 879 1732 914 τι
1749 861 1857 915 τῶν

271 945 441 1001 αὐτοῦ
469 945 629 999 τοῦτο
653 948 836 1012 ποιεῖ,
879 944 1018 998 ἀλλά
1059 944 1130 997 δι’
1166 946 1310 1014 ὑμᾶς
1345 945 1441 998 καὶ
1475 944 1573 1013 τὴν
1588 943 1858 1011 ὠφέλειαν

273 1030 443 1102 μόνην
468 1029 569 1099 τὴν
602 1029 876 1098 ὑμετέραν
903 1045 916 1058 ·
955 1029 1179 1094 ἐκεῖνοι,
1213 1028 1299 1081 ἵνα
1329 1027 1427 1081 καὶ
1454 1027 1638 1090 αὐτοῖς
1664 1029 1858 1096 χρήσιο

273 1129 364 1181 μοι
393 1110 647 1182 γένησθε,
681 1109 943 1173 πολλάκις
969 1109 1024 1161 δὲ
1057 1108 1153 1162 καὶ
1197 1112 1321 1182 εἰκῆ
1353 1124 1368 1140 ο
1406 1108 1645 1162 ἐνταῦθα
1683 1108 1742 1160 δὲ
1767 1108 1859 1162 οὐ·

268 1196 358 1250 δὲν
386 1194 627 1249 τοιοῦτόν
661 1195 829 1247 ἑστιν.
864 1193 1032 1264 Ὁρᾷς
1060 1192 1143 1245 ὄτι
1172 1193 1269 1246 καὶ
1304 1191 1463 1247 τοῦτο
1491 1194 1648 1265 φέρει
1678 1192 1857 1262 παράο

272 1279 502 1349 κλησιν;
550 1276 803 1331 Μάλιστα
843 1275 954 1346 γὰρ
997 1274 1232 1339 ἐκείνοις
1278 1274 1630 1344 οἰκειούμεθα
1657 1316 1672 1342 ,
1726 1274 1860 1328 ὅταν

271 1364 471 1433 ἴδωμεν
518 1362 601 1414 ὅτι
646 1360 707 1413 οὐ
739 1359 827 1413 διά
856 1376 908 1412 τι
934 1358 1043 1413 τῶν
1080 1358 1264 1414 αὐτῶν
1302 1359 1335 1431 ἢ
1383 1359 1785 1425 ἑπιτάττουσιν,
1822 1359 1856 1429 ἢ

272 1442 636 1517 παραινοῦσιν
660 1482 675 1507 ,
708 1442 824 1496 ἀλλ’
852 1440 1147 1513 ὁλόκληρος
1176 1444 1209 1512 ή
1246 1442 1450 1513 σπουδὴ
1497 1442 1585 1495 διὰ
1616 1442 1677 1495 τὸ
1721 1443 1861 1512 ὴμέ-

270 1546 430 1601 τερον
461 1528 691 1598 γίνεται.
735 1525 907 1580 Τοῦτο
941 1527 1050 1597 γάρ
1095 1528 1248 1580 ἑστιν
1292 1525 1592 1597 εἰλικρινὴς
1640 1525 1855 1597 ἀγάπη,

272 1614 367 1666 καὶ
394 1611 565 1672 ὅντως
596 1611 807 1680 ἀγάπη,
831 1611 959 1663 ὃταν
982 1608 1149 1679 μηδὲν
1171 1608 1323 1671 ὅντες
1348 1608 1429 1678 τῷ
1455 1609 1699 1679 φιλοῦντι
1721 1611 1859 1680 χρή-

274 1712 425 1767 σιμοι
448 1736 464 1761 ,
502 1692 786 1764 φιλῶμεθα
830 1693 960 1763 παρ’
991 1689 1180 1747 αὐτοῦ.
1221 1691 1530 1763 Φιλούμεθα
1569 1693 1682 1764 γὰρ
1705 1732 1721 1758 ,
1759 1692 1860 1762 οὐχ

271 1780 359 1835 ἵνα
385 1778 545 1851 λάϐῃ,
574 1777 691 1830 ἀλλ’
720 1777 807 1830 ῖνα
829 1776 905 1847 δῷ
929 1793 944 1809 ο
977 1775 1247 1840 παιδεύει,
1274 1777 1454 1830 πάντα
1483 1778 1650 1841 ποιεῖ,
1680 1775 1861 1830 πάντα

273 1861 584 1926 σπουδάζει,
617 1861 772 1915 ὥστε.
799 1859 1058 1929 γενέσθαι
1093 1862 1243 1932 ήμάς
1270 1860 1556 1924 δεκτικοὺς
1584 1860 1695 1914 τῶν
1722 1860 1862 1927 ἀγα-

272 1947 380 2003 θῶν
408 1947 516 2001 τῶν
542 1942 727 1999 αὑτοῦ.
751 1947 817 1999 Οἱ
836 1944 955 2014 μὲν
974 1945 1108 2013 γὰρ,
1138 1945 1292 2015 φησὶ,
1317 1944 1467 2013 πρὸς
1491 1944 1700 2013 ὀλίγας
1721 1943 1862 2012 ἠμέ-

263 2050 378 2102 ρας
404 2028 557 2084 κατά
593 2030 659 2084 τὸ
694 2028 919 2083 δοκοῦν
955 2028 1161 2095 αὐτοῖς
1201 2027 1523 2083 ἐπαίδευον
1545 2044 1559 2059 ⁸
1600 2029 1632 2081 ό
1662 2026 1732 2080 δὲ
1762 2026 1861 2080 ἐπὶ

271 2116 338 2169 τὸ
365 2112 694 2184 συμφέρον,
718 2115 805 2179 είς
827 2114 892 2166 τὸ
911 2111 1275 2181 μεταλαϐεῖν
1296 2111 1408 2181 τῆς
1432 2112 1744 2181 ἁγιότητος
1762 2112 1863 2164 αὺ-

268 2197 401 2253 τοῦ.
457 2197 524 2250 Τί
571 2197 711 2261 ἑστι,
761 2193 876 2263 Τῆς
913 2194 1225 2263 ἁγιότητος
1268 2194 1495 2258 αὐτοῦ;
1551 2194 1815 2246 Τουτέστι
1840 2233 1857 2259 ,

270 2284 369 2352 τῆς
396 2280 792 2353 καθαρότητος,
827 2277 970 2336 ὥστε
1003 2279 1190 2344 ἀξίους
1222 2276 1391 2331 αὐτοῦ
1420 2276 1675 2346 γενέσθαι
1720 2276 1862 2330 κατά

270 2366 525 2436 δύναμιν.
567 2365 810 2426 Ἐκεῖνος
850 2360 1144 2425 σπουδάζει
1172 2360 1262 2415 ἵνα
1302 2360 1528 2432 λάϐητε,
1560 2361 1654 2414 καὶ
1681 2361 1861 2416 πάντα

273 2465 420 2517 ποιεῖ
441 2461 531 2515 ἵνα
557 2459 632 2530 δῷ
664 2460 793 2529 ὑμῖν
814 2475 829 2490 ο
862 2459 1021 2527 ὑμεῖς
1041 2457 1098 2510 δὲ
1120 2457 1181 2510 οὐ
1210 2455 1543 2521 σπουδάζετε
1571 2457 1658 2511 ἴνα
1687 2456 1860 2528 λάϐη-

273 2564 358 2601 τε.
386 2543 592 2607 Εἷπον,
625 2544 781 2614 φησὶ,
810 2542 891 2609 τῷ
915 2544 1131 2609 Κυρίῳ,
1162 2541 1378 2610 Κύριός
1398 2558 1518 2610 μου
1546 2538 1607 2596 εἷ
1638 2541 1742 2606 σὺ,
1771 2542 1860 2596 ὅτι

272 2632 390 2686 τῶν
412 2628 649 2702 ἀγαθῶν
667 2646 789 2697 μου
816 2628 889 2681 οὐ
912 2628 1122 2696 χρείαν
1149 2626 1327 2695 ἔχεις.
1350 2622 1515 2691 Εϊτα,
1544 2628 1696 2696 φησί,
1719 2627 1861 2694 τοὺς

268 2714 386 2784 μὲν
412 2711 521 2781 τῆς
540 2711 772 2781 σαρκὸς
807 2708 978 2780 ἡμῶν
1001 2708 1261 2779 πατέρας
1290 2708 1534 2779 εἴχομεν
1555 2710 1862 2764 παιδεύον-

274 2815 383 2864 τας
408 2836 423 2861 ,
474 2794 574 2851 καὶ
620 2794 1052 2863 ἐνετρεπόμεθα
1077 2809 1091 2824 ’
1140 2794 1214 2846 οὐ
1269 2792 1477 2858 πολλῷ
1507 2793 1577 2846 δὲ
1618 2792 1862 2862 μᾶλλον

272 2878 776 2948 ὑποταγησόμεθα
814 2874 896 2940 τῷ
938 2871 1286 2943 Ιιατρί¹τῶν
1321 2874 1676 2945 πνευμάτων
1698 2914 1713 2936 .
1758 2874 1861 2929 καὶ

274 2962 569 3032 ζήσομεν;
593 2958 678 3025 Τῷ
698 2958 875 3028 (Iath
903 2957 1023 3011 τῶν
1046 2958 1403 3028 πνευμάτων
1425 2975 1440 2989 ο
1477 2959 1595 3030 ἦτοι
1628 2957 1739 3013 τῶν
1771 2976 1862 3028 χα-

277 3045 558 3117 ρισμάτων
578 3043 746 3111 λέγει,
778 3042 898 3113 ἦτοι
916 3040 1025 3094 τῶν
1054 3041 1247 3112 εὐχῶν,
1271 3042 1389 3113 ήτοι
1414 3041 1524 3094 τῶν
1552 3041 1861 3110 ἀσωμάτων

273 3129 578 3198 δυνάμεων.
651 3125 778 3178 Ἐὰν
822 3123 997 3188 οὑτως
1040 3124 1472 3195 ἀποθνήσκωμεν
1495 3162 1510 3189 ,
1541 3122 1664 3174 τότε
1694 3121 1859 3192 ζησό-

277 3209 440 3281 μεθα.
478 3209 589 3263 Καὶ
621 3207 803 3271 καλῶς
845 3203 1032 3272 εἴπεν,
1070 3208 1134 3260 Ol
1168 3204 1287 3276 μὲν
1319 3205 1430 3274 γὰρ
1466 3205 1613 3273 πρὸς
1650 3204 1861 3273 ὀλίγας

276 3292 502 3364 ἡμέρας
548 3290 870 3346 ἐπαίδευον
918 3289 1069 3344 κατὰ
1109 3288 1178 3342 τὸ
1228 3288 1454 3364 δοκοῦν
1495 3287 1699 3353 αὐτοῖς
1733 3303 1748 3318 ο
1797 3288 1858 3340 οὐ

272 3362 386 3449 γάρ
413 3374 689 3446 πανταχοῦ
720 3374 781 3427 τὸ
806 3372 996 3426 δοκοῦν
1027 3371 1307 3444 συμφέρον
1331 3386 1347 3403 ο
1372 3362 1529 3432 οὗτος
1557 3369 1614 3422 δὲ
1639 3368 1776 3441 πρὸς
1797 3369 1859 3423 τὸ

276 3477 340 3515 συ
348 3460 577 3531 μφέρον.

295 3564 299 3569 ’
344 3542 415 3613 γ’.
431 3545 575 3614 ’Δρα
602 3543 634 3612 ἠ
655 3539 870 3594 παιδεία
893 3537 1191 3609 συμφέρον,
1210 3536 1366 3608 ἀραή
1396 3534 1615 3589 παιδεία
1633 3535 1861 3608 μετάληο

271 3627 365 3696 ψις
391 3625 676 3694 ἀγιότητός
705 3626 841 3677 ἑστι.
874 3623 985 3676 Καὶ
1028 3620 1236 3692 σφόδρα
1263 3637 1329 3689 γε
1353 3635 1368 3650 ·
1399 3620 1527 3673 ὅταν
1556 3618 1665 3689 γὰρ
1692 3618 1861 3689 ρᾳθυ-

278 3709 405 3778 μίαν
435 3708 692 3779 ἐκϐάλλῃ,
727 3708 855 3760 ὃταν
883 3704 1183 3774 ἐπιθυμίαν
1212 3703 1476 3776 πονηράν,
1524 3703 1652 3755 ὅταν
1682 3701 1860 3771 ἐρωτα

273 3795 383 3850 τῶν
406 3791 676 3865 βιωτικῶν
703 3789 1070 3862 πραγμάτων,
1091 3789 1220 3842 ὅταν
1244 3787 1525 3857 συστρέφῃ
1546 3786 1644 3857 τὴν
1660 3786 1857 3857 ψυχὴν,

273 3879 403 3932 ὅταν
430 3879 556 3946 ποιῇ
582 3874 935 3945 καταγνῶναι
974 3872 1083 3926 τῶν
1116 3870 1353 3926 ἐνταῦθα
1380 3866 1602 3923 πάντων
1632 3870 1862 3943 (τοιοῦτο

273 3962 383 4032 γάρ
405 3962 439 4032 ή
462 3959 688 4028 θλίψις),
704 3957 827 4027 οὐχὶ
852 3957 984 4024 ἁγία
1012 3955 1254 4023 γίνεται;
1278 3953 1401 4024 οὐχὶ
1426 3953 1522 4007 τοῦ
1545 3954 1862 4024 Πνεύματος

272 4043 576 4095 ἐπισπᾶται
624 4040 723 4110 τὴν
765 4040 968 4109 χάριν;
1022 4039 1402 4108 Ἐννοήσωμεν
1444 4037 1732 4109 τοιγαροῦν
1774 4037 1863 4090 ἀεὶ

275 4130 402 4189 τοὺς
432 4124 671 4187 δικαίους
695 4165 710 4188 ,
745 4123 841 4176 καὶ
885 4123 1085 4191 ῖδωμεν
1129 4120 1294 4174 πόθεν
1337 4122 1536 4183 πάντες
1572 4120 1818 4191 ἔλαμψαν
1843 4162 1858 4187 ,

278 4209 431 4283 [274]
454 4211 547 4262 καὶ
566 4206 671 4277 πρὸ
700 4206 937 4269 πάντων,
963 4206 992 4257 ό
1016 4203 1205 4269 Ἅϐελ,
1235 4202 1264 4254 ὁ
1287 4203 1410 4256 Νῶε
1435 4219 1449 4233 ·
1480 4199 1589 4274 ἆρα
1614 4203 1722 4273 γάρ
1744 4205 1863 4273 οὐχὶ

274 4293 386 4345 ἀπὸ
415 4290 680 4360 θλίψεωςς
705 4290 767 4341 οὐ
796 4287 904 4358 γάρ
933 4287 1049 4339 ἑστι
1077 4286 1168 4339 τὸν
1210 4286 1372 4358 μόνον
1412 4285 1539 4339 ὅντα
1569 4287 1628 4338 ὲν
1668 4286 1746 4357 τῷ
1775 4303 1865 4339 το-

278 4375 456 4445 σούτῳ
500 4373 696 4445 πλήθει
733 4372 842 4425 τῶν
884 4372 1069 4426 κακῶν
1117 4374 1193 4443 μὴ
1237 4371 1539 4425 θλίϐεσθαι.
1570 4370 1699 4425 Νῶε
1727 4372 1859 4442 γὰρ,

277 4459 433 4531 φησὶ,
460 4458 651 4529 μόνος
686 4457 916 4523 τέλειος
951 4454 1037 4511 ὢν
1074 4457 1144 4510 ἐν
1180 4456 1256 4526 τῇ
1296 4456 1474 4527 γενεᾷ
1516 4453 1703 4513 αὐτοῦ
1725 4497 1741 4522 ,
1780 4456 1864 4522 τῷ

280 4542 402 4609 Θεῷ
431 4543 863 4612 εὐηρέστησεν.
909 4542 1194 4613 Ἐννόησον
1232 4541 1342 4612 γάρ
1378 4559 1508 4611 μοι,
1551 4544 1601 4596 εἰ
1636 4542 1730 4596 νῦν
1760 4560 1864 4613 μυ-

279 4630 428 4700 ρίους
450 4628 666 4698 ἔχοντες
691 4620 766 4679 ὧν
805 4624 1125 4696 ζηλώσομεν
1158 4625 1257 4695 τὴν
1299 4625 1524 4695 ἀρετὴν,
1571 4627 1664 4679 καὶ
1701 4627 1865 4679 πατέ-

280 4729 379 4783 ρας
403 4722 423 4743 ⁸
442 4752 457 4775 ,
488 4710 585 4764 καὶ
611 4709 968 4773 διδασκάλους
992 4749 1007 4775 ,
1042 4707 1186 4761 οὑτω
1230 4706 1550 4776 θλιϐόμεθα,
1588 4710 1642 4762 τί
1673 4711 1863 4763 παθεῖν

280 4799 488 4850 ἐκεῖνον
533 4794 681 4857 εἰκὸς
708 4790 784 4869 ἦν
835 4793 995 4864 μόνον
1041 4791 1246 4864 μεταξὺ
1280 4790 1586 4859 τοσούτων;
1618 4792 1756 4846 ἀλλά
1795 4793 1863 4846 τά

279 4881 423 4934 κατά
452 4878 544 4933 τὸν
571 4877 723 4932 ὑετὸν
744 4877 882 4931 είπω
902 4876 993 4933 τὸν
1020 4876 1172 4943 ξένον
1191 4877 1400 4930 ἐκεῖνον
1425 4876 1519 4929 καὶ
1540 4875 1858 4946 παράδοξονς

279 4966 419 5018 ἀλλὰ
444 4965 535 5019 τὸν
568 4963 818 5038 Ἀϐραὰμ
838 4964 997 5028 εῖπω,
1029 4963 1122 5016 καὶ
1150 4962 1187 5017 ἀ
1217 4961 1403 5016 τοῦτον
1424 4962 1619 5033 συνέϐη
1647 4962 1861 5030 παθεῖν,

287 5042 418 5112 οἷον,
446 5048 545 5112 τὰς
572 5047 878 5121 ἀποδημίας
914 5047 1013 5109 τὰς
1044 5045 1398 5118 ἐπαλλήλους,
1423 5046 1521 5115 τὴν
1546 5046 1645 5116 τῆς
1674 5062 1865 5114 γυναι-

282 5134 377 5197 κὸς
410 5133 690 5205 ἁρπαγὴν,
731 5133 860 5196 τοὺς
901 5132 1203 5197 κινδύνους,
1245 5133 1373 5195 τοὺς
1418 5130 1708 5200 πολέμους,
1738 5130 1866 5193 τοὺς

282 5217 623 5288 πειρασμούς
651 5216 677 5256 ιι
706 5232 721 5281 ;
766 5214 926 5270 Ἀλλά
966 5215 1057 5271 τὸν
1098 5205 1295 5269 Ἰακῶϐ
1321 5253 1337 5276 ,
1363 5215 1464 5268 ὅσα
1492 5213 1727 5267 πέπονθε
1758 5216 1873 5286 δτι-⁸

281 5299 368 5367 νά,
400 5298 762 5371 ἐλαυνόμενος
802 5298 1084 5365 πάντοθεν,
1121 5300 1214 5352 καὶ
1244 5297 1422 5351 πονῶν
1449 5298 1594 5370 εἰκῆ,
1623 5298 1716 5351 καὶ
1747 5299 1877 5352 ἑτέ-’

284 5406 396 5460 ροις
420 5388 664 5460 μοχθῶν;
690 5389 897 5450 πάντας
922 5387 1021 5458 μὲν
1048 5387 1155 5458 γάρ
1178 5384 1347 5441 αὐτοῦ
1371 5386 1492 5448 τοὺς
1524 5384 1866 5456 πειρασμοὺς

284 5472 606 5540 καταλέγειν
632 5472 733 5525 οὐκ
764 5474 1063 5540 ἀναγκαῖον
1088 5511 1102 5535 ,
1134 5471 1232 5543 τὴν
1266 5471 1322 5524 δὲ
1365 5468 1675 5541 μαρτυρίαν
1725 5486 1867 5540 παρ-

345 5684 360 5750 ξ
385 5686 625 5750 C_ol_berl.,
649 5687 830 5750 Bogg.,
864 5688 1048 5738 ('mnm.
1089 5694 1138 5738 el
1166 5700 1318 5750 marg.
1346 5686 1481 5746 Saxa,
1511 5687 1585 5733 καῖ
1614 5686 1798 5741 παῖδας.

347 5745 376 5786 ι’
413 5747 583 5805 Iidem,
614 5749 919 5809 τοὺςὶιειούτ.

1010 327 1068 382 S.
1106 326 1392 383 JOANNIS
1431 322 1926 384 CIIRYSI)STOMI
1968 325 2293 383 ARCIIIEP.
2332 322 2895 385 CONSTANTINOP.

3427 325 3533 386 206

1964 449 2207 514 ενεγκεῖν
2234 448 2454 515 εῦλογον
2474 489 2488 512 ,
2507 448 2573 519 ἣν
2601 447 2696 501 καί⁵
2733 447 2896 511 αὐτὸς
2924 446 3302 517 διαλεγόμενος
3331 447 3408 517 τῷ
3438 449 3543 503 Φα-

1963 528 2082 597 ραὼ
2120 529 2274 598 ἔλεγε
2303 547 2317 562 ·
2359 531 2570 597 Μινραί
2615 531 2713 583 καὶ
2759 530 3013 597 πονηραὶ
3062 532 3122 584 αὶ
3161 529 3371 600 ἡμέραι
3403 549 3545 601 μου,

1959 611 2059 664 καί
2092 614 2203 666 οὐκ
2246 614 2537 682 ἀφίκοντο
2569 616 2657 677 είς
2699 612 2806 678 τὰς
2850 613 3074 682 ἡμέρας
3104 612 3223 668 τῶν
3270 615 3547 682 πατέρων

1953 713 2093 765 μου.
2143 698 2300 751 Ἀλλά
2344 696 2434 751 τὸν
2491 697 2688 767 Ἰωσὴφ
2729 696 2907 761 εῖπως
2952 697 3089 751 ἀλλὰ
3135 697 3228 751 τὸν
3268 699 3547 765 Μωῦσέα;

1958 778 2095 832 ἀλλά
2138 779 2229 833 τὸν
2275 779 2523 849 Ἰησοῦν;
2575 778 2712 832 ἀλλά
2753 778 2845 831 τὸν
2882 780 3088 843 Δαυῖδ;
3136 779 3273 834 ἀλλὰ
3314 780 3404 833 τὸν
3451 781 3547 833 Σα-

1961 863 2171 934 μουήλ;
2214 862 2353 917 ἀλλά
2392 863 2484 916 τὸν
2525 863 2753 929 Ἤλίαν;
2803 861 2942 915 ἀλλά
2986 863 3080 916 τὸν
3124 864 3363 935 Δανιήλς
3411 865 3547 918 ἀλλά

1956 946 2085 1009 τοὺς
2114 947 2403 1016 προφήτας
2437 944 2683 1010 πάντας;
2724 944 2884 998 Ἀλλά
2906 943 3128 1010 τούτους
3167 945 3415 1011 ἅπαντας
3438 948 3549 1000 ἀπὸ

1956 1026 2066 1080 τῶν
2108 1027 2342 1097 θλίψεων
2387 1026 2675 1099 λαμπροὺς
2718 1029 2973 1099 εὑρήσεις
3016 1029 3364 1100 γενομένους.
3408 1028 3544 1084 Εἰπὲ

1956 1106 2049 1165 οὖν
2078 1130 2170 1182 μοι
2199 1114 2285 1176 σὺ,
2318 1111 2426 1189 ἀπὸ
2455 1112 2689 1176 ἀνέσεως
2717 1112 2812 1166 κα)⁸
2837 1115 3053 1183 τρυφῆς
3084 1112 3338 1184 λαμπρὸς
3365 1113 3544 1184 βούλει

1956 1193 2251 1262 γενέσθαι;
2303 1193 2568 1247 Ἀλλόὐκ
2597 1194 2663 1248 ἂν
2690 1192 2894 1247 δύναιο.
2940 1194 3102 1249 Ἀλλά
3142 1195 3269 1258 τοὺς
3310 1195 3545 1250 ἀποστόο

1956 1275 2081 1340 λους
2110 1278 2289 1344 almo;
2329 1277 2490 1330 Ἀλλὰ
2529 1277 2623 1331 καὶ
2665 1268 2813 1331 οὗτοι
2856 1278 3067 1341 πάντας
3106 1278 3542 1350 ὑπερηκόντισαν

1956 1360 2380 1432 τοίςρλυπηροῖς.
2417 1362 2483 1414 Τί
2508 1360 2680 1414 ταῦτα
2709 1360 2853 1429 λέγω
2878 1377 2894 1427 ;
2924 1362 3017 1414 καὶ
3043 1363 3071 1415 ὁ
3112 1362 3349 1432 Χριστὸς
3384 1360 3542 1415 τοῦτό

1959 1460 2126 1513 φησιν
2149 1460 2165 1475 ·
2204 1446 2304 1499 Ἐν
2335 1445 2416 1511 τῷ
2454 1446 2661 1513 κόσμῳ
2701 1442 2912 1513 θλῒψιν
2955 1444 3121 1509 ἕξετε
3152 1462 3167 1476 ο
3215 1445 3311 1499 καὶ
3355 1443 3540 1509 πάλιν,

1958 1529 2266 1582 κλαύσετε
2287 1529 2383 1582 καί
2406 1528 2740 1598 θρηνήσετε
2759 1526 2945 1598 ὑμεῖς·
2967 1530 3001 1582 ό
3019 1525 3088 1581 δὲ
3106 1528 3333 1599 κόσμος
3351 1527 3532 1599 χαρή-

1959 1625 2147 1666 σεται.

2030 1761 2143 1814 Καὶ
2164 1762 2245 1814 ὅτι
2286 1760 2443 1831 στενὴ
2490 1759 2584 1814 καὶ
2619 1759 2956 1831 τεθλιμμένη
2986 1760 3019 1830 ἡ
3041 1758 3157 1823 ὁδὸς
3181 1760 3214 1830 ή
3240 1758 3536 1828 ἀπάγουσα

1961 1846 2044 1908 εἰς
2072 1845 2171 1916 τὴν
2195 1844 2364 1914 ζωήν.
2403 1845 2460 1897 '0
2493 1844 2594 1914 τῆς
2626 1842 2748 1897 ὁδοῦ
2792 1843 2999 1914 Κύριος
3035 1838 3210 1909 εἷπεν,
3242 1844 3324 1896 ὅτι
3370 1843 3530 1914 στενὴ

1961 1930 2055 1982 καὶ
2100 1928 2437 1998 τεθλιμμένη
2463 1943 2477 1956 ⁸
2520 1929 2586 1981 σύ
2637 1927 2696 1979 δὲ
2730 1925 2828 1997 τὴν
2872 1928 3137 1979 πλατεῖαν
3183 1925 3406 1994 ζητεῖςς
3441 1926 3539 1981 καὶ

1961 2011 2079 2075 πῶς
2106 2011 2206 2065 οὐκ
2238 2010 2473 2076 άτοπον;
2503 2008 2602 2063 Διά
2627 2007 2788 2063 τοῦτο
2813 2008 2914 2061 οὐκ
2942 2006 3209 2077 ἐπιτεύξῃ
3229 2009 3329 2077 τῆς
3367 2008 3536 2078 ζωῆς,

1961 2094 2156 2165 ἑτέραν
2188 2093 2440 2164 βαδίζων,
2469 2091 2606 2146 ἀλλά
2646 2091 2746 2161 τῆς
2777 2090 3055 2155 ἀπωλείας
3081 2107 3096 2123 ·
3132 2092 3234 2162 τὴν
3272 2091 3382 2163 γάρ
3420 2093 3539 2145 ἑκεῖ

1962 2178 2237 2248 φέρουσαν
2287 2176 2451 2230 εἵλου.
2484 2174 2673 2228 Βούλει
2697 2173 2837 2227 εἴπω
2865 2175 2959 2227 καὶ
2984 2176 3294 2245 παραγάγω
3325 2175 3407 2238 εἰς
3443 2174 3542 2243 μέ-

1963 2280 2054 2318 σον
2100 2261 2228 2324 τοὺς
2266 2260 2325 2312 ἑν
2359 2261 2574 2329 τρυφῇς
2633 2255 2768 2310 Ἀπὸ
2818 2256 2928 2309 τῶν
2973 2256 3218 2326 ἐσχάτων
3255 2256 3351 2310 ἑπὶ
3405 2256 3539 2320 τοὺς

1962 2342 2213 2415 πρώτους
2242 2339 2575 2411 ἀνέλθωμεν.
2622 2340 2683 2393 '0
2714 2339 2964 2402 πλούσιος
2990 2340 3020 2393 ὁ
3050 2338 3338 2409 καιόμενος
3370 2339 3428 2391 ἑν
3464 2340 3539 2409 τῇ

1961 2425 2195 2497 καμίνῳ,
2223 2424 2271 2477 οί
2310 2425 2376 2494 τῇ
2415 2424 2614 2493 γαστρὶ
2637 2421 2839 2488 ζῶντες
2876 2419 3141 2486 Ἰουδαῖοι,
3176 2415 3252 2476 ὧν
3277 2424 3309 2476 ὁ
3336 2421 3467 2485 Θεὸς
3499 2423 3542 2492 ή

1961 2508 2163 2572 κοιλία,
2186 2507 2237 2560 οἰ
2263 2507 2322 2559 ἑν
2352 2508 2419 2575 τῇ
2449 2507 2642 2577 ἐρήμῳ
2669 2504 3053 2575 ἐπιζητοῦντες
3080 2504 3168 2558 ἀεὶ
3200 2504 3415 2571 ἄνεσιν,
3440 2505 3532 2560 διά

1959 2592 2013 2645 τί
2043 2589 2357 2654 ἀπώλοντος
2388 2587 2578 2657 ὥσπερ
2597 2588 2691 2641 καὶ
2716 2589 2765 2641 οἱ
2795 2587 2889 2640 ἐπὶ
2917 2586 3011 2640 τοῦ
3035 2586 3184 2655 Νῶε,
3214 2588 3317 2640 οὐκ
3341 2586 3539 2657 ἑπειδὴ

1959 2674 2051 2728 τὸν
2079 2671 2245 2744 ὑγρὸν
2265 2670 2454 2725 τοῦτον
2490 2670 2586 2725 καὶ
2605 2668 2987 2740 διαλελυμένον
3009 2668 3213 2724 εἴλοντο
3243 2669 3393 2740 βίον;
3424 2670 3534 2724 Καὶ

1959 2761 2008 2812 οί
2052 2760 2111 2812 ἑν
2143 2754 2396 2826 ὣδόμοις
2422 2753 2513 2809 διά
2555 2753 2998 2826 γαστριμαργίαν
3021 2770 3039 2784 ’
3079 2754 3175 2808 Ἐν
3205 2752 3536 2825 πλησμονῇ

1962 2840 2112 2915 [275]
2160 2841 2292 2912 γὰρ,
2331 2839 2519 2911 φησὶν,
2565 2838 2759 2907 ἄρτων
2790 2836 3172 2893 ἐσπατάλων.
3207 2836 3380 2890 Τοῦτο
3408 2839 3538 2909 περὶ

1959 2923 2070 2976 τῶν
2092 2925 2150 2976 ὲν
2186 2922 2446 2993 Σοδόμοις
2474 2922 2709 2991 εἴρηται.
2740 2920 2802 2973 Εἰ
2833 2919 2890 2973 δὲ
2918 2918 3099 2988 ἄρτων
3129 2916 3416 2989 πλησμονὴ
3443 2935 3537 2971 τοο

1962 3003 2150 3057 σοῦτον
2185 3003 2355 3056 κακὸν
2400 3001 2715 3070 εἰργάσατο,
2760 2999 2812 3051 τί
2848 2999 2914 3053 ἂν
2948 3000 3197 3072 εἴποιμεν
3245 3002 3373 3073 περὶ
3424 3000 3538 3056 τῶν

1959 3084 2135 3139 ἄλλων
2163 3083 2632 3154 καρυκευμάτων;
2675 3081 2735 3134 ’0
2775 3079 2946 3136 Ἡσαῦ
2972 3082 3092 3152 οὐχὶ
3130 3083 3191 3135 ἐν
3222 3083 3405 3137 ἀνέσει
3428 3079 3537 3155 ἦν;

1962 3168 2018 3221 τί
2046 3167 2104 3221 δὲ
2137 3168 2188 3220 οἱ
2220 3166 2418 3228 ίδοντες
2450 3176 2547 3228 τας
2604 3166 2871 3231 γυναῖκας
2926 3162 3034 3217 τῶν
3067 3163 3200 3217 υἱῶν
3235 3164 3332 3218 τοῦ
3370 3165 3533 3232 Θεοῦ,

1962 3253 2058 3304 καὶ
2087 3251 2229 3304 κατὰ
2255 3248 2517 3320 κρημνῶν
2568 3246 2826 3319 ἀχθέντες
2850 3264 2865 3314 ;
2914 3247 2966 3300 τί
2992 3246 3049 3300 δὲ
3080 3247 3130 3300 οἰ
3162 3250 3278 3311 τοῖς
3306 3248 3535 3320 ἄρρεσιν

1962 3333 2417 3405 ὲπιμαινόμενοι;
2456 3330 2655 3393 πάντες
2711 3328 2769 3383 δὲ
2819 3329 2869 3381 οί
2923 3327 3164 3398 βασιλεῖς
3209 3330 3316 3382 τῶν
3342 3327 3532 3398 ἑθνῶν,

1961 3416 2343 3479 Βαϐυλωνίων,
2374 3413 2709 3482 Αἰγυπτίων,
2736 3413 2856 3483 οὐχί
2880 3411 3067 3474 κακῶς
3091 3412 3189 3481 τὴν
3215 3411 3360 3481 ζωὴν
3395 3427 3533 3464 κατ-

1966 3498 2280 3570 έστρεψαν;
2313 3496 2435 3566 οὐχὶ
2479 3496 2537 3548 ἑν
2576 3495 2794 3549 κολάσει
2833 3493 2974 3559 εἰσί;
3015 3492 3098 3546 Τά
3136 3493 3193 3546 δὲ
3237 3490 3352 3557 νῦν,
3412 3492 3536 3546 εἰπέ

1965 3599 2077 3651 μοι,
2145 3580 2205 3633 οὐ
2255 3576 2512 3642 τοιαῦτα;
2550 3578 2750 3630 Ἀκουε
2804 3574 2898 3629 τοῦ
2953 3573 3190 3647 Χριστοῦ
3240 3573 3531 3642 λέγοντος’

1958 3667 2023 3719 Oi
2078 3663 2151 3718 τὰ
2206 3663 2446 3732 μαλακὰ
2504 3659 2855 3729 φοροῦντες,
2892 3660 2965 3713 ἐν
3005 3659 3130 3723 τοῖς
3179 3657 3369 3724 οἴκοις
3417 3657 3539 3711 τῶν

1957 3749 2270 3814 ,βασιλέων
2331 3747 2524 3799 εἰσίνο
2579 3744 2629 3796 οί
2677 3744 2735 3796 δὲ
2795 3743 2869 3812 μὴ
2909 3742 2978 3795 τὰ
3017 3741 3267 3804 τοιαῦτα,
3312 3743 3372 3794 ἑν
3421 3744 3538 3806 τοῖς

1962 3832 2233 3902 οὐρανοῖς.
2268 3828 2342 3882 Τὸ
2370 3829 2479 3898 γάρ
2512 3824 2753 3896 μαλακὸν
2787 3827 2999 3896 ίμάτιον
3048 3826 3144 3879 καὶ
3186 3825 3286 3891 τὴν
3332 3825 3541 3895 αὐστη-

1964 3914 2065 3985 ράν
2093 3911 2276 3966 ἑκλύει
2302 3910 2480 3980 ψυχὴν
2504 3909 2598 3961 καὶ
2627 3908 2821 3978 διακλᾷ
2851 3908 2943 3960 καὶ
2975 3907 3185 3977 διαχεῖ·
3217 3905 3319 3959 κᾶν
3360 3908 3542 3977 τραχὺ»

1961 3995 2104 4068 λάϐῃ
2138 3994 2298 4064 σῶμα
2328 3992 2423 4045 καὶ
2449 3990 2704 4060 σκληρὸν,
2742 3990 2954 4059 ταχέως
2999 3989 3088 4042 διὰ
3136 3988 3237 4057 τῆς
3275 3987 3534 4059 τοιαύτης

1962 4074 2422 4149 τρυφεραγωγίας
2473 4071 2715 4144 μαλακὸν
2757 4073 2902 4124 ποιεῖ
2949 4073 3044 4124 καὶ
3072 4071 3317 4133 ἀσθενές.
3363 4070 3542 4123 Πόθεν

1962 4162 2071 4231 γὰρ
2124 4158 2304 4213 οἴεσθε
2361 4154 2628 4225 ἑτέρωθεν
2663 4153 2764 4217 τὰς
2816 4156 3083 4221 γυναῖκας
3148 4153 3320 4216 οὓτως
3393 4149 3543 4206 εῖναι

1962 4242 2229 4306 ἀσθενεῖς,
2263 4240 2385 4292 εἰπέ
2440 4254 2565 4308 μοι;
2617 4232 2726 4305 ἆρα
2766 4236 2873 4290 ἀπὸ
2903 4237 3002 4307 τῆς
3062 4235 3278 4303 φύσεως
3324 4236 3534 4306 μόνηςς

1962 4323 2250 4394 Οὐδαμῶς,
2269 4320 2405 4375 άλλά
2425 4320 2521 4374 καὶ
2546 4319 2654 4373 ἀπὸ
2675 4320 2774 4390 τῆς
2801 4319 3025 4388 ἀγωγῆς
3053 4318 3147 4371 καὶ
3172 4319 3271 4389 τῆς
3304 4319 3537 4390 ἀνατρο-

1963 4408 2107 4478 φῆς⁶
2156 4408 2190 4476 ἡ
2241 4404 2350 4476 γάρ
2399 4401 2749 4473 σκιατροφία,
2798 4402 2831 4470 ή
2869 4401 3057 4470 ἀργία,
3094 4398 3165 4454 τά
3199 4399 3421 4472 λουτρά,
3467 4401 3540 4454 τά

1966 4489 2134 4561 μύρα,
2159 4488 2268 4541 τῶν
2307 4487 2615 4558 ἀρωμάτων
2641 4484 2702 4536 τὸ
2754 4482 2978 4553 πλῆθος,
3016 4483 3115 4554 τῆς
3171 4484 3467 4555 στρωμνῆς
3503 4484 3538 4553 ἡ

1962 4572 2259 4642 ἀπαλότης,
2317 4568 2571 4632 τοιαύτας
2623 4567 2794 4631 αὐτάς
2840 4566 3236 4637 ἀπεργάζεται.
3296 4567 3408 4620 Καὶ
3450 4567 3540 4620 ἱνα

1967 4654 2167 4726 μάθῃς,
2204 4652 2439 4724 πρόσεχε
2461 4642 2504 4718 ᾧ
2532 4650 2697 4718 λέγω.
2730 4648 2862 4702 Ἀπὸ
2887 4651 3092 4720 κήπου,
3119 4648 3240 4701 εἰπέ
3285 4665 3398 4718 μοι,
3427 4647 3540 4703 τῶν

1963 4739 2021 4790 ἑν
2037 4740 2102 4808 τῇ
2121 4737 2258 4806 ὲρήμ
2269 4754 2312 4805 ῳ
2326 4731 2576 4787 ἑστώτων
2600 4732 2856 4803 δένδρων,
2877 4732 2971 4783 καί
2986 4730 3294 4801 δερομένων
3311 4730 3415 4785 ὐπὸ
3429 4732 3543 4785 τῶν

1963 4803 2181 4890 ἀνέμων
2209 4803 2400 4871 λαϐὼν
2430 4816 2619 4885 φυτὸν,
2638 4817 2717 4878 εἰς
2742 4815 2908 4886 ὑγρὸν
2936 4814 3030 4867 κα¹ι
3062 4814 3284 4867 σύσκιον
3300 4814 3541 4869 κατάθου
3574 4803 3583 4812 ’

1964 4905 2163 4957 τόπονο
2201 4902 2297 4955 καὶ
2353 4898 2489 4952 πολὺ
2525 4898 2743 4963 ἀνάξιον
2789 4898 3043 4967 εὑρήσεις
3088 4897 3322 4961 ἑκείνου,
3354 4898 3448 4967 ἀφ’
3478 4891 3544 4955 οὗ

1966 4985 2115 5057 παρὰ
2155 4983 2253 5055 τὴν
2283 4982 2456 5053 ἀρχὴν
2514 4981 2645 5035 αὐτὸ
2690 4979 2901 5043 ἔλαϐες.
2942 4980 3064 5033 Ὅτι
3107 4980 3164 5033 δὲ
3202 4978 3363 5032 τοῦτό
3393 4981 3543 5033 ἑστιν

1966 5070 2185 5140 ἀληθὲς,
2218 5069 2274 5121 αἱ
2299 5068 2392 5120 ἐπὶ
2429 5065 2538 5118 τῶν
2567 5064 2751 5136 ἀγρῶν
2775 5064 3108 5135 τρεφόμεναι
3136 5066 3413 5131 γυναῖκες,
3430 5064 3543 5118 τῶν

1966 5151 2205 5208 ἀστικῶν
2243 5149 2454 5221 ἀνδρῶν
2487 5150 2626 5202 εἰσιν
2676 5148 3043 5218 ἰσχυρότεραι,
3090 5148 3186 5201 καὶ
3216 5147 3445 5211 πολλοὺς
3474 5147 3545 5201 ἀν

1965 5235 2240 5297 τοιούτους
2273 5230 2743 5291 καταπαλαίσαιεν
2773 5233 3000 5285 ἑκεῖναι.
3039 5230 3146 5284 Τοῦ
3180 5231 3236 5284 δὲ
3285 5230 3544 5300 σώματος

1966 5317 2260 5389 γενομένου
2322 5315 2736 5387 μαλακωτέρου,
2779 5314 2994 5383 ἀνάγκη
3055 5314 3149 5366 καὶ
3205 5313 3305 5383 τὴν
3362 5313 3549 5385 ψυχὴν

1968 5399 2364 5457 συναπολαύειν
2389 5399 2484 5467 τῆς
2505 5397 2683 5470 λύμης
2703 5415 2714 5426 ·
2740 5396 2807 5453 τά
2834 5398 2944 5467 γάρ
2968 5394 3138 5449 πολλὰ
3165 5395 3258 5449 καὶ
3275 5395 3551 5448 συνδιατί-

1968 5487 2150 5540 θενται
2171 5484 2341 5551 αὐτῆς
2363 5484 2418 5536 αί
2446 5482 2718 5553 ἑνέργειαι
2740 5485 2803 5552 τῇ
2822 5481 3012 5536 τούτου
3033 5479 3287 5533 διαθέσει.
3312 5479 3420 5533 Καὶ
3435 5481 3550 5551 γὰρ

1968 5572 2026 5622 ὲν
2054 5567 2230 5630 νόσοις
2277 5565 2458 5633 ἑτεροί
2506 5568 2674 5633 ἑσμεν
2724 5564 2811 5617 διά
2863 5563 2925 5618 τὸ
2974 5561 3392 5632 μαλακίζεσθαι,
3451 5564 3551 5616 καὶ

1969 5650 2303 5718 ὑγιαίνοντες
2334 5648 2494 5702 πάλιν
2539 5648 2735 5715 ἕτεροι.
2762 5645 3025 5717 Καθάπερ
3055 5646 3164 5714 γάρ
3199 5644 3292 5697 ἐπὶ
3322 5647 3548 5715 νευρᾶς,

1969 5737 2097 5788 ὅταν
2148 5727 2280 5787 ὦσιν
2328 5733 2375 5785 οί
2412 5729 2635 5800 φθόγγοι
2670 5728 2864 5782 ἀπαλοὶ
2903 5730 2997 5786 καὶ
3044 5728 3295 5803 μαλακοὶ,
3333 5730 3425 5783 καὶ
3468 5726 3550 5801 μὴ
