3970 6152
374 472 616 528 carnales
646 471 721 526 illi
759 478 1073 526 reverentur
1098 511 1112 535 ,
1141 471 1411 540 quomodo
1442 471 1649 525 Patrem
1691 471 1959 525 caelestem

373 582 478 623 non
507 562 931 621 reverebimini‘l
957 564 1290 634 Quamquam
1324 580 1428 618 non
1470 580 1535 619 ex
1562 579 1628 618 eo
1656 566 1772 619 solo
1802 563 1959 619 dill'e-

370 659 543 714 rentia
568 666 801 720 constat,
829 665 922 711 aut
945 656 1106 712 etiam
1130 672 1196 713 ex
1225 658 1469 727 personis
1494 700 1507 723 ,
1538 657 1631 713 sed
1672 667 1724 712 et
1750 657 1818 712 ab
1848 657 1961 726 ipsa

365 756 524 798 causa
544 749 601 797 et
621 754 686 797 ex
714 757 773 797 re
804 742 916 812 ipsa
948 760 961 794 :
997 757 1102 797 non
1130 744 1273 798 enim
1306 756 1524 814 propter
1552 746 1739 801 eadem
1767 755 1824 802 et
1863 746 1950 805 hic

369 845 422 889 et
465 834 537 887 illi
586 833 865 890 erudiunt.
892 831 1125 905 Ideoque
1151 835 1424 906 subjungit
1452 854 1465 890 :
1498 836 1590 892 Illi
1622 839 1753 892 enim
1780 842 1959 909 paucis

369 925 541 979 diebus
565 965 580 989 ,
628 935 781 991 prout
824 924 928 979 illis
968 926 1262 992 videbatur,
1309 928 1605 983 erudiebant
1632 945 1652 983 :
1688 929 1791 984 hoc
1821 938 1906 984 est
1932 970 1948 992 ,

369 1028 510 1084 stupe
532 1016 601 1069 im
611 1016 820 1085 plenles
839 1017 1190 1088 voluptatem,
1211 1034 1317 1074 non
1344 1034 1559 1089 semper
1577 1030 1881 1090 spectantes
1902 1021 1954 1076 id

370 1105 508 1176 quod
530 1115 614 1160 cst
638 1106 998 1163 conducibile.
1026 1107 1123 1163 llic
1142 1119 1318 1165 autem
1341 1126 1447 1165 non
1478 1120 1651 1181 potest
1675 1112 1775 1167 hoc
1800 1111 1905 1167 dici
1937 1129 1953 1169 :

370 1213 475 1251 non
530 1198 675 1252 enim
734 1198 837 1253 hoc
892 1199 1016 1254 facit
1063 1208 1287 1271 propter
1338 1202 1552 1273 aliquod
1613 1203 1954 1258 commodum

373 1304 553 1352 suum,
585 1289 678 1343 sed
708 1298 930 1359 propter
954 1305 1051 1345 vos
1076 1299 1128 1346 et
1156 1302 1391 1347 vestram
1422 1294 1591 1346 solam
1626 1294 1906 1349 utilitatem
1939 1310 1954 1348 :

372 1382 448 1435 illi
474 1392 534 1435 ut
560 1392 613 1437 et
639 1382 768 1450 ipsis
793 1382 912 1437 sitis
944 1384 1124 1451 utiles,
1161 1399 1305 1454 strpc
1326 1396 1504 1440 autem
1529 1386 1686 1442 etiam
1725 1397 1954 1453 temere;

372 1460 465 1533 hic
491 1483 668 1528 autem
695 1473 827 1528 nihil
859 1484 943 1530 est
971 1476 1298 1545 huiusmodi.
1337 1478 1494 1533 Vides
1522 1479 1669 1549 quod
1698 1479 1799 1535 hoc
1823 1494 1953 1549 quo-

375 1579 483 1634 que
510 1564 661 1619 adert
684 1566 1145 1623 consolationem?
1170 1568 1299 1622 Nam
1331 1586 1451 1624 cum
1482 1570 1587 1625 illis
1614 1570 1844 1626 maxime
1868 1571 1958 1626 be-

372 1656 674 1712 nevolentia
696 1657 1091 1728 coninngimur,
1110 1660 1324 1730 quando
1356 1659 1650 1716 viderimus
1678 1661 1820 1732 quod
1850 1677 1959 1716 non

370 1757 592 1818 propter
621 1746 821 1819 aliquid
847 1763 1001 1804 suum
1031 1760 1118 1804 aut
1143 1750 1368 1823 iubent,
1412 1760 1505 1807 aut
1548 1752 1815 1818 suadent,
1861 1751 1956 1807 sed

374 1848 594 1911 propter
623 1853 723 1894 nos
749 1849 916 1894 totum
946 1839 1015 1895 ab
1039 1842 1119 1896 eis
1148 1841 1365 1913 ponitur
1389 1843 1644 1899 studium.
1678 1843 1791 1899 [loc
1816 1844 1961 1900 enim

374 1940 457 1988 est
481 1932 692 1987 sincera
742 1930 961 1987 dilectio
1008 1940 1064 1987 et
1107 1947 1234 1989 vere
1282 1934 1531 2002 dilectio,
1579 1935 1792 2006 quando
1838 1950 1963 1991 cum

375 2022 509 2077 nihil
535 2022 705 2077 simus
731 2022 891 2077 utiles
919 2023 971 2077 ei
998 2023 1088 2092 qui
1118 2023 1289 2095 diligit
1314 2066 1329 2089 ,
1358 2024 1428 2079 ab
1469 2041 1534 2081 eo
1571 2035 1747 2082 tamen
1785 2026 1962 2097 diligi-

377 2130 495 2169 mur
524 2131 540 2168 :
570 2114 844 2185 diligimur
873 2114 1016 2169 enim
1051 2131 1155 2169 non
1186 2126 1242 2169 ut
1281 2118 1541 2186 accipiat,
1587 2117 1680 2173 sed
1724 2126 1780 2172 ut
1824 2118 1913 2172 det
1946 2134 1961 2173 :

377 2207 569 2273 erudit,
603 2208 783 2263 omnia
814 2206 958 2276 facit,
987 2223 1145 2262 omne
1165 2208 1399 2263 studium
1430 2208 1659 2274 confert,
1689 2220 1746 2263 ut
1773 2208 1965 2265 redda-

378 2315 497 2354 ntur
524 2313 745 2353 suorum
776 2300 1037 2355 bonorum
1066 2314 1314 2370 capaces.
1365 2298 1431 2353 Et
1476 2301 1555 2355 illi
1596 2302 1798 2370 quidem
1821 2342 1838 2368 ,
1881 2301 1964 2355 iu-

381 2392 497 2462 quit
520 2433 535 2455 ,
567 2392 622 2445 in
646 2400 870 2461 tempore
899 2408 1180 2464 paucorum
1206 2392 1402 2447 dierum
1430 2393 1706 2448 secundum
1731 2394 1968 2448 rolunta-

382 2492 476 2537 tem
508 2499 654 2538 suam
682 2483 977 2538 erudierunt
1002 2500 1094 2539 nos
1124 2500 1143 2539 :
1170 2485 1250 2539 hic
1277 2495 1445 2540 autem
1471 2486 1540 2539 ad
1577 2486 1633 2539 id
1670 2486 1805 2556 quod
1848 2486 1969 2540 utile

383 2584 493 2638 est,
531 2576 584 2628 in
628 2574 920 2643 recipiendo
968 2575 1422 2644 sanctiﬁcationem
1465 2577 1597 2649 ejus.
1654 2576 1793 2645 Quid
1838 2583 1964 2641 est,

386 2666 854 2733 Sanetiﬁcationem
883 2666 1037 2736 ejus?
1069 2665 1183 2722 Hoc
1205 2675 1308 2734 est,
1342 2667 1649 2737 puritatem,
1679 2678 1736 2722 ut
1767 2682 1863 2736 pro
1884 2665 1967 2720 vi-

384 2757 531 2812 ribus
560 2727 733 2811 simus
757 2771 823 2811 eo
852 2727 1020 2827 digni.
1056 2757 1151 2813 Ille
1183 2727 1591 2827 ponit-studium
1636 2727 1698 2813 ut
1741 2727 1971 2827 accipia-

388 2846 473 2913 tis,
501 2855 556 2901 et
585 2847 765 2901 omnia
792 2846 918 2902 facit
949 2855 1006 2901 ut
1034 2847 1128 2903 det
1159 2849 1315 2903 vobis
1344 2869 1358 2904 :
1389 2864 1484 2905 vos
1514 2859 1692 2904 autem
1730 2849 1968 2903 studium

388 2954 491 2993 non
520 2938 719 3009 ponitis
744 2946 806 2992 ut
830 2937 1125 3009 accipiatis.
1159 2938 1304 3007 Dixi,
1337 2940 1530 3010 inqttit,
1566 2939 1815 3007 Domino,
1864 2936 1972 2993 Do-

389 3033 554 3085 minus
583 3046 722 3084 meus
747 3046 799 3085 es
826 3038 902 3098 tu,
935 3031 1175 3100 quoniam
1202 3031 1442 3086 bonorum
1471 3048 1695 3087 meorum
1720 3048 1822 3085 non
1863 3046 1975 3101 eges

391 3123 574 3191 (Psal.
612 3123 704 3178 15.
731 3122 832 3193 2).
878 3122 1074 3178 Deinde
1120 3133 1289 3193 patres
1327 3126 1527 3195 quidem
1577 3126 1746 3179 carnis
1790 3134 1977 3178 nostra!

390 3215 666 3271 creditores
696 3213 985 3282 habuimus,
1018 3223 1067 3269 et
1090 3216 1435 3270 reverebantur
1459 3231 1542 3271 eos
1570 3233 1590 3270 :
1619 3231 1789 3269 annon
1820 3214 1976 3269 multo

390 3311 549 3377 magis
575 3308 1030 3375 obtemperabimus
1075 3307 1222 3362 Patri
1270 3309 1540 3379 spirituum
1565 3348 1580 3375 ,
1623 3317 1670 3362 et
1715 3305 1979 3361 vivemus?

384 3401 530 3456 Patri
551 3400 858 3472 spirituum;
883 3396 997 3451 sive
1025 3393 1405 3449 charismatum
1430 3388 1598 3454 dicit,
1625 3395 1718 3442 aut
1755 3389 1952 3441 oratio-

384 3509 505 3549 num
525 3535 541 3559 ,
570 3499 664 3547 aut
687 3496 1010 3560 potestatum
1041 3486 1501 3554 incorporearum.
1530 3481 1586 3536 Si
1631 3478 1710 3534 sic
1754 3477 1953 3532 moria-

380 3602 543 3651 mur,
592 3593 721 3638 tunc
781 3581 1043 3635 vivemus.
1110 3575 1180 3630 Et
1228 3573 1471 3644 apposite
1528 3570 1662 3625 dixit
1704 3583 1717 3619 :
1760 3566 1827 3621 Et
1877 3565 1955 3619 illi

379 3677 575 3749 quidem
614 3675 669 3728 in
712 3683 934 3743 tentpore
974 3682 1254 3737 paucorum
1297 3664 1492 3718 dierum
1540 3657 1831 3714 erudiebant
1873 3672 1956 3749 se:

381 3746 602 3823 eundum
646 3764 955 3819 uoluntatem
1001 3775 1148 3813 suam
1173 3773 1192 3812 :
1223 3770 1329 3811 non
1366 3755 1509 3810 enim
1554 3764 1767 3819 semper
1811 3746 1953 3817 quod

383 3866 617 3930 videtur,
649 3868 733 3918 est
756 3855 889 3915 utile
920 3873 935 3912 :
964 3855 1051 3910 hic
1092 3860 1269 3908 autem
1313 3848 1380 3903 ad
1422 3846 1476 3903 id
1510 3843 1653 3916 quod
1696 3841 1828 3897 utile
1874 3847 1959 3895 est

381 3956 575 4014 erudit.

451 4051 505 4105 5.
539 4048 637 4103 Est
663 4059 793 4114 ergo
818 4040 1099 4111 disciplina
1128 4036 1275 4092 utilis
1301 4075 1316 4101 ,
1357 4043 1441 4089 est
1462 4045 1589 4102 ergo
1616 4024 1955 4097 participatio

382 4138 701 4194 sanctitatis.
729 4133 957 4189 Maxime
989 4144 1150 4184 :nam
1194 4142 1314 4182 cum
1361 4123 1581 4193 expellit
1624 4116 1956 4183 socordiam,

383 4246 501 4286 cum
528 4229 724 4284 malam
751 4223 1116 4295 cupiditatem,
1141 4234 1262 4274 eum
1291 4230 1527 4271 amorem
1556 4227 1735 4268 rerum
1759 4225 1873 4280 qua:
1892 4206 1960 4263 ad

385 4322 519 4377 hanc
539 4320 704 4375 vitam
730 4317 1013 4386 pertinent,
1032 4327 1153 4368 eum
1183 4308 1448 4366 convertit
1475 4307 1726 4367 animam,
1746 4318 1866 4357 cum
1885 4299 1964 4355 ef-

386 4412 491 4469 ficit
516 4421 577 4467 ut
603 4420 797 4465 cuncta
822 4422 941 4477 quae
964 4406 1051 4460 hic
1071 4412 1195 4458 sunt
1219 4401 1553 4462 damnemus,
1584 4397 1683 4450 hoc
1708 4395 1850 4450 enim
1881 4401 1964 4447 est

387 4506 607 4561 afﬂictio
639 4521 654 4557 :
682 4517 859 4557 annon
908 4498 969 4553 fit
1013 4494 1231 4551 sancta?
1256 4506 1433 4548 annon
1482 4487 1700 4542 attrahit
1737 4485 1960 4555 gratiam

386 4598 653 4673 Spiritus?
677 4595 985 4665 Cogitemus
1012 4592 1189 4659 itaque
1219 4602 1434 4658 semper
1456 4586 1629 4656 justos
1653 4626 1668 4651 ,
1698 4593 1752 4639 et
1780 4582 1963 4636 videa-

386 4708 501 4748 mus
521 4689 793 4748 undenam
817 4699 1005 4741 omnes
1034 4682 1361 4744 claruerunt,
1378 4690 1430 4734 et
1447 4687 1569 4733 ante
1595 4690 1783 4732 omnes
1810 4673 1959 4739 Abel,

389 4785 496 4840 Noe
528 4802 542 4835 :
575 4793 759 4836 nonne
786 4778 853 4832 ab
878 4772 1198 4829 afﬂictione?
1221 4770 1362 4825 Fieri
1390 4770 1535 4824 enim
1573 4784 1676 4823 non
1709 4775 1882 4835 potest
1911 4773 1967 4818 ut

389 4891 490 4930 non
503 4872 834 4938 atﬂigeretur
858 4865 951 4937 qui
980 4864 1126 4920 solus
1155 4872 1271 4919 erat
1297 4861 1351 4915 in
1378 4869 1483 4915 tam
1512 4860 1676 4914 multa
1706 4856 1966 4911 malorum

386 4963 726 5023 multitudine
752 4974 767 5015 :
801 4959 913 5013 Noe
945 4957 1111 5022 enim,
1167 4954 1359 5022 inqttit,
1391 4969 1506 5005 cum
1534 4959 1658 5006 esset
1678 4951 1819 5004 solus
1861 4965 1967 5017 per-

386 5064 545 5129 fectus
586 5056 642 5110 in
684 5051 1007 5124 generatione
1041 5064 1136 5101 sua
1161 5085 1176 5110 ,
1223 5044 1330 5099 Deo
1376 5043 1567 5114 placuit
1598 5040 1764 5113 (Gen.
1790 5041 1841 5095 6.
1873 5039 1964 5109 9).

386 5148 513 5203 Nam
542 5143 677 5200 mihi
703 5141 899 5211 cogita,
928 5137 975 5192 si
999 5150 1139 5192 nunc
1166 5149 1287 5190 cum
1327 5133 1618 5186 habeamus
1661 5129 1967 5183 innumera-

388 5241 516 5295 biles
544 5249 779 5309 quorum
831 5232 1082 5287 virtutem
1114 5226 1464 5289 aemulemur,
1494 5232 1675 5293 patres
1706 5232 1761 5275 et
1805 5220 1970 5289 magi-

389 5343 561 5396 stros,
596 5329 677 5382 sic
713 5323 1022 5394 afﬂigimur,
1049 5316 1318 5389 quomodo
1358 5314 1647 5369 verisimile
1691 5321 1773 5367 est
1821 5312 1967 5366 illum

391 5423 548 5477 luisse
573 5417 827 5473 aﬂ‘ectum
858 5411 1031 5468 solum
1060 5409 1198 5463 inter
1216 5416 1322 5461 tam
1340 5404 1574 5459 multos?
1591 5402 1694 5458 Sed
1721 5417 1839 5458 cum
1860 5400 1967 5468 jam

391 5513 620 5567 dixerim
643 5507 712 5563 de
734 5503 909 5576 pluvia
938 5501 1026 5556 illa
1047 5499 1220 5553 aliena
1250 5504 1304 5551 et
1334 5494 1492 5566 plane
1521 5490 1860 5547 admirabili?
1885 5488 1969 5543 dio

391 5617 574 5657 eamne
599 5599 669 5654 de
694 5593 1021 5655 Abrahamo,
1049 5588 1116 5644 de
1144 5586 1352 5643 crebris
1380 5584 1497 5652 ejus
1522 5579 1967 5652 peregrinationi-

395 5694 591 5758 bus,de
624 5698 776 5759 raptu
805 5685 1007 5747 uxoris,
1030 5681 1095 5735 de
1121 5678 1393 5750 periculis,
1415 5677 1479 5730 de
1502 5675 1678 5738 bellis,
1703 5672 1768 5726 tle
1797 5681 1970 5726 tenta-

399 5782 659 5844 tionibus?
679 5780 787 5838 Sed
816 5779 881 5836 de
907 5774 1073 5833 Jacob
1097 5786 1252 5842 quam
1285 5769 1447 5826 multa
1479 5783 1513 5837 p
1534 5782 1665 5822 .ssus
1684 5766 1749 5821 sit
1768 5765 1969 5835 gravia,

1190 364 1257 423 IN
1294 362 1513 423 EMST.
1555 364 1646 420 AD
1685 360 2039 420 ilEBKEOS.
2082 362 2238 419 CAP.
2281 363 2391 420 ΧΠ.
2434 364 2661 421 llOMlL.
2704 365 2897 423 XXIX.

3546 367 3653 426 206

2080 478 2310 539 undique
2358 478 2543 547 pulsus
2565 518 2580 543 ,
2610 486 2663 532 et
2688 475 2882 531 frustra
2907 474 3172 542 laborans,
3203 483 3257 531 et
3282 476 3403 530 aliis
3433 492 3652 546 operam

2079 568 2427 638 impendens?
2470 582 2660 624 omnes
2700 568 2841 623 enim
2882 566 2999 636 ejus
3020 567 3339 622 tentationes
3369 583 3655 625 recensere

2075 674 2180 713 non
2209 668 2291 714 est
2321 673 2542 714 necesse
2566 675 2582 723 ;
2609 657 2971 712 testimonium
2996 665 3177 710 autem
3209 656 3404 711 aﬂ‘erre
3425 667 3507 712 est
3527 674 3656 712 con-

2071 750 2405 808 sentaneum;
2434 745 2575 814 quod
2597 747 2710 815 ipse
2723 747 2933 802 dicebat
2960 747 3226 803 Pharaoni
3256 764 3269 800 :
3299 748 3435 811 Dies,
3456 749 3647 818 inquit,

2074 833 2173 886 mei
2202 837 2354 903 pauci
2382 846 2499 889 sunt
2520 846 2567 889 et
2594 839 2740 903 mali,
2770 848 2816 892 et
2840 856 2941 893 non
2969 851 3301 909 pervenerunt
3329 840 3396 892 ad
3426 840 3531 895 dies
3560 859 3651 910 pa-

2072 931 2205 975 trum
2237 940 2461 979 meoruut
2493 925 2646 997 (Gen.
2675 928 2765 982 47.
2797 927 2888 998 9).
2921 929 3023 983 Sed
3048 930 3291 984 dicamne
3319 931 3384 984 de
3414 929 3651 998 Joseplt‘t

2070 1013 2163 1068 sed
2186 1014 2252 1069 de
2274 1015 2388 1085 ipso
2414 1015 2616 1088 Moyse,
2644 1018 2712 1072 de
2738 1018 2862 1073 Jesu
2890 1018 3052 1084 Nave,
3091 1019 3157 1074 de
3186 1020 3379 1074 Davide
3403 1062 3419 1086 ,
3447 1020 3514 1074 de
3552 1022 3650 1074 Sa-

2070 1106 2264 1173 muele,
2300 1107 2367 1163 de
2388 1108 2529 1175 Elia,
2552 1108 2619 1164 de
2651 1108 2869 1164 Daniele
2888 1150 2904 1175 ,
2938 1110 3006 1165 de
3036 1112 3287 1165 omnibus
3329 1111 3607 1181 prOphetis
3627 1113 3653 1165 ?

2069 1197 2175 1253 Sed
2200 1199 2296 1255 hos
2317 1214 2505 1256 omnes
2528 1201 2766 1257 invenies
2794 1202 3032 1256 evasisse
3073 1203 3254 1257 claros
3299 1219 3363 1257 ex
3404 1202 3651 1257 afﬂictio-

2069 1288 2245 1344 nibus.
2298 1289 2393 1344 Dic
2434 1305 2534 1359 ego
2582 1290 2751 1355 mihi,
2798 1291 2947 1345 visne
2990 1305 3109 1346 esse
3161 1292 3339 1345 clarus
3384 1308 3449 1346 ex
3494 1295 3647 1355 otio,

2067 1381 2247 1450 quiete
2265 1391 2319 1437 et
2343 1382 2710 1437 deliciis?Sed
2757 1399 2861 1438 non
2914 1383 3134 1453 poteris.
3177 1382 3246 1437 At
3290 1383 3534 1439 dicamne
3580 1384 3652 1439 de

2068 1472 2367 1539 apostolis?
2396 1473 2463 1526 At
2494 1473 2545 1527 hi
2570 1488 2784 1543 quoque
2811 1474 3066 1527 arrumnis
3092 1474 3228 1529 alios
3256 1488 3447 1529 omnes
3491 1490 3651 1544 supe-

2067 1571 2340 1616 raxerunt.
2367 1561 2477 1617 Cur
2529 1562 2644 1617 lucc
2689 1562 2855 1617 dico?
2883 1560 3125 1618 Christus
3149 1578 3361 1634 quoque
3406 1564 3507 1619 hoc
3562 1565 3647 1619 di-

2067 1650 2136 1704 cit
2168 1668 2182 1705 :
2213 1649 2276 1705 In
2306 1652 2498 1705 mundo
2522 1652 2856 1722 afﬂictionem
2886 1653 3165 1719 habebitis;
3193 1662 3245 1707 et
3284 1668 3470 1708 rursus
3495 1694 3509 1719 ,
3547 1652 3650 1708 Vos

2069 1744 2330 1813 plorabitis
2357 1755 2404 1799 et
2435 1746 2665 1815 lugebitis
2695 1762 2715 1799 :
2746 1745 2967 1799 mundus
2987 1756 3153 1799 autem
3183 1745 3419 1816 gaudebit
3445 1746 3464 1819 (
3486 1744 3645 1800 Joan.

2069 1834 2157 1888 te.
2186 1836 2275 1890 33.
2302 1834 2393 1889 20.
2423 1843 2470 1889 et
2496 1834 2684 1888 Matth.
2709 1836 2763 1889 7.
2793 1836 2860 1890 tt
2880 1836 2923 1906 ).

2147 1953 2240 2008 Via
2268 1971 2379 2025 qua
2398 1955 2537 2008 ducit
2559 1950 2627 2008 ad
2643 1939 2817 2022 vitam,
2845 1963 2984 2009 arcta
3009 1971 3210 2025 semper
3235 1964 3328 2010 est.
3344 1956 3482 2010 -Et
3505 1957 3648 2027 quod

2066 2056 2210 2102 arcta
2236 2048 2305 2102 sit
2332 2058 2388 2102 et
2411 2057 2632 2118 angusta
2680 2047 2765 2101 via
2794 2062 2913 2117 quae
2956 2046 3102 2102 ducit
3146 2047 3213 2103 ad
3261 2048 3422 2102 vitam
3449 2090 3464 2115 ,
3514 2050 3647 2103 dicit

2067 2139 2181 2209 ipse
2209 2142 2311 2193 vite
2334 2140 2588 2194 Dominus
2617 2155 2636 2193 :
2666 2149 2719 2194 tu
2749 2148 2928 2193 autem
2959 2139 3157 2209 quieris
3184 2139 3386 2193 latam?
3417 2149 3470 2194 et
3508 2155 3648 2209 quo.

2058 2228 2227 2287 'modo
2248 2246 2354 2286 non
2379 2239 2461 2286 cst
2485 2230 2588 2287 hoc
2627 2230 2955 2286 absurdum?
2990 2231 3279 2300 Pr0pterea
3325 2233 3487 2286 vitam
3534 2248 3648 2288 non

2065 2324 2369 2392 assequeris
2397 2321 2611 2392 quialia
2641 2321 2940 2391 ingrederis
2964 2363 2979 2388 ,
3027 2321 3124 2377 sed
3169 2322 3439 2377 interitum
3474 2339 3490 2376 :
3526 2337 3644 2376 eam

2065 2414 2208 2468 enim
2234 2412 2440 2480 elegisti
2468 2427 2590 2482 quae
2614 2411 2716 2467 fert
2745 2411 2891 2467 illuc.
2926 2410 3016 2466 Vis
3040 2411 3214 2466 dicam
3242 2422 3294 2466 et
3326 2413 3377 2466 in
3410 2412 3653 2467 medium-

2065 2501 2325 2557 adducam
2355 2515 2453 2557 eos
2478 2502 2567 2572 qui
2599 2501 2762 2555 vitam
2789 2509 3012 2570 egerunt
3041 2501 3092 2554 in
3120 2500 3367 2555 deliciis?
3396 2502 3479 2555 Ab
3523 2501 3647 2556 ulti-

2065 2595 2167 2648 mis
2187 2592 2542 2649 asceudamus
2563 2591 2629 2647 ad
2656 2592 2879 2662 primos.
2912 2591 3072 2646 Dives
3107 2591 3194 2646 ille
3226 2593 3316 2662 qui
3347 2592 3567 2647 ardebat
3592 2592 3653 2647 in

2064 2685 2313 2749 camino;
2354 2685 2443 2755 qui
2467 2684 2641 2738 ventri
2672 2684 2856 2738 vivunt
2878 2682 3070 2750 Judmi,
3099 2697 3323 2753 quorum
3354 2683 3492 2738 Deus
3515 2699 3645 2738 ven-

2067 2788 2146 2833 ter
2174 2786 2291 2841 est;
2323 2777 2411 2846 qui
2441 2777 2493 2830 in
2520 2774 2809 2831 solitudine
2828 2789 3044 2844 semper
3068 2774 3381 2844 quaerebant
3400 2776 3567 2829 otium
3592 2784 3652 2829 et

2064 2870 2326 2939 requiem,
2350 2884 2448 2925 cur
2470 2867 2779 2937 perierunt?
2814 2868 2952 2922 sicut
2984 2878 3036 2922 ct
3074 2867 3162 2936 qui
3211 2876 3366 2922 erant
3405 2877 3644 2937 tempore

2063 2961 2197 3027 Noe,
2218 2978 2395 3016 annon
2418 2970 2697 3032 propterea
2720 2960 2862 3028 quod
2886 2960 3050 3013 vitam
3070 2960 3346 3030 elegerunt
3375 2961 3568 3014 lautam
3592 2968 3648 3013 et

2064 3049 2417 3109 dissolutam?
2446 3051 2510 3104 Et
2533 3049 2622 3120 qui
2646 3050 2698 3104 in
2720 3049 2967 3105 Sodomis
2982 3058 3201 3120 propter
3217 3049 3503 3120 ingluviem
3540 3065 3552 3102 :
3579 3049 3653 3103 in

2065 3145 2326 3200 saturitate
2353 3143 2485 3196 enim
2518 3142 2665 3213 panis
2689 3182 2705 3209 ,
2734 3141 2924 3211 inquit,
2951 3141 3275 3195 lasciviebant
3302 3139 3523 3212 (Ezeelt.
3554 3141 3646 3196 16.

2064 3236 2179 3305 49).
2209 3234 2319 3289 lioc
2346 3233 2413 3288 de
2442 3233 2506 3289 iis
2543 3232 2758 3298 dicitur,
2792 3232 2881 3301 qui
2913 3230 3141 3300 agebant
3168 3230 3434 3286 Sodomis.
3466 3230 3518 3284 Si
3546 3245 3645 3283 au-

2066 3337 2173 3384 tem
2201 3325 2448 3381 saturitas
2472 3325 2622 3395 panis
2664 3332 2864 3377 tantum
2892 3323 3087 3377 malum
3118 3323 3264 3388 fecit,
3295 3322 3419 3392 quid
3443 3321 3647 3375 dixeri-

2067 3433 2187 3473 mus
2203 3416 2272 3472 de
2299 3416 2417 3471 aliis
2444 3415 2706 3483 placentis
2725 3421 2781 3467 et
2801 3412 3074 3468 bellariis?
3095 3413 3239 3467 Esaii.
3258 3427 3435 3465 annon
3455 3421 3571 3465 erat
3593 3412 3652 3465 in

2071 3500 2248 3570 quiete
2274 3506 2328 3553 et
2351 3498 2501 3553 otio?
2540 3496 2665 3567 quid
2698 3497 2773 3550 illi
2803 3512 2868 3551 ex
2892 3496 3013 3549 filiis
3040 3495 3131 3548 Dei
3156 3494 3246 3563 qui
3273 3495 3520 3547 viderunt
3544 3506 3653 3545 mu-

2072 3589 2229 3645 lieres
2253 3629 2268 3655 ,
2298 3597 2353 3643 et
2374 3586 2641 3643 deturbati
2665 3596 2788 3641 sunt
2811 3601 2906 3656 per
2927 3582 3253 3655 praecipitia?
3273 3581 3401 3651 quid
3447 3581 3527 3634 illi
3561 3579 3653 3649 qui

2072 3681 2124 3735 in
2152 3679 2420 3735 masculos
2447 3676 2820 3732 insaniebant?
2851 3676 3052 3730 Omnes
3093 3682 3271 3727 autem
3321 3685 3473 3741 reges
3518 3685 3652 3741 gen—

2073 3772 2240 3832 tium,
2282 3767 2699 3840 Babyloniorum
2748 3775 2803 3820 et
2841 3763 3247 3835 Egyptiorum,
3291 3778 3468 3816 aunou
3515 3760 3654 3814 male

2073 3860 2233 3913 vitam
2258 3857 2545 3911 finierunt?
2573 3870 2749 3911 annon
2781 3863 2905 3909 sunt
2926 3855 2976 3908 in
3018 3850 3343 3907 tormentis?
3385 3849 3489 3904 Sed
3535 3864 3653 3919 quae

2074 3964 2215 4003 nunc
2245 3948 2408 4012 fiunt,
2440 3947 2526 4001 dic
2552 3947 2702 4014 tnihi,
2737 3961 2912 3999 nonne
2958 3953 3082 3998 sunt
3125 3941 3468 4010 huiusmodi?
3514 3940 3653 3994 Audi

2072 4038 2343 4093 Christum
2373 4037 2639 4093 dicentem
2665 4052 2679 4089 :
2711 4036 2811 4102 Qui
2842 4034 3074 4088 mollibus
3102 4033 3416 4096 vestiuntur,
3456 4032 3508 4083 in
3554 4030 3651 4083 do-

2074 4130 2235 4183 mibus
2264 4143 2440 4198 regum
2482 4135 2600 4181 sunt
2641 4126 2870 4198 (Matth.
2910 4126 2996 4179 Η.
3040 4121 3139 4194 8);
3189 4123 3278 4191 qui
3324 4131 3502 4175 autem
3547 4135 3653 4173 non

2077 4222 2266 4275 talibus
2296 4220 2615 4285 vcstiuntur,
2644 4218 2696 4272 in
2723 4217 2888 4272 cmlis.
2917 4198 3052 4270 Nam'
3076 4214 3235 4269 vestis
3280 4213 3455 4267 mollis
3493 4212 3653 4264 etiam

2074 4321 2342 4364 austerum
2372 4309 2609 4363 animum
2633 4306 2878 4360 dissolvit
2905 4314 2958 4360 et
2983 4303 3180 4374 frangit
3205 4318 3267 4357 ac
3286 4301 3531 4357 diﬂ‘undit
3556 4317 3568 4352 :
3596 4308 3650 4353 ct

2076 4403 2195 4456 licet
2225 4415 2419 4469 corpus
2461 4398 2728 4467 acceperit
2773 4412 3019 4467 asperum
3067 4406 3122 4452 et
3168 4397 3357 4449 durum
3384 4436 3399 4458 ,
3447 4395 3553 4448 cito
3602 4393 3653 4447 id

2078 4491 2238 4544 molle
2268 4505 2365 4560 per
2392 4488 2614 4543 delicias
2637 4488 2811 4543 reddit
2839 4496 2893 4542 et
2938 4486 3283 4541 imbecillum.
3331 4485 3462 4540 Nam
3513 4484 3656 4538 unde

2078 4581 2177 4635 nisi
2209 4596 2273 4634 ex
2302 4580 2404 4634 hoc
2433 4580 2624 4648 putatis
2650 4580 2900 4634 mulieres
2945 4593 3065 4633 esse
3110 4578 3245 4631 adeo
3296 4577 3519 4641 molles,
3570 4574 3656 4629 dic

2079 4671 2304 4741 quieso?
2332 4686 2458 4726 num
2487 4686 2552 4724 ex
2580 4671 2697 4725 solo
2722 4670 2889 4724 sexu?
2915 4669 3255 4738 Nequaquam
3279 4709 3293 4732 ,
3323 4666 3415 4720 sed
3462 4682 3524 4719 ex
3574 4668 3655 4717 vi-

2079 4761 2234 4815 vendi
2267 4761 2472 4815 ratione
2523 4770 2576 4815 et
2620 4760 2984 4815 educatione:
3019 4774 3140 4813 nam
3181 4760 3233 4811 in
3285 4755 3470 4808 umbra
3522 4754 3656 4808 edu-

2079 4854 2241 4918 catio,
2274 4852 2439 4906 otium
2461 4891 2477 4918 ,
2510 4851 2715 4905 lavacra
2736 4893 2750 4914 ,
2783 4858 3048 4919 unguenta
3070 4890 3085 4913 ,
3117 4845 3398 4901 multitudo
3440 4858 3658 4899 atoma-

2081 4953 2213 5009 tum,
2245 4942 2432 4997 cubilis
2461 4942 2710 4996 mollities
2739 4956 2830 4995 eas
2856 4940 2987 4994 tales
3010 4938 3194 4993 el'licit.
3223 4936 3292 4990 Et
3311 4944 3367 4988 ut
3393 4935 3442 4988 id
3484 4935 3654 4997 scias,

2080 5033 2446 5089 animadverte
2472 5033 2537 5087 ad
2571 5034 2619 5087 id
2651 5032 2790 5102 quod
2821 5032 2961 5086 dico.
3013 5028 3208 5099 Accipe
3251 5027 3379 5081 mihi
3428 5026 3658 5096 plantam

2081 5142 2147 5181 ex
2173 5126 2360 5189 hortis,
2393 5125 2480 5194 qui
2524 5132 2647 5178 sunt
2693 5123 2743 5176 in
2776 5122 3008 5188 deserto,
3036 5129 3090 5174 et
3142 5119 3420 5189 pulsantur
3464 5131 3493 5170 a
3528 5132 3661 5169 ven-

2084 5217 2184 5282 tis,
2213 5225 2267 5272 et
2293 5232 2429 5287 pone
2456 5230 2572 5271 eam
2612 5215 2664 5268 in
2698 5215 2815 5268 loco
2845 5212 3060 5267 humido
3087 5221 3139 5265 et
3169 5209 3452 5274 umbroso;
3486 5218 3538 5262 et
3582 5210 3660 5261 in-

2084 5309 2265 5364 venies
2291 5309 2433 5363 illam
2465 5308 2633 5362 multo
2659 5305 2963 5360 inferiorem
2992 5304 3076 5356 illa
3107 5302 3431 5366 conditione,
3463 5316 3526 5354 ex
3560 5316 3660 5370 qua

2085 5416 2200 5455 eam
2225 5400 2499 5470 sumpsisti
2527 5398 2593 5453 ab
2624 5398 2792 5452 initio.
2821 5395 2971 5462 Quod
2996 5406 3172 5449 autem
3201 5395 3302 5449 hoc
3325 5395 3393 5447 sit
3431 5408 3614 5447 verum
3642 5433 3658 5455 ,

2086 5492 2339 5548 mulieres
2366 5507 2485 5560 qua:
2515 5493 2731 5543 aluntur
2763 5489 2813 5542 in
2858 5487 3031 5556 agris,
3072 5494 3195 5539 sunt
3236 5484 3485 5538 fortiores
3530 5483 3659 5537 viris

2087 5575 2176 5644 qui
2208 5575 2258 5628 in
2287 5571 2504 5627 urbibus
2536 5572 2807 5635 habitant,
2842 5578 2894 5623 et
2919 5570 3114 5624 multos
3146 5569 3405 5638 ejusmodi
3456 5568 3561 5623 ilhc
3610 5570 3661 5622 in

2090 5667 2226 5721 lucta
2258 5665 2658 5736 prostraverint.
2689 5663 2819 5718 Cum
2847 5669 3020 5714 autem
3048 5676 3241 5729 corpus
3274 5662 3467 5714 factum
3505 5660 3663 5714 fuerit

2092 5756 2323 5824 mollius,
2356 5768 2574 5809 necesse
2606 5761 2684 5808 est
2709 5761 2761 5806 ut
2791 5750 2963 5804 anima
2990 5766 3199 5819 quoun
3221 5750 3397 5807 damni
3428 5751 3511 5805 ﬁat
3539 5766 3659 5820 par-
