3970 6152
324 328 422 384 207

323 427 490 492 ticeps
523 442 536 478 :
564 441 690 479 nam
724 441 908 497 magna
937 445 998 483 ex
1033 441 1181 498 parte
1207 434 1322 500 ejus
1365 437 1702 504 operationcs
1737 439 1894 492 simul

323 515 628 572 afficiuntur
653 534 770 573 cum
799 521 944 576 illius
983 523 1285 578 affectione.
1330 525 1540 580 Etenim
1590 528 1642 581 in
1695 530 1896 586 morbis

323 625 506 664 sumus
534 612 647 677 alii,
679 623 956 680 propterea
989 617 1128 684 quod
1161 618 1529 684 emolliamur;
1559 630 1611 674 et
1639 637 1758 675 cum
1781 623 1894 677 sani

322 716 524 768 sumus,
549 719 738 759 rursus
759 705 866 759 alii.
895 706 1040 761 Sicut
1063 709 1202 762 enim
1235 709 1285 762 in
1313 711 1530 766 chordis
1554 728 1673 765 cum
1701 711 1899 769 fuerint

321 793 435 846 soni
465 793 655 848 molles
681 801 734 848 et
762 811 865 849 non
890 806 1034 851 recte
1059 799 1261 852 extensi
1285 839 1300 863 ,
1327 801 1457 854 artis
1481 815 1692 871 quoque
1730 804 1897 859 virtus

325 882 660 949 praeciditur,
705 896 891 940 coacta
931 889 1133 943 servire
1161 890 1404 944 mollitia:
1431 891 1750 948 chordarum
1782 912 1794 949 :
1826 896 1895 950 ita

320 972 481 1026 etiam
507 973 559 1026 in
586 988 812 1043 corpore
839 977 1002 1030 multa
1029 977 1221 1032 damna
1247 979 1314 1034 ab
1342 995 1407 1034 eo
1449 982 1640 1053 accipit
1681 986 1854 1039 anima
1877 1026 1894 1053 ,

321 1063 518 1118 multas
536 1067 914 1121 necessitates.
938 1066 1069 1121 Nam
1090 1083 1210 1122 cum
1234 1071 1397 1124 multa
1427 1083 1579 1143 egeat
1600 1075 1894 1142 curatione,

321 1153 410 1208 illa
456 1155 705 1210 acerbam
755 1158 982 1212 sustinet
1037 1160 1367 1216 servitutem.
1426 1163 1499 1234 (a)
1543 1164 1896 1230 Quamobrem

320 1261 472 1314 rogo,
507 1247 556 1300 id
589 1247 875 1302 reddamus
907 1248 1044 1305 forte
1073 1259 1127 1305 et
1161 1251 1437 1306 robustum
1461 1293 1477 1319 ,
1512 1269 1607 1308 nec
1646 1253 1899 1312 faciamus

316 1338 787 1392 valetudinarium.
819 1339 931 1393 Non
976 1342 1147 1396 solum
1195 1357 1315 1396 cum
1364 1344 1489 1399 viris
1537 1345 1756 1416 loquor,
1804 1348 1897 1403 sed

312 1431 483 1484 etiam
511 1446 630 1484 cum
663 1433 996 1488 mulieribus.
1031 1433 1140 1489 Cur
1166 1438 1306 1491 enim
1337 1437 1508 1507 ipsum
1535 1441 1746 1496 assidue
1793 1443 1901 1498 dis-

313 1523 488 1576 solvis
511 1523 716 1578 deliciis
736 1565 750 1588 ,
782 1525 1024 1594 exileque
1053 1536 1106 1582 et
1133 1527 1408 1583 flaccidum
1436 1530 1583 1596 facis,
1616 1548 1647 1585 ο
1671 1533 1899 1589 mulier?

323 1613 450 1680 quid
469 1615 608 1668 vires
629 1617 927 1684 corrumpis
955 1617 1154 1686 adipe?
1177 1618 1340 1687 adeps
1366 1629 1448 1674 est
1475 1621 1522 1674 ei
1546 1622 1705 1675 etiam
1728 1624 1900 1678 molli-

314 1704 447 1770 'ties,
478 1720 582 1758 non
613 1705 793 1760 robur.
828 1705 918 1759 Sin
947 1719 1121 1761 autem
1149 1708 1232 1764 his
1259 1709 1491 1766 dimissis
1520 1720 1641 1767 tunc
1671 1715 1824 1769 aliter
1849 1724 1899 1772 te

323 1810 498 1864 geras,
533 1805 654 1850 tunc
680 1806 732 1850 et
763 1797 1099 1866 pulchritudo
1128 1801 1372 1871 corporis
1409 1804 1650 1872 procedit
1673 1821 1740 1861 ex
1779 1822 1902 1862 sen-

325 1888 737 1958 tcntia,quando
761 1900 814 1945 et
847 1893 987 1946 vires
1025 1893 1291 1949 adfuerint
1318 1905 1372 1950 et
1398 1897 1535 1952 bona
1591 1898 1842 1954 habitudo
1885 1921 1899 1958 :

323 1983 405 2032 sin
428 1988 605 2035 autem
637 1981 807 2051 ipsum
837 1984 984 2038 mille
1010 1985 1210 2040 morbis
1240 1987 1484 2044 obsideas
1505 2031 1519 2054 ,
1554 2006 1650 2045 nec
1675 1994 1774 2046 erit
1804 1994 1902 2049 llos

322 2091 604 2162 corporis,
655 2105 754 2146 nec
797 2089 932 2145 bona
979 2088 1154 2158 aliqua
1187 2086 1476 2150 habitudo;
1506 2096 1718 2152 semper
1761 2084 1906 2136 enim

324 2185 429 2238 eris
462 2183 514 2237 in
547 2183 778 2236 tristitia.

395 2277 449 2330 4.
479 2272 642 2329 Scitis
667 2280 845 2327 autem
875 2269 1016 2341 quod
1043 2269 1183 2323 sicut
1205 2267 1484 2337 pulchram
1511 2263 1752 2330 domum,
1778 2276 1901 2317 cum

326 2365 374 2419 ci
402 2379 495 2419 aer
513 2362 780 2427 arriserit,
809 2361 988 2415 reddit
1008 2357 1345 2429 Splendidam
1381 2373 1394 2409 :
1425 2357 1495 2409 ita
1515 2355 1674 2408 etiam
1699 2352 1909 2422 specio-

323 2473 444 2514 sum
474 2457 710 2519 vultum,
757 2453 804 2508 si
845 2453 1037 2506 animae
1079 2450 1329 2505 alacritas
1373 2447 1689 2511 accesserit,
1733 2442 1911 2498 reddit

323 2547 604 2602 meliorem
643 2564 656 2600 :
694 2544 775 2599 sin
819 2551 997 2598 autem
1029 2542 1098 2596 sit
1126 2542 1179 2595 in
1209 2538 1422 2594 tristitia
1459 2547 1512 2593 et
1549 2551 1783 2593 mterore
1805 2577 1819 2602 ,
1850 2533 1908 2588 lit

320 2637 639 2693 deformior.
669 2633 966 2690 Tristitiam
1002 2632 1174 2686 morbi
1217 2629 1417 2684 faciunt
1442 2639 1496 2684 et
1523 2626 1905 2697 mgritudines;

323 2730 545 2784 morbos
571 2737 746 2782 autem
789 2727 934 2789 facit,
973 2725 1114 2794 quod
1145 2737 1340 2792 corpus
1369 2721 1567 2775 factum
1599 2720 1668 2774 sit
1695 2719 1909 2773 mollius

322 2837 355 2875 a
393 2820 570 2875 multis
599 2819 827 2874 deliciis.
874 2815 1233 2885 Quamobrem
1272 2813 1372 2868 hac
1401 2812 1562 2867 etiam
1591 2811 1798 2865 ratione
1827 2808 1907 2864 fu-

321 2914 432 2982 gite
460 2911 700 2979 delicias,
731 2911 775 2966 si
814 2910 944 2964 mihi
974 2907 1226 2963 credatis.
1272 2907 1340 2961 At
1367 2905 1694 2975 voluptatem
1723 2903 1905 2967 habet,

323 3005 514 3074 inquit,
548 3003 823 3071 indulgere
850 3002 1009 3072 genio
1048 3008 1101 3054 et
1121 2998 1348 3054 deliciis.
1390 2996 1496 3053 Sed
1529 3011 1635 3050 non
1670 3003 1749 3049 tot
1776 3002 1908 3064 quot

322 3094 615 3150 molestias.
649 3094 902 3163 Alioquin
928 3101 1105 3146 autem
1135 3090 1383 3160 voluptas
1403 3099 1486 3143 est
1513 3102 1682 3152 usque
1710 3085 1776 3140 ad
1804 3101 1906 3156 gu-

323 3187 452 3250 lam,
499 3200 670 3255 usque
718 3184 784 3238 ad
828 3185 1061 3253 linguam
1097 3199 1112 3236 :
1145 3195 1328 3236 mensa
1371 3187 1550 3234 autem
1594 3178 1769 3232 ablata
1815 3187 1909 3231 aut

321 3279 444 3332 cibo
484 3277 760 3342 devorato,
809 3276 1033 3346 perinde
1063 3291 1123 3330 es
1152 3283 1312 3344 atque
1355 3274 1400 3326 si
1439 3287 1544 3326 non
1587 3270 1754 3326 fueris
1790 3270 1908 3340 ejus

323 3372 624 3442 particeps;
657 3371 764 3425 imo
791 3384 919 3424 vero
945 3369 1099 3438 longe
1128 3367 1382 3431 deterior,
1413 3376 1472 3418 ut
1497 3365 1586 3434 qui
1619 3364 1742 3418 inde
1763 3363 1909 3418 aufe-

323 3480 408 3520 ras
438 3463 801 3534 gravedinem,
835 3461 1218 3516 distentionem
1249 3466 1304 3513 et
1333 3455 1820 3527 pandiculationem
1851 3463 1907 3510 et

321 3557 594 3626 erapulam
621 3563 678 3609 et
700 3568 949 3610 somnum
974 3552 1130 3606 morti
1159 3549 1408 3612 similem,
1434 3563 1577 3618 saepe
1597 3561 1724 3602 vero
1744 3547 1903 3602 etiam

321 3648 550 3719 vigiliam
581 3661 645 3701 ex
676 3646 956 3700 saturitate
989 3651 1042 3698 et
1069 3639 1435 3698 obstructione
1461 3638 1678 3708 spiritus
1699 3646 1754 3692 et
1777 3652 1904 3691 eru-

318 3739 553 3793 ctatione
583 3755 597 3791 :
629 3746 678 3791 et
723 3735 918 3790 millies
949 3733 1168 3804 quidem
1197 3738 1439 3784 ventrem
1469 3735 1780 3783 exsecratus
1808 3740 1899 3794 es,

320 3845 441 3883 cum
473 3836 719 3898 oporteat
738 3825 1206 3896 intemperantiam
1231 3821 1508 3877 detestari.

389 3918 579 3974 Contra
610 3916 884 3988 ingluviem
921 3925 969 3970 et
1008 3915 1342 3969 saturitatem.
1369 3941 1442 3952 —-—
1459 3909 1537 3965 Ne
1561 3924 1756 3979 corpus
1775 3922 1904 3976 ergo

321 4011 738 4080 impinguemns,
765 4007 861 4062 sed
891 4007 1172 4060 audiamus
1203 4004 1426 4058 Paulum
1449 4001 1711 4056 dicentem
1745 3997 1904 4053 :Car-

321 4105 400 4156 nis
420 4119 593 4155 curam
615 4117 676 4154 ne
701 4099 918 4171 feceritis
940 4098 1006 4149 ad
1025 4094 1453 4163 concupiscentias
1472 4090 1646 4162 (Rom.
1671 4091 1759 4144 15.
1790 4090 1900 4158 14).

324 4193 392 4250 Ut
433 4193 574 4246 enim
604 4193 647 4245 si
680 4191 798 4260 quis
827 4188 976 4242 cibos
1004 4183 1306 4254 acceperit,
1349 4193 1403 4239 et
1434 4182 1486 4235 in
1517 4182 1752 4236 cloacam
1778 4194 1905 4250 pro-

319 4284 528 4356 jccerit,
558 4282 627 4335 ita
673 4281 833 4334 etiam
863 4279 953 4348 qui
991 4280 1043 4331 in
1072 4285 1316 4330 ventrem
1365 4273 1596 4344 ingerit:
1641 4273 1748 4327 imo
1776 4285 1904 4325 vero

321 4389 430 4430 non
475 4373 544 4426 ita
569 4412 582 4435 ,
615 4371 707 4426 sed
746 4370 904 4439 longe
936 4369 1106 4438 pejus.
1141 4366 1270 4420 Nam
1307 4365 1396 4420 hic
1422 4364 1636 4435 quidem
1665 4364 1900 4418 cloacam

319 4464 445 4519 facit
472 4462 672 4528 absque
711 4462 822 4514 suis
853 4459 1008 4512 malis
1041 4475 1055 4523 ;
1100 4457 1206 4511 illic
1233 4464 1414 4510 autem
1441 4465 1494 4510 et
1523 4455 1740 4509 morbos
1774 4470 1903 4524 pro-

309 4565 464 4611 creat
482 4545 1065 4607 innumerabiles.Nam
1091 4545 1230 4615 quod
1257 4546 1422 4599 nutrit
1448 4556 1527 4600 est
1548 4547 1600 4601 id
1628 4547 1770 4617 quod
1788 4547 1902 4601 sul-

315 4651 449 4707 ticit.
469 4643 612 4716 quod
635 4643 798 4698 etiam
823 4647 999 4709 potest
1023 4636 1283 4706 concoqui
1314 4653 1329 4689 :
1362 4636 1503 4706 quod
1532 4647 1708 4692 autem
1727 4653 1902 4703 usum,

316 4747 538 4809 superat
555 4744 608 4790 et
624 4744 705 4790 est
725 4733 842 4802 plus
855 4744 1013 4802 quam
1039 4744 1133 4799 par
1150 4727 1238 4795 sit,
1260 4742 1363 4782 non
1392 4729 1563 4783 solum
1585 4744 1689 4784 non
1715 4731 1895 4795 nutrit,

400 4906 472 4967 (a)
495 4905 586 4954 Hic
609 4917 803 4967 quoque
829 4904 986 4952 hiatus
1009 4911 1086 4953 est
1118 4904 1166 4953 in
1188 4902 1467 4954 Colbertino
1489 4904 1685 4958 Codice.

990 337 1048 391 S.
1087 333 1361 392 JOANNIS
1397 331 1866 397 CHRYSOSTOMI
1905 331 2220 389 ARCHIEP.
2257 327 2777 388 CONSTANTINOP.

3489 323 3591 381 208

2002 441 2096 497 sed
2118 441 2328 511 corpori
2359 443 2518 496 etiam
2565 454 2758 494 noxam
2797 439 2970 494 affert.
3003 440 3073 494 At
3096 440 3274 495 nullus
3302 443 3421 496 hate
3447 443 3588 497 videt

2005 543 2220 605 propter
2247 533 2463 603 vulgare
2505 530 2872 602 przejudicium
2899 542 2953 587 et
2980 531 3416 602 intempestivam
3441 534 3591 588 volu-

2004 621 2267 696 plalcttt.V
2279 625 2322 678 is
2336 640 2531 694 corpus
2557 624 2760 678 nutrire
2775 623 2799 675 ἶ)
2814 632 3029 694 amputa
3061 623 3201 692 quod
3227 623 3505 691 redundat,
3523 623 3588 680 da

2003 716 2141 787 quod
2175 716 2390 784 sufficit,
2411 727 2464 772 et
2493 724 2748 786 quantum
2777 724 2954 786 potest
2978 715 3168 771 confici
3201 726 3254 770 et
3279 718 3540 786 concoqui
3573 737 3584 772 :

2003 810 2113 863 noli
2145 811 2318 878 ipsum
2346 824 2574 880 gravare
2596 851 2612 876 ,
2651 823 2718 864 ne
2752 809 2969 864 obruas.
3012 808 3163 874 Quod
3194 808 3393 864 sufficit
3429 818 3512 864 est
3539 820 3593 866 et

2003 903 2313 959 alimentum
2348 912 2403 959 et
2445 903 2689 973 voluptas
2718 918 2735 957 :
2765 902 2898 958 nihil
2935 902 3078 958 enim
3106 903 3241 959 adeo
3261 902 3423 960 efﬁcit
3444 904 3597 959 volun

2005 1004 2224 1066 ptatem,
2272 1006 2332 1052 ut
2361 996 2512 1052 cibus
2544 1005 2691 1051 recte
2729 994 3050 1052 confectus:
3083 995 3214 1050 nihil
3252 996 3388 1052 adeo
3426 995 3593 1052 efficit

2004 1087 2326 1151 sanitatem,
2373 1086 2506 1140 nihil
2555 1085 2692 1141 adeo
2731 1100 2954 1142 acumen
3000 1101 3280 1151 sensuum,
3329 1087 3462 1141 nihil
3511 1096 3594 1144 est

2006 1177 2148 1247 quod
2179 1178 2423 1232 morbum
2455 1192 2608 1247 teque
2634 1177 2933 1248 propulset.
2964 1176 3105 1246 Ergo
3127 1176 3267 1246 quod
3290 1175 3491 1233 sufficit
3509 1186 3593 1234 est

2008 1276 2061 1323 et
2089 1268 2401 1322 alimentum
2439 1276 2494 1322 et
2521 1268 2766 1338 voluptas
2807 1277 2861 1323 ct
2893 1270 3091 1323 sanitas
3124 1285 3139 1335 ;
3186 1268 3328 1340 quod
3359 1285 3487 1325 vero
3511 1279 3596 1329 est

2010 1361 2129 1430 plus
2175 1375 2333 1430 quam
2379 1375 2475 1430 par
2515 1359 2605 1426 sit,
2649 1369 2731 1415 est
2779 1370 2834 1415 et
2871 1359 3122 1415 damnum
3165 1369 3220 1417 et
3259 1361 3502 1417 molestia
3540 1373 3596 1420 et

2010 1452 2251 1505 morbus.
2283 1450 2414 1506 Nam
2447 1467 2564 1520 qua:
2605 1449 2728 1505 facit
2756 1450 2944 1517 fames,
2976 1451 3099 1507 facit
3125 1454 3288 1508 etiam
3317 1455 3592 1521 saturitas,

2008 1549 2165 1610 atque
2193 1539 2329 1596 adeo
2360 1542 2603 1610 graviora
2633 1559 2645 1594 :
2673 1557 2793 1596 nam
2823 1542 2912 1597 illa
2941 1543 3158 1612 quidem
3188 1546 3372 1614 paucis
3398 1547 3589 1603 diebus

2007 1630 2222 1684 abducit
2247 1639 2300 1685 et
2341 1630 2532 1685 liberat
2573 1630 2841 1686 hominem
2870 1648 2884 1698 ;
2921 1633 3034 1688 lucc
3062 1649 3188 1690 vero
3209 1650 3406 1707 corpus
3435 1652 3595 1693 arro-

2008 1721 2140 1776 dens
2169 1730 2222 1776 et
2252 1721 2610 1790 putrefacieus
2632 1765 2645 1787 ,
2691 1722 2852 1794 longo
2879 1724 3039 1778 tradit
3066 1726 3255 1781 morbo
3276 1768 3292 1793 ,
3321 1736 3374 1782 et
3401 1727 3598 1786 deinde

2009 1815 2167 1868 morti
2216 1814 2566 1884 gravissimae.
2611 1813 2722 1869 Nos
2765 1827 2941 1870 autem
2986 1815 3178 1872 famem
3221 1818 3437 1889 quidem
3479 1837 3598 1877 rem

2009 1907 2253 1961 ducimus
2279 1907 2717 1975 abominandam,
2746 1907 2812 1962 ad
2844 1908 3181 1965 saturitatem
3209 1926 3338 1966 vero
3375 1912 3598 1969 nimiam

2008 1999 2296 2054 currimus.
2322 1997 2472 2053 Unde
2495 1999 2582 2054 hic
2608 1998 2830 2054 morbus
2856 2000 2878 2053 ?
2907 2001 3047 2057 unde
3068 2001 3182 2057 haec
3208 2003 3456 2058 insania?
3477 2005 3599 2061 Non

2009 2090 2131 2144 dico
2163 2098 2221 2144 ut
2263 2103 2360 2143 nos
2390 2089 2716 2156 cruciemus,
2761 2091 2855 2146 sed
2901 2101 2958 2146 ut
2989 2099 3190 2146 tantum
3226 2095 3598 2163 comedamus,

2010 2191 2148 2238 utet
2177 2182 2500 2250 voluptatem
2545 2183 2738 2237 habeat
2778 2199 2898 2253 qua:
2935 2200 3062 2240 vere
3100 2194 3182 2240 est
3225 2185 3469 2256 voluptas
3493 2229 3509 2255 ,
3546 2198 3603 2244 et

2009 2273 2178 2345 possit
2197 2288 2390 2342 corpus
2406 2272 2552 2329 alere
2573 2283 2626 2328 et
2653 2273 2880 2329 reddere
2909 2284 3090 2345 aptum
3115 2285 3168 2330 et
3189 2277 3599 2345 concinnatum,

2009 2373 2453 2435 compactumque
2496 2373 2642 2420 recte
2671 2374 2727 2419 et
2753 2368 3106 2436 compositum
3145 2367 3210 2422 ad
3239 2369 3430 2423 anima:
3466 2383 3604 2439 ope-

2008 2456 2265 2510 rationes.
2290 2454 2514 2522 Quando
2535 2464 2714 2511 autem
2741 2455 2900 2512 fuerit
2928 2459 3151 2514 nimium
3173 2457 3227 2514 in
3254 2459 3307 2514 id
3327 2460 3602 2530 ingestum

2010 2547 2399 2602 nutrimentum
2425 2587 2441 2614 ,
2482 2562 2588 2602 non
2623 2556 2830 2618 potest,
2875 2558 2934 2604 ut
2981 2550 3052 2605 ita
3096 2549 3268 2605 dicam
3291 2592 3306 2616 ,
3337 2551 3517 2606 clavos
3553 2561 3608 2607 et

2033 2635 2346 2691 commissas
2367 2651 2653 2709 compages
2675 2640 2903 2695 retinere
2925 2651 3142 2711 propter
3162 2642 3582 2700 redundantiam
3608 2665 3624 2702 :

2036 2727 2270 2798 ingressa
2315 2729 2511 2800 quippe
2550 2731 2902 2787 redundantia
2936 2741 3104 2788 totum
3141 2733 3388 2790 dissolvit
3429 2745 3486 2791 et
3512 2737 3624 2792 dif-

2034 2818 2225 2874 fundit.
2257 2820 2466 2889 Carnis,
2509 2823 2707 2893 inquit,
2754 2842 2926 2878 curam
2970 2843 3032 2879 ne
3067 2827 3286 2897 feceritis
3322 2828 3390 2880 ad
3428 2844 3626 2883 cancu-

2030 2911 2300 2980 piscentios
2327 2912 2501 2982 (Rom.
2530 2914 2614 2970 15.
2642 2912 2752 2987 14).
2775 2915 2941 2970 Recte
2965 2917 3117 2981 dixit,
3145 2915 3226 2970 Ad
3245 2919 3620 2986 concupiscen-

2030 3002 2159 3066 tias;
2189 3000 2392 3058 deliciae
2417 3003 2560 3058 enim
2590 3014 2718 3061 sunt
2754 3006 2972 3060 materia
3001 3007 3269 3063 obscaenis
3300 3008 3622 3077 cupiditati-

2025 3092 2160 3159 bus;
2211 3095 2419 3150 etiamsi
2467 3095 2512 3151 is
2560 3096 2653 3168 qui
2703 3097 2943 3168 indulget
2990 3098 3196 3155 deliciis
3245 3098 3316 3154 sit
3369 3101 3621 3155 omnium

2028 3187 2258 3242 maxime
2287 3187 2655 3258 phil050phus,
2684 3205 2902 3246 necesse
2923 3199 3002 3245 est
3025 3199 3081 3244 ut
3099 3190 3384 3260 aliquando
3409 3186 3623 3246 afﬁcia-

2026 3286 2111 3331 tur
2137 3294 2166 3332 a
2192 3278 2315 3333 vino
2344 3287 2402 3340 et
2436 3279 2598 3345 cibis,
2631 3295 2850 3336 necesse
2891 3291 2972 3336 est
3016 3291 3072 3336 ut
3113 3280 3470 3349 diffundatur,
3521 3299 3625 3342 ne—

2023 3389 2172 3430 cesse
2201 3384 2284 3430 est
2308 3385 2365 3430 ut
2394 3377 2649 3446 majorem
2675 3376 2906 3446 perferat
2928 3376 3217 3431 flammam.
3244 3377 3379 3433 llinc
3400 3388 3622 3449 stupra,

2025 3466 2149 3522 hinc
2177 3466 2435 3522 adulteria
2462 3486 2474 3521 ε
2510 3482 2614 3522 non
2645 3476 2819 3538 potest
2847 3469 2987 3522 enim
3011 3483 3246 3522 amorem
3271 3483 3460 3538 parere
3487 3486 3626 3525 ven.

2023 3565 2103 3611 ter
2144 3558 2418 3621 esuriens,
2467 3557 2574 3611 imo
2612 3573 2740 3613 vero
2786 3573 2887 3637 net;
2928 3559 2973 3613 is
3012 3558 3102 3628 qui
3148 3558 3314 3612 utitur
3353 3574 3418 3614 eo
3463 3559 3622 3631 quod

2020 3648 2250 3713 sufficit;
2282 3649 2369 3718 qui
2399 3663 2527 3703 vero
2556 3650 2692 3718 parit
2721 3649 3002 3703 obscmuas
3032 3648 3332 3716 voluptates
3354 3689 3369 3712 ,
3403 3649 3504 3704 ille
3536 3660 3622 3706 est

2017 3737 2108 3806 qui
2140 3737 2375 3808 indulget
2400 3738 2626 3793 deliciis.
2650 3740 2717 3794 Et
2737 3740 2874 3793 sicut
2897 3747 3032 3794 terra
3058 3738 3210 3792 valde
3234 3737 3447 3792 humida
3485 3755 3623 3808 pro-

2014 3835 2163 3881 creat
2191 3838 2418 3888 vermes,
2452 3834 2505 3878 et
2532 3824 2689 3877 limus
2712 3822 2800 3892 qui
2822 3824 3082 3878 madescit
3102 3833 3157 3878 et
3189 3825 3410 3878 multum
3445 3822 3626 3880 habet

2015 3916 2328 3979 humorem;
2356 3924 2541 3970 contra
2569 3923 2747 3968 autem
2773 3923 2915 3968 terra
2936 3930 3054 3985 qua:
3075 3924 3157 3968 est
3177 3914 3244 3968 ab
3267 3915 3356 3969 illo
3376 3913 3621 3971 humore

2015 4009 2181 4063 libera
2206 4049 2219 4072 ,
2251 4007 2354 4062 fert
2383 4006 2579 4060 multos
2618 4005 2857 4072 fructus,
2889 4020 3008 4059 cum
3049 4005 3178 4059 nihil
3226 4004 3420 4060 habeat
3466 4009 3620 4076 quod

2014 4098 2230 4153 modum
2267 4096 2536 4153 excedat:
2575 4111 2698 4150 nam
2741 4095 3090 4151 etiamsinon
3138 4095 3367 4161 colatur,
3407 4097 3623 4152 emittit

2015 4189 2268 4255 herbam;
2303 4191 2383 4244 sin
2415 4197 2592 4244 autem
2618 4190 2844 4254 colatur,
2874 4189 3077 4242 fructus
3103 4205 3113 4240 :
3143 4187 3215 4241 ita
3243 4203 3340 4242 nos
3366 4205 3620 4258 quoque.

2011 4280 2088 4335 Ne
2119 4281 2278 4351 igitur
2303 4295 2520 4335 carnem
2549 4279 2835 4334 reddamus
2863 4279 3129 4341 inutilem,
3161 4294 3331 4348 neque
3360 4281 3617 4347 noxiam,

2013 4373 2106 4429 sed
2134 4375 2184 4427 in
2213 4389 2273 4428 ea
2300 4373 2601 4443 plantemus
2632 4372 2788 4427 utiles
2816 4373 3019 4427 fructus
3049 4381 3103 4427 et
3130 4371 3350 4427 arbores
3377 4371 3620 4444 frugife-

2011 4481 2119 4524 ras,
2151 4474 2203 4518 et
2232 4479 2483 4519 curemus
2508 4479 2576 4518 ne
2599 4478 2688 4518 cas
2713 4463 3066 4518 dissolvamus
3093 4463 3296 4516 deliciis
3321 4480 3334 4514 :
3366 4479 3496 4518 nam
3529 4465 3622 4521 ha:

2013 4556 2322 4625 pllil‘CfalClte
2352 4569 2562 4610 vermes
2588 4569 2684 4622 pro
2721 4554 2980 4608 fructibus
3021 4555 3286 4608 emittunt.
3316 4553 3388 4608 lta
3436 4557 3616 4612 etiam

2013 4648 2190 4701 innata
2220 4646 2502 4715 cupiditas,
2523 4645 2566 4700 si
2593 4660 2710 4699 eam
2741 4643 3115 4708 madefeceris,
3146 4655 3389 4713 procreat
3415 4655 3620 4717 turpes

2012 4739 2327 4807 voluptates,
2359 4737 2467 4790 imo
2493 4735 2846 4806 turpissimas.
2872 4735 3018 4790 Hanc
3047 4735 3223 4804 itaque
3246 4735 3386 4790 luem
3417 4738 3618 4792 omni-

2011 4829 2169 4882 modo
2210 4826 2546 4892 auferamus,
2579 4835 2636 4880 ut
2677 4826 2944 4896 possimus
2985 4825 3120 4879 bona
3166 4825 3433 4896 promissa
3466 4842 3619 4884 con-

2009 4920 2182 4987 sequi,
2213 4918 2264 4971 in
2289 4917 2501 4972 Christo
2530 4915 2658 4972 Jesu
2690 4916 2914 4971 Domino
2940 4925 3142 4979 nostro,
3169 4926 3272 4972 etc.

1692 5082 1865 5144 HOM
1873 5083 2035 5144 ILIA
2090 5081 2304 5144 XXX.

326 5206 454 5261 CAP.
481 5208 563 5262 l2.
589 5225 640 5263 v.
677 5209 764 5263 11.
787 5207 963 5262 Omnis
981 5216 1148 5261 autem
1169 5205 1438 5274 disciplina
1466 5204 1516 5257 in
1549 5203 1781 5274 prazscnti
1797 5203 1911 5272 qui-

399 5301 511 5354 dem
544 5301 734 5353 videtur
763 5317 862 5354 non
890 5317 996 5354 esse
1024 5298 1217 5368 gaudii,
1230 5296 1318 5351 sed
1341 5296 1565 5350 mwroris
1583 5310 1602 5358 ;
1623 5305 1792 5364 postea
1814 5311 1911 5347 au-

399 5399 498 5442 tem
527 5393 744 5460 fructum
775 5391 1155 5461 pacatissimam
1185 5388 1465 5442 exercitatis
1492 5402 1582 5456 per
1603 5402 1711 5439 eam
1741 5385 1914 5438 reddet

393 5485 631 5556 justitiw.
667 5483 754 5538 12.
791 5483 1014 5554 Propter
1047 5482 1181 5551 quod
1209 5482 1442 5535 remissas
1469 5495 1646 5532 manus
1678 5487 1723 5531 et
1747 5477 1915 5531 soluta

401 5592 566 5641 genua
592 5575 766 5642 erigite
794 5591 812 5628 :
842 5575 927 5628 15.
953 5583 999 5627 et
1015 5589 1213 5645 gressus
1240 5581 1396 5624 rectos
1425 5569 1575 5638 facite
1607 5568 1812 5639 pedibus
1832 5583 1916 5620 ve-

404 5665 542 5729 stris,
565 5674 614 5716 ut
633 5682 731 5717 non
747 5664 1040 5719 claudicans
1056 5664 1166 5733 quis
1183 5662 1496 5730 errctmtagis
1512 5669 1678 5713 autem
1689 5666 1912 5712 sanetur.

407 5757 456 5808 l.
490 5756 587 5818 Qui
621 5769 798 5808 amara
826 5756 1009 5810 bibunt
1052 5755 1470 5820 medicamenta,
1518 5753 1661 5823 prius
1701 5749 1913 5822 quidem

2019 5195 2286 5266 quoddam
2330 5194 2507 5248 ferunt
2534 5189 2748 5245 tredium
2785 5195 2839 5243 ct
2877 5185 3206 5247 molestiam,
3240 5189 3293 5236 et
3323 5187 3452 5234 tunc
3485 5192 3624 5231 sen-

2022 5290 2160 5342 tiunt
2185 5286 2485 5340 utilitatem.
2516 5282 2662 5337 Talis
2683 5280 2824 5336 enim
2856 5292 2942 5332 res
2969 5285 3051 5331 est
3079 5275 3278 5338 virtus,
3306 5279 3360 5326 et
3385 5269 3502 5323 tale
3532 5270 3626 5321 vi-

2023 5380 2153 5434 tium
2179 5395 2192 5432 :
2220 5378 2385 5448 prima
2410 5374 2622 5447 quidem
2648 5373 2753 5428 illic
2774 5381 2856 5426 est
2875 5369 3139 5438 voluptas,
3169 5364 3363 5421 deinde
3384 5363 3628 5432 πει-ἰω-

2021 5472 2126 5535 do;
2162 5472 2246 5525 hic
2275 5483 2403 5524 vero
2435 5469 2660 5538 primum
2691 5463 2969 5536 aegritudo,
2991 5471 3044 5516 et
3063 5473 3186 5514 tunc
3212 5459 3487 5526 voluptas.
3511 5455 3630 5511 Sed

2024 5565 2241 5617 minime
2277 5569 2400 5615 sunt
2434 5559 2578 5629 paria
2604 5575 2617 5612 :
2648 5572 2752 5612 non
2784 5564 2866 5611 est
2891 5555 3030 5608 enim
3064 5566 3175 5621 par,
3205 5564 3326 5604 cum
3357 5546 3632 5601 molestia

2026 5654 2172 5723 prius
2193 5651 2412 5708 allectus
2436 5650 2619 5717 fueris,
2641 5657 2822 5720 postea
2843 5645 3007 5698 hetari
3029 5659 3043 5708 ;
3067 5652 3120 5696 et
3146 5639 3436 5723 cumprius
3464 5637 3632 5723 beta-

2027 5713 2107 5800 ltts
2121 5743 2305 5810 fueris,
2325 5751 2502 5810 postea
2517 5713 2765 5790 molestia
2786 5721 3224 5794 aflici.Quomodo
3239 5721 3262 5774 ?
3277 5719 3370 5775 llic
3392 5713 3634 5784 quidem
