3970 6152
326 373 426 429 209

324 479 643 552 exspectatio
684 476 874 532 futura:
911 476 1143 531 tristitiae
1188 484 1502 545 prmscntem
1532 474 1723 530 minuit
1755 473 1905 527 voln-

326 583 544 646 ptatem;
566 570 678 625 illic
692 576 867 623 autem
890 567 1219 637 exspectatio
1243 566 1431 620 futnrze
1454 567 1651 621 laetitia:
1671 563 1907 621 detrahit

324 667 381 723 de
399 662 735 720 vehementia
760 659 952 731 prioris
976 659 1139 714 animi
1160 658 1490 728 aegritudinis
1512 675 1527 712 :
1546 657 1679 713 adeo
1704 666 1760 711 ut
1779 671 1910 711 con-

325 759 484 827 tingat
510 754 621 808 illic
642 751 856 822 quidem
886 766 1172 820 numquam
1210 750 1399 815 laetari,
1433 748 1517 803 hic
1545 758 1723 804 autem
1753 762 1909 802 num-

325 863 474 919 quam
497 844 713 901 tristitia
734 842 899 897 afﬁci.
916 841 1032 897 Non
1053 842 1224 897 solum
1241 851 1420 895 autem
1449 841 1549 895 hac
1569 840 1799 906 ratione,
1813 839 1908 894 sed

328 941 480 995 etiam
500 938 606 992 alia
630 945 716 991 est
738 933 1062 990 differentia.
1081 932 1398 999 Quomodo?
1426 931 1628 1000 Nempe
1648 931 1790 1001 quod
1817 945 1912 986 nc-

329 1046 426 1102 que
445 1031 592 1100 paria
609 1036 735 1084 sunt
756 1036 1020 1095 tempora,
1035 1025 1127 1080 sed
1155 1025 1309 1095 longe
1326 1025 1527 1093 majora
1552 1033 1606 1078 et
1629 1023 1908 1092 ampliora.

333 1122 423 1175 Hic
447 1127 629 1175 autem
650 1124 736 1173 est
756 1116 918 1173 etiam
955 1114 1155 1185 aliquid
1175 1114 1402 1185 amplius
1428 1113 1481 1167 in
1524 1111 1909 1182 spiritualihus.

334 1215 411 1270 Ab
426 1213 530 1268 hoc
551 1225 681 1281 ergo
698 1208 897 1266 Paulus
912 1215 1137 1263 conatur
1161 1206 1584 1261 consolationem
1612 1203 1803 1258 aﬁ'erre
1822 1219 1837 1266 ;
1858 1211 1911 1258 et

336 1317 618 1360 commune
643 1314 837 1356 rursus
862 1298 1089 1354 assumit
1109 1297 1392 1367 judicium,
1420 1294 1505 1349 cui
1533 1293 1712 1348 nullus
1741 1302 1916 1362 potest

339 1397 603 1458 resistere,
617 1407 794 1463 neque
815 1406 935 1446 cum
945 1388 1213 1446 communi
1233 1402 1467 1457 pugnare
1478 1386 1761 1442 sententia.
1782 1384 1914 1439 Nam

343 1502 462 1543 cum
490 1486 687 1543 dixerit
706 1484 827 1555 quis
850 1481 902 1538 id
927 1481 995 1537 de
1016 1495 1123 1551 quo
1151 1487 1363 1536 constat
1390 1479 1529 1548 apud
1554 1492 1763 1543 onmcs,
1786 1491 1917 1533 con-

343 1589 579 1646 sentiunt
599 1597 801 1643 omnes,
823 1589 876 1633 et
892 1592 1050 1631 nemo
1064 1572 1410 1628 contradicet.
1430 1567 1685 1627 Mmrctis,
1709 1565 1878 1630 inquit
1895 1578 1909 1612 :

344 1681 442 1735 hoc
470 1674 762 1733 secundum
788 1670 1049 1726 rationem
1079 1673 1162 1721 est
1185 1681 1198 1716 :
1224 1661 1350 1717 talis
1375 1660 1518 1715 enim
1540 1670 1628 1710 res
1651 1663 1731 1709 est
1752 1651 1913 1706 disci-

344 1770 504 1841 plina,
533 1768 640 1822 talc
666 1764 825 1819 habet
849 1757 1189 1831 principium.
1220 1752 1345 1808 ideo
1373 1750 1454 1805 sic
1480 1747 1657 1841 intulit
1686 1762 1700 1799 :
1736 1741 1915 1798 Omnis

341 1837 505 1915 autem
538 1855 811 1926 disciplina
854 1853 908 1905 in
947 1846 1183 1921 presenti
1219 1843 1419 1915 quidem
1454 1837 1647 1894 videtur
1680 1851 1781 1888 non
1810 1847 1916 1887 esse

342 1951 547 2024 gaudii,
582 1947 673 2002 sed
709 1943 953 2000 maeroris.
985 1939 1150 1994 Recte
1180 1931 1502 2024 dixit,‘Non
1544 1928 1779 2024 videtur:
1812 1938 1915 1977 non

342 2017 481 2097 enim
511 2042 598 2093 est
638 2032 916 2102 disciplina
962 2027 1245 2091 maeroris,
1288 2021 1384 2077 sed
1422 2028 1624 2074 tantum
1662 2017 1913 2070 videtur:

347 2139 449 2180 non
471 2124 588 2179 haec
609 2121 828 2194 quidem
844 2119 1080 2181 videtur,
1101 2118 1190 2172 illa
1219 2130 1351 2179 non,
1375 2112 1468 2168 sed
1489 2109 1667 2165 omnis
1691 2124 1704 2161 :
1735 2105 1921 2161 Omnis

345 2216 487 2271 enim
514 2213 798 2285 disciplina
826 2228 930 2267 non
957 2209 1162 2265 videtur
1198 2222 1312 2262 esse
1359 2202 1571 2273 gaudii,
1616 2199 1707 2254 sed
1736 2211 1922 2251 maero-

348 2308 450 2371 ris;
479 2307 531 2362 id
564 2313 670 2371 est,
690 2312 745 2361 et
775 2305 1011 2359 humana
1035 2310 1088 2357 et
1111 2296 1428 2369 spiritualis.
1458 2292 1625 2347 Vides
1648 2304 1772 2344 eum
1795 2303 1926 2343 cou-

349 2398 567 2455 teudere
585 2412 652 2453 ex
673 2394 1055 2453 communibus
1085 2386 1439 2447 nmionibus?
1470 2379 1922 2450 Videtur,inquit,

348 2508 457 2547 esse
502 2491 743 2545 maroris
780 2505 798 2543 :
834 2489 1018 2557 itaque
1065 2499 1175 2540 non
1213 2491 1312 2538 est.
1353 2478 1488 2546 Quis
1534 2474 1680 2531 enim
1722 2483 1928 2526 mceror

350 2583 487 2652 parit
530 2581 824 2653 gaudium?
867 2578 1060 2633 Nullus
1102 2594 1119 2631 :
1161 2575 1301 2632 sicut
1348 2586 1447 2627 nec
1483 2569 1736 2638 voluptas
1783 2563 1926 2634 parit

350 2671 516 2727 animi
552 2667 925 2741 aegritudinem
955 2674 1010 2721 et
1036 2664 1311 2720 tristitiam
1333 2660 1430 2732 (a).

417 2760 717 2830 Disciplina
730 2756 881 2810 bona.
894 2783 966 2795 -—-
979 2751 1165 2806 Postea
1180 2759 1344 2803 autem
1363 2752 1557 2819 [ructus
1578 2745 1926 2816 paratissimos

350 2851 513 2906 reddit
553 2850 616 2902 iis
641 2848 727 2917 qui
756 2861 846 2917 per
872 2845 1038 2914 ipsam
1078 2848 1194 2894 sunt
1234 2836 1494 2893 exercitati
1525 2836 1761 2907 justitiat.
1807 2834 1924 2889 Non

351 2941 612 3003 fructum,
656 2936 749 2992 sed
795 2934 998 2990 fructus
1025 2931 1194 2996 dixit,
1236 2942 1481 2998 magnam
1528 2925 1923 2981 multitudinem

349 3029 673 3099 signiﬁcans.
708 3023 812 3079 Per
836 3024 1003 3095 ipsam
1043 3019 1360 3082 exercitatis,
1392 3016 1593 3086 inquit;
1626 3015 1678 3071 id
1706 3024 1790 3070 est
1812 3057 1827 3079 ,
1860 3015 1925 3070 iis

349 3122 439 3190 qui
466 3120 629 3189 longo
657 3126 895 3186 tempore
921 3112 1292 3168 sustinuerunt
1333 3116 1388 3163 et
1415 3107 1731 3162 tolerarunt.
1764 3104 1926 3160 Vides

352 3221 408 3267 ut
441 3212 604 3266 etiam
651 3210 791 3263 bono
820 3206 984 3261 verbo
1025 3211 1108 3259 est
1155 3201 1321 3256 usus?
1363 3200 1650 3270 Disciplina
1676 3214 1802 3269 ergo
1843 3207 1927 3254 est

352 3302 686 3367 exercitatio,
720 3299 914 3355 fortem
935 3295 1165 3351 reddens
1194 3294 1447 3347 athletam
1470 3332 1485 3356 ,
1515 3300 1570 3347 et
1596 3291 1845 3345 invictum
1871 3290 1926 3345 in

353 3392 761 3458 certaminibus,
792 3398 846 3446 et
885 3390 940 3444 in
981 3387 1136 3443 bellis
1181 3384 1666 3455 inexpugnabilem.
1714 3383 1769 3439 Si
1798 3398 1927 3453 ergo

354 3487 525 3542 omnis
562 3483 843 3553 disciplina
889 3488 974 3536 est
1018 3479 1172 3545 talis,
1221 3477 1339 3532 haec
1383 3490 1594 3546 quoque
1640 3476 1741 3531 erit
1786 3476 1925 3531 talis.

353 3578 710 3649 Quamobrem
738 3575 878 3630 bona
899 3580 1025 3629 sunt
1049 3568 1430 3639 exspectanda,
1453 3576 1506 3622 et
1521 3567 1788 3638 jucundus
1809 3567 1929 3623 ﬁnis

353 3688 415 3727 ac
445 3677 687 3741 pacatus.
718 3665 831 3721 Nec
859 3665 1068 3720 mireris
1098 3662 1141 3716 si
1172 3676 1292 3717 eum
1320 3661 1391 3715 sit
1414 3660 1569 3726 dura,
1600 3660 1803 3715 fruetus
1828 3659 1926 3714 ha-

355 3765 475 3819 heat
503 3762 728 3817 dulces:
761 3773 881 3813 nam
909 3757 1068 3812 etiam
1099 3755 1154 3809 in
1199 3752 1478 3808 arboribus
1505 3760 1688 3807 cortex
1714 3752 1928 3822 quidem

354 3865 434 3911 est
464 3869 634 3926 prope
665 3851 839 3907 omnis
876 3863 1068 3917 expers
1092 3846 1366 3916 qualitatis
1409 3854 1463 3899 et
1502 3860 1680 3914 asper,
1723 3844 1930 3901 fructus

353 3958 532 4001 autem
556 3952 683 3999 sunt
713 3941 922 3998 dulces.
951 3938 1056 3994 Sed
1086 3938 1188 3993 hoc
1212 3936 1419 4006 accepit
1443 3950 1508 3990 ex
1532 3936 1802 3991 communi
1833 3951 1931 3991 no—

359 4039 524 4092 tione.
551 4034 610 4091 Si
637 4039 849 4104 oportet
875 4044 1003 4100 ergo
1028 4029 1150 4083 talia
1180 4035 1516 4096 exspectare,
1545 4025 1667 4095 quid
1696 4025 1931 4082 doletis?

355 4144 450 4182 cur
471 4141 596 4181 cum
621 4123 843 4180 molesta
872 4119 1252 4182 sustinueritis,
1282 4117 1335 4171 in
1366 4116 1519 4171 bonis
1544 4116 1734 4186 ignavo
1762 4126 1817 4171 et
1841 4131 1930 4172 re-

358 4217 524 4272 misso
550 4215 733 4271 animo
758 4212 922 4269 estis?
966 4209 1260 4281 lnjucunda
1284 4250 1300 4276 ,
1346 4223 1465 4279 quae
1493 4218 1649 4263 erant
1675 4208 1891 4265 ferenda
1912 4252 1928 4280 ,

362 4300 691 4354 sustinuistis
717 4316 733 4353 :
764 4315 832 4356 ne
859 4301 1030 4369 ignavi
1057 4315 1187 4369 ergo
1212 4309 1265 4354 et
1295 4300 1503 4355 remissi
1545 4301 1661 4354 sitis
1691 4305 1832 4357 circa
1862 4320 1946 4360 re-

365 4391 810 4444 munerationem.
841 4389 1061 4454 Propter
1086 4389 1223 4458 quod
1246 4391 1481 4443 remissas
1508 4407 1689 4444 manus
1709 4401 1758 4445 et
1781 4410 1945 4462 genua

365 4479 551 4533 debilia
576 4480 774 4550 erigite,
806 4492 854 4534 et
881 4496 1080 4551 gressus
1107 4488 1268 4533 rectos
1303 4480 1456 4547 facile
1493 4479 1704 4550 pedibus
1730 4484 1905 4537 vestris
1926 4523 1942 4548 ,

365 4579 418 4621 ut
441 4587 540 4623 non
571 4569 867 4623 claudicans
891 4569 1003 4640 quis
1029 4579 1178 4633 erret,
1210 4570 1372 4640 magis
1396 4580 1563 4622 autent
1592 4580 1813 4624 sanetur.
1842 4571 1947 4627 Eos

369 4669 636 4730 tamquam
665 4675 911 4716 cursores
937 4660 1228 4729 alloquitur
1253 4669 1308 4715 et
1334 4660 1536 4729 pugiles
1562 4670 1616 4715 et
1641 4661 1943 4717 bellatores.

371 4749 527 4807 Vides
543 4749 812 4821 quomodo
832 4764 925 4804 eos
946 4761 1136 4816 armet,
1155 4750 1422 4820 quomodo
1438 4764 1532 4806 eos
1548 4751 1742 4805 excitet
1761 4752 1782 4807 ἳ
1798 4750 1948 4806 Cres-

367 4859 469 4909 sus,
495 4843 700 4913 inquit,
725 4851 883 4897 rectas
909 4843 1098 4911 facite;
1126 4842 1179 4897 id
1207 4851 1308 4907 est,
1339 4853 1486 4897 recte
1514 4843 1806 4898 ambulate.
1850 4843 1946 4898 Hic

369 4931 495 4986 dicit
518 4932 588 4987 de
614 4933 742 5001 ipsis
761 4931 1172 5001 cogitationibus
1194 4951 1207 4985 :
1232 4941 1378 4987 recte
1398 4932 1685 4998 ambulate,
1716 4934 1818 4989 hoc
1839 4944 1942 5001 est,

371 5037 473 5075 non
503 5022 828 5077 dubitantes.
861 5022 918 5078 Si
943 5022 1087 5077 enim
1119 5021 1394 5092 disciplina
1419 5031 1503 5077 est
1539 5038 1603 5077 ex
1628 5025 1869 5091 caritate,
1902 5027 1946 5079 si

372 5112 552 5181 incipit
573 5127 603 5166 a
628 5127 779 5180 cura,
798 5114 843 5168 si
864 5112 1059 5167 desinit
1088 5112 1139 5166 in
1166 5112 1363 5167 bonum
1391 5114 1552 5167 ﬁnem
1576 5131 1588 5167 :
1610 5113 1711 5169 hoc
1735 5116 1876 5170 enim
1897 5127 1946 5172 et

374 5215 464 5267 per
479 5216 589 5269 res,
605 5211 657 5257 et
676 5217 769 5271 per
787 5203 972 5270 verba,
990 5212 1043 5257 et
1065 5218 1159 5273 per
1182 5202 1361 5256 omnia
1377 5203 1614 5257 ostendit
1630 5219 1645 5259 :
1664 5219 1759 5259 cur
1775 5206 1946 5275 ignavi

372 5292 498 5346 estis
522 5303 580 5347 et
604 5293 856 5348 remissi?
884 5294 1013 5348 tales
1030 5295 1171 5347 enim
1200 5301 1326 5348 sunt
1346 5293 1433 5363 qui
1464 5294 1697 5348 animum
1720 5294 1949 5365 despon-

373 5381 583 5451 derunt,
606 5385 694 5454 qui
726 5400 793 5439 ne
829 5383 1125 5439 futurorum
1156 5383 1369 5454 quidem
1401 5400 1496 5454 spe
1543 5387 1944 5442 conﬁrmantur.

374 5468 545 5539 Recte,
577 5473 763 5543 inquit,
806 5474 1059 5528 ambulate
1084 5490 1102 5527 :
1134 5483 1190 5527 ut
1234 5489 1341 5529 non
1379 5476 1694 5530 extendatur
1748 5477 1949 5532 claudi-

374 5565 543 5628 catio,
570 5565 665 5621 sed
697 5574 932 5620 mutetur
975 5566 1040 5619 ad
1068 5567 1243 5637 priora
1270 5583 1283 5618 :
1313 5580 1434 5620 nam
1477 5567 1566 5635 qui
1619 5567 1784 5622 currit
1827 5583 1946 5624 cum

450 5774 520 5839 (α)
550 5775 642 5825 Hic
666 5786 862 5838 prorsus
884 5772 1049 5822 deﬁcit
1073 5772 1268 5822 humilia
1293 5774 1540 5836 trigesima
1566 5778 1615 5822 in
1632 5773 1765 5824 Coll).

1093 366 1158 423 ΙΝ
1196 367 1412 425 EPIST.
1456 368 1546 425 AD
1587 369 1953 428 ll‘EBR/EOS.

1994 370 2150 429 CAP.
2193 373 2308 429 XII.
2352 372 2586 432 IIOMIL.
2632 375 2804 432 XXX.
3469 376 3577 439 2m

1983 478 2393 544 claudicatione,
2424 478 2620 533 malum
2650 479 2871 533 invehit.
2904 476 3064 533 Vides
3119 480 3260 548 quod
3293 479 3344 533 in
3385 491 3568 536 nostta

1985 569 2055 623 sit
2083 577 2348 640 potestate
2388 577 2450 623 ut
2484 571 2775 624 curemur?
2803 569 2888 622 M.
2938 567 3122 621 Pacem
3161 571 3423 637 sequimini
3453 588 3567 625 cum

1986 661 2213 714 omnibus
2239 670 2286 713 et
2312 659 2719 725 sanctimoniam,
2744 659 2852 712 sine
2879 674 2979 729 qua
3010 674 3154 711 nemo
3174 659 3353 712 videbit
3384 659 3565 713 Domi—

1986 767 2128 804 num.
2153 749 2304 817 Quod
2331 748 2541 803 dicebat
2560 749 2806 817 superius
2832 766 2845 804 :
2878 747 2996 801 Non
3014 748 3292 802 deserentes
3314 748 3568 805 collectio-

1988 858 2101 896 nem
2120 857 2208 894 seu
2222 841 2657 910 congregationem
2675 849 2896 893 nostram
2915 838 3098 911 (Hebr.
3125 840 3212 894 10.
3228 840 3341 909 Ξὸ),
3368 841 3467 897 hoc
3484 842 3569 896 hic

1987 944 2198 1002 quoque
2227 930 2385 984 tacite
2412 929 2691 998 signiﬁcat.
2711 929 2849 983 Nihil
2871 930 3013 983 enim
3038 929 3102 984 ad
3131 933 3486 999 superandum
3515 943 3570 989 et

1987 1021 2399 1093 expugnandum
2431 1029 2534 1074 tam
2563 1020 2742 1074 faciles
2773 1020 2897 1074 facit
2923 1020 2975 1074 in
3005 1021 3382 1076 tentationibus
3408 1039 3568 1092 quam

1989 1130 2107 1171 esse
2133 1114 2389 1170 divulsus.
2421 1113 2638 1166 Etvide
2662 1111 2931 1181 quomodo
2961 1126 2977 1163 :
3004 1110 3276 1181 disrumpe
3314 1115 3481 1168 aciem
3514 1117 3567 1169 in

1990 1207 2166 1271 bello;
2189 1213 2243 1261 et
2263 1220 2330 1259 ne
2346 1205 2526 1259 labore
2540 1202 2755 1273 quidem
2775 1218 2910 1270 Opus
2934 1201 3201 1257 habebunt
3226 1203 3451 1270 inimici,
3477 1205 3572 1259 sed

1990 1311 2084 1351 eos
2109 1296 2314 1350 vinctos
2344 1294 2561 1364 capient
2581 1293 2867 1361 separatim
2893 1293 3159 1359 inventos,
3190 1303 3245 1346 et
3268 1310 3330 1348 ea
3363 1297 3573 1351 ratione

1994 1388 2388 1443 imbecilliores.
2419 1385 2628 1452 Pacem,
2654 1385 2845 1454 inquit,
2873 1384 3139 1455 sequimini
3169 1401 3282 1438 cum
3309 1387 3569 1443 omnibus.

1994 1480 2133 1550 Ergo
2170 1479 2330 1533 etiam
2360 1492 2484 1531 cum
2510 1477 2574 1530 iis
2595 1476 2684 1546 qui
2718 1476 2856 1530 male
2896 1484 3082 1545 agunt.
3127 1474 3239 1529 Hoc
3265 1476 3426 1530 etiam
3452 1479 3577 1533 alibi

1997 1571 2165 1626 dicit:
2191 1570 2252 1625 Si
2296 1569 2407 1637 ﬁeri
2437 1577 2626 1638 potest,
2653 1568 2787 1637 quod
2814 1567 2869 1620 in
2911 1567 3054 1620 vobis
3084 1575 3175 1630 est,
3207 1582 3322 1619 cum
3351 1570 3579 1623 omnibus

1995 1662 2280 1717 hominibus
2310 1677 2484 1731 pacem
2514 1660 2749 1713 habentes
2784 1657 2956 1724 (llam.
2981 1657 3066 1711 12.
3092 1656 3206 1728 18).
3236 1657 3387 1724 Quod
3414 1661 3478 1714 ad
3505 1670 3578 1727 tr,

1995 1753 2410 1822 inquit,attinet,
2429 1764 2610 1820 pacem
2632 1764 2750 1818 age,
2780 1748 3030 1817 pietatem
3060 1748 3193 1803 nihil
3219 1750 3453 1815 lmdens,
3483 1752 3576 1806 sed

2000 1844 2052 1899 in
2083 1845 2162 1899 eis
2192 1858 2311 1914 qum
2332 1842 2532 1913 pateris
2554 1856 2617 1897 ea
2645 1843 2722 1895 fer
2748 1840 2869 1895 forti
2900 1848 2954 1894 et
2982 1855 3241 1910 generoso
3261 1843 3459 1897 animo.
3489 1845 3582 1898 Est

1993 1935 2136 1990 enim
2159 1933 2416 1988 malorum
2437 1916 2733 1989 tolerantia.
2750 1945 2935 1999 magna
2953 1933 3185 1995 arma,in
3205 1934 3583 1989 tentationihus’

2024 2043 2268 2095 magnum
2322 2029 2645 2098 praesidium.
2679 2028 2770 2083 Sic
2819 2029 2981 2083 etiam
3029 2028 3275 2083 Christus
3303 2026 3594 2093 discipulos

2022 2130 2147 2172 suos
2175 2119 2338 2172 fortes
2361 2116 2606 2183 faciebat,
2634 2117 2853 2173 dicens:
2883 2117 3016 2172 Ecce
3047 2119 3187 2172 mitto
3218 2134 3304 2171 vos
3339 2127 3596 2185 tamquam

2022 2225 2133 2264 oves
2176 2210 2228 2263 in
2265 2209 2428 2263 medio
2473 2210 2706 2277 luporum
2750 2226 2771 2264 :
2806 2219 2962 2265 estote
2994 2226 3110 2280 ergo
3152 2208 3422 2277 prudentes
3466 2207 3597 2261 sicut

2021 2310 2292 2367 serpentes,
2315 2310 2360 2354 et
2376 2298 2631 2366 simplices
2658 2301 2786 2355 sicut
2814 2300 3055 2355 columba:
3090 2301 3109 2369 (
3136 2299 3322 2353 Matth.
3346 2298 3430 2354 10.
3465 2298 3531 2351 16
3555 2298 3593 2367 ).

2021 2389 2157 2457 Quid
2203 2390 2374 2454 dicis,
2432 2390 2486 2445 in
2541 2390 2718 2446 medio
2769 2392 3015 2460 luporum
3071 2405 3294 2453 sumus,
3351 2398 3406 2442 et
3459 2389 3599 2441 sicut

2022 2495 2148 2534 oves
2184 2495 2284 2535 nos
2319 2494 2438 2535 esse
2478 2480 2655 2551 jubes,
2696 2490 2748 2536 et
2795 2481 2933 2535 sicut
2976 2480 3299 2535 columbas?
3343 2477 3593 2543 Maxime,

2025 2570 2214 2642 inquit,
2270 2587 2392 2626 nam
2434 2588 2553 2627 eum
2582 2573 2669 2640 qui
2702 2573 2841 2627 male
2870 2572 3030 2639 facit,
3060 2572 3191 2627 nihil
3228 2571 3364 2626 adeo
3393 2570 3597 2639 pudore

2022 2659 2219 2726 afﬁcit,
2253 2669 2309 2715 ut
2338 2660 2551 2731 quando
2598 2675 2697 2716 nos
2738 2661 2944 2716 fortiter
2969 2658 3204 2717 feramus
3231 2674 3291 2715 ea
3319 2675 3437 2729 qua:
3468 2657 3598 2712 infe-

2025 2760 2245 2819 runtur,
2273 2761 2327 2807 et
2353 2767 2526 2822 neque
2557 2752 2722 2807 verbo
2744 2767 2917 2823 neque
2943 2751 3085 2807 facto
3114 2766 3216 2807 nos
3243 2751 3588 2806 ulciscantur.

2025 2841 2137 2898 Hoc
2182 2852 2236 2898 et
2278 2858 2376 2899 nos
2404 2844 2576 2899 reddit
2619 2845 2787 2914 magis
2834 2843 3216 2914 philosophos,
3248 2852 3304 2897 et
3333 2840 3591 2910 majorem

2023 2936 2272 2991 conciliat
2296 2937 2618 3004 mercedem,
2653 2946 2708 2993 et
2753 2937 2874 2992 illos
2900 2938 3071 3008 juvat.
3099 2938 3167 2992 At
3193 2936 3281 2991 hic
3310 2937 3394 2991 vel
3425 2935 3516 2990 ille
3544 2944 3599 2990 te

2024 3027 2201 3083 aﬁ‘ecit
2228 3030 2546 3084 contumelia
2571 3030 2599 3083 it
2636 3039 2690 3085 tu
2721 3045 2848 3085 vero
2891 3046 3015 3085 eum
3049 3029 3206 3085 bouis
3249 3042 3596 3099 prosequere.

2030 3117 2160 3175 Vide
2197 3136 2354 3190 quam
2399 3123 2563 3176 multa
2609 3138 2673 3177 ex
2723 3138 2789 3177 eo
2829 3124 2903 3177 sis
2950 3122 3363 3177 lucrifacturus:
3394 3120 3596 3175 malum

2025 3212 2323 3266 exstinxisti
2344 3251 2360 3279 ,
2390 3213 2689 3267 mercedem
2724 3213 2814 3267 tibi
2844 3213 3159 3279 conciliasti,
3200 3212 3347 3267 illum
3396 3210 3600 3280 pudore

2026 3299 2267 3369 aﬁ’eeisti,
2301 3302 2432 3358 nihil
2475 3318 2534 3358 es
2564 3318 2753 3373 passus
2774 3319 2955 3373 grave.
2981 3302 3168 3356 Pacem
3188 3302 3454 3374 sequimini
3476 3316 3593 3354 cum

2026 3392 2254 3447 omnibus
2292 3402 2340 3446 et
2383 3394 2790 3449 sanctimoniam.
2824 3394 3230 3450 Sanctimoniam
3270 3392 3396 3462 quid
3425 3391 3597 3446 dicit?

2027 3482 2475 3553 Temperantiam,
2501 3487 2833 3543 honestatem
2851 3487 2903 3542 in
2926 3487 3284 3541 matrimonio.
3310 3484 3433 3540 Sive
3454 3484 3603 3554 quis-

2029 3572 2188 3643 piam,
2220 3575 2409 3645 inquit,
2435 3591 2540 3631 non
2566 3578 2635 3633 sit
2657 3578 2876 3648 junctus
2894 3578 3254 3642 matrimonio,
3276 3585 3456 3630 castus
3481 3590 3602 3629 ma-

2028 3675 2169 3732 neat,
2204 3682 2421 3723 uxorem
2461 3669 2619 3724 ducat
2662 3687 2676 3724 :
2724 3670 2837 3725 sive
2875 3669 2946 3723 sit
2981 3669 3195 3738 junctus
3238 3668 3601 3733 matrimonio,

2030 3769 2135 3809 non
2166 3766 2435 3812 scortetur
2462 3800 2476 3826 ,
2508 3758 2603 3813 sed
2639 3773 2807 3813 uxore
2854 3767 3036 3812 utatur
3067 3777 3084 3813 :
3110 3774 3231 3812 nam
3258 3758 3361 3813 hoc
3387 3774 3602 3829 quoque

2029 3855 2109 3901 est
2153 3847 2520 3904 sanctiﬁcatio.
2565 3849 2883 3915 Quomodo?
2920 3849 3035 3903 Non
3075 3858 3158 3904 est
3201 3850 3601 3905 matrimonium

2030 3938 2378 3994 sanctiﬁcatio
2403 3982 2418 4005 ,
2451 3941 2544 3995 sed
2568 3941 2967 3995 matrimonium
2992 3951 3274 3996 conservat
3302 3943 3603 3997 sanctifica-

2033 4031 2227 4086 tionem
2255 4047 2372 4102 qua:
2390 4032 2629 4102 procedit
2648 4048 2676 4086 a
2706 4032 2827 4097 ﬁde,
2859 4047 2965 4087 non
2993 4033 3175 4087 sinens
3202 4033 3453 4104 conjungi
3476 4050 3601 4088 cum

2030 4124 2330 4180 meretrice.
2359 4124 2753 4180 Matrimonium
2783 4126 2927 4181 enim
2953 4133 3035 4181 est
3065 4124 3378 4181 honorabile
3411 4124 3605 4196 (Hebr.

2030 4214 2117 4268 15.
2147 4214 2226 4282 4),
2269 4231 2374 4270 non
2405 4227 2648 4271 sanetum
2681 4231 2910 4286 :purum
2936 4225 3018 4272 est
3039 4217 3461 4284 matrimonium,
3492 4232 3601 4272 non

2027 4311 2200 4355 tamen
2229 4305 2430 4370 praebet
2456 4307 2616 4357 etiam
2645 4304 2980 4359 sanctitatem
3003 4347 3018 4371 ,
3050 4307 3155 4360 nisi
3183 4310 3322 4375 quod
3353 4310 3602 4377 prohibet

2024 4406 2130 4445 non
2159 4391 2397 4461 polluere
2426 4408 2545 4447 eam
2574 4409 2692 4462 quae
2731 4395 2853 4450 data
2892 4405 2974 4450 est
2998 4411 3027 4450 a
3057 4395 3182 4450 ﬁde.
3214 4397 3340 4451 Sine
3365 4415 3484 4468 qua,
3522 4399 3601 4452 in-

2025 4482 2158 4550 quit,
2189 4497 2334 4535 nemo
2361 4483 2543 4536 videbit
2560 4483 2856 4539 Dominum.
2877 4486 3028 4554 Quod
3063 4488 3221 4542 etiam
3247 4490 3379 4544 dicit
3403 4490 3452 4544 in
3477 4490 3601 4559 Epi-

2026 4573 2164 4628 stola
2192 4572 2257 4626 ad
2288 4571 2593 4629 Corinthios
2624 4592 2637 4628 :
2666 4574 2839 4630 Nolite
2875 4594 3045 4632 errare
3071 4594 3090 4632 :
3110 4596 3267 4649 neque
3289 4581 3559 4652 fornicarii
3584 4623 3599 4646 ,

2026 4681 2184 4734 neque
2202 4665 2352 4720 idolis
2378 4668 2662 4735 servientes,
2686 4685 2842 4738 neque
2870 4670 3203 4724 masculorum
3228 4672 3599 4738 concubitores,

2026 4773 2184 4827 neque
2199 4758 2358 4822 avari,
2377 4775 2533 4828 neque
2548 4763 2701 4830 fures,
2722 4777 2877 4831 neque
2888 4762 3088 4826 ebriosi,
3106 4778 3262 4831 neque
3272 4762 3600 4828 detractores,

2027 4867 2184 4921 neque
2214 4860 2440 4918 raptores
2469 4867 2681 4922 regnum
2707 4850 2805 4905 Dei
2831 4852 3155 4921 possidebunt
3184 4852 3272 4924 (1.
3300 4852 3417 4908 Cor.
3450 4853 3501 4907 6.
3536 4855 3590 4910 9.

2030 4944 2155 5015 10).
2184 4943 2461 5009 Quomodo
2479 4944 2620 4998 enim
2644 4945 2731 5012 qui
2755 4959 2948 5013 corpus
2975 4945 3144 4999 factus
3173 4953 3255 4998 est
3280 4948 3603 5015 meretricis,

2028 5035 2223 5105 poterit
2251 5049 2370 5089 esse
2390 5048 2583 5104 corpus
2609 5032 2806 5089 Christi
2835 5034 2993 5104 (Ibid.
3025 5052 3072 5088 υ.
3106 5034 3235 5106 15)?
3264 5037 3349 5091 15.
3372 5037 3604 5093 Contem-

2030 5126 2225 5193 plantes
2249 5141 2310 5178 ne
2336 5126 2445 5195 quis
2466 5125 2592 5178 desit
2616 5127 2793 5194 gratia:
2814 5124 2907 5178 Dei
2937 5140 2956 5178 :
2983 5142 3044 5178 ne
3058 5142 3157 5192 qua
3180 5128 3331 5182 radix
3352 5132 3600 5184 amaritu-

2030 5216 2164 5269 dinis
2218 5215 2481 5269 desursum
2527 5214 2806 5284 impediat,
2854 5224 2900 5266 et
2951 5231 3039 5284 per
3094 5215 3236 5268 illam
3282 5217 3605 5287 inquinentur

2030 5308 2177 5360 mulli
2202 5323 2220 5360 :
2252 5308 2338 5362 16.
2367 5324 2429 5361 ηε
2453 5307 2563 5376 quis
2581 5307 2856 5378 fornicator
2883 5315 2972 5358 aut
2995 5311 3259 5377 profanus.
3287 5308 3448 5365 Vides
3473 5327 3606 5382 quo-

2035 5398 2195 5452 modo
2238 5399 2435 5468 ubique
2480 5397 2765 5466 unicuique
2795 5411 3133 5450 communem
3168 5398 3328 5453 tradit
3357 5403 3605 5457 salutent.

2034 5490 2388 5544 Adhortantini
2416 5505 2500 5542 vos
2526 5529 2541 5553 ,
2571 5487 2778 5556 inquit,
2829 5487 2957 5538 alter
2995 5488 3206 5541 alterum
3235 5507 3323 5558 per
3345 5492 3573 5562 singulos
3594 5537 3608 5561 ,

2035 5582 2161 5644 dies,
2191 5582 2347 5633 donec
2375 5579 2524 5631 ltodie
2550 5577 2937 5648 cognominatur
2968 5575 3148 5645 (Hebr.
3173 5579 3225 5633 5.
3255 5581 3366 5650 15).

2105 5674 2157 5727 9..
2189 5672 2265 5727 Ne
2285 5686 2414 5741 ergo
2438 5671 2614 5724 omnia
2632 5668 2932 5738 congeratis
2959 5668 3012 5721 in
3042 5669 3306 5738 doctores,
3332 5675 3488 5730 neiis
3517 5677 3607 5744 qui

2036 5774 2264 5833 put-sunt
2315 5762 2491 5818 omnia
2524 5761 2784 5817 tribuatis.
2816 5758 3043 5814 Potestis
3069 5762 3224 5817 etiam
3257 5779 3371 5833 vos,
3405 5767 3607 5838 inquit,
