3970 6152
355 353 452 411 211

1048 342 1105 399 S.
1146 333 1421 397 JOANNIS
1445 325 1917 390 CIIRYSOSTOMI
1968 324 2280 383 ARCIHEP.
2313 324 2838 385 CONSTANTINOP.

3517 315 3613 374 αξη

381 457 518 511 alter
545 453 770 507 alterum
800 444 1082 501 aedificare.
1115 441 1267 508 Quod
1297 441 1454 495 etiam
1476 440 1686 495 dicebat
1713 441 1956 499 scribens
2039 449 2196 512 egent
2224 440 2290 496 iis
2313 439 2404 510 qui
2433 439 2541 493 sint
2563 433 2883 506 prohibituri
2918 450 2930 486 :
2965 447 3086 486 nam
3113 430 3201 500 qui
3235 438 3446 484 tenetur
3474 430 3596 482 afl'e-

381 549 451 604 ad
483 541 984 600 Thcssalouicenses
1013 553 1025 588 ε
1057 535 1195 588 Alter
1221 534 1433 588 alterum
1459 533 1728 602 cdiﬁcale,
1754 535 1880 588 sicut
1910 545 1958 588 et
2037 533 2240 596 ctione,
2287 545 2391 583 non
2439 527 2618 581 statim
2649 525 2749 580 sibi
2803 522 2856 577 in
2888 521 3076 576 morbo
3118 520 3312 590 poterit
3341 517 3604 572 sufﬁcere.

387 638 552 712 facilis
573 653 595 701 ;
620 645 674 689 et
701 644 906 695 rursus,
941 625 1286 682 Consolamini
1323 625 1450 678 alter
1479 625 1696 678 alterum
1722 627 1773 679 in
1800 627 1960 681 verbis
2042 620 2118 676 Te
2160 634 2288 691 ergo
2315 632 2445 673 sano
2473 631 2608 686 opus
2633 615 2698 670 ad
2729 615 2870 668 illius
2893 613 3224 667 curationem
3258 627 3271 662 :
3300 615 3354 663 et
3383 607 3428 662 si
3457 609 3610 662 verbo

386 730 495 784 istis
515 727 592 797 (1.
623 724 797 778 Thess.
831 722 884 776 5.
915 717 1024 791 11).
1055 717 1168 771 Hoc
1193 715 1346 770 vobis
1373 730 1584 785 quoque
1605 729 1746 771 nunc
1766 717 1959 771 suade-

387 837 528 879 mus.
569 819 726 874 Plura
755 828 914 886 quam
942 826 1062 871 nos,
1106 810 1151 866 si
1188 809 1370 874 vultis,
1401 808 1625 878 potestis
1650 809 1787 864 alter
1810 811 1962 866 alteri

391 919 529 972 bona
571 915 746 966 facere
779 925 794 962 :
827 906 1024 975 saepius
1048 903 1190 957 enim
1230 901 1371 955 inter
1410 916 1505 955 vos
1535 910 1717 956 mutuo
1745 916 1967 956 cnnver-

390 1006 606 1070 samini,
634 1011 692 1058 et
723 1015 811 1055 res
837 1007 1047 1052 vestras
1079 993 1214 1046 alter
1252 991 1471 1045 alterius
1505 991 1671 1061 magis
1694 993 1842 1046 scitis
1864 1035 1879 1059 ,
1912 1000 1970 1048 et

391 1103 586 1158 delicta
636 1095 902 1161 utrimque
946 1101 1056 1140 non
1109 1081 1401 1153 ignoratis,
1427 1093 1482 1136 et
1529 1081 1787 1151 majorem
1831 1081 1968 1136 [idu-

395 1190 534 1245 ciam
565 1187 792 1249 habetis,
846 1182 1144 1244 caritatem,
1178 1171 1662 1229 consuetudinem:
1706 1182 1810 1220 non
1861 1166 1976 1219 haec

401 1289 525 1336 sunt
555 1287 730 1332 autem
759 1289 916 1344 parva
936 1272 1000 1326 ad
1028 1269 1348 1330 doctrinam,
1378 1263 1470 1318 sed
1498 1263 1674 1332 magni
1696 1269 1749 1314 et
1779 1274 1976 1330 Oppor-

396 1371 512 1424 tuni
544 1369 718 1422 aditus
746 1386 758 1419 :
798 1362 967 1432 magis
1007 1374 1164 1430 quam
1193 1371 1292 1411 nos
1322 1353 1563 1424 poteritis
1621 1351 1894 1419 increpare
1923 1357 1978 1403 et

402 1459 694 1516 exhortari.
723 1457 830 1510 Nec
856 1455 957 1508 hoc
986 1451 1195 1514 solum;
1225 1446 1318 1502 sed
1346 1443 1598 1515 quoniam
1637 1437 1738 1510 ego
1762 1439 1974 1510 quidem

401 1567 520 1607 sum
551 1564 708 1614 unus,
739 1561 832 1600 vos
853 1555 1027 1598 autem
1052 1541 1224 1604 multi,
1257 1537 1499 1608 poteritis
1526 1535 1686 1589 etiam
1719 1541 1977 1603 quotquot

400 1644 534 1698 estis
568 1655 754 1694 omnes
781 1653 900 1693 esse
922 1637 1192 1690 doetores.
1244 1628 1600 1698 Quamobrem
1631 1639 1761 1694 rogo
1786 1638 1880 1677 vos
1909 1638 1978 1677 ne

400 1731 682 1802 negligatis
707 1730 841 1781 hanc
858 1727 1110 1796 gratiam:
1138 1719 1508 1789 unusquisque
1533 1717 1692 1770 habet
1714 1726 1930 1768 uxorem
1956 1753 1972 1779 ,

400 1823 562 1876 habet
587 1818 837 1882 amicum,
867 1817 1027 1870 habet
1050 1813 1324 1873 famulum,
1355 1809 1513 1862 habet
1550 1806 1777 1860 vicinum
1811 1823 1823 1858 :
1853 1819 1975 1859 eum

399 1915 659 1982 increpet,
686 1925 808 1966 eum
833 1908 1135 1962 admoneat.
1169 1899 1446 1970 Quomodo
1471 1899 1613 1953 enim
1644 1913 1750 1952 non
1779 1904 1861 1950 est
1878 1895 1978 1950 ab-

401 2003 618 2059 surdum
644 2044 660 2068 ,
691 2017 788 2070 pro
822 1999 1078 2053 alimento
1125 1994 1340 2063 quidem
1386 1991 1562 2045 facere
1600 1988 1878 2052 convivia,
1923 1995 1980 2040 et

396 2095 541 2149 diem
571 2092 764 2146 habere
783 2090 1129 2144 constitutum
1163 2093 1220 2139 ut
1264 2085 1403 2136 inter
1433 2096 1491 2136 se
1530 2081 1850 2135 conveniant
1877 2120 1892 2146 ,
1925 2087 1980 2134 et

395 2183 540 2252 quod
563 2181 846 2249 utricuique
875 2179 1025 2233 deest
1051 2175 1273 2244 implere
1313 2187 1408 2242 per
1437 2172 1748 2225 societatem
1782 2187 1797 2223 :
1828 2169 1980 2224 verbi

400 2275 590 2344 gratia,
620 2273 732 2326 sive
755 2269 988 2325 eundum
1013 2267 1083 2320 sit
1111 2269 1176 2319 ad
1206 2265 1363 2318 funus
1393 2261 1742 2325 efferendum,
1767 2261 1880 2315 sive
1909 2259 1978 2315 ad

399 2363 705 2436 prandium,
737 2361 850 2414 sive
877 2358 946 2411 sit
973 2358 1023 2410 in
1051 2355 1233 2424 aliquo
1256 2351 1534 2407 ferendum
1560 2351 1803 2419 proximo
1829 2350 1980 2404 auxi-

401 2457 531 2510 lium
561 2471 576 2508 :
604 2453 670 2507 ad
698 2450 989 2506 docendam
1020 2458 1196 2501 autem
1217 2446 1467 2500 virtutem
1495 2458 1599 2497 non
1632 2443 1734 2498 hoc
1763 2443 1978 2498 facere?

403 2545 579 2599 Etiam
607 2555 734 2610 rogo
757 2553 916 2594 nemo
945 2537 1175 2606 negligat
1201 2552 1216 2588 :
1247 2534 1473 2602 accipiet
1499 2532 1640 2586 enim
1665 2547 1908 2601 magnam
1947 2547 1978 2587 a

406 2636 516 2690 Deo
541 2631 864 2688 mercedem.
898 2630 964 2683 Et
996 2637 1051 2682 ut
1078 2625 1368 2695 intelligas,
1399 2623 1484 2678 cui
1513 2623 1748 2692 quinque
1771 2621 1977 2677 credita

403 2736 530 2781 sunt
559 2724 775 2788 talenta,
803 2723 845 2776 is
863 2728 945 2774 est
964 2719 1154 2774 doctor
1175 2733 1194 2783 ;
1217 2716 1300 2771 cui
1327 2723 1502 2768 autem
1535 2726 1716 2779 unum,
1741 2714 1978 2782 discipu-

406 2820 509 2872 lus.
545 2817 601 2872 Si
626 2813 820 2870 dixerit
846 2809 1142 2880 discipulus
1163 2850 1176 2872 ,
1222 2806 1349 2862 Sum
1378 2805 1670 2874 discipulus
1691 2846 1706 2870 ,
1749 2805 1801 2858 in
1829 2804 1979 2860 nullo

405 2923 593 2964 versor
641 2903 910 2975 periculo;
961 2911 1014 2954 et
1061 2911 1399 2952 communem
1443 2894 1581 2949 hanc
1625 2909 1784 2965 quam
1811 2908 1840 2946 a
1873 2894 1980 2949 Deo

403 2998 612 3068 accepit
654 2994 908 3050 doctrinte
946 2991 1226 3052 rationem,
1272 2985 1467 3040 nudam
1510 2983 1873 3050 absconderit,
1925 2991 1982 3039 et

405 3107 513 3145 non
541 3085 897 3148 admonuerit,
924 3091 977 3136 et
1003 3097 1109 3136 non
1138 3078 1346 3134 dicendi
1375 3076 1618 3132 libertate
1643 3089 1771 3130 usus
1800 3075 1976 3142 fuerit,

407 3197 513 3236 non
542 3177 798 3248 arguerit,
829 3190 932 3228 non
947 3172 1179 3226 suaserit
1205 3170 1247 3224 si
1264 3176 1456 3238 potest,
1477 3166 1571 3222 sed
1599 3167 1650 3220 in
1683 3175 1825 3220 terra
1852 3166 1980 3220 abs-

403 3272 648 3329 conderit
675 3287 688 3322 :
722 3282 849 3322 vere
876 3266 1017 3319 enim
1048 3271 1132 3317 est
1159 3271 1300 3315 terra
1326 3269 1382 3314 et
1406 3259 1540 3312 cinis
1565 3272 1660 3312 cor
1693 3255 1834 3325 quod
1859 3256 1982 3310 abs-

402 3364 586 3420 condit
614 3361 704 3416 Dei
732 3359 955 3430 gratiam
981 3373 996 3420 ;
1025 3353 1074 3408 si
1099 3367 1227 3423 ergo
1264 3349 1602 3407 absconderit
1629 3356 1721 3401 aut
1764 3357 1980 3417 propter

405 3455 696 3526 pigritiam,
721 3461 812 3505 aut
832 3456 1050 3519 propter
1073 3444 1489 3514 improbitatem,
1515 3455 1620 3495 non
1643 3454 1765 3494 eum
1790 3438 1980 3493 defen-

384 3525 478 3598 det
501 3553 555 3598 et
579 3542 857 3598 excusabit
884 3539 1025 3610 quod
1053 3537 1232 3599 dicat,
1272 3532 1446 3586 Unum
1487 3527 1644 3582 habui
1682 3525 1959 3578 talentum.

389 3633 563 3687 Unum
584 3633 820 3687 habebas
843 3632 1098 3684 talentum
1121 3624 1428 3693 :Oportchat
1447 3622 1671 3674 alterum
1692 3614 1886 3670 aﬂ’erre
1909 3621 1966 3669 ct

391 3723 643 3776 talentum
674 3721 946 3790 duplicare
981 3735 996 3772 :
1025 3718 1068 3770 si
1091 3715 1264 3769 adhuc
1293 3726 1456 3765 unum
1485 3708 1751 3762 attulisses
1775 3745 1790 3770 ,
1819 3703 1964 3758 nulla

391 3821 534 3867 esset
562 3812 740 3880 culpa.
762 3811 942 3879 Neque
965 3807 1106 3862 enim
1133 3806 1182 3860 ei
1209 3803 1297 3874 qui
1329 3802 1436 3855 duo
1457 3798 1650 3863 attulit,
1679 3793 1966 3849 dixit:Cur

393 3922 496 3958 non
519 3905 751 3974 quinque
771 3901 1032 3956 attulisti?
1051 3897 1143 3952 sed
1165 3910 1286 3951 eum
1313 3892 1501 3948 iisdem
1523 3889 1738 3956 dignum
1761 3884 1968 3941 censuit

389 3995 583 4065 quibus
603 4008 724 4048 cum
743 3993 830 4062 qui
849 3991 1080 4060 quinque
1101 3981 1504 4048 attulit.Quare?
1522 3979 1780 4047 Quoniam
1801 3990 1968 4044 quan-

391 4097 506 4139 tum
532 4084 712 4137 habuit
737 4080 996 4144 exercuit,
1020 4092 1118 4131 nec
1142 4075 1266 4129 sivit
1289 4087 1410 4128 esse
1432 4072 1683 4133 otiosum,
1713 4081 1814 4121 nec
1831 4079 1969 4134 quo-

395 4177 536 4230 niam
566 4174 738 4226 minus
759 4169 961 4238 accepit
986 4181 1146 4236 quam
1176 4163 1262 4217 cui
1289 4161 1497 4216 fuerant
1520 4158 1710 4212 tradita
1739 4157 1971 4226 quinque

394 4269 618 4332 talenta,
647 4272 926 4332 prepterea
956 4260 1053 4313 fuit
1078 4256 1351 4327 negligens
1377 4293 1392 4320 ,
1422 4267 1523 4307 nec
1549 4250 1818 4320 paucitate
1841 4260 1970 4302 usus

395 4364 482 4410 est
511 4354 576 4406 ad
617 4353 808 4407 otium.
838 4349 948 4404 Nec
974 4357 1026 4403 te
1052 4345 1334 4416 oportebat
1359 4343 1602 4413 aSpicere
1636 4338 1702 4394 ad
1733 4354 1852 4394 eum
1881 4337 1974 4407 qui

398 4449 505 4500 duo
533 4443 790 4504 habebat;
811 4440 917 4493 imo
933 4453 1059 4492 vero
1081 4437 1238 4491 etiam
1262 4433 1326 4488 ad
1357 4433 1504 4488 illum
1525 4429 1805 4500 oportebat
1827 4427 1974 4494 aspi-

399 4551 545 4599 cere,
570 4545 624 4589 et
644 4528 1090 4602 quemadmodum
1120 4527 1209 4582 ille
1233 4540 1354 4580 cum
1381 4523 1488 4578 duo
1517 4521 1761 4587 haberet,
1794 4519 1973 4574 imita—

403 4641 487 4686 tus
511 4636 594 4683 est
625 4626 776 4681 illum
805 4623 889 4678 cui
917 4621 1038 4676 data
1060 4618 1273 4675 fuerant
1295 4617 1526 4686 quinque
1551 4654 1566 4678 ,
1595 4614 1665 4666 ita
1693 4621 1743 4667 te
1765 4624 1977 4681 quoque

402 4719 598 4777 imitari
627 4715 910 4786 Oportebat
945 4728 1065 4768 cum
1095 4712 1178 4767 cui
1216 4709 1322 4764 duo
1350 4707 1565 4762 fuerunt
1590 4704 1799 4760 tradita.
1844 4703 1978 4758 Nam

400 4817 447 4870 si
477 4814 526 4869 ei
553 4811 640 4882 qui
672 4809 831 4863 habet
861 4805 1132 4876 pecunias,
1165 4811 1220 4857 et
1266 4815 1372 4854 non
1419 4797 1696 4868 impertit,
1724 4793 1976 4864 infligitur

403 4901 740 4974 supplicium,
769 4899 818 4953 ei
842 4896 931 4967 qui
953 4903 1129 4966 potest
1149 4889 1647 4964 quomodocumque
1668 4884 1978 4952 admonere,

402 5005 458 5050 et
485 4995 586 5048 hoc
614 5006 720 5046 non
750 4989 876 5042 facit
903 5028 918 5052 ,
946 4985 1214 5056 quomodo
1245 4996 1349 5037 nou
1390 4980 1683 5033 maximum
1718 4976 1982 5045 infligetur

407 5083 720 5154 supplicium
745 5079 768 5134 7
812 5078 922 5132 Illic
947 5091 1143 5144 corpus
1170 5074 1403 5129 nutritur
1428 5111 1443 5136 ,
1477 5069 1562 5124 hic
1587 5069 1762 5122 anima
1818 5085 1830 5122 :
1873 5067 1984 5122 illic

406 5183 634 5229 mortem
666 5169 916 5240 prohibes
944 5166 1312 5235 temporalem,
1348 5163 1436 5216 hic
1455 5169 1738 5216 :eternam.

476 5267 531 5321 5.
565 5264 634 5317 At
670 5276 775 5315 non
805 5269 912 5326 est,
945 5257 1152 5327 inquit,
1185 5255 1316 5309 mihi
1343 5253 1557 5309 dicendi
1589 5250 1836 5306 facultas.
1878 5248 1985 5305 Sed

409 5353 618 5411 dicendi
647 5353 894 5407 facultate
939 5364 1044 5402 non
1086 5355 1173 5402 est
1209 5362 1344 5415 Opus
1369 5386 1383 5411 ,
1414 5361 1518 5399 non
1569 5341 1894 5413 eloquentia.
1927 5341 1984 5396 Si

411 5448 607 5502 videris
633 5446 860 5498 amicum
907 5448 1269 5502 scortantem,
1322 5438 1407 5493 dic
1435 5439 1526 5492 ei:
1569 5437 1676 5492 Res
1719 5445 1803 5491 est
1850 5435 1987 5489 mala

411 5553 568 5607 quam
607 5535 875 5598 admittis;
918 5548 1022 5586 non
1067 5540 1120 5586 te
1153 5529 1340 5601 pudet,
1392 5543 1501 5583 non
1548 5527 1866 5582 erubescis?
1907 5537 1991 5582 est

413 5630 554 5682 enim
584 5627 800 5680 malum.
838 5624 931 5679 Ille
970 5623 1177 5687 nescit,
1207 5621 1414 5690 inquies
1434 5661 1449 5687 ,
1481 5619 1622 5690 quod
1653 5619 1722 5673 sit
1749 5618 1991 5672 malum?

416 5718 575 5770 Certe
605 5715 741 5778 scit,
774 5713 866 5766 sed
901 5711 1127 5766 trahitur
1156 5725 1187 5764 a
1212 5709 1523 5779 cupiditate.
1548 5707 1756 5778 ngroti
1786 5722 1994 5776 quoque

419 5805 594 5860 sciunt
623 5817 773 5882 aqum
802 5800 1004 5875 frigidae
1045 5809 1228 5882 potum
1268 5815 1387 5857 esse
1420 5799 1616 5854 malum
1639 5839 1653 5867 ,
1683 5798 1776 5855 sed
1807 5807 1982 5854 tamen

2044 727 2148 766 non
2179 709 2332 764 fuerit
2359 720 2667 778 persuasus,
2697 705 2923 758 observa
2951 710 3167 756 euntem
3194 708 3248 754 et
3271 698 3443 753 retine
3466 741 3480 764 ,
3511 698 3611 752 lot-

2047 814 2185 858 tasse
2206 801 2409 872 pudore
2429 798 2712 852 afficietur.
2742 793 2970 864 thuid,
3001 793 3193 862 inquit,
3217 790 3390 859 juvat,
3423 789 3466 842 si
3497 805 3615 857 pro-

2049 907 2166 964 pter
2193 908 2278 948 me
2306 892 2407 946 hoc
2434 891 2608 955 faciat,
2644 888 2857 959 etquod
2881 903 2909 940 a
2934 902 3019 942 me
3049 885 3208 940 fuerit
3234 882 3518 938 retentus?
3542 881 3614 938 Ne

2049 993 2294 1040 accurate
2323 982 2576 1036 scruteris
2629 999 2640 1033 :
2683 979 2898 1033 interim
2932 989 3273 1046 quocumque
3299 973 3459 1029 modo
3497 987 3613 1026 eum

2050 1076 2220 1131 abduc
2245 1090 2276 1129 a
2307 1074 2441 1128 mala
2467 1073 2678 1127 actione
2703 1090 2718 1138 ;
2749 1079 3020 1124 assuescat
3049 1083 3155 1122 non
3178 1068 3256 1121 ire
3273 1065 3335 1120 ad
3365 1065 3496 1118 illud
3525 1065 3616 1118 ba-

2052 1166 2330 1229 rathrum;
2360 1165 2474 1218 sive
2516 1177 2612 1230 per
2661 1171 2711 1214 te
2732 1202 2747 1226 ,
2798 1160 2910 1214 sive
2940 1159 3045 1213 alio
3076 1155 3235 1210 modo
3264 1155 3576 1210 cohibeatur
3601 1194 3616 1218 ,

2056 1257 2254 1310 lucrum
2299 1255 2421 1308 hinc
2455 1254 2575 1308 erit.
2622 1253 2752 1306 Cum
2801 1249 2942 1304 enim
2989 1245 3342 1302 assuefeceris
3367 1259 3491 1298 eum
3536 1243 3621 1297 illo

2054 1363 2158 1400 non
2189 1347 2298 1409 ire,
2344 1355 2472 1398 tunc
2496 1343 2695 1413 poteris
2727 1341 2940 1410 paulum
2970 1338 3323 1406 respirantem
3352 1347 3622 1387 assumens

2053 1439 2246 1491 docere
2283 1434 2424 1505 quod
2467 1443 2683 1503 propter
2730 1433 2896 1487 Deum
2940 1438 3149 1500 oportet
3180 1427 3283 1482 hoc
3334 1426 3546 1488 facere,
3576 1433 3624 1479 et

2056 1543 2158 1582 non
2203 1536 2421 1596 propter
2471 1525 2770 1578 hominem.
2822 1523 2898 1577 Nc
2947 1521 3081 1576 velis
3113 1519 3419 1574 universum
3479 1517 3627 1570 simul

2056 1621 2320 1689 corrigere
2345 1635 2360 1684 ;
2393 1634 2496 1671 non
2525 1616 2664 1672 enim
2690 1615 2922 1685 poteris;
2951 1612 3044 1667 sed
3069 1611 3266 1665 sensim
3281 1619 3335 1664 et
3350 1608 3624 1680 paulatim.

2057 1711 2110 1766 Si
2141 1711 2333 1764 videris
2359 1725 2480 1764 eum
2510 1717 2724 1763 euntem
2751 1707 2817 1760 ad
2849 1705 3301 1774 compotationem
3333 1710 3388 1757 et
3417 1701 3486 1754 ad
3510 1716 3630 1756 con-

2059 1803 2191 1857 vivia
2216 1803 2372 1873 plena
2415 1801 2672 1857 ebrietate
2696 1840 2711 1863 ,
2753 1799 2865 1853 illic
2905 1811 3118 1866 quoque
3151 1794 3236 1849 fac
3279 1793 3548 1862 idipsum;
3580 1802 3630 1847 et

2057 1909 2240 1949 rursus
2281 1908 2401 1948 eum
2447 1906 2596 1961 roga,
2635 1899 2692 1944 ut
2739 1889 2785 1945 si
2835 1888 3025 1943 viderit
3053 1887 3104 1940 in
3141 1893 3192 1940 te
3230 1885 3462 1960 aliquem
3491 1881 3634 1937 defe-

2057 1996 2199 2041 ctum
2232 2000 2293 2040 ac
2322 1984 2528 2048 vitium,
2577 1983 2670 2038 tibi
2700 1997 2856 2052 opem
2901 1981 3035 2035 ferat
3073 1988 3128 2034 et
3175 1987 3227 2032 te
3255 1978 3512 2046 corrigat.
3551 1975 3636 2030 Sic

2059 2078 2199 2131 enim
2246 2076 2382 2130 etin
2428 2088 2487 2128 se
2525 2073 2660 2128 feret
2713 2070 3225 2141 reprehensionem,
3278 2083 3402 2122 cum
3449 2067 3639 2122 viderit

2061 2177 2111 2221 te
2157 2181 2368 2236 quoque
2407 2180 2542 2234 opus
2593 2164 2789 2218 habere
2837 2171 2896 2216 ut
2950 2158 3401 2230 reprehendaris,
3431 2166 3493 2212 et
3538 2173 3638 2211 non

2062 2266 2327 2326 tamquam
2373 2253 2548 2310 omnia
2587 2253 2940 2324 corrigentem
2967 2293 2982 2315 ,
3021 2266 3193 2320 neque
3235 2260 3511 2318 tamquam
3547 2247 3642 2302 do-

2059 2357 2302 2414 ctorem,
2347 2347 2439 2402 sed
2486 2354 2752 2415 tamquam
2811 2343 3040 2399 amicum
3103 2351 3157 2398 et
3202 2342 3419 2396 fratrem
3491 2355 3643 2410 opem

2063 2437 2219 2492 ferre.
2276 2437 2367 2490 Dic
2408 2436 2458 2491 ei
2506 2453 2520 2490 :
2565 2436 2676 2506 Ego
2719 2435 2811 2489 tibi
2869 2433 3041 2503 profui
3105 2431 3400 2487 admonens
3466 2444 3646 2485 eorum

2062 2543 2180 2598 quae
2234 2536 2358 2581 sunt
2422 2526 2609 2592 utilia;
2663 2535 2716 2580 et
2773 2535 2826 2580 tu
2874 2524 3016 2596 quod
3065 2524 3117 2578 in
3168 2539 3254 2579 me
3304 2522 3512 2577 videris
3559 2522 3647 2576 dc-

2066 2620 2249 2674 ticiens
2287 2627 2341 2673 et
2375 2619 2625 2672 vitiosum
2651 2631 2840 2672 coerce
2875 2625 2929 2671 et
2965 2615 3182 2685 corrige
3213 2633 3226 2669 :
3259 2615 3302 2668 si
3330 2613 3645 2669 iracundum

2064 2708 2280 2776 videris,
2307 2709 2352 2763 si
2381 2724 2620 2777 avarum,
2652 2709 2904 2778 reprime,
2935 2707 3038 2776 liga
3084 2721 3207 2761 eum
3253 2705 3646 2760 admonitione.

2063 2799 2178 2854 lloc
2207 2807 2288 2854 est
2311 2799 2540 2853 amicitia
2573 2798 2686 2853 :sic
2712 2797 2880 2852 frater
2904 2813 2932 2851 a
2963 2796 3126 2852 fratre
3147 2795 3386 2864 adjutus,
3426 2798 3486 2851 lit
3513 2804 3649 2849 tam-

2071 2902 2229 2957 quam
2255 2887 2380 2941 urbs
2411 2885 2610 2939 munita
2643 2885 2835 2956 (Prov.
2873 2884 2960 2940 l8.
2994 2884 3120 2955 l9).
3151 2884 3264 2938 Non
3302 2886 3452 2939 enim
3509 2901 3650 2942 com-

2071 2977 2230 3032 edere
2255 2985 2307 3031 et
2333 2977 2512 3031 bibere
2535 2975 2730 3029 faciunt
2749 2974 3070 3039 amicitiam;
3097 2974 3255 3029 talem
3275 2975 3420 3029 enim
3451 2975 3652 3030 habent

2073 3070 2230 3124 etiam
2256 3069 2490 3123 latrones
2515 3078 2567 3122 et
2594 3067 2806 3132 sicarii;
2831 3066 2925 3121 sed
2952 3065 2997 3120 si
3028 3081 3212 3120 sumus
3237 3067 3425 3134 amici,
3459 3069 3504 3122 si
3529 3081 3654 3122 vero

2073 3161 2212 3214 alter
2251 3160 2470 3214 alterius
2497 3174 2676 3213 curam
2732 3159 2966 3228 gerimus
2993 3199 3008 3223 ,
3061 3157 3127 3210 ad
3175 3157 3290 3212 haec
3329 3157 3474 3214 alter
3504 3158 3654 3212 alteri

2073 3251 2412 3306 conferamus
2440 3267 2454 3303 :
2483 3251 2597 3304 lucc
2613 3265 2713 3305 nos
2737 3249 3005 3304 adducunt
3026 3248 3093 3302 ad
3113 3249 3410 3304 amicitiam
3441 3250 3660 3310 utilem;

2075 3340 2190 3396 haec
2238 3340 2529 3411 prohibent
2569 3354 2637 3395 ne
2684 3339 2941 3394 ducamur
2983 3338 3049 3393 ad
3090 3339 3422 3409 gehennam.
3474 3339 3658 3409 Neque

2073 3446 2204 3502 ergo
2232 3431 2277 3485 is
2299 3431 2390 3500 qui
2420 3431 2662 3500 arguitur
2696 3446 2836 3500 aegre
2862 3429 3034 3496 ferat;
3082 3443 3267 3484 sumus
3304 3429 3461 3483 enim
3490 3431 3664 3485 homi-

2073 3535 2170 3576 nes
2190 3561 2203 3582 ,
2234 3531 2287 3576 et
2317 3529 2442 3575 sunt
2487 3522 2538 3574 in
2585 3521 2740 3576 nobis
2801 3521 2926 3575 vitia
2956 3530 3012 3575 et
3047 3521 3284 3576 defectus
3314 3539 3327 3575 :
3361 3537 3547 3592 neque
3575 3521 3663 3590 qui

2075 3611 2245 3681 arguit
2271 3610 2372 3666 hoc
2400 3609 2553 3665 faciat
2601 3621 2870 3681 tamquam
2913 3612 3092 3666 ridens
3122 3622 3174 3667 et
3202 3613 3520 3678 traducens,
3572 3612 3666 3667 sed

2074 3703 2318 3774 privatim
2348 3718 2470 3758 cum
2499 3704 2719 3759 lenitate
2743 3714 2799 3759 et
2822 3705 3238 3759 mansuetudine
3269 3721 3283 3757 :
3315 3707 3491 3760 multa
3520 3707 3662 3760 enim

2077 3795 2291 3850 lenitate
2329 3809 2464 3865 opus
2519 3795 2679 3851 habet
2729 3796 2821 3866 qui
2870 3797 3078 3866 arguit,
3123 3806 3182 3850 ut
3211 3799 3282 3850 ita
3337 3798 3669 3867 persuadeat

2077 3888 2216 3942 ferre
2269 3887 2605 3942 incisionem.
2655 3887 2771 3941 Non
2827 3888 2976 3943 vides
3021 3903 3144 3942 cum
3191 3902 3391 3958 quanta
3445 3892 3666 3944 lenitate

2077 3977 2268 4032 medici
2289 3976 2542 4032 adhibent
2566 3979 2899 4034 curationem
2925 3979 3136 4049 quando
3162 3988 3321 4034 urunt
3351 3989 3410 4035 et
3435 3981 3667 4036 secant?

2078 4067 2240 4122 Multo
2291 4068 2460 4136 magis
2501 4067 2605 4123 hoc
2647 4069 2821 4124 facere
2868 4078 3086 4140 oportet
3119 4086 3212 4125 eos
3241 4072 3329 4140 qui
3365 4082 3604 4143 arguunt
3653 4090 3665 4124 :

2080 4173 2200 4211 nam
2228 4167 2282 4212 et
2325 4159 2446 4228 igne
2487 4168 2542 4213 et
2571 4160 2715 4215 ferro
2742 4160 3114 4217 vehementius
3158 4161 3519 4231 reprehensio
3552 4165 3676 4218 facit

2078 4249 2294 4303 exsilire
2327 4269 2341 4304 :
2373 4249 2597 4318 ideoque
2620 4250 2812 4305 medici
2840 4265 3086 4320 magnum
3117 4262 3319 4322 ponunt
3345 4255 3591 4308 studium
3617 4262 3674 4307 ut

2082 4341 2271 4396 leuiter
2298 4340 2473 4396 ferant
2503 4343 2813 4398 incisionem
2837 4384 2851 4408 ,
2884 4352 2938 4398 et
2962 4359 3119 4414 quam
3151 4343 3529 4412 placidissime
3561 4345 3674 4401 fieri

2082 4439 2259 4500 potest
2284 4447 2401 4486 eam
2427 4432 2684 4487 adhibent
2707 4474 2720 4498 ,
2747 4441 2800 4488 et
2825 4448 3010 4503 parum
3052 4434 3302 4490 cedentes
3327 4477 3342 4499 ,
3391 4446 3451 4492 et
3475 4437 3675 4491 deinde

2081 4523 2436 4580 concedentes
2479 4533 2536 4579 ut
2583 4527 2868 4596 respirent.
2910 4525 2998 4581 Sic
3031 4535 3156 4581 sunt
3198 4528 3359 4581 etiam
3412 4528 3680 4584 facienda:

2082 4615 2552 4685 reprehensiones,
2583 4626 2640 4671 ut
2669 4619 2756 4687 qui
2785 4627 3080 4688 arguuntur
3115 4633 3221 4673 non
3254 4621 3530 4675 resiliant.
3564 4620 3677 4675 Etsi

2082 4723 2210 4779 ergo
2238 4718 2484 4778 oporteat
2512 4710 2846 4765 contumelia
2872 4710 3031 4773 afﬁci,
3064 4713 3161 4765 etsi
3191 4711 3370 4782 plagas
3399 4715 3676 4781 accipere,

2083 4813 2188 4854 non
2219 4813 2548 4854 recusemus.
2581 4799 2713 4854 Nam
2742 4808 2797 4855 et
2822 4799 2897 4854 illi
2941 4801 3031 4870 qui
3071 4810 3357 4868 secantur,
3408 4803 3600 4858 valide
3627 4810 3680 4856 et

2084 4892 2370 4961 plurimum
2404 4889 2765 4946 vociferantur
2793 4892 3051 4947 adversus
3086 4899 3180 4946 eos'
3202 4893 3289 4962 qui
3317 4903 3510 4948 secant
3538 4911 3552 4955 ;
3589 4890 3681 4946 sed

2085 4983 2160 5037 illi
2203 4982 2334 5060 nihil
2368 4981 2559 5036 horum
2593 4992 2837 5051 spectant
2869 5023 2885 5048 ,
2920 4983 3017 5037 sed
3045 4997 3227 5037 eorum
3257 4983 3430 5038 solam
3461 4984 3560 5054 qui
3605 4983 3685 5036 la-

2084 5073 2277 5127 borant
2303 5073 2548 5128 salutem.
2581 5073 2655 5126 Ita
2684 5073 2770 5127 hic
2795 5088 3017 5142 quoque
3046 5083 3257 5143 oportet
3284 5076 3472 5128 omnia
3508 5074 3686 5128 facere

2084 5163 2288 5217 utiliter
2307 5161 2372 5217 ad
2403 5162 2897 5232 reprehensionem,
2930 5163 3110 5217 omnia
3152 5163 3309 5228 ferre,
3351 5165 3688 5234 aspicientes

2086 5253 2153 5308 ad
2178 5252 2476 5308 mercedem
2508 5255 2855 5323 prepositam.
2882 5253 3036 5315 Alter,
3066 5254 3253 5323 inquit,
3277 5254 3499 5308 alterius
3530 5269 3690 5307 onera

2095 5355 2292 5416 portate
2312 5387 2326 5409 ,
2359 5356 2404 5398 et
2436 5347 2505 5399 ita
2531 5347 2734 5414 implete
2758 5347 2916 5416 legem
2944 5343 3133 5401 Christi
3175 5347 3193 5418 (
3217 5347 3330 5402 Gal.
3371 5351 3430 5404 6.
3464 5353 3502 5405 2
3527 5354 3570 5421 ).
3599 5353 3692 5408 Sic

2094 5454 2221 5508 ergo
2262 5447 2316 5492 et
2345 5437 2832 5506 reprehendentes,
2859 5447 2912 5491 et
2951 5439 3085 5493 alter
3125 5440 3354 5495 alterum
3402 5439 3688 5508 ferentes,

2093 5545 2377 5600 possumus
2404 5529 2624 5598 implere
2649 5529 3056 5585 tedificatiouem
3072 5530 3267 5585 Christi
3299 5548 3312 5583 :
3337 5541 3397 5585 et
3423 5533 3508 5587 sic
3535 5535 3694 5588 nobis

2094 5621 2265 5675 levem
2293 5620 2496 5675 facietis
2539 5619 2776 5676 laborem
2798 5662 2814 5686 ,
2843 5621 2997 5675 nobis
3022 5636 3177 5690 opem
3205 5622 3449 5676 ferentes
3483 5623 3538 5677 in
3571 5639 3692 5676 om-

2095 5712 2270 5776 nibus,
2293 5722 2347 5766 et
2373 5726 2587 5764 manum
2616 5713 2934 5778 przebentes,
2966 5711 3139 5767 effecti
3182 5712 3485 5782 participes
3515 5725 3572 5769 et
3598 5729 3689 5768 So-

2080 5813 2145 5870 cii
2174 5853 2188 5879 ,
2217 5818 2271 5866 ct
2297 5809 2430 5865 alter
2451 5805 2668 5863 alterius
2682 5805 2868 5862 salutis
2896 5812 2950 5861 et
2977 5817 3088 5862 suae
3115 5797 3515 5870 unusquiSquc.
3547 5797 3685 5853 Sus-
