3970 6152
354 301 452 357 311

364 425 502 490 τους
523 422 595 477 ἐν
614 422 735 491 τοῖς
757 424 962 494 λόγοις
981 424 1233 491 τούτοις.
1261 425 1433 481 Τοῦτο
1461 427 1553 481 καὶ
1580 427 1711 499 ὑμῖν
1738 444 1930 499 παραι-

353 514 552 587 νοῦμεν
578 514 677 570 νῦν
702 518 883 588 ἡμεῖς.
919 516 1148 571 Πλείονα
1176 517 1287 588 γάρ
1310 518 1487 589 ἡμῶν,
1516 519 1615 573 ἐάν
1640 519 1930 592 βούλησθε,

354 605 432 668 τίς
458 604 747 673 ἀλλήλους,
785 603 1162 675 κατορθώσετε
1190 622 1206 635 ⁸
1240 609 1335 660 καὶ
1386 608 1495 680 γάρ
1547 608 1770 662 πλείονα
1801 608 1932 662 σύν-

355 702 476 746 cars
541 690 739 762 χρόνον
762 690 1034 762 ἀλλήλοις,
1059 694 1155 747 καὶ
1179 693 1249 748 τά
1282 694 1531 766 ἀλλήλων
1552 698 1756 768 μᾶλλον
1776 699 1935 769 ήμῶν

355 781 489 847 ῐστε,
516 782 611 835 καὶ
642 780 713 834 τὰ
739 781 987 853 ἀλλήλων
1010 781 1371 854 ἐλαττώματα
1397 786 1503 840 οὐκ
1536 788 1804 857 ἀγνοεῖτε,
1840 789 1934 843 καὶ⁵

352 874 576 927 πλείονα
601 872 697 926 καὶ⁸
728 872 1044 946 παρρησίαν
1077 875 1173 929 καὶ
1197 876 1421 947 ἀγάπην
1448 876 1599 947 ἔχετε
1656 878 1753 933 καὶ
1799 896 1934 933 συν-

352 961 547 1033 ήθειαν
565 976 581 990 ·
613 960 674 1014 οὐ
706 961 880 1032 μικρά
906 959 1159 1016 δὲταῦτα
1183 965 1261 1028 είς
1281 964 1656 1029 διδασκαλίαν,
1684 965 1798 1019 ἀλλ’
1824 968 1935 1021 εῖσ-

351 1049 462 1102 οδοι
491 1048 729 1119 μεγάλαι
762 1049 858 1102 καὶ
906 1049 1185 1123 εὐκαιρίαι
1216 1069 1229 1082 ·
1272 1053 1367 1105 καὶ
1399 1053 1602 1123 μᾶλλον
1626 1056 1783 1125 ήμῶν
1810 1058 1935 1109 ἐπι-

354 1134 557 1204 πλῆξαι
592 1137 683 1190 καὶ
716 1138 1102 1209 παρακαλέσαι
1140 1141 1457 1210 δυνήσεσθε.
1500 1143 1610 1197 Καὶ
1655 1144 1722 1199 οὐ
1769 1145 1932 1199 τοῦτο

358 1225 539 1296 μόνον,
575 1226 692 1280 ἀλλ’
721 1227 804 1280 ὃτι
849 1226 961 1297 ἐγὼ
995 1230 1095 1301 μέν
1124 1227 1206 1294 εἷς
1249 1233 1388 1302 εἰμι,
1432 1234 1591 1304 ὑμεῖς
1612 1235 1669 1289 δέ
1724 1236 1933 1303 πολλοὶ,

356 1316 451 1371 καὶ
471 1317 768 1388 δυνήσεσθε
811 1319 1015 1382 πάντες
1059 1322 1176 1376 ὅσοι
1231 1324 1379 1392 ἐστέ,
1433 1320 1573 1379 εἶναι
1603 1326 1932 1383 διδάσκαλοι.

358 1410 474 1473 Διὸ,
497 1410 818 1481 παρακαλῶ,
845 1412 923 1483 μὴ
953 1412 1207 1485 ἀμελεῖτε
1229 1415 1324 1469 τοῦ
1346 1417 1690 1488 χαρίσματος
1720 1419 1935 1474 τούτου·

358 1494 594 1563 ἕκαστος
619 1503 850 1570 γυναῖκα
878 1501 1013 1573 ἔχει,
1046 1505 1198 1573 φίλον
1230 1506 1365 1577 ἔχει,
1395 1507 1616 1579 οίκέτην
1649 1509 1785 1581 ἔχει,
1821 1512 1936 1576 γεί-

358 1603 489 1645 τονα
515 1592 630 1663 ἔχει
657 1609 673 1624 ·
718 1593 892 1666 τούτῳ
921 1596 1318 1667 ἐπιπληττέτω,
1367 1599 1544 1671 τούτῳ
1574 1604 1932 1674 παραινείτω.

357 1680 483 1748 Πῶς
525 1683 635 1756 γάρ
684 1686 786 1739 οὐκ
821 1686 1044 1754 ἄτοπον,
1107 1690 1251 1760 ὑπὲρ
1310 1691 1410 1762 μέν
1449 1693 1658 1763 τροφῆς
1690 1694 1939 1748 συσσίτια

358 1776 532 1828 ποιεῖν
557 1776 652 1829 καὶ
684 1778 984 1848 συμπόσια,
1016 1782 1113 1834 καὶ
1146 1781 1361 1854 ἡμέραν
1390 1782 1538 1854 ἔχειν
1564 1787 1771 1856 τακτὴν
1797 1785 1937 1841 ὥστε

360 1869 787 1937 συγκροτεῖσθαι
816 1868 1101 1941 ἀλλήλους,
1134 1871 1230 1924 καὶ
1258 1873 1320 1925 rb
1346 1874 1565 1945 ἑκάστῳ
1596 1875 1787 1930 λεῖπον
1817 1877 1938 1932 καθ’

358 1955 549 2011 ἑαυτὸν
578 1957 693 2011 δντι
721 1958 1167 2031 ἀναπληροῦσθαι
1197 1961 1285 2017 διά
1328 1964 1426 2034 τῆς
1465 1967 1772 2031 κοινωνίας,
1804 1962 1937 2036 οἷον,

360 2050 467 2103 είτε
488 2051 571 2115 είς
620 2052 863 2122 ἐκφοράν
903 2052 1126 2108 ἀπιέναι
1169 2054 1301 2120 δέοι,
1331 2056 1441 2109 εἴτε
1469 2059 1549 2122 είς
1576 2056 1795 2131 ἄριστα,
1828 2061 1939 2114 εἴτε

366 2144 683 2213 συμπρᾶξαι
710 2144 770 2198 ἐν
795 2162 903 2199 τινι
935 2144 1084 2219 [282]
1114 2145 1191 2217 τῷ
1231 2146 1461 2219 πλησίον
1492 2167 1506 2182 ·
1542 2152 1622 2215 είς
1647 2151 1704 2205 δέ
1738 2150 1941 2221 ἀρετῆς

359 2232 709 2288 διδασκαλίαν
744 2236 821 2308 μὴ
859 2235 1017 2291 τοῦτο
1045 2240 1220 2292 ποιεῖν
1246 2255 1261 2302 ς
1292 2240 1423 2305 Ναὶ,
1468 2242 1796 2312 παρακαλῶ,
1829 2259 1938 2313 μη·

360 2323 475 2388 δεὶς
505 2325 785 2396 ἀμελείτω
810 2343 825 2356 ·
865 2327 1058 2398 μισθὸν
1084 2328 1195 2400 γάρ
1225 2329 1438 2400 δέχεται
1472 2331 1626 2403 παρά
1669 2332 1805 2386 Θεοῦ
1838 2349 1939 2386 πο-

366 2416 483 2472 λύν.
507 2416 619 2472 Καὶ
656 2418 743 2473 ἵνα
774 2418 975 2490 μάθῃς,
1005 2421 1033 2474 6
1058 2419 1129 2475 τά
1158 2420 1322 2475 πέντε
1348 2422 1589 2477 τάλαντα
1642 2425 1940 2494 ἐμπιστευ-

362 2508 492 2574 θεὶς,
525 2509 676 2564 ἐστὶν
736 2512 766 2564 ό
807 2510 1128 2576 διδάσκαλος
1156 2527 1170 2542 ·
1196 2515 1224 2566 6
1253 2512 1309 2566 δέ
1357 2513 1416 2567 rb
1450 2513 1530 2577 ἐν,
1582 2516 1611 2568 6
1655 2516 1935 2588 μαθητής.

372 2599 496 2653 Ἐἀν
521 2600 581 2654 δέ
608 2601 740 2674 είπῃ
760 2602 788 2654 6
818 2601 1085 2673 μαθητής,
1102 2604 1369 2676 Μαθητής
1391 2606 1507 2675 είμι
1534 2604 1666 2674 ἐγὼ,
1697 2608 1799 2661 οὐκ
1828 2608 1937 2678 ἐχω

358 2690 624 2752 κίνδυνον,
662 2693 758 2746 καὶ
786 2691 845 2746 δν
876 2694 1038 2748 ἐλαῦε
1063 2697 1217 2768 παρὰ
1246 2697 1338 2751 τοῦ
1367 2696 1505 2752 Θεοῦ
1537 2698 1717 2768 λόγον,
1747 2704 1940 2756 τοῦτον

358 2782 448 2836 τὸν
486 2783 669 2837 κοινὸν
702 2784 798 2838 καὶ
824 2785 980 2855 ψιλὸν
1002 2788 1352 2862 κατακρύψῃ,
1378 2791 1471 2843 καὶ
1498 2791 1574 2860 μὴ
1602 2791 1937 2862 παραινέσῃ,

363 2872 437 2944 μή
464 2875 936 2948 παῤῥησιάσηται,
965 2876 1040 2949 μὴ
1069 2878 1289 2952 ἐλέγξῃ,
1313 2880 1390 2950 μὴ
1412 2881 1734 2953 νουθετήσῃ,
1760 2883 1808 2935 εἰ
1841 2881 1937 2937 δύ-

360 2981 542 3028 ναται,
578 2964 719 3020 ἀλλά
750 2966 1078 3041 κατακρύψῃ
1130 2971 1190 3023 ἐν
1220 2972 1285 3040 τῇ
1331 2972 1402 3042 γῇ
1428 2985 1442 3000 ·
1499 2971 1571 3041 γῆ
1605 2972 1714 3043 γὰρ
1769 2971 1939 3036 ὅντως

360 3056 477 3109 ἐστὶ
505 3057 603 3111 καὶ
630 3057 823 3123 σποδὸς
856 3059 1053 3131 καρδία
1079 3060 1139 3114 rb
1167 3060 1414 3132 χάρισμα
1455 3061 1549 3115 τοῦ
1574 3062 1709 3116 Θεοῦ
1769 3080 1940 3118 κατα-

363 3146 684 3219 κρύπτουσα
709 3164 724 3180 ·
756 3149 822 3204 ἀν
843 3151 1024 3204 τοίνυν
1054 3152 1383 3223 κατακρύψῃ
1411 3154 1443 3222 ἢ
1478 3153 1547 3205 δι’
1575 3153 1760 3219 ὄκνον,
1790 3153 1823 3225 ἢ
1850 3155 1939 3209 διὰ

360 3240 648 3311 πονηρίαν,
665 3240 728 3296 οὐ
753 3242 1113 3313 προστήσεται
1131 3242 1296 3296 αὐτοῦ
1322 3243 1383 3297 rb
1405 3245 1598 3305 εἰπεῖν,
1623 3246 1706 3300 ὅτι
1727 3245 1823 3299 Ἔν
1842 3247 1941 3301 τά·

359 3329 557 3387 λαντον
572 3327 741 3403 εἶχον.
761 3333 858 3386 Ἓν
869 3333 1131 3396 τάλαντον
1153 3328 1299 3405 εἶχες
1313 3351 1327 3364 ·
1348 3336 1456 3390 ἔδει
1486 3354 1544 3390 σε
1567 3337 1668 3391 κᾶν
1690 3337 1748 3391 ἐν
1772 3356 1940 3411 προσ-

361 3424 607 3491 ενεγκεῖν
636 3425 729 3477 καὶ
742 3424 1097 3479 διπλασιάσαι
1119 3426 1181 3479 rb
1204 3428 1485 3483 τάλαντον·
1501 3432 1547 3484 εξ
1565 3433 1940 3504 προσήνεγκες

360 3513 440 3578 ἒν,
487 3515 591 3570 οὐκ
625 3515 694 3569 ἂν
730 3515 1048 3588 ἐνεκλήθης.
1101 3518 1236 3572 Οὐδέ
1278 3519 1386 3589 γὰρ
1412 3520 1489 3591 τῷ
1515 3522 1583 3576 τά
1632 3522 1727 3577 δύο
1770 3543 1940 3596 προσ-

361 3607 641 3677 ενεγκόντι
667 3603 810 3672 εἶπε,
845 3610 944 3662 Διά
977 3607 1032 3661 τί
1071 3609 1146 3681 μὴ
1174 3610 1332 3665 πέντε
1364 3615 1778 3685 προσήνεγκας;
1805 3617 1941 3672 ἀλλά

361 3698 467 3752 τῶν
493 3697 678 3752 αὐτῶν
697 3699 860 3753 αὐτὸν
878 3699 1079 3770 ἠξίωσε
1105 3701 1181 3773 τῷ
1205 3703 1273 3757 τά
1304 3705 1467 3759 πέντε
1495 3708 1938 3778 προσενεγκόντι.

362 3791 427 3844 Τί
442 3791 668 3862 δήποτες
693 3791 816 3846 Ὀτι
838 3792 961 3847 ὅσον
989 3787 1138 3864 εἶχεν
1156 3795 1454 3866 εἰργάσατο
1479 3812 1492 3825 ·
1520 3797 1617 3850 καὶ
1632 3798 1733 3852 οὐκ
1754 3801 1940 3872 ἐπειδὴ

362 3882 622 3937 ἐλάττονα
635 3882 731 3936 τοῦ
747 3882 815 3937 τά
839 3882 1001 3937 πέντε
1018 3884 1455 3955 ἐγχειρισθέντος
1481 3887 1664 3953 ἔλαϐε,
1681 3890 1768 3944 διὰ
1783 3891 1941 3947 τοῦτο

361 3974 772 4047 ἐρῤᾳθύμησεν,
796 3975 918 4029 οὐδὲ
941 3979 1006 4049 τῇ
1022 3976 1296 4048 ὀλιγότητι
1320 3980 1401 4041 είς
1423 3979 1625 4051 ἀργίαν
1644 3982 1937 4053 ἐχρήσατο.

363 4066 498 4121 Οὐδέ
526 4083 588 4120 σε
612 4065 782 4138 ἐχρῆν
810 4068 947 4139 πρὸς
973 4068 1067 4122 τὸν
1086 4068 1156 4122 τὰ
1195 4069 1289 4123 δύο
1308 4070 1441 4141 ὀρᾷν
1459 4088 1474 4103 ·
1502 4071 1702 4142 μᾶλλον
1725 4073 1782 4126 δέ
1805 4074 1942 4146 πρὸς

364 4153 569 4207 ἐκεῖνον
587 4152 696 4207 ἔδει
724 4153 874 4222 ίδεῖν,
900 4155 998 4210 καὶ
1032 4155 1223 4227 ὥσπερ
1246 4158 1456 4223 ἐκεῖνος
1493 4162 1805 4232 ἐμιμήσατο
1847 4165 1941 4218 τδν

361 4240 430 4295 τά
451 4242 640 4308 πέντε,
670 4241 765 4295 δύο
789 4242 949 4313 ἔχων,
971 4243 1116 4299 οὕτω
1136 4246 1230 4298 καὶ
1258 4246 1318 4299 σὲ
1343 4245 1584 4316 ζηλῶσαι
1612 4249 1724 4304 ἔδει
1752 4252 1847 4307 τδν
1871 4255 1941 4308 τὰ

370 4328 460 4385 δύο
482 4332 701 4405 έχοντα.
737 4334 799 4388 EE
823 4334 934 4407 γάρ
965 4336 1046 4407 τῷ
1060 4338 1318 4409 χρήματα
1361 4339 1560 4411 ἔχοντι,
1590 4343 1686 4397 καὶ
1724 4345 1799 4418 μὴ
1842 4365 1941 4417 με-

255 4460 261 4466 ι
364 4424 652 4491 ταδιδόντι,
694 4424 919 4490 κόλασις
947 4429 1162 4481 κεῖται·
1197 4428 1275 4500 τῷ
1301 4430 1587 4504 δυναμένῳ
1610 4438 1939 4508 παραινέσαι

365 4517 743 4589 ὁπωσδήποτε,
774 4518 868 4572 καὶ
894 4518 970 4591 μὴ
991 4518 1151 4574 τοῦτο
1178 4521 1440 4588 ποιοῦντι,
1474 4524 1590 4589 πῶς
1611 4527 1672 4579 οὐ
1707 4530 1937 4603 μεγίστη

367 4607 588 4673 κόλασις
611 4608 766 4663 ἔσται
791 4625 807 4675 ;
837 4610 986 4664 Ἐκεῖ
1015 4610 1173 4682 σῶμα
1192 4612 1474 4683 τρέφεται,
1502 4616 1736 4672 ἐνταῦθα
1752 4620 1898 4692 ψυχή
1922 4638 1937 4652 ·

367 4700 483 4752 ἐκεῖ
510 4699 743 4755 θάνατον
769 4700 1003 4766 κωλύεις
1047 4702 1143 4758 τὸν
1178 4705 1538 4778 πρόσκαιρον,
1565 4709 1799 4764 ἐνταῦθα
1848 4711 1939 4767 τὸν

369 4789 607 4846 αίιὶινιον.

435 4969 508 5038 γ’.
537 4968 678 5022 Ἀλλ’
714 4968 814 5023 οὐκ
830 4969 940 5040 ἐχω
963 4970 1146 5040 λόγον,
1176 4974 1361 5043 φησίν.
1407 4976 1547 5031 Ἀλλ’
1576 4978 1639 5032 οὐ
1663 4981 1823 5053 χρεία
1856 4983 1941 5038 λό-

371 5075 492 5125 γου,
527 5058 653 5113 οὐδὲ
686 5060 1039 5129 εὐγλωττίας.
1082 5063 1210 5116 Ἐἀν
1246 5065 1362 5137 ἴδῃς
1382 5068 1475 5119 τὸν
1503 5068 1657 5137 φίλον
1709 5074 1940 5145 πορνεύ-

367 5170 511 5217 οντα,
542 5153 669 5206 είπέ
704 5154 842 5224 πρὸς
874 5154 1038 5208 αὐτόν
1061 5170 1074 5182 ·
1098 5156 1339 5227 Πονηρδν
1369 5160 1646 5230 πράγμαὸ
1672 5163 1937 5237 μετέρχῃ,

367 5242 466 5296 οὐκ
495 5242 752 5313 αἰσχύνῃ,
792 5244 893 5297 οὐκ
922 5244 1221 5316 ἐρυθριᾷς;
1256 5248 1424 5302 κακὸν
1455 5250 1613 5305 τοῦτό
1639 5255 1805 5310 ἐστιν.
1836 5258 1942 5309 Αὐ-

367 5333 457 5399 τδς
486 5335 598 5407 γάρ
624 5336 725 5388 οὐκ
759 5331 890 5399 οίδε,
919 5337 1106 5406 φησὶν,
1136 5339 1217 5393 ὅτι
1240 5341 1410 5394 κακόν
1434 5359 1448 5409 ;
1475 5343 1605 5408 Ναὶ,
1637 5341 1798 5412 οἶδεν,
1826 5350 1943 5403 ἀλλ’

369 5424 475 5479 ὑπὸ
489 5425 593 5496 τῆς
618 5426 916 5498 ἐπιθυμίας
941 5427 1178 5483 ἕλκεται.
1211 5431 1321 5484 Καὶ
1354 5434 1400 5485 οἱ
1431 5435 1716 5500 νοσοῦντες
1740 5440 1937 5507 ἴσασιν,

368 5515 448 5569 ὅτι
504 5516 543 5588 ἡ
596 5516 944 5589 ψυχροποσία
983 5518 1169 5581 κακὸν,
1209 5520 1324 5573 ἀλλ’
1366 5523 1517 5593 ὅμως
1572 5525 1783 5582 δέονται
1832 5531 1941 5586 τῶν

370 5605 718 5663 κωλυσόντων
748 5605 901 5680 [283]
928 5624 942 5638 ·
975 5609 1004 5661 6
1028 5608 1135 5680 γὰρ
1162 5611 1219 5663 ἐν
1239 5610 1321 5682 τῷ
1339 5613 1499 5667 πάθει
1523 5614 1617 5681 ῶν,
1643 5618 1702 5670 οὐ
1735 5622 1943 5690 ταχέως

377 5691 551 5767 ἐαυτῷ
576 5694 812 5768 ἀρκέσαι
835 5696 1129 5768 δυνήσεται
1158 5700 1217 5754 ἐν
1241 5703 1310 5772 τῇ
1335 5702 1497 5775 νόσῳ.
1531 5707 1626 5759 Δεῖ
1643 5707 1824 5765 τοίνυν
1843 5728 1936 5766 σον

1124 306 1193 363 ΙΝ
1229 307 1454 366 EPIST.
1481 308 1574 365 AD
1609 305 1973 366 IIEBRIEOS.
2005 303 2162 363 CAP.
2204 303 2317 363 XII.
2351 302 2584 361 HOMIL.
2630 301 2794 359 XXX.

3515 299 3624 355 219..

2043 421 2140 478 τοῦ
2167 422 2507 491 ὑγιαίνοντος
2536 419 2677 492 πρὸς
2704 418 2805 488 τὴν
2833 414 3043 471 ἐκείνου
3075 416 3319 487 ἰατρείαν
3343 430 3357 445 ·
3404 412 3507 468 κάν
3545 419 3625 486 μὴ

2051 515 2251 586 πεισθῇ
2274 513 2353 584 τῷ
2391 515 2620 585 ῥήματι,
2659 509 3051 580 παρατήρησον
3080 508 3310 563 ἀπιόντα
3335 507 3427 561 καὶ
3450 503 3624 560 κάτα-

2038 624 2156 677 σχε,
2192 606 2325 669 ἴσως
2353 604 2787 675 ἐντραπήσεται.
2816 601 2927 655 Καὶ
2951 600 3026 666 τί,
3049 600 3235 671 φησὶν,
3253 599 3468 667 ὄφελος,
3492 600 3625 653 ὅταν

2034 696 2103 749 δι’
2132 694 2235 766 ἐμὲ
2264 692 2425 747 τοῦτο
2451 694 2602 762 ποιῇ,
2640 692 2736 744 καὶ
2767 689 2859 743 διὰ
2894 688 2958 742 rb
2999 686 3443 758 κατασχεσθῆναι
3486 684 3624 757 παρ’

2037 783 2205 855 ἐμοῦ;
2232 784 2324 854 Μὴ
2355 779 2717 853 ἀκριῦολογώ
2738 796 2752 809 ·
2781 777 2919 841 τέως
2942 776 3244 848 οίῳδήποτε
3265 775 3455 847 τρόπῳ
3483 773 3625 828 ἀπό-

2035 888 2234 945 στησον
2267 873 2432 927 αὐτὸν
2472 873 2570 943 τῆς
2610 871 2860 941 πονηρᾶς
2894 867 3151 941 πράξεως
3175 882 3189 897 ·
3228 866 3502 938 ἐθισθήτω
3539 867 3617 936 μὴ

2033 960 2255 1019 ἀπιέναι
2282 964 2362 1027 είς
2390 964 2570 1015 ἐκεῖνο
2595 961 2655 1014 rb
2687 959 2966 1031 βάραθρον
2987 975 3000 988 ·
3041 957 3154 1011 εἴτε
3175 957 3265 1011 διά
3299 957 3379 1020 σέ,
3409 946 3519 1009 εἴτε
3548 952 3599 1007 δι

2033 1054 2319 1125 ὁτιδήποτε
2364 1051 2608 1123 κωλυθῇ,
2655 1051 2847 1121 κέρδος
2886 1048 3038 1102 ἔσται
3073 1050 3137 1102 ἐκ
3190 1047 3403 1101 τούτου.
3435 1046 3612 1099 Ὅταν

2034 1146 2143 1216 γὰρ
2186 1145 2374 1218 ἐθίσῃς
2417 1144 2579 1196 αὐτὸν
2617 1141 2692 1213 μὴ
2729 1141 2971 1200 ἀπιέναι,
3013 1139 3134 1193 τότε
3164 1140 3369 1210 δυνήσῃ
3413 1136 3612 1208 μικρὸν

2035 1234 2451 1291 ἀναπνεύσαντα
2485 1233 2689 1299 λαὸὼν,
2720 1233 2948 1297 διδάξαι,
2991 1232 3072 1284 ὃτι
3108 1231 3213 1301 χρὴ
3241 1231 3332 1284 διά
3357 1230 3446 1283 τὸν
3475 1229 3607 1282 Θεὸν

2034 1329 2196 1384 τοῦτο
2229 1328 2306 1400 μὴ
2327 1330 2525 1393 ποιεῖν,
2558 1327 2655 1381 καὶ
2685 1326 2747 1380 οὐ
2774 1327 2842 1379 δι’
2886 1325 3199 1396 ἄνθρωπον.
3246 1323 3339 1389 Μὴ
3386 1308 3622 1393 θελήσῃς

2038 1421 2128 1492 ὑφ’
2167 1420 2224 1474 ἐν
2264 1419 2612 1491 κατορθῶσαι
2656 1418 2719 1471 rb
2772 1417 2910 1479 πᾶν,
2954 1416 3075 1468 ἐπεὶ
3111 1415 3177 1467 οὐ
3224 1413 3454 1485 δυνήσῃ,
3505 1411 3625 1464 ἀλλ’

2038 1512 2223 1583 ἠρέμα
2252 1512 2347 1565 καὶ
2375 1509 2515 1565 κατά
2544 1510 2761 1581 μικρόν.
2781 1509 2879 1561 Ἂν
2909 1508 2990 1569 είς
3030 1507 3193 1560 πότον
3218 1505 3333 1576 ίδῃς
3364 1505 3620 1569 ἀπιόντα,

2039 1601 2135 1655 καὶ
2186 1602 2270 1664 είς
2315 1600 2596 1671 συμπόσια
2657 1598 2831 1668 μέθης
2875 1596 3309 1667 πεπληρωμένα,
3354 1596 3515 1649 κάκεῖ
3562 1593 3627 1648 rb

2040 1689 2173 1744 αὐτὸ
2219 1690 2384 1755 ποίει,
2442 1690 2539 1744 καὶ
2574 1689 2739 1743 αὐτὸν
2790 1687 2952 1743 πάλιν
3013 1686 3424 1757 παρακάλεσον,
3474 1684 3529 1738 εί
3567 1700 3620 1738 τι

2042 1782 2241 1852 συνορᾷ
2270 1779 2563 1850 ἐλάττωμά
2605 1796 2666 1832 σε
2706 1778 2921 1848 ἔχοντα,
2950 1777 3169 1848 βοηθεῖν
3214 1777 3308 1830 καὶ
3348 1776 3617 1846 διορθοῦν.

2041 1870 2204 1926 Οῦτω
2234 1870 2344 1942 γάρ
2381 1872 2475 1925 καὶ
2507 1869 2600 1923 ἐπὶ
2642 1868 2842 1923 ἐαυτοῦ
2886 1869 2978 1922 τὸν
3016 1870 3243 1938 ἐλεγχινν
3275 1868 3438 1931 οἴσει,
3493 1868 3627 1920 ὅταν

2044 1962 2133 2036 ῖδῃ
2165 1963 2261 2015 καὶ
2285 1962 2345 2015 σέ
2369 1962 2627 2033 δεόμενον
2667 1961 2931 2032 ἐλέγχων,
2965 1963 3061 2013 καὶ
3098 1959 3173 2031 μὴ
3217 1959 3293 2022 ὡς
3327 1959 3399 2012 τὰ
3441 1960 3625 2014 πάντα

2041 2053 2465 2125 κατωρθωκότα,
2510 2053 2647 2124 μηδέ
2679 2053 2757 2117 ὡς
2793 2052 3138 2117 διδάσκαλον,
3175 2051 3292 2104 ἀλλ’
3345 2053 3422 2115 ὡς
3462 2050 3616 2121 φίλον

2041 2150 2135 2201 καὶ
2162 2147 2390 2216 ἀδελφὸν
2438 2146 2760 2220 βοηθοῦντα.
2792 2146 2929 2199 Είπέ
2976 2146 3113 2218 πρὸς
3149 2146 3333 2211 αὐτὸν,
3374 2144 3516 2215 Ἐγώ
3560 2161 3623 2199 σε

2041 2238 2246 2311 ὥνησα,
2288 2240 2610 2310 ὑπομνήσας
2639 2239 2747 2293 τῶν
2776 2236 3169 2308 συμφερόντων
3189 2252 3202 2266 ·
3240 2237 3339 2290 καὶ
3372 2237 3439 2290 σὺ
3478 2235 3619 2307 ὅπερ

2041 2332 2108 2386 ἀν
2138 2331 2355 2404 συνίδῃς
2379 2331 2671 2403 ἐλάττωμα
2704 2330 2900 2401 έχοντά
2928 2347 3019 2400 με,
3053 2328 3428 2398 ἀναχαίτισον,
3472 2326 3619 2398 διόρ-

2042 2426 2250 2480 θωσον·
2298 2425 2365 2480 ἂν
2409 2426 2628 2497 ὀργίλον
2669 2424 2807 2496 ῐδῃςο
2853 2422 2920 2477 ἂν
2948 2421 3307 2493 πλεονέκτην,
3353 2421 3624 2489 κάτασχε,

2039 2516 2202 2586 δῆσον
2224 2518 2291 2587 τῇ
2314 2516 2658 2585 παραινέσει.
2693 2512 2877 2566 Τοῦτό
2896 2514 3013 2565 ἐστι
3046 2511 3199 2580 φιλία
3218 2528 3233 2544 ο
3262 2509 3435 2573 οὕτως
3466 2509 3623 2564 ἀδελ-

2041 2609 2143 2678 φδς
2198 2608 2302 2662 ὐπὸ
2354 2606 2588 2677 ἀδελφοῦ
2635 2605 3025 2678 βοηθούμενος,
3093 2603 3170 2668 ὡς
3236 2602 3391 2667 πόλις
3448 2601 3627 2673 ὀχυρά

2040 2700 2251 2770 γίνεται
2268 2717 2282 2731 ·
2309 2696 2373 2753 οὐ
2398 2700 2507 2771 γάρ
2535 2699 2596 2752 τὸ
2628 2701 2822 2769 φαγεῖν
2853 2697 2948 2752 καὶ
2972 2696 3035 2751 rb
3063 2698 3208 2749 πιεῖν
3240 2696 3387 2749 ποιεί
3410 2694 3616 2764 φιλίαν·

2039 2792 2303 2863 τοιαύτην
2334 2791 2446 2863 γάρ
2472 2790 2567 2844 καὶ
2592 2790 2789 2862 λῃσταὶ
2816 2789 3002 2860 ἔχουσι
3027 2786 3624 2860 καῖ’ἀνδροφόνοι·ἀλλ’

2041 2885 2089 2936 εί
2116 2882 2260 2953 φίλοι
2282 2883 2471 2952 ἐσμέν,
2490 2882 2538 2935 εί
2556 2881 2723 2944 ὄντως
2749 2880 2994 2951 ἀλλήλων
3020 2880 3319 2951 κηδόμεθα,
3344 2882 3423 2943 εἰς
3448 2877 3623 2933 ταῦτα

2042 2972 2298 3044 ἀλλήλοις
2324 2969 2771 3043 συμϐαλλώμεθα
2788 2987 2802 3001 ·
2835 2970 3010 3024 ταῦτα
3029 2972 3112 3033 είς
3125 2969 3309 3039 φιλίαν
3329 2969 3476 3039 ἡμᾶς
3498 2970 3621 3037 άγει
3696 2978 3708 2991 “·

2042 3063 2317 3134 ἐπωφελῆ,
2348 3061 2522 3117 ταῦτα
2548 3061 2749 3116 κωλύει
2782 3063 2862 3125 είς
2891 3061 3120 3130 γέενναν
3153 3059 3433 3114 ἀπελθεῖν.
3464 3061 3623 3130 Μήτε

2040 3150 2136 3210 οὖν
2190 3156 2223 3209 6
2277 3153 2634 3225 ἐλεγχόμενος
2690 3152 3106 3223 ἀγανακτείτω·
3174 3152 3451 3223 ἄνθρωποι
3511 3152 3624 3224 γάρ

2042 3247 2227 3316 ἐσμεν,
2262 3242 2359 3298 καὶ
2396 3243 2594 3315 ἔχομεν
2623 3241 2983 3312 ἐλαττώματα
3003 3256 3020 3271 ·
3058 3242 3196 3313 μήτε
3218 3244 3247 3295 6
3275 3240 3516 3312 ἐλέγχων
3542 3241 3623 3305 ὡς

2044 3336 2381 3406 ἐπεγγελῶν,
2429 3337 2463 3406 ἢ
2502 3335 2579 3399 ὡς
2632 3333 3004 3405 ἐπεμϐαίνων,
3058 3334 3218 3388 τοῦτο
3272 3333 3498 3388 ποιείτω
3529 3333 3625 3387 κα)⁸

2043 3429 2433 3499 ἐκπομπεύων,
2488 3428 2628 3482 ἀλλά
2672 3429 2793 3482 κατ’
2842 3427 3001 3490 ἰδίαν,
3066 3425 3204 3496 μετά
3254 3425 3619 3497 προσηνείας·

2043 3517 2285 3582 πλείονος
2307 3517 2418 3588 γάρ
2446 3518 2618 3572 δεῖται
2655 3517 2987 3589 προσηνείας
3008 3520 3039 3571 ό
3065 3515 3324 3586 ἐλέγχων,
3355 3516 3445 3569 ῖνα
3478 3515 3625 3570 οὕτω

2042 3605 2208 3678 πείσῃ
2233 3605 2332 3678 τὴν
2360 3605 2536 3677 τομὴν
2577 3607 2845 3674 ἐνεγκεῖν.
2881 3604 2995 3674 Οὐχ
3023 3604 3188 3674 ὁρᾶτε
3215 3603 3343 3665 τοὺς
3377 3601 3620 3671 ἰατροὺς,

2042 3698 2169 3752 ὅταν
2194 3698 2448 3764 καίωσιν,
2481 3699 2611 3752 ὅταν
2642 3697 2904 3768 τέμνωσι,
2933 3693 3073 3764 μετά
3095 3694 3267 3764 πόσης
3287 3692 3623 3764 προσηνείας

2041 3791 2139 3862 τὴν
2173 3791 2471 3863 θεραπείαν
2508 3791 2773 3858 ἐπάγουσι
2796 3806 2814 3855 ;
2836 3788 3027 3858 Πολλῷ
3064 3786 3265 3856 μᾶλλον
3304 3785 3430 3849 τοὺς
3459 3785 3619 3853 ἐλέγ-

2042 3900 2238 3954 χοντας
2278 3882 2440 3937 τοῦτο
2483 3882 2567 3936 δεῖ
2626 3882 2829 3935 ποιεῖν·
2892 3882 2985 3934 καὶ
3031 3880 3141 3949 γὰρ
3186 3878 3282 3932 καὶ
3326 3877 3497 3949 πυρὸς
3525 3876 3622 3929 καὶ

2044 3976 2268 4048 σιδήρου
2311 3975 2669 4049 σφοδρότερον
2731 3972 2887 4047 [284]
2932 3973 3193 4043 ἐλεγχος,
3237 3970 3335 4024 καὶ
3390 3971 3627 4041 σκιρτᾷν

2043 4071 2226 4123 ποιεῖ·
2278 4069 2374 4123 καὶ
2404 4067 2493 4122 διά
2529 4067 2691 4122 τοῦτο
2741 4067 2838 4120 καὶ
2883 4067 2933 4120 oi
2973 4064 3149 4136 ἰατροὶ
3202 4061 3374 4117 πολλά
3423 4064 3621 4132 ἐπιτη-

2040 4161 2304 4228 δεύουσιν,
2358 4158 2501 4215 ὥστε
2554 4160 2801 4227 ἐνεγκεῖν
2849 4157 3038 4229 πράως
3105 4155 3206 4227 τὴν
3263 4155 3460 4226 τομὴν,
3522 4150 3620 4206 καὶ

2042 4253 2356 4327 προσηνῶς,
2386 4253 2462 4317 ὡς
2488 4247 2599 4306 οἷόν
2628 4268 2711 4317 τε,
2736 4249 2943 4322 ταύτην
2972 4248 3270 4318 ἐπάγουσι,
3296 4249 3392 4301 καὶ
3421 4245 3621 4318 μικρὸν

2041 4347 2357 4412 ἐνδιδόντες,
2401 4340 2521 4399 είτα
2557 4343 2890 4414 παρέχοντες
2919 4339 3277 4395 ἀναπνεῦσαι.
3317 4338 3484 4393 Οῦτω.
3522 4339 3622 4391 καὶ

2039 4438 2166 4500 τοὺς
2190 4436 2447 4505 ἐλέγχους
2467 4434 2549 4488 δεῖ
2575 4435 2770 4495 ποιεῖν,
2812 4432 2900 4485 ἵνα
2939 4433 3032 4485 καὶ
3062 4432 3111 4485 οί
3159 4430 3507 4501 ἐλεγχόμενοι
3540 4428 3621 4499 μή

2041 4526 2438 4598 ἀποσκιρτῶσι.
2473 4523 2594 4579 Κάν
2620 4523 2944 4595 ὑϐρισθῆναι
2976 4524 3155 4576 τοίνυν
3180 4522 3296 4593 δὲῃ,
3332 4521 3435 4575 κᾶν
3479 4520 3618 4589 πλη-

2040 4620 2224 4689 γῆναι,
2283 4617 2358 4689 μὴ
2409 4614 2902 4688 παραιτησώμεθα.
2975 4613 3089 4667 Καὶ
3155 4611 3273 4682 γὰρ
3317 4613 3514 4663 ἐκεῖνοι
3566 4609 3620 4661 οδ

2041 4710 2387 4780 τεμνόμενοι,
2417 4708 2591 4780 μυρία
2621 4704 2937 4761 καταΰοῶσι
2982 4703 3092 4757 τῶν
3122 4702 3434 4772 τεμνόντων
3457 4714 3472 4728 ·
3499 4698 3619 4753 ἀλλ’

2041 4802 2239 4854 ἐκεῖνοι
2270 4800 2407 4869 πρὸς
2427 4800 2580 4852 οὐδέν
2608 4797 2818 4851 τούτων
2855 4794 3078 4867 ὁρῶσιν,
3119 4792 3235 4847 ἀλλ’
3265 4791 3297 4861 ἥ
3339 4790 3478 4861 πρὸς
3514 4790 3620 4859 τὴν

2042 4891 2233 4959 ὑγείαν
2261 4890 2370 4944 τῶν
2395 4889 2714 4959 καμνόντων
2745 4888 2931 4960 μόνον.
2961 4885 3116 4940 Οὕτω
3145 4884 3209 4955 δὴ
3250 4883 3345 4935 καὶ
3381 4881 3621 4935 ἐνταῦθα

2043 4983 2222 5038 πάντα
2274 4983 2356 5036 δεῖ
2400 4984 2575 5036 ποιεῖν
2627 4982 2763 5052 πρὸς
2803 4980 2867 5033 rb
2918 4978 3017 5032 τὸν
3055 4977 3274 5046 ἔλεγχον
3327 4974 3616 5046 χρησίμως

2041 5073 2316 5142 γενέσθαι,
2343 5075 2520 5128 πάντα
2557 5074 2742 5143 φέρειν
2770 5071 2907 5143 πρὸς
2928 5070 3023 5124 τὸν
3059 5068 3249 5137 μισθὸν
3288 5066 3612 5137 ἀφορῶντας

2041 5165 2132 5219 τὸν
2164 5166 2542 5235 ἀποκείμενον.
2570 5162 2895 5229 Ἀλλήλων,
2930 5162 3082 5230 φησὶ,
3110 5157 3353 5227 τὰ-βάρη
3369 5156 3601 5223 βαστὼ

2043 5257 2186 5325 (Ista,
2206 5258 2303 5311 καὶ
2319 5257 2505 5323 οὕτως
2518 5254 2992 5322 ἀναπληρώσατε
3020 5255 3125 5306 τὸν
3149 5251 3453 5321 νόμον-τοῦ
3471 5253 3612 5317 Χρι-

2043 5366 2213 5404 στου.
2240 5350 2425 5412 Οὕτως
2461 5345 2552 5402 οὖν
2576 5349 2669 5401 καὶ
2698 5347 3010 5417 ἐλέγχοντες
3050 5347 3144 5399 καὶ
3169 5346 3429 5416 φέροντες
3453 5343 3621 5411 ἀλλή-

2041 5441 2184 5506 λους,
2217 5440 2558 5510 δυνησόμεθα
2609 5437 3002 5508 ἀναπληρῶσαι
3051 5436 3149 5508 τὴν
3199 5436 3487 5505 οἰκοδομὴν
3516 5434 3615 5486 τοῦ

2043 5529 2310 5600 Χριστοῦ·
2349 5531 2443 5582 καὶ
2473 5532 2604 5598 ἡμῖν
2642 5527 2779 5582 οὕτω
2810 5531 3065 5598 ποιήσετε
3092 5528 3294 5595 κοῦφον
3316 5527 3405 5579 τὸν
3429 5526 3612 5589 πόνον,

2042 5623 2100 5675 ἐν
2132 5622 2305 5675 ἅπασι
2342 5619 2846 5689 συλλαμϐανόμενοι
2868 5619 2998 5685 ἡμῖν
3029 5619 3124 5670 καὶ
3151 5621 3308 5688 χεῖρα
3330 5618 3615 5687 ὀρέγοντες

2044 5714 2137 5768 καὶ
2170 5709 2426 5783 μερισταὶ
2457 5708 2732 5780 γινόμενοι
2760 5707 2853 5760 καὶ
2882 5708 3148 5774 κοινωνοὶ,
3192 5708 3288 5763 καὶ
3317 5709 3415 5778 τῆς
3441 5706 3611 5776 ἀλλή-
