3970 6152
337 296 445 354 913

339 410 448 464 λων
480 409 768 480 σωτηρίας,
808 409 907 464 καὶ
934 410 1031 479 τῆς
1067 410 1202 473 ίδίας
1223 410 1474 473 ἕκαστος.
1512 410 1907 481 ’Υπομένωμεν

338 494 520 546 τοίνυν
545 494 637 547 καὶ
668 494 924 564 φέροντες
950 492 1021 545 τά
1046 491 1294 562 ἀλλήλων
1324 492 1489 563 βάρη.
1532 494 1627 547 καὶ
1653 493 1907 563 ἐλέγχον-

1024 297 1081 354 S.
1122 296 1407 353 JOANNIS
1441 293 1935 355 CIIRYSOSTOMI
1972 295 2293 355 ARCHIEP.
2333 297 2883 355 CONSTANTINOP.

3482 296 3588 350 ειι

2013 426 2126 472 τες,
2158 409 2249 464 ἵνα
2285 410 2542 480 τύχωμεν
2571 410 2678 463 τῶν
2711 408 3144 482 ἐπηγγελμένων
3173 408 3313 481 ἡμῖν
3338 405 3584 478 ἀγαθῶν⁸

2011 493 2072 545 ἐν
2098 494 2321 565 Χριστῷ
2356 493 2532 565 Ἰησοῦ
2566 494 2644 566 τῷ
2670 494 2860 567 Κυρίῳ
2896 493 3076 567 ἡμῶν.

1789 907 2035 962 ΟΜῙΛΙΑ
2073 905 2178 960 AA'
2214 914 2253 958 ⁸.

336 1084 615 1154 Είρήνηη
633 1082 872 1138 διώκετε
882 1083 1032 1151 μετά
1050 1082 1293 1154 πάντων
1315 1085 1411 1137 καὶ
1452 1088 1559 1138 τὸν
1586 1084 1903 1154 ἁγιασμόν,

542 1148 615 1210 οὗ
646 1155 825 1223 χωρίς
854 1148 1052 1218 οὐδεὶς
1085 1153 1292 1221 ὄψεται
1324 1153 1429 1208 τὸν
1457 1148 1694 1221 Κύριον.

406 1343 473 1389 α’.
504 1333 682 1388 Πολλὰ
702 1333 799 1402 μὲν
818 1333 933 1388 ἐστι
959 1334 1026 1387 τά
1056 1335 1534 1406 χαρακτηρίςοντα
1549 1334 1910 1408 τῑνΧριστια·

334 1418 550 1486 νισμὸν,
594 1415 795 1485 μᾶλλον
824 1417 882 1468 δέ
918 1417 1137 1470 πάντων
1175 1418 1272 1472 καὶ
1301 1421 1547 1489 κρεῖττον
1589 1420 1904 1491 ἀπάντωνή

336 1501 474 1571 πρὸς
503 1500 765 1571 ἀλλήλους
790 1500 978 1571 ἀγάπη
1013 1503 1158 1571 καὶὴ
1195 1504 1408 1574 εἰρήνη.
1440 1504 1541 1556 Διά
1574 1503 1733 1556 τοῦτο
1760 1506 1852 1557 καὶ
1880 1507 1909 1559 6

333 1582 570 1654 Χριστός
597 1599 761 1652 φησιν
781 1600 794 1614 ⁸
824 1583 1088 1651 Εἰρήνην
1137 1585 1252 1651 τὴν
1293 1586 1448 1654 ἐμὴν
1489 1585 1697 1656 δίδωμι
1729 1587 1904 1657 ὑμῖν·

333 1672 430 1720 καί
453 1668 636 1730 πᾶλιν,
682 1670 779 1719 Ἐν
801 1668 990 1733 τούτῳ
1011 1669 1346 1735 γνώσονται
1384 1668 1627 1736 πάντες,
1656 1670 1746 1724 ὅτι
1779 1669 1908 1740 ἐμοί

327 1749 588 1818 μαθηταί
626 1749 784 1815 ἐστε,
809 1750 920 1803 ἐὰν
943 1750 1209 1819 ἀγαπᾶτε
1236 1752 1568 1819 ἀλλήλους.
1609 1753 1708 1806 Διά
1750 1754 1910 1807 τοῦτο

333 1832 431 1883 καὶ
477 1832 505 1883 6
536 1832 751 1895 Παῦλος
801 1832 895 1886 νῦν
937 1850 1136 1901 φησιν’
1182 1834 1449 1903 Είρήνην
1483 1834 1725 1890 διώκετε
1759 1837 1909 1905 μετὰ

330 1912 576 1966 πάντων
603 1915 701 1967 καὶ
737 1915 847 1968 τὸν
884 1915 1205 1984 ἁγιασμόν,
1253 1917 1525 1981 τουτέστι,
1574 1918 1674 1990 τὴν
1713 1920 1907 1989 σεμνό-

330 2012 489 2064 τητα,
514 1992 594 2051 οὗ
616 1997 798 2066 χωρὶς
831 1998 1031 2064 οὐδεὶς
1063 1997 1216 2069 [285]
1253 2000 1465 2067 ὄψεται
1511 2000 1617 2053 τὸν
1662 2002 1906 2068 Κύριον.

344 2078 858 2145 Ἐπισκοποῦντες
876 2081 959 2148 μή
985 2098 1074 2146 τις
1091 2080 1362 2151 ὑστερῶν
1382 2081 1499 2136 ἀπὸ
1529 2081 1637 2151 τῆς
1667 2082 1909 2151 χάριτος

330 2161 438 2215 τοῦ
494 2162 665 2216 Θεοῦ.
705 2164 975 2234 Καθάπερ
1022 2165 1142 2218 ὁδόν
1185 2182 1308 2219 τινα
1358 2167 1577 2236 μακράν
1614 2167 1908 2222 ὁδευόντων

333 2247 393 2298 ἐν
423 2245 642 2317 συνοδίᾳ
672 2245 864 2317 πολλῇ,
902 2246 1152 2316 βλέπετε,
1178 2249 1332 2318 φησὶ,
1372 2250 1444 2318 μή
1474 2266 1558 2311 τις
1590 2249 1906 2318 ἀπέμεινεν·

331 2328 393 2379 o6
416 2328 525 2398 γάρ
559 2328 717 2381 τοῦτο
746 2329 893 2398 ζητῶ
919 2329 1103 2398 μόνον,
1152 2331 1243 2383 ἵνα
1288 2331 1448 2399 ὑμεῖς
1501 2332 1907 2402 παραγένησθε,

332 2409 448 2460 ἀλλ’
476 2410 569 2463 ίνα
598 2411 695 2463 καὶ
724 2412 849 2474 τοὺς
872 2412 1064 2475 ἀλλους
1086 2413 1447 2483 ἐπισκοπῆτε.
1473 2416 1532 2467 Μ
1537 2412 1569 2479 ή
1606 2431 1695 2480 τις
1731 2417 1910 2469 ὑστε-

330 2491 473 2558 ρῶν,
518 2495 703 2561 φησὶν,
752 2494 874 2549 ἀπὸ
905 2493 1015 2563 τῆς
1059 2495 1303 2564 χάριτος
1356 2497 1464 2551 τοῦ
1516 2498 1685 2551 Θεοῦ.
1734 2500 1910 2570 Χάριν

333 2576 430 2628 τοῦ
461 2576 597 2630 Θεοῦ
626 2576 694 2630 τά
727 2577 993 2648 μέλλοντα
1022 2578 1181 2632 καλεῖ
1218 2578 1419 2647 ἀγαθὰ,
1456 2580 1555 2650 τὴν
1592 2582 1774 2636 πίστιν
1808 2583 1909 2654 τὴν

336 2658 720 2729 εύαγγελικὴν,
745 2658 844 2729 τὴν
870 2661 1100 2731 ἀρίστην
1122 2662 1402 2716 πολιτείαν
1424 2680 1438 2694 ⁸
1461 2664 1641 2718 πάντα
1667 2666 1777 2736 γάρ
1807 2667 1908 2735 τῆς

330 2742 430 2796 τοῦ
458 2742 593 2797 Θεοῦ
631 2743 855 2813 χάριτός
883 2746 1020 2798 ἐστι.
1068 2745 1161 2817 Μὴ
1209 2744 1304 2799 οὖν
1341 2764 1430 2816 μοι
1478 2750 1658 2819 εἴπῃς,
1703 2750 1785 2803 ὅτι
1828 2745 1910 2815 εἷς

332 2828 483 2881 ἐστιν
516 2830 545 2881 6
570 2827 943 2897 ἀπολλύμενος
965 2843 979 2857 ⁸
1011 2829 1103 2882 καὶ
1124 2828 1189 2884 δι’
1211 2829 1309 2883 ἔνα
1337 2830 1366 2882 6
1382 2831 1618 2901 Χριστὸς
1645 2831 1905 2886 ἀπέθανε.

333 2912 411 2965 Δι’
447 2911 543 2965 ἕνα
571 2914 599 2965 6
630 2911 867 2982 Χριστὸς
915 2912 1178 2977 ἀπέθανε,
1238 2914 1301 2967 σὺ
1350 2912 1408 2966 δὲ
1465 2913 1525 2966 o6
1566 2915 1905 2985 φροντίζειςς

344 2993 878 3060 Ἔπισκοποῦντες,
928 2992 1096 3065 φησί’
1143 2996 1447 3062 τουτέστιν,
1477 2997 1725 3069 ἀκριϐῶς
1754 2999 1910 3069 ἐρευ-

333 3077 558 3140 νῶντες,
613 3076 1105 3147 ἐπισκεπτόμενοι,
1169 3078 1709 3149 καταμανθάνοντες,
1771 3082 1908 3153 ὅπερ

334 3159 485 3212 ἐστὶν
520 3160 613 3212 ἐπὶ
645 3159 752 3212 τῶν
781 3159 1044 3225 ἀσθενῶν,
1094 3160 1192 3214 καὶ
1230 3160 1319 3215 διά
1366 3161 1586 3216 πάντων
1624 3163 1908 3229 ἐξετάζον-

332 3258 446 3306 τες,
470 3242 499 3281 ιι
524 3240 1104 3313 [καταμανθάνοντεςὶ
1133 3243 1229 3309 Μή
1253 3260 1345 3311 τις
1364 3243 1499 3312 ῥίζα
1519 3247 1761 3314 πικρίας
1787 3247 1909 3301 ἀνω

334 3326 577 3390 ςιιύουσα
609 3325 859 3394 ἐνοχλῇ.
896 3325 1068 3379 Τοῦτο
1090 3327 1149 3381 ἐν
1176 3326 1256 3398 τῷ
1281 3330 1691 3400 Δευτερονομίῳ
1707 3332 1905 3384 κεῖται-

334 3407 494 3463 ἔλασε
526 3409 583 3462 δὲ
609 3410 742 3462 αὐτὸ
775 3409 885 3463 ἀπὺ
914 3411 1229 3481 μεταφορᾶς
1266 3410 1375 3465 τῶν
1424 3412 1628 3481 φυτῶν.
1678 3413 1777 3482 Μή
1820 3432 1910 3480 τις

325 3489 481 3561 ῥίζα,
510 3495 663 3562 φησι,
690 3493 964 3559 πικρίας·
998 3493 1027 3547 6
1056 3496 1152 3547 καὶ
1191 3494 1431 3565 ἀλλαχοῦ
1465 3496 1696 3567 γράφων
1730 3497 1905 3565 λέγει.

332 3575 525 3645 Μικρὰ
555 3574 702 3645 ζύμη
745 3575 896 3629 ὅλον
924 3575 990 3630 τὸ
1027 3578 1272 3646 φύραμα
1304 3576 1487 3647 ζυμοῖ.
1537 3579 1651 3633 Οὐκ
1690 3579 1904 3634 ἐκείνου

337 3659 496 3724 μόνον
523 3660 709 3714 ἔνεκεν
739 3660 919 3723 τοῦτο,
961 3661 1119 3731 φησὶ,
1170 3661 1455 3732 βούλομαι,
1508 3662 1648 3717 ἀλλά
1687 3665 1782 3719 καὶ
1819 3664 1909 3719 διά

333 3743 433 3814 τὴν
473 3742 532 3808 ἐξ
581 3743 745 3797 αὐτοῦ
789 3742 1086 3814 γινομένην
1119 3744 1346 3815 βλάϐην.
1394 3746 1677 3813 Τουτέστι,
1725 3747 1831 3802 κᾶν

333 3844 417 3889 τις
449 3825 573 3897 ῥίζα
602 3827 849 3898 τοιαύτη,
885 3827 1159 3898 μηδεμίαν
1189 3827 1429 3899 βλάστην
1459 3830 1606 3899 ἀφῇς
1637 3830 1905 3894 ἀνελθεῖν,

333 3910 449 3963 ἀλλ’
499 3911 875 3977 ἐκκοπτέσθω,
925 3911 1066 3965 ὥστε
1114 3911 1190 3982 μὴ
1254 3912 1447 3982 φέρειν
1494 3913 1619 3977 τοὺς
1675 3913 1910 3979 οἰκείους

334 3995 604 4064 καρποὺς,
662 3993 803 4047 ῶστε
860 3994 934 4066 μὴ
977 3994 1070 4047 καὶ
1118 3996 1246 4060 τοὺς
1303 3995 1499 4059 ἀλλους
1532 3996 1780 4066 μολύνειν
1815 3998 1911 4050 καὶ

340 4076 597 4145 μιαίνειν.
654 4076 749 4143 Μή
801 4093 892 4141 τις
947 4077 1075 4146 γὰρ,
1124 4079 1280 4146 φησι,
1328 4077 1462 4144 ῥίζα
1509 4080 1749 4147 πικρίας
1787 4079 1910 4133 ἀνω

335 4160 579 4227 φύουσα
613 4158 862 4227 ἐνοχλῇ,
894 4160 990 4213 καί
1021 4160 1120 4214 διὰ
1151 4161 1373 4228 ταύτης
1416 4162 1708 4231 μιανθῶσι
1764 4166 1909 4217 πολ-

333 4240 453 4295 λοι.
491 4242 598 4294 Καὶ
640 4242 869 4304 εἰκότως
922 4242 1124 4315 πικρὰν
1158 4243 1258 4315 τὴν
1291 4244 1568 4315 ἁμαρτίαν
1614 4245 1905 4299 ἐκάλεσεν·

340 4322 487 4375 οὐδὲν
516 4322 624 4392 γάρ
654 4322 823 4386 ὅντως
851 4325 1123 4396 ἁμαρτίας
1166 4327 1495 4398 πικρότερον
1521 4344 1536 4358 ο
1590 4327 1686 4382 καὶ
1727 4327 1909 4382 ἴσασιν

333 4405 387 4458 οί
429 4405 565 4476 μετά
609 4404 672 4458 τὸ
710 4407 914 4474 πρᾶξαι
963 4406 1067 4460 ὑπὸ
1107 4407 1202 4462 τοῦ
1246 4410 1548 4473 συνειδότος
1592 4411 1908 4481 τηκόμενοι,

335 4490 386 4543 οἱ
420 4487 646 4559 πικρίαν
670 4487 867 4560 πολλὴν
897 4490 1256 4559 ὑπομένοντες
1280 4508 1293 4522 °
1319 4493 1623 4563 πικροτάτη
1648 4494 1755 4565 γάρ
1774 4489 1910 4547 οὖσα

333 4571 649 4642 διαστρέφει
675 4572 741 4624 αὑ
753 4570 807 4624 τὸ
827 4572 888 4624 τὸ
913 4572 1240 4639 λογιστικόν.
1265 4574 1499 4645 Τοιαύτη
1528 4577 1561 4646 ἡ
1590 4574 1684 4629 τοῦ
1707 4576 1907 4647 πικροῦ

337 4654 518 4724 φύσις,
548 4654 695 4708 ἔστιν
729 4654 1005 4725 ἀνόνητος.
1048 4654 1156 4708 Καὶ
1202 4654 1383 4720 καλῶς
1430 4653 1583 4710 εἷπε·
1630 4658 1787 4720 Ῥίζα
1817 4675 1911 4713 πι-

335 4739 527 4804 κρίας.
564 4737 679 4790 Οὐκ
717 4733 855 4798 εἷπε,
906 4737 1107 4807 Πικρά,
1141 4736 1298 4801 ἀλλά,
1349 4741 1630 4807 Πικρίας·
1672 4742 1770 4810 τὴν
1812 4742 1910 4808 μὲν

337 4822 445 4890 γάρ
490 4820 690 4890 πικρὰν
726 4821 881 4889 ῥίζαν
918 4820 1034 4873 ἔστι
1082 4822 1331 4891 καρποὺς
1368 4823 1613 4891 ἐνεγκεῖν
1664 4822 1908 4891 γλυκεῖς,

334 4906 435 4975 τὴν
460 4904 517 4958 δέ
546 4905 771 4975 πικρίας
806 4904 963 4975 ῥίζαν
996 4905 1091 4958 καὶ
1138 4904 1321 4976 πηγὴν
1355 4905 1449 4958 καὶ
1479 4905 1737 4959 ὑπόθεσιν
1759 4924 1772 4938 ο
1808 4908 1909 4960 οὐκ

336 4987 451 5040 ἔστι
475 4989 605 5041 ποτέ
631 4988 835 5056 γλυκὺν
870 4989 1113 5055 ἐνεγκεῖν
1150 4988 1361 5060 καρπόν
1384 5004 1401 5019 '
1436 4988 1613 5042 πάντα
1646 4988 1754 5061 γάρ
1792 4992 1909 5043 ἐστι

337 5069 530 5139 πικρά,
566 5070 716 5123 οὐδὲν
746 5069 859 5140 ἔχει
902 5070 1021 5140 ἡδὺ,
1064 5071 1244 5126 πάντα
1284 5071 1477 5143 πικρὰ,
1522 5073 1699 5125 πάντα
1745 5072 1905 5143 ἀηδῆ,

337 5154 515 5205 πάντα
546 5154 736 5223 μίσους
768 5153 863 5206 καὶ
887 5152 1217 5223 βδελυγμίας
1249 5154 1509 5224 γέμοντα.
1538 5157 1645 5209 Καὶ
1685 5155 1760 5208 δι’
1801 5158 1909 5209 αὺ-

336 5236 468 5306 τῆς,
512 5237 663 5307 φησὶ,
692 5236 987 5305 μιαν-ϐῶσι
1019 5238 1260 5292 πολλοί.
1312 5239 1627 5299 Τουτέστιν,
1662 5239 1779 5293 Ἵνα
1830 5238 1905 5310 μὴ

333 5321 491 5373 τοῦτο
544 5321 791 5390 γένηται,
854 5320 980 5383 τοὺς
1033 5320 1281 5386 ἀσελγεῖς
1325 5322 1643 5375 ἐκκόπτετε.
1686 5322 1781 5389 Μή
1816 5339 1906 5385 τις

334 5404 577 5471 πόρνος,
616 5402 938 5470 ῆβὲὄηλος
973 5403 1055 5468 ὠς
1095 5403 1304 5467 Ἡσαῦ,
1345 5404 1412 5470 ὃς
1446 5406 1582 5459 ἀντὶ
1621 5402 1906 5472 βρώσεως

331 5486 475 5555 μιᾶς
508 5486 765 5541 ἀπέδοτο
801 5490 872 5538 τὰ
896 5486 1259 5553 πρωτοτόκια
1277 5486 1485 5541 αὐτοῦ.
1516 5488 1627 5542 Καὶ
1650 5488 1750 5541 ποῦ
1775 5488 1906 5561 πόρ⁴

401 5660 573 5731 fl’ide
597 5668 759 5731 notam
780 5663 830 5710 In
853 5676 1009 5731 ηψπ-ε.
1040 5660 1472 5731 ἰῃῐρτρτεῑείίοῃὶε
1495 5662 1699 5717 Latium.

398 5723 879 5783 δΚαταμανθάνοντες
902 5722 1098 5773 iuélusil
1124 5722 1276 5775 etiam
1300 5724 1451 5775 Savil.

2008 1101 2099 1145 νος
2123 1080 2190 1156 ἦν
2220 1085 2248 1136 6
2270 1083 2474 1141 Ἡσαῦς
2511 1082 2586 1135 O6
2614 1080 2772 1136 τοῦτο
2822 1080 2976 1155 [286]
3022 1081 3259 1137 ἐνταῦθά
3287 1099 3472 1152 φησιν,
3503 1081 3584 1137 ὅτι

2010 1169 2207 1237 πόρνος
2229 1162 2296 1237 ἦν
2317 1169 2345 1219 6
2387 1164 2584 1229 Ἡσαῦ,
2621 1165 2755 1220 ἀλλά
2789 1166 2925 1232 πρὸς
2954 1166 3362 1236 ἀντιδιαστολὴν
3407 1169 3585 1219 κεῖται

2009 1249 2125 1315 τοῦ,
2163 1250 2274 1303 Τόν
2301 1249 2598 1317 ἁγιασμόν
2626 1246 2866 1303 διώκετε
2888 1265 2904 1279 ·
2957 1250 3019 1302 τὺ
3059 1249 3135 1314 δὲ,
3172 1250 3461 1315 Βέθηλος,
3509 1248 3587 1313 ὡς

2010 1332 2146 1401 πρὸς
2171 1333 2376 1384 ἐκεῖνον
2406 1332 2642 1404 εἴρηται.
2678 1332 2767 1402 Μή
2796 1348 2881 1395 τις
2903 1326 2997 1385 οὖν
3025 1331 3165 1384 ἔστω
3195 1332 3270 1394 ὡς
3319 1332 3348 1382 ὁ
3386 1329 3585 1398 Ἠσαῦ,

2011 1414 2260 1484 βέϐηλος,
2293 1414 2564 1475 τουτέστι,
2602 1414 3041 1485 γαστρίμαργος,
3083 1415 3350 1484 ἀκρατὴς,
3388 1431 3589 1484 κοσμι-

2010 1496 2123 1559 κδς,
2154 1496 2225 1549 τά
2255 1494 2601 1566 πνευματικά
2634 1496 2991 1566 ἀπεμπολῶν.
3018 1498 3123 1561 Ὃς
3141 1496 3275 1551 ἀντὶ
3301 1494 3588 1564 βρώσεως

2004 1578 2149 1649 μιᾶς
2166 1579 2422 1634 ἀπέδοτο
2454 1579 2527 1633 τὰ
2559 1581 2926 1648 πρωτοτόκια
2947 1580 3157 1635 αὑτοῦ.
3182 1579 3498 1639 Τουτὲστιν,
3528 1578 3589 1643 ὃς

2010 1663 2109 1733 τὴν
2158 1662 2310 1731 παρὰ
2336 1660 2431 1716 τοῦ
2487 1663 2624 1715 θεοῦ
2666 1663 2831 1734 τιμὴν
2860 1663 3071 1733 ταύτην
3113 1662 3204 1717 διὰ
3239 1663 3339 1733 τῆς
3374 1662 3594 1726 οίκείας

2012 1744 2282 1818 ῥᾳθυμίας
2334 1745 2585 1804 ἀπέδοτο.
2641 1746 2736 1798 καὶ
2786 1747 2989 1817 μικρᾶς
3043 1746 3237 1817 ἡδονῆς
3281 1744 3441 1815 χάριν
3487 1745 3591 1813 τὴν

2012 1829 2276 1899 μεγίστην
2305 1828 2472 1898 τιμὴν
2517 1828 2610 1880 καὶ
2644 1826 2804 1892 δόξαν
2840 1827 3113 1884 ἀπώλεσε.
3164 1828 3337 1882 Τοῦτο
3368 1827 3592 1889 οἰκείως

2010 1911 2146 1981 πρὸς
2172 1912 2389 1976 αὐτοὺς,
2417 1910 2577 1963 τοῦτο
2602 1909 2884 1981 βδελυροῦ,
2920 1911 3080 1965 τοῦτο
3117 1910 3451 1980 ἀκαθάρτου.

2081 1993 2245 2047 Ὥστε
2275 1994 2372 2063 οὐχ
2406 1993 2435 2045 6
2471 1993 2669 2062 πόρνος
2711 1992 3022 2063 ἀκάθαρτος
3056 1994 3239 2064 μόνον,
3276 1991 3412 2046 ἀλλά
3437 1992 3534 2045 καὶ
3563 1992 3595 2045 6

2009 2076 2446 2146 γαστρίμαργος,
2481 2076 2538 2139 ὅς
2568 2076 2684 2130 ἐστι
2713 2076 2809 2148 τῆς
2836 2076 3073 2148 γαστρὸς
3112 2074 3320 2140 δοῦλος.
3346 2075 3457 2129 Καὶ
3480 2074 3595 2146 γάρ

2010 2158 2102 2211 καὶ
2128 2151 2284 2222 οὗτος
2318 2159 2512 2228 ἐτέρας
2541 2160 2691 2212 ἐστὶν
2730 2161 2927 2231 ἡδονῆς
2961 2159 3167 2225 δοῦλος,
3210 2158 3596 2227 ἀναγκάζεται

2010 2242 2386 2307 πλεονεκτεῖν,
2428 2243 2799 2311 ἀναγκάζεται
2838 2244 3141 2315 ἁρπάζειν,
3196 2242 3369 2314 μυρία
3412 2242 3598 2311 ἀσχη-

2011 2326 2217 2393 μονεῖν,
2245 2323 2430 2388 δοῦλος
2458 2324 2535 2377 ὢν
2566 2325 2659 2379 τοῦ
2692 2326 2897 2390 πάθους
2930 2326 3164 2391 ἐκείνου,
3214 2326 3311 2379 καὶ
3334 2324 3597 2395 βλασφηκ

2012 2409 2104 2475 μεῖ
2133 2406 2414 2471 πολλάκις.
2451 2404 2622 2471 Οὗτος
2649 2408 2868 2473 οὐδενὸς
2901 2410 3029 2477 ἀξια
3065 2409 3208 2465 εἶναι
3256 2409 3478 2480 ἐνόμισε
3523 2407 3599 2462 τὰ

2008 2488 2371 2554 πρωτοτόκια.
2418 2490 2509 2543 Διὺ
2550 2491 2644 2544 καὶ
2681 2491 2929 2561 προνοῶν
2969 2492 3067 2562 τῆς
3100 2491 3464 2555 ἀναπαύσεως
3489 2491 3602 2561 τῆς

2010 2571 2371 2641 προσκαίρου,
2421 2573 2517 2626 καὶ
2557 2574 2719 2643 μέχρι
2757 2574 2868 2627 τῶν
2906 2575 3290 2645 πρωτοτοκίων
3326 2574 3602 2643 ἔφθασεν.

2008 2650 2173 2705 Ὥστε
2202 2653 2361 2723 ήμῶν
2394 2655 2460 2708 τά
2491 2657 2840 2726 πρωτοτόκια
2868 2655 3076 2721 λοιπὸν,
3126 2657 3247 2727 οὐχὶ
3295 2656 3603 2710 Ἰουδαίων.

2008 2736 2162 2806 Ἀμα
2197 2738 2254 2790 δὲ
2292 2737 2387 2790 καὶ
2441 2738 2577 2808 πρὸς
2616 2739 2678 2792 τὸ
2718 2740 2891 2804 πάθος
2922 2739 3101 2794 αὐτῶν
3140 2740 3300 2794 τοῦτο
3337 2739 3605 2810 συμϐάλ-

2006 2819 2160 2873 λεται
2186 2836 2201 2849 ·
2235 2820 2521 2891 μονονουχὶ
2558 2821 2719 2875 τοῦτο
2755 2823 2866 2891 γὰρ
2897 2821 2987 2875 διά
3031 2822 3221 2876 τούτου
3264 2822 3606 2890 αἰνίττεται,

2007 2898 2088 2951 ὅτι
2116 2900 2145 2953 6
2173 2897 2391 2974 πρῶτος
2420 2897 2649 2969 ὕστερος
2669 2900 2881 2969 γέγονε,
2929 2900 3022 2955 καὶ
3065 2904 3094 2955 6
3138 2899 3389 2973 δεύτερος
3430 2904 3612 2974 πρῶ-

2005 2997 2125 3043 τος’
2159 2972 2316 3044 οὗτος
2351 2981 2439 3035 διὰ
2469 2983 2771 3055 καρτερίαν
2805 2983 3043 3053 πρῶτος,
3067 2986 3279 3047 ἐκεῖνος
3305 2986 3394 3039 διά
3420 2972 3616 3057 ῥᾴθυ-

2011 3062 2138 3131 μίαν
2170 3061 2416 3132 ὕστερος.
2451 3066 2619 3119 Ἰστε
2648 3065 2784 3135 γὰρ,
2810 3067 2995 3137 φησὶν,
3028 3066 3119 3120 ὅτι
3142 3065 3244 3120 καὶ
3265 3067 3618 3136 μετέπειτα

2006 3143 2199 3198 θέλων
2255 3147 2709 3217 κληρονομῆσαι
2765 3149 2880 3217 τὴν
2925 3150 3249 3219 εὐλογίαν,
3304 3149 3616 3207 6x56013-

2001 3228 2206 3297 μάσθη
2233 3244 2248 3258 ο
2283 3231 2613 3296 ’μετανοίας
2657 3230 2768 3301 γὰρ
2810 3232 2999 3285 τόπον
3020 3233 3133 3300 οὐκ
3160 3226 3324 3299 εὗρε,
3370 3234 3617 3305 καίπερ

2001 3309 2152 3379 μετὰ
2182 3309 2457 3376 δακρύων
2491 3310 2827 3380 ἐκζητήσας
2860 3313 3074 3380 αὐτήν.

2080 3395 2145 3466 β’.
2168 3395 2233 3449 Τί
2261 3395 2327 3464 δὴ
2338 3395 2494 3450 τοῦτό
2510 3398 2688 3462 ἐστινς
2717 3392 2828 3468 ἄρα
2852 3397 2927 3467 μὴ
2944 3396 3043 3468 τὴν
3065 3396 3356 3467 μετάνοιαν
3383 3396 3618 3452 ἐκϐάλ-

2005 3475 2120 3543 λει;
2156 3477 2445 3547 Οὐδαμῶς.
2495 3476 2654 3530 Ἀλλά
2688 3477 2830 3542 πῶς,
2873 3479 3031 3547 φησὶ,
3083 3479 3375 3549 μετανοίας
3424 3481 3621 3535 τόπον

2010 3560 2108 3631 οὐχ
2154 3553 2345 3631 εὗρενς
2409 3562 2459 3613 εί
2502 3559 2613 3631 γὰρ
2656 3562 2906 3629 κατέγνω
2954 3560 3174 3627 ἑαυτοῦ,
3223 3564 3274 3615 εἰ
3321 3562 3620 3635 ἀνῴμωξε

2014 3644 2178 3715 μέγα,
2215 3644 2302 3698 διά
2324 3644 2378 3697 τί
2408 3644 2507 3715 οὐχ
2537 3640 2663 3716 εὗρε
2693 3645 2862 3699 τόπον
2881 3646 3205 3715 μετανοίας;
3236 3647 3360 3699 Ὅτι
3389 3647 3511 3701 οὐκ
3541 3644 3624 3719 ῆν

2014 3726 2305 3796 μετανοίας
2325 3728 2387 3781 τὺ
2417 3727 2669 3799 πρᾶγμα.
2701 3724 2876 3779 Ὠσπε
2887 3744 2918 3798 ρ
2947 3727 3055 3798 γάρ
3083 3730 3115 3799 ἡ
3139 3728 3284 3799 λύπη
3324 3728 3424 3782 τοῦ
3454 3732 3625 3785 Κάῖν

2009 3811 2107 3864 οὐκ
2152 3806 2221 3881 ἧν
2253 3810 2565 3879 μετανοίας,
2618 3810 2713 3863 καὶ
2751 3810 2780 3862 6
2821 3811 2984 3879 φόνος
3011 3810 3247 3876 ἔδειξενο
3298 3811 3452 3867 οὕτω
3507 3816 3626 3869 καὶ

2009 3894 2243 3949 ἐνταῦθα
2272 3895 2374 3947 οὐκ
2422 3887 2494 3965 ἦν
2545 3893 2833 3963 μετανοίας
2877 3895 2946 3949 τά
2993 3894 3236 3966 ῥήματα,
3294 3896 3391 3950 καὶ
3455 3899 3628 3968 μετά

2008 3976 2181 4031 ταῦτα
2209 3978 2239 4030 6
2268 3977 2429 4046 φόνος
2459 3975 2626 4041 ἔδειξε
2645 3993 2661 4008 ο
2704 3977 2797 4030 καὶ
2831 3977 2942 4048 γάρ
2982 3978 3075 4031 καὶ
3111 3980 3273 4043 αὐτὸς
3301 3982 3369 4049 τῇ
3396 3997 3632 4052 προαι-

2011 4058 2159 4130 ρέσει
2196 4060 2374 4112 ἀνεῖλε
2399 4059 2490 4112 τὸν
2525 4058 2743 4113 Ἰακώϐ.
2778 4059 3124 4130 Ἐγγίσουσι
3148 4062 3279 4134 γάρ,
3309 4064 3524 4133 φησὶν,
3558 4069 3632 4119 al

2008 4141 2220 4211 ἡμέραι
2258 4142 2365 4195 τοῦ
2404 4141 2665 4208 πένθους
2703 4141 2810 4196 τοῦ
2857 4144 3080 4211 πατρός
3111 4161 3255 4214 μου,
3303 4145 3403 4199 καί
3452 4148 3633 4203 duo.

2009 4225 2198 4280 κτενῶ
2248 4225 2447 4279 Ἰακὼό
2486 4224 2594 4278 τὸν
2648 4224 2916 4294 ἀδελφόν
2953 4245 3093 4295 μου.
3125 4228 3224 4281 Διά
3272 4227 3445 4283 τοῦτο
3511 4233 3635 4287 οὐκ

2011 4308 2199 4379 ι’σχυσε
2227 4306 2295 4361 τά
2322 4306 2536 4377 δάκρυα
2576 4307 2866 4376 μετάνοιαν
2898 4307 3046 4379 αὐτῷ
3080 4309 3283 4364 δοῦναι.
3340 4312 3467 4367 Καὶ
3508 4316 3635 4368 οὐκ

2010 4386 2158 4457 εἷπε,
2184 4389 2514 4457 Μετανοίας,
2571 4390 2780 4456 ἁπλῶς,
2813 4389 2970 4456 ἀλλά,
2999 4394 3111 4470 Καὶ.
3145 4395 3286 4465 μετὰ
3331 4394 3636 4470 δακρύων

2010 4475 2340 4546 ἐκζητήσας,
2384 4473 2675 4543 μετανοίας
2720 4472 2885 4526 τόπον
2916 4475 3012 4544 οὐχ
3057 4469 3204 4545 εὗρε.
3238 4476 3305 4529 Τί
3344 4469 3631 4550 δήποτες

2012 4558 2137 4612 Ὅτι
2183 4558 2244 4612 o6
2307 4556 2633 4628 μετενόησεν
2679 4556 2737 4609 δν
2796 4556 2904 4611 ἔδει
2945 4559 3146 4629 τρόπον
3180 4557 3368 4632 Ῑ287]·
3434 4564 3636 4619 τοῦτο

2010 4641 2120 4713 γάρ
2151 4642 2267 4696 ἐστι
2295 4641 2553 4710 μετάνοια
2575 4654 2588 4667 '
2626 4640 2688 4694 οὺ
2722 4642 3049 4710 μετενόησεν
3085 4641 3161 4704 ὼς
3199 4643 3392 4713 ἐχρῆν.
3441 4646 3637 4702 Ἐπεὶ

2014 4725 2131 4788 πῶς
2185 4722 2361 4776 ταῦτα
2396 4722 2589 4791 ἕλεγε;
2638 4722 2753 4785 πῶς
2789 4721 3033 4794 νωθροὺς
3077 4726 3406 4793 γενομένους
3454 4743 3635 4801 παρ-

2012 4807 2199 4861 εκάλει
2236 4806 2432 4869 πάλινς
2466 4807 2582 4868 πῶς
2626 4804 2833 4875 χωλοὺς
2861 4806 3214 4876 γενομένους;
3257 4807 3379 4871 πῶς
3409 4827 3641 4882 παρα-

2011 4892 2310 4955 λυθέντας;
2344 4889 2461 4952 πῶς
2492 4889 2857 4958 παρειμένους
2882 4907 2896 4955 ;
2928 4889 3088 4942 τοῦτο
3114 4893 3224 4961 γάρ
3253 4891 3402 4962 ἀρχὴ
3457 4895 3641 4948 πτώ-

2014 4972 2151 5037 σεώς
2182 4974 2351 5027 ἐστιν.
2393 4971 2548 5041 Ἐμοὶ
2567 4972 2717 5025 δοκεῖ
2748 4971 3083 5024 αἰνίττεσθαί
3117 4988 3271 5035 τινας
3306 4974 3363 5024 ἐν
3402 4976 3641 5041 αὐτοῖς

2011 5057 2264 5127 πόρνους,
2296 5056 2357 5108 o6
2391 5056 2573 5127 μέντοι
2599 5055 2883 5125 βούλεσθαι
2914 5055 3162 5124 ἐλέγχειν
3195 5056 3401 5120 αὐτοὺς
3432 5061 3637 5127 τέως,

2007 5140 2144 5194 ἀλλά
2171 5143 2547 5211 προσποιεῖται
2588 5140 2834 5208 ἄγνοιαν,
2878 5139 2968 5192 ἴνα
3020 5138 3464 5210 διορθώσωνται.
3524 5146 3645 5201 Δεῖ

2010 5224 2119 5295 γάρ
2144 5223 2359 5295 πρῶτον
2384 5224 2481 5293 μὲν
2504 5224 2729 5291 ἄγνοιαν
2754 5222 3164 5292 ὑποκρίνεσθαι,
3200 5223 3338 5294 μετά
3364 5225 3438 5278 δὲ
3469 5230 3647 5283 ταῦ-

2009 5325 2095 5373 τα,
2127 5307 2255 5360 ὅταν
2279 5307 2603 5376 ἐπιμένωσι,
2655 5306 2778 5359 τότε
2810 5305 2904 5358 καὶ
2943 5304 3035 5357 τὸν
3078 5304 3300 5375 ἔλεγχον
3330 5306 3645 5379 ἐπάγειν,

2011 5389 2150 5442 ὥστε
2171 5389 2243 5460 μὴ
2271 5389 2791 5459 ἀπαναισχυντῆσαι.
2820 5388 2998 5456 Ὅπερ
3012 5388 3104 5440 καὶ
3130 5388 3373 5457 Μωῦσῆς
3408 5391 3653 5468 tato-1n-

2014 5490 2105 5526 σεν
2162 5474 2253 5525 ἐπὶ
2293 5471 2507 5543 Ζαμϐρὶ
2565 5472 2659 5525 καὶ
2717 5470 2818 5537 τῆς
2864 5469 3211 5534 Χασόίτιδος.
3245 5474 3654 5548 Μετανοίας

2013 5556 2144 5626 γὰρ,
2174 5554 2327 5627 φησὶ,
2366 5555 2555 5608 τόπον
2577 5556 2687 5624 οὐχ
2727 5550 2923 5622 εὗρεν.
2967 5554 3078 5624 Οὐχ
3109 5547 3234 5624 εὗρε
3266 5547 3652 5630 μετάνοιαν⁹

2014 5640 2045 5709 ἦ
2073 5640 2156 5692 ὅτι
2209 5638 2495 5709 μετανοίας
2529 5638 2750 5708 μείζονα
2780 5638 3061 5708 ἥμαρτεν,
3096 5637 3128 5707 ἢ
3171 5638 3253 5690 ὃτι
3288 5638 3659 5706 μετάνοιαν

2007 5721 2161 5787 ἀξίαν
2199 5723 2299 5776 οῦκ
2328 5722 2653 5787 ἐπεδείξατο.
2685 5723 2872 5777 Ἔστιν
2913 5720 3019 5792 ἄρα
3058 5720 3473 5791 ἁμαρτήματα.
3518 5742 3653 5799 με-
