3970 6152
1638 245 1669 255 ο

393 339 509 399 IIS

1121 338 1193 405 tu
1222 345 1440 404 EPlST.
1481 336 1569 400 Αἰ)
1606 326 1967 399 araneus.
1997 341 2146 401 car.
2188 345 2301 405 xu.
2343 347 2569 404 unum.
2613 349 2807 423 uxr

3547 350 3650 404 ΞΝ

403 450 666 511 tineamns
700 457 832 515 ergo
868 450 927 498 et
954 442 1088 497 alter
1130 442 1348 499 alterius
1386 455 1546 505 onera
1585 448 1895 513 gestantes,
1927 448 1981 495 et
2068 442 2280 499 Christo
2324 444 2453 515 ,lesu
2477 447 2704 515 Domino
2734 458 2917 515 nostro
2946 492 2957 513 ,
2992 465 3111 509 eum
3132 466 3244 520 quo
3268 450 3409 509 Patri
3439 448 3641 520 gloria,

402 547 690 621 arguentes
715 554 728 587 :
758 544 811 588 ut
835 549 1189 604 assequamur
1217 533 1355 587 bona
1400 531 1555 585 nobis
1593 530 1852 602 promissa
1877 572 1893 595 ,
1927 530 1979 584 in
2071 550 2171 589 una
2198 550 2320 592 cum
2348 549 2532 594 sancto
2550 539 2773 611 Spiritu,
2799 552 2882 597 etc

389 728 3444 753 ﬂ—W

3454 746 3594 759 --υ-.-

1734 791 2078 853 HOMILIA
2119 794 2341 869 xxxi
2395 793 2506 875 (α).

376 945 507 1003 ευ.
534 944 623 1000 η.
653 958 707 997 v.
732 942 828 1001 Η.
849 940 1038 994 Pacem
1349 953 1466 993 eum
1512 935 1742 997 omnibus
1765 946 1813 993 et
1838 952 1958 999 san-

532 1035 849 1099 ctimoniam,
864 1033 976 1086 sine
996 1046 1098 1101 qua
1118 1045 1267 1085 neuio
1294 1028 1479 1093 uidebit
1507 1026 1802 1087 Dominum.

450 1128 504 1183 4.
526 1124 694 1182 Hulta
716 1123 931 1193 quidem
969 1130 1095 1176 sunt
1137 1136 1258 1190 qua:
1292 1120 1601 1188 exprimunt
1642 1116 1954 1179 Christianiv

379 1235 553 1276 smum
579 1236 593 1272 :
617 1217 786 1287 magis
834 1225 1013 1269 autem
1041 1228 1199 1283 quam
1228 1213 1440 1276 omnia,
1466 1219 1529 1267 et
1558 1211 1757 1268 melius
1796 1226 1958 1281 quam

379 1310 585 1375 omnia,
612 1316 793 1362 mutua
818 1306 959 1360 inter
996 1319 1064 1359 se
1106 1302 1323 1369 dilectio
1346 1311 1401 1361 et
1421 1317 1543 1371 pax.
1564 1300 1691 1357 Ideo
1710 1300 1959 1361 Christus

374 1412 596 1468 quoque
616 1396 744 1451 dicit
763 1415 777 1451 :
801 1392 990 1448 Pacem
1018 1409 1180 1447 meam
1200 1396 1266 1446 do
1287 1392 1423 1446 vobis
1440 1408 1457 1456 ,'
1475 1400 1749 1452 etrutsus,
1775 1389 1842 1451 In
1862 1392 1959 1451 liae

375 1491 539 1545 scient
559 1505 724 1543 omnes
742 1487 877 1557 quod
896 1486 1135 1553 discipuli
1165 1485 1261 1538 mei
1280 1486 1421 1549 estis,
1443 1484 1490 1539 si
1522 1484 1799 1541 dilexeritis
1823 1487 1956 1543 inui-

378 1597 489 1636 cem
510 1580 685 1651 (Joan.
702 1580 794 1634 is.
812 1579 901 1632 27.
921 1577 1073 1632 6M5.
1090 1575 1204 1647 35).
1236 1575 1362 1641 Ideo
1384 1575 1582 1633 Paulus
1596 1575 1758 1631 etiam
1785 1575 1915 1633 dicit
1939 1593 1955 1631 :

379 1673 569 1729 Pacem
596 1671 860 1741 sequimini
884 1686 1000 1725 eum
1028 1668 1254 1724 omnibus
1279 1678 1327 1722 et
1361 1664 1678 1725 sanctitatem
1698 1708 1714 1734 ,
1732 1667 1848 1727 huc
1872 1675 1958 1725 est

377 1766 736 1829 honestatem,
760 1763 870 1817 sine
890 1777 991 1831 qua
1020 1776 1163 1815 neruo
1189 1758 1371 1813 uidebit
1386 1758 1681 1813 Dominum.
1710 1760 1802 1816 15.
1825 1758 1957 1815 Can-

300 1889 306 1894 -
370 1858 676 1926 templatim
705 1870 768 1908 ne
806 1855 918 1922 quis
937 1853 1060 1906 desit
1080 1851 1259 1922 gratia
1280 1848 1398 1903 Dei.
1424 1850 1714 1920 Tamquam
1746 1850 1954 1919 longam

373 1950 608 2017 aliquam
629 1947 768 1998 viam
797 1944 847 1998 in
876 1959 1068 2012 magno
1082 1942 1336 2001 comitatu
1353 1942 1511 1994 simul
1527 1940 1952 2006 oonlicientihus,

374 2038 584 2103 Videte,
612 2037 810 2106 inquit,
848 2049 915 2091 ne
937 2034 1056 2104 quis
1092 2030 1409 2087 remanserit
1437 2049 1449 2083 :
1483 2047 1589 2085 non
1638 2031 1739 2085 hoc
1780 2033 1954 2091 solum

369 2144 554 2201 quer
580 2136 639 2182 ut
666 2142 763 2182 vos
792 2124 1080 2189 accedatis,
1127 2122 1222 2179 sed
1269 2131 1326 2176 ut
1369 2122 1503 2177 alios
1531 2137 1741 2192 quoque
1768 2122 1954 2177 obser-

370 2223 524 2277 vetis.
561 2218 647 2274 Ne
680 2220 812 2290 quis,
855 2218 1043 2288 inquit.
1064 2216 1193 2270 desit
1242 2217 1424 2286 gratiae
1441 2212 1560 2273 Dei.
1588 2213 1825 2270 Gratiam
1860 2214 1952 2273 Dei

369 2311 546 2367 latura
566 2311 698 2366 dicit
728 2308 884 2374 bona,
916 2307 1073 2362 (idem
1100 2306 1485 2376 evangelicum,
1532 2305 1788 2374 Optimam
1829 2305 1951 2361 vitte

368 2404 760 2457 institutionem
791 2418 806 2455 :
832 2408 956 2454 sunt
981 2398 1125 2453 enim
1154 2397 1332 2452 omnia
1366 2397 1456 2452 Dei
1484 2396 1688 2467 gratiae.
1716 2396 1793 2452 Ne
1818 2396 1949 2451 mihi

350 2489 771 2552 dixerispUnus
788 2487 990 2558 estqui
1022 2486 1197 2556 perit:
1242 2495 1296 2541 et
1337 2496 1553 2555 propter
1597 2501 1761 2540 unum
1804 2501 1951 2540 mor-

369 2592 491 2638 tuus
507 2580 870 2636 estItristus.
883 2578 1107 2647 Propter
1123 2593 1285 2634 unum
1309 2588 1551 2632 mortuus
1571 2585 1652 2632 est
1666 2576 1913 2631 Christus
1930 2618 1946 2643 ,

371 2685 427 2727 tu
448 2690 581 2729 vero
608 2673 727 2744 ejus
748 2686 856 2726 non
874 2669 1026 2740 geris
1042 2684 1226 2724 auram
1248 2669 1271 2722 Υ
1296 2669 1719 2739 Cantemplantes,
1744 2669 1946 2740 inquit;

367 2765 468 2820 hoc
495 2772 603 2830 est,
624 2772 811 2819 exacte
833 2772 1155 2830 scrutantes,
1175 2764 1598 2831 considerantes,
1620 2766 1939 2829 ediscentes,

365 2865 426 2911 ut
452 2872 580 2928 erga
609 2857 849 2911 inﬁrmos
874 2857 986 2912 ﬁeri
1009 2858 1165 2921 solet,
1182 2866 1232 2913 et
1256 2872 1351 2927 per
1370 2860 1547 2913 omnia
1567 2861 1937 2921 observantes,

371 2945 453 3001 Νι
473 2964 575 3017 qua
599 2947 753 3001 radix
779 2948 1134 3000 amaritudinis
1162 2964 1363 3002 sursum
1387 2953 1672 3020 germinans
1696 2950 1938 3019 impediat

366 3035 544 3106 (ﬂent.
576 3035 666 3091 29.
708 3037 828 3107 48).
863 3035 974 3091 Hoc
1005 3037 1237 3105 positum
1279 3047 1361 3092 est
1406 3039 1460 3093 in
1512 3038 1941 3103 Deuteronomio,

366 3135 749 3196 sumptumque
796 3126 947 3180 l'uita
978 3127 1287 3195 metaphora
1337 3129 1654 3196 plantarum.
1705 3126 1787 3182 Νι
1822 3143 1943 3197 qua,

368 3215 559 3286 inquit,
599 3217 751 3270 radis
778 3217 1135 3271 amaritudinis
1168 3232 1187 3270 :
1215 3217 1357 3287 quod
1402 3217 1528 3271 alibi
1567 3232 1778 3286 quoque
1816 3221 1947 3271 scri-

367 3307 520 3372 bens,
559 3307 711 3373 dicit,
753 3306 1013 3362 Modicum
1052 3308 1351 3375 fermentum
1401 3316 1557 3360 totam
1591 3323 1812 3361 massam
1848 3307 1945 3374 [er—

368 3405 552 3452 mentat
586 3397 891 3468 (l.-Cor.5.
930 3398 1005 3467 6).
1038 3398 1156 3453 Non
1202 3407 1420 3467 prepter
1463 3398 1589 3452 illud
1630 3398 1800 3452 solum
1848 3398 1949 3451 hoc

363 3491 505 3554 volo,
534 3490 729 3560 inquit,
758 3490 853 3547 sed
883 3491 1044 3546 etiam
1067 3499 1285 3560 pr0pter
1336 3490 1484 3545 illam
1529 3506 1647 3560 qua:
1675 3491 1798 3549 inde
1825 3499 1945 3544 orta

364 3592 448 3638 est
474 3585 834 3657 noxamJloc
850 3584 1175 3647 est,etiamsi
1193 3584 1261 3637 sit
1284 3584 1454 3651 aliqua
1483 3582 1635 3638 radix
1662 3581 1945 3652 ejusmodi,

367 3674 570 3728 nullum
593 3689 811 3744 germen
842 3674 987 3728 sinas
1034 3673 1347 3740 ascendere,
1373 3674 1466 3728 sed
1496 3673 1854 3736 exscindatur,
1880 3687 1949 3728 ne

362 3778 491 3819 Suos
522 3764 727 3818 fructus
769 3763 928 3831 ferat,
968 3772 1030 3819 ut
1066 3779 1171 3818 non
1207 3764 1343 3817 alios
1384 3762 1586 3816 inliciat
1632 3770 1687 3817 et
1724 3763 1942 3831 polluat.

362 3854 449 3909 Νι
484 3873 610 3927 qua,
636 3853 828 3924 inquit,
860 3855 1011 3908 radix
1038 3854 1394 3908 amaritudinis
1432 3869 1629 3906 sursum
1657 3853 1948 3923 germinans

362 3944 629 4015 intpediat,
666 3952 715 3996 et
752 3959 839 4012 per
877 3942 1021 3996 illaut
1060 3944 1387 4012 inquinentur
1435 3943 1599 3996 multi.
1653 3943 1717 3996 Et
1757 3942 1948 3997 merito

360 4028 605 4089 amarum
650 4035 857 4088 vocavit
904 4045 1226 4103 peccatum:
1270 4049 1458 4088 revera
1504 4034 1646 4088 enim
1688 4033 1818 4087 nihil
1865 4043 1948 4088 est

363 4137 587 4196 peccato
626 4127 877 4181 amarius.
931 4127 1042 4181 lloc
1085 4126 1264 4180 sciunt
1293 4127 1379 4194 qui
1413 4136 1692 4196 postquam
1725 4126 1775 4181 id
1809 4128 1947 4182 fece-

363 4228 511 4282 runt,
545 4215 827 4270 tabescunt
866 4232 894 4270 a
918 4216 1265 4283 conscientia,
1289 4218 1375 4286 qui
1404 4231 1648 4286 magnam
1679 4218 1944 4272 sustinent

362 4306 774 4362 amaritudinem
805 4325 819 4360 :
854 4323 975 4361 nam
1005 4323 1126 4361 cum
1158 4308 1227 4362 sit
1251 4308 1665 4373 amarissimum,
1693 4310 1947 4377 pervertit

362 4401 523 4455 etiam
563 4400 735 4469 ipsam
782 4398 888 4453 vim
934 4399 1311 4454 ratiocinandi.
1362 4401 1431 4455 Ea
1464 4411 1544 4454 est
1575 4400 1947 4455 amaritudinis

366 4502 575 4558 natura,
603 4502 662 4545 ut
686 4493 757 4545 sit
781 4492 1002 4545 inutilis.
1029 4491 1191 4547 Recte
1217 4502 1392 4546 autem
1419 4492 1573 4558 dixit,
1603 4493 1775 4545 Radix
1800 4510 1944 4546 ama-

368 4585 625 4637 ritudinis.
657 4582 771 4636 Non
798 4582 950 4647 dixit,
982 4583 1322 4647 Amara.sed,
1369 4583 1734 4636 Amaritudinis
1762 4598 1779 4636 :
1825 4598 1946 4636 nam

371 4674 481 4728 ﬁeri
506 4674 725 4742 quidem
756 4682 930 4738 potest
958 4686 1016 4726 ut
1046 4673 1194 4725 r.nlix
1226 4686 1405 4723 amara
1439 4672 1619 4724 dulces
1651 4672 1785 4724 ferat
1833 4672 1944 4725 l'rn-

373 4779 509 4836 ctus,
535 4770 631 4825 sed
648 4769 766 4827 ﬁeri
784 4786 889 4825 non
914 4780 1088 4843 potest
1106 4779 1161 4825 ut
1185 4765 1554 4824 amaritudinis
1575 4765 1744 4830 radis,
1767 4763 1886 4818 fons
1902 4771 1956 4819 et

358 4863 799 4931 ,fundamentum,
820 4863 1032 4923 dulcem
1056 4876 1306 4931 umquam
1331 4860 1554 4915 fructum
1581 4858 1748 4913 ferat:
1778 4857 1953 4911 omnia

372 4953 512 5019 enim
542 4963 669 5006 sunt
695 4967 896 5018 amara,
930 4951 1057 5017 nihil
1101 4952 1298 5006 habent
1325 4951 1509 5013 dulce;
1537 4949 1711 5002 omnia
1739 4948 1950 5011 acerba,

370 5042 829 5113 omniallnsuavia,
853 5026 1028 5097 omnia
1052 5044 1204 5113 plena
1222 5042 1350 5109 adio
1375 5052 1426 5096 et
1453 5039 1867 5093 almminatione.
1890 5036 1954 5091 Et

358 5150 458 5207 ,ριν
486 5132 629 5185 illaut
676 5133 1002 5203 inquinentur
1031 5117 1196 5186 inulti.
1230 5132 1339 5186 Hoc
1365 5141 1466 5194 est,
1496 5130 1569 5184 Ne
1599 5129 1698 5183 hoc
1722 5128 1949 5189 eveniat,

374 5222 792 5299 intemperantes
839 5234 893 5278 et
938 5226 1170 5278 lascivos
1207 5221 1523 5277 exscinditc.
1576 5223 1660 5276 l6.
1716 5220 1798 5273 Ne
1843 5222 1954 5290 quis

374 5316 652 5387 fornicator
693 5324 782 5368 aut
825 5319 1094 5386 profanus,
1138 5324 1189 5367 ut
1231 5313 1390 5376 Esau,
1421 5315 1507 5380 qui
1558 5323 1760 5381 prapter
1801 5327 1951 5365 unam

374 5416 534 5455 escam
562 5403 786 5469 vendidit
816 5405 1067 5471 primitiua
1101 5419 1214 5456 sua.
1269 5404 1333 5457 Et
1383 5402 1466 5457 ubi
1513 5400 1803 5455 fornicator
1853 5399 1953 5455 l'utt

376 5489 546 5551 l‘lsat't‘?
599 5491 714 5546 Non
785 5491 886 5545 hoc
939 5492 1026 5546 hic
1075 5491 1207 5546 dixit
1260 5490 1400 5560 quod
1450 5489 1744 5543 fornicator
1791 5487 1946 5543 fuerit

378 5579 535 5650 Esuﬁ,
589 5580 683 5636 sed
738 5582 789 5637 id
847 5582 1060 5653 ponitur
1102 5597 1196 5651 per
1248 5582 1635 5653 Oppositionem
1681 5580 1746 5635 ad
1794 5579 1943 5649 illud,

428 5707 500 5769 lu)
524 5703 732 5814 llnihanc
760 5697 998 5759 hominum
1026 5703 1076 5747 et
1094 5697 1137 5742 in
1161 5705 1451 5759 sequentem
1475 5696 1681 5749 alterunt
1705 5700 1916 5751 Colberti

428 5784 497 5814 tun
541 5782 582 5813 in
603 5773 776 5813 )emus.

376 5782 497 5815 Itium
524 5773 776 5814 habemus.

688 5864 960 5923 l’arnoe.
1014 5861 1130 5925 Gn.
1189 5863 1411 5961 LXlll._

2069 934 2399 1003 Sanctitamn
2430 942 2695 1012 sequimini
2709 960 2730 1009 ,-
2777 943 2903 1005 illud
2944 958 3094 1006 vero,
3139 943 3423 1015 Profanus,
3469 948 3640 1016 ipsum

2064 1039 2306 1099 spectare
2332 1031 2561 1089 videtur.
2592 1034 2669 1091 Ne
2697 1036 2818 1106 quis
2847 1051 2976 1107 ergo
3001 1037 3071 1091 sit
3096 1047 3154 1092 ut
3195 1038 3336 1094 Esau
3366 1039 3639 1107 prol‘auns,

2066 1116 2168 1173 hoc
2194 1128 2297 1185 est,
2326 1120 2503 1185 helluo
2545 1133 2598 1179 et
2640 1124 3021 1195 intemperans,
3054 1127 3370 1194 mundanus,
3400 1129 3637 1193 vendens

2064 1211 2379 1279 spiritualia.
2407 1213 2506 1281 Qui
2530 1225 2734 1286 promer
2752 1233 2906 1271 unam
2933 1234 3096 1271 escam
3126 1219 3349 1277 uendidit
3379 1220 3640 1288 primitira

2062 1317 2174 1365 sna.
2210 1301 2308 1369 Qui
2336 1302 2483 1367 hunc
2519 1320 2549 1358 a
2599 1306 2707 1362 Deo
2746 1306 2847 1363 sibi
2890 1292 3070 1361 datum
3116 1307 3375 1362 honorem
3426 1308 3637 1377 propria

2063 1391 2299 1447 vendidit
2325 1394 2568 1453 socordia
2587 1436 2601 1461 ,
2651 1404 2707 1451 et
2730 1412 2828 1467 pro
2867 1412 3028 1467 parva
3058 1397 3326 1467 voluptate
3350 1399 3636 1453 maximum

2063 1481 2316 1539 honorem
2350 1487 2579 1555 perdidit
2604 1497 2661 1543 et
2688 1490 2935 1559 gloriam.
2966 1490 3077 1549 lloc
3120 1491 3337 1560 pr0prie
3383 1491 3449 1546 ad
3493 1493 3640 1561 ipsos

2062 1573 2329 1642 pertinet;
2362 1577 2466 1632 hoc
2497 1589 2578 1633 est
2604 1580 2965 1645 abominandi,
2995 1580 3099 1636 hoc
3120 1582 3398 1637 immundi.

2122 1663 2234 1729 .Qui
2260 1668 2417 1719 uentri
2441 1670 2686 1733 serviunt,
2710 1670 2960 1727 immundi
2984 1681 3123 1737 sunt,
3167 1688 3343 1743 quare.
3367 1703 3441 1715 --
3461 1673 3639 1742 Quare

2060 1768 2164 1806 non
2210 1755 2355 1809 solus
2385 1766 2669 1815 'scortator
2716 1769 2799 1816 est
2847 1760 3175 1828 immundus,
3214 1762 3312 1817 sed
3352 1772 3408 1819 et
3435 1765 3634 1826 helluo,

2058 1840 2151 1910 qui
2168 1846 2331 1897 servit
2348 1848 2539 1902 ventri.
2570 1848 2699 1902 Nam
2731 1848 2829 1904 iste
2855 1850 3079 1905 alterius
3107 1866 3319 1920 quoque
3345 1864 3427 1907 est
3452 1871 3639 1908 servus

2059 1933 2381 2002 voluptatis:
2424 1939 2632 2006 cogitur
2672 1939 2821 2008 plura
2853 1938 3083 1994 habendi
3113 1943 3280 1995 teneri
3307 1943 3633 2011 cupiditate:

2057 2025 2263 2093 cogitur
2286 2040 2490 2094 rapere,
2510 2026 2703 2082 millies
2730 2028 2958 2098 turpiter
2987 2039 3041 2085 et
3069 2031 3319 2085 indecore
3340 2046 3398 2086 sc
3425 2049 3633 2102 gerere,

2057 2126 2176 2164 cum
2204 2114 2271 2168 sit
2304 2116 2440 2170 illius
2473 2118 2586 2171 vitii
2632 2132 2842 2185 servus,
2890 2128 2946 2175 et
2987 2135 3133 2191 smpe
3158 2120 3510 2191 hlasphemat.
3542 2123 3639 2178 Hic

2058 2205 2256 2261 nullius
2322 2209 2474 2276 pretii
2535 2225 2655 2266 esse
2718 2226 2868 2281 suam
2920 2211 3073 2266 duxit
3142 2214 3634 2282 primogenituram.

2057 2296 2230 2362 Quare
2249 2302 2555 2375 temporalis
2570 2318 2752 2361 curam
2770 2318 2964 2373 gerens
2982 2304 3196 2372 quietis,
3218 2306 3459 2374 pervenit
3474 2310 3635 2361 etiam

2057 2400 2226 2465 usque
2271 2389 2341 2445 ad
2386 2391 2717 2455 vendendam
2762 2393 3254 2463 primogenituram.
3293 2393 3473 2466 Itaque
3514 2408 3640 2455 sunt

2059 2483 2170 2553 jam
2220 2496 2416 2541 nostra:
2464 2490 2928 2561 primogenitum,
2961 2509 3066 2551 non
3093 2496 3422 2556 Iudaeorum.
3468 2501 3639 2558 Simul

2064 2575 2227 2639 etiam
2250 2592 2316 2632 ex
2345 2578 2448 2634 hoc
2495 2596 2695 2641 mturor
2720 2599 2906 2643 eorum
2938 2587 3144 2644 levatur
3171 2607 3187 2646 :
3221 2593 3373 2658 quasi
3412 2595 3638 2665 diceret,

2063 2666 2205 2735 quod
2249 2667 2449 2736 primus
2492 2670 2659 2726 iactus
2687 2673 2757 2729 sit
2798 2679 3079 2746 posterior,
3109 2688 3163 2735 et
3187 2683 3274 2751 qui
3300 2694 3418 2738 erat
3443 2701 3628 2741 secun-

2060 2752 2160 2809 dus
2190 2753 2360 2811 factus
2397 2758 2467 2813 sit
2494 2759 2730 2828 primus:
2764 2762 2854 2817 ille
2882 2766 3104 2834 primus,
3138 2781 3358 2839 propter
3385 2786 3637 2831 constan-

2061 2842 2189 2897 tiam
2236 2855 2291 2900 et
2336 2847 2705 2915 tolerantiam;
2750 2851 2837 2907 hic
2876 2858 3162 2924 posmriur,
3208 2872 3424 2929 propter
3448 2879 3634 2919 socor-

2059 2933 2201 2997 diam
2238 2944 2293 2991 ct
2330 2938 2724 3007 negligentiam.
2776 2942 2862 2996 17.
2912 2944 3102 3005 Scitote
3139 2949 3271 3004 enim
3307 2952 3544 3019 quoniam
3586 2968 3634 3010 rt

2060 3035 2232 3094 postea
2279 3030 2484 3092 cupiens
2530 3030 2815 3086 .lteretlitare
2860 3033 3288 3106 benedictionem,
3336 3048 3633 3114 reprobatus

2055 3124 2131 3179 est
2160 3131 2178 3168 :
2210 3132 2316 3207 non
2359 3119 2488 3177 enim
2537 3120 2725 3183 invenit
2764 3124 3068 3189 paznitentite
3111 3129 3295 3196 locum,
3328 3151 3629 3207 quemquer:

2056 3218 2170 3269 cum
2201 3205 2437 3276 laci-ginis
2462 3208 2746 3277 inquisisse!
2768 3227 2900 3275 eam.

2120 3295 2180 3363 ,2.
2211 3297 2347 3365 Quid
2375 3298 2475 3361 hoc
2504 3310 2585 3355 est
2607 3301 2629 3352 ?
2655 3303 2942 3370 expellitne
2971 3308 3627 3376 pernitentiam?Minime.

2053 3382 2158 3438 Sed
2185 3388 2470 3454 quomodo,
2492 3390 2681 3461 inquit,
2708 3394 3032 3461 pmnitentiae
3056 3398 3227 3457 locum
3253 3420 3358 3457 non
3387 3410 3523 3461 inve:
3548 3410 3581 3463 it
3609 3418 3631 3462 ζ’

2051 3491 2171 3530 nam
2197 3480 2240 3530 si
2271 3480 2501 3548 seipsmn
2524 3484 2916 3552 c0ndemnavit,
2950 3490 2993 3543 si
3028 3492 3181 3547 valde
3214 3496 3490 3566 ingemuit,
3533 3516 3629 3554 cn:-

2050 3582 2155 3621 non
2186 3569 2382 3629 invenit
2408 3572 2580 3627 locum
2616 3578 2982 3644 poenitentia}?
3007 3580 3272 3648 Quoniam
3310 3602 3371 3640 ea
3406 3604 3494 3644 res
3521 3607 3623 3643 non

2049 3668 2164 3711 erat
2215 3661 2556 3727 pmnitentim.
2604 3665 2752 3719 Sicut
2803 3668 2944 3721 cnim
2986 3685 3085 3724 nec
3133 3674 3460 3740 ptenitentite
3511 3691 3627 3733 erat

2050 3749 2257 3801 tristitia
2302 3750 2468 3814 Caini,
2516 3761 2574 3806 ut
2619 3756 2853 3811 ostendit
2881 3757 3017 3813 facta
3055 3762 3246 3828 cardus,
3276 3764 3346 3819 ita
3373 3765 3459 3822 hic
3488 3786 3623 3838 quo-

2047 3852 2149 3905 que
2175 3838 2330 3891 verba
2360 3855 2461 3895 nou
2486 3851 2638 3899 erant
2660 3846 3022 3911 poenitentite;
3058 3849 3217 3920 idque
3240 3863 3621 3922 posteaOSten-

2047 3927 2122 3981 dit
2165 3929 2336 3997 caules
2367 3948 2379 3982 :
2414 3946 2534 3986 nam
2582 3934 2692 4002 ipse
2726 3950 2956 4006 quoque,
3004 3941 3144 4009 quod
3186 3944 3251 3997 ad
3299 3948 3619 4006 voluntatem

2046 4019 2255 4083 attinet,
2299 4019 2462 4075 Jaeob
2503 4022 2790 4078 interfecit.
2818 4027 3312 4100 Appropinquabunt
3341 4039 3504 4106 enim,
3540 4040 3619 4094 in-

2046 4109 2180 4178 quit,
2211 4111 2318 4164 dies
2343 4112 2506 4201 luctas
2533 4116 2696 4184 patris
2732 4118 2848 4182 mei,
2881 4128 2928 4172 et
2968 4121 3272 4190 inter/icium
3309 4126 3468 4185 Jacob
3508 4135 3621 4201 [ra—

2044 4207 2167 4251 trem
2199 4216 2360 4291 meum
2393 4200 2543 4273 (Cen.
2575 4204 2666 4271 27,
2694 4207 2807 4276 41).
2835 4207 2949 4265 Νοη
2982 4211 3261 4275 valuerunt
3288 4231 3417 4287 ergo
3449 4200 3619 4291 laciy-

2045 4302 2145 4343 mte
2170 4289 2217 4347 ei
2245 4290 2373 4343 dare
2397 4293 2785 4362 paenitentiam.
2818 4298 2885 4353 Et
2913 4315 3017 4355 non
3042 4302 3195 4369 dixit,
3229 4306 3328 4361 Per
3357 4289 3619 4377 peniten-

2036 4380 2195 4454 tiam,
2217 4383 2457 4440 absolute
2481 4401 2496 4451 ;
2524 4388 2639 4454 sed,
2675 4389 2842 4445 Etiam
2860 4407 2978 4448 cum
3007 4394 3256 4467 lacrymis
3281 4404 3385 4455 non
3416 4403 3614 4458 invenit

2044 4467 2219 4531 locum
2287 4475 2635 4541 ptenitentiaz.
2714 4479 3115 4547 Quamobrem?
3186 4488 3451 4557 Quoniam
3510 4510 3613 4548 non

2044 4562 2312 4631 quomodo
2341 4569 2574 4634 oportuit
2610 4569 2717 4638 egit
2757 4575 3157 4642 paenitentiam;
3208 4579 3309 4635 hoc
3347 4582 3486 4638 enim
3535 4596 3617 4638 est

2044 4655 2388 4721 ptenitcntia;
2454 4673 2558 4712 non
2627 4660 2735 4730 egit
2797 4665 3160 4732 pmnitentiam
3231 4681 3287 4727 ut
3358 4681 3610 4741 oportuit.

2046 4745 2255 4813 Alioqui
2325 4749 2592 4817 quomodo
2647 4750 2762 4807 htnc
2814 4754 3055 4813 diceret?
3122 4762 3427 4828 quomodo,
3485 4780 3608 4831 cum

2041 4848 2232 4903 segnes
2282 4846 2336 4890 et
2394 4839 2526 4908 pigri
2572 4843 2919 4910 evasissent,
2972 4861 3067 4901 eos
3122 4862 3307 4909 rursus
3355 4853 3612 4915 adhorta-

2049 4935 2245 4989 retur!
2281 4937 2552 5007 quomodo
2593 4953 2715 4995 cum
2753 4941 2927 5005 claudi
2982 4940 3106 4998 lacti
3156 4943 3374 5005 essent!
3398 4960 3626 5013 quomo—

2040 5024 2117 5087 do
2142 5042 2261 5089 cum
2287 5038 2470 5091 essent
2513 5031 2723 5091 remissi
2771 5044 2825 5087 et
2864 5034 3060 5095 soluti?
3112 5034 3213 5090 hoc
3238 5035 3378 5089 enim
3424 5043 3506 5090 est
3533 5037 3628 5091 ini-

2040 5124 2174 5174 tium
2218 5119 2419 5189 lapsus.
2471 5123 2595 5181 Mihi
2636 5122 2846 5185 videtur
2889 5124 3227 5192 subindicarc
3264 5128 3522 5196 quosdam
3573 5129 3625 5183 in

2044 5214 2122 5263 ris
2177 5214 2558 5277 fornicatores,
2626 5216 2766 5271 nolle
2825 5228 2998 5271 tamen
3055 5230 3182 5274 tunc
3225 5237 3319 5275 eos
3363 5238 3623 5291 arguere;

2043 5302 2133 5355 st-d
2167 5303 2315 5374 lingit
2340 5322 2398 5360 se
2429 5308 2697 5376 ignorare,
2745 5318 2802 5365 ut
2843 5309 3449 5381 corrigantur.-0portet
3477 5316 3622 5370 enim

2044 5392 2270 5460 prinum
2318 5396 2535 5465 quidem
2581 5397 2834 5452 simulare
2883 5399 3237 5468 ignorantiam
3268 5422 3280 5456 :
3312 5417 3493 5473 postea
3525 5422 3621 5460 ano

2042 5493 2146 5536 tem
2177 5502 2296 5540 cmn
2327 5488 2813 5556 perseveraverint,
2846 5502 2970 5542 tunc
2994 5490 3153 5544 etiam
3193 5493 3388 5549 inferre
3436 5512 3589 5564 reprv
3609 5528 3621 5538 -

2041 5571 2392 5641 hcnsionem,
2461 5595 2527 5631 ne
2592 5577 2850 5646 pudorem
2917 5590 3138 5632 exuant.
3193 5584 3343 5648 Quod
3412 5587 3619 5658 Moyses

2037 5683 2248 5738 quoque
2278 5666 2402 5721 fecit
2426 5668 2479 5722 in
2508 5668 2721 5723 Zambri
2747 5679 2800 5722 et
2828 5667 3183 5727 Chasbilide'.
3208 5670 3327 5728 Non
3366 5677 3497 5731 enim
3537 5679 3584 5730 in
3607 5711 3619 5720 -

2036 5761 2186 5826 renit,
2240 5760 2427 5828 inquit,
2479 5761 2786 5828 paenitentia;
2832 5760 2992 5813 lorum
3032 5760 3615 5832 (Nrtrn.r.25).Nonin~

3236 5874 3307 5935 14
