3970 6152
378 341 485 398 215

364 436 512 487 vertit
562 436 945 503 pmnitentiam,
971 446 1063 493 aut
1091 442 1231 510 quod
1264 446 1507 514 peccavit
1530 447 1754 519 majora,
1782 467 1941 523 quam

365 536 421 576 ιιι
448 541 632 580 eorum
675 528 755 596 agi
806 530 973 597 possit
1015 533 1362 603 paenitentia;
1411 550 1501 594 aut
1542 543 1682 611 quod
1728 545 1939 616 dignam

366 620 728 686 paenitentiam
776 637 878 674 non
929 621 1131 679 fecerit.
1167 626 1301 683 Sunt
1354 646 1480 699 ergo
1514 646 1724 703 peccata
1763 638 1937 709 aliqua

363 709 584 776 majora,
605 724 761 778 quam
791 720 847 763 ut
868 726 1050 767 eorum
1070 717 1151 785 agi
1179 720 1346 787 possit
1374 725 1710 788 poenitentia.
1730 727 1840 783 lloc
1858 740 1939 784 est

356 814 485 866 ergo
510 799 649 867 qtmd
674 799 802 854 dicit
826 818 840 856 :
865 802 940 855 Ne
968 805 1223 862 cadamus
1254 825 1378 864 casu
1410 811 1689 870 incurabili
1718 837 1730 870 :
1754 802 1936 875 donec

359 888 518 943 fuerit
565 891 734 945 solum
768 894 1106 962 claudicatio,
1142 898 1292 955 facile
1335 913 1416 957 est
1439 915 1638 961 rectum
1674 910 1787 964 tieri
1812 928 1826 977 ;
1853 914 1933 966 sin

354 992 529 1034 autem
558 980 814 1038 fuerimus
836 988 1050 1055 penitus
1076 993 1268 1056 eversi,
1286 996 1412 1062 quid
1441 998 1848 1057 restabit?Cum
1870 1006 1932 1058 iis

355 1072 496 1126 enim
529 1072 619 1142 qui
654 1075 886 1129 nondum
927 1078 1236 1135 ceciderunt
1277 1086 1354 1138 sic
1393 1087 1644 1157 loquitur,
1673 1103 1814 1148 metu
1838 1112 1931 1150 eos

352 1164 701 1231 concutiens,
733 1174 787 1220 et
814 1167 945 1221 dicit
976 1169 1092 1223 ﬂeri
1126 1188 1231 1226 non
1263 1190 1421 1244 posse
1460 1191 1515 1233 ut
1558 1183 1645 1251 qui
1677 1186 1927 1241 ceciderit

350 1269 602 1323 umquam
662 1269 979 1326 assequatur
1017 1265 1478 1325 consolationem:
1518 1271 1588 1328 lis
1617 1284 1793 1332 autem
1841 1282 1927 1348 qui

350 1347 694 1428 ceciderunt,
724 1366 788 1404 nc
834 1352 1070 1409 incidant
1100 1356 1151 1410 in
1183 1357 1630 1434 desperationem,
1659 1347 1927 1426 contraria

345 1438 423 1491 sic
465 1438 592 1493 dicit
622 1458 635 1493 :
666 1440 837 1497 Filioli
864 1446 979 1511 mei,
1000 1464 1128 1517 quos
1152 1450 1331 1506 iterum
1357 1461 1606 1525 purturio,
1635 1465 1793 1519 donec
1816 1471 1927 1537 for»

349 1540 512 1579 metur
533 1529 584 1581 in
612 1531 747 1585 vobis
785 1531 1015 1588 Christus
1043 1537 1185 1606 (Gal.
1207 1541 1260 1595 4.
1289 1544 1407 1615 19);
1438 1558 1490 1601 et
1519 1566 1723 1620 rursus,
1753 1529 1849 1621 Qui
1871 1560 1924 1614 in

348 1617 457 1687 lege
476 1621 854 1690 jnsli/icamini,
883 1643 914 1677 a
937 1630 1102 1697 gratia
1121 1633 1369 1690 cecidistis
1397 1637 1548 1706 (Cal.
1588 1645 1641 1699 5.
1675 1617 1923 1718 4).-Ecce

352 1718 575 1762 testatur
599 1726 693 1765 eos
719 1715 1001 1772 excidisse.
1029 1719 1159 1775 Nam
1189 1725 1279 1793 qui
1303 1735 1408 1781 stat
1436 1733 1671 1801 quidem,
1702 1715 1923 1798 audiens

347 1801 459 1854 fieri
491 1817 592 1854 non
620 1818 776 1873 posse
806 1815 863 1863 ut
888 1810 977 1879 qui
1008 1813 1202 1869 cecidit
1225 1819 1434 1873 veniam
1456 1837 1791 1896 assequatur,
1820 1835 1922 1888 erit

349 1900 744 1970 vehementior,
775 1915 826 1959 et
851 1907 917 1960 ad
939 1909 1186 1965 standum
1220 1913 1423 1971 firmior
1450 1928 1503 1974 et
1530 1922 1770 1979 stabilior
1798 1946 1812 1982 :
1844 1931 1924 1985 sin

344 2004 519 2045 autem
547 1996 595 2047 in
618 2011 738 2049 eum
763 1999 851 2066 qui
877 2000 1132 2057 ceciderit
1160 2005 1345 2060 eadem
1379 2010 1543 2067 utaris
1566 2013 1918 2086 vehementia,

344 2097 631 2152 tnnnqnam
664 2097 940 2158 resurget;
971 2106 1092 2145 nam
1122 2109 1223 2163 qua
1251 2111 1347 2166 spe
1374 2101 1622 2158 ostendet
1671 2109 1923 2163 mutatio-

345 2176 503 2227 ιιι-ιιιῖ
530 2175 644 2229 Non
673 2178 841 2233 solum
875 2190 1051 2236 autem
1080 2184 1232 2265 dicit,
1264 2189 1453 2255 Flevit,
1501 2196 1593 2249 sed
1631 2198 1811 2267 etiam,
1841 2202 1925 2257 ln-

284 2324 291 2327 ἡ
342 2266 576 2331 qnisivit.
612 2268 726 2322 Non
757 2287 884 2341 ergo
907 2276 1126 2343 expellit
1166 2283 1557 2349 pmnitentiam,
1608 2301 1730 2344 cum
1773 2266 1920 2361 dicit,

343 2353 464 2408 λἰἶοη
509 2358 694 2411 inveni!
743 2364 1048 2429 pmnitentia:
1097 2366 1300 2428 locum:
1330 2372 1423 2425 sed
1467 2375 1580 2429 vult
1621 2381 1792 2445 potius
1829 2353 1925 2439 eos

343 2448 571 2511 munire,
605 2450 891 2521 lirmosque
917 2454 1143 2510 reddere
1163 2473 1225 2510 ac
1252 2462 1470 2516 stabiles
1499 2481 1565 2520 ne
1592 2483 1766 2523 ruant.
1792 2474 1922 2542 Qui-

343 2552 573 2607 cumque
600 2554 734 2609 ergo
777 2544 1035 2611 gehennm
1061 2562 1165 2599 non
1190 2550 1439 2618 credam,
1467 2554 1655 2612 horum
1699 2565 1924 2618 remini-

342 2636 608 2682 scantur:
656 2631 977 2702 quicumque
1032 2637 1338 2695 existimant
1388 2657 1604 2712 peccata
1650 2667 1754 2706 non
1803 2670 1923 2711 esse

342 2718 626 2783 partienda,
660 2721 773 2775 inec
799 2726 1054 2793 cogitent.
1080 2729 1185 2783 Cur
1212 2730 1351 2786 Esau
1377 2751 1480 2789 non
1505 2748 1584 2791 est
1605 2756 1920 2815 assequutus

340 2808 594 2862 veniam?
620 2810 880 2876 Quoniam
916 2830 1019 2869 non
1052 2827 1107 2872 ut
1134 2825 1368 2888 oportuit
1395 2828 1503 2896 egit
1532 2808 1917 2899 pmnitentiam.

409 2897 461 2950 5.
501 2897 594 2952 Vis
622 2900 802 2956 videre
832 2914 1071 2960 exactam
1100 2920 1154 2963 et
1185 2911 1484 2971 absolutam
1519 2897 1921 2989 paenitentiam?

337 2986 476 3040 Audi
496 2991 858 3056 paenitentiam
887 2996 1027 3050 Petri
1053 3009 1169 3067 post
1196 2986 1550 3074 negationem.
1570 3013 1699 3069 Nam
1718 3033 1836 3087 qua:
1852 3025 1919 3078 ab

246 3098 259 3111 ι
340 3094 406 3129 eo
428 3089 577 3180 gesta
600 3092 724 3178 sunt
754 3100 974 3141 narrans
1004 3094 1343 3161 evangelista,
1364 3097 1431 3151 Et
1460 3117 1708 3173 egressus,
1728 3109 1916 3180 inquit,

337 3168 478 3232 foras
520 3167 659 3235 flevit
685 3185 874 3224 amare.
902 3172 1193 3244 Propterea
1223 3181 1269 3233 ei
1300 3183 1458 3237 etiam
1486 3167 1923 3252 vremissuntlfuit

338 3255 600 3323 ejusmodi
650 3272 942 3328 peceatum,
976 3270 1223 3335 quoniam
1262 3278 1528 3342 quomodo
1555 3286 1787 3350 Oportuit
1816 3291 1921 3358 egit

338 3349 730 3416 pcenitentiam.
762 3354 917 3425 Atqui
974 3360 1208 3428 nondum
1255 3364 1491 3422 oblatum
1519 3349 1687 3427 fuerat
1715 3349 1919 3432 sacrifi-

334 3439 497 3504 rium,
534 3443 766 3525 nondum
798 3443 933 3501 facta
961 3448 1154 3518 hostia,
1184 3456 1414 3511 nondum
1441 3461 1703 3518 sublatum
1731 3481 1920 3536 pecea-

334 3542 464 3597 tum,
492 3533 666 3590 adhuc
681 3537 1008 3596 dominatum
1033 3544 1304 3603 obtinebat
1328 3560 1381 3605 et
1408 3533 1745 3623 tyrannidem.
1761 3576 1918 3617 excr-

333 3623 507 3677 ccbat.
554 3626 619 3680 Et
663 3639 717 3681 ut
758 3631 895 3685 scias
922 3635 1060 3702 quod
1094 3640 1303 3708 negatio
1330 3658 1432 3697 non
1467 3656 1569 3700 tam
1601 3661 1917 3708 cratsomir-

331 3713 433 3768 diu:
462 3729 525 3769 ac
565 3718 920 3790 negl'gentia‘,
950 3739 1106 3794 quam
1149 3745 1214 3782 ex
1258 3746 1322 3784 eo
1346 3735 1485 3802 quod
1512 3736 1649 3793 Deus
1677 3756 1797 3796 cum
1829 3745 1917 3801 de-

332 3820 592 3873 seruerat,
625 3810 873 3867 erudiens
906 3815 1191 3874 humanam
1213 3823 1351 3878 scire
1381 3842 1705 3898 mensuram,
1734 3843 1916 3891 etnon

330 3916 626 3970 repugnare
648 3904 710 3958 iis
728 3922 845 3975 qua:
866 3908 1184 3968 dicebantur
1206 3930 1235 3968 a
1252 3916 1522 3988 Magistro,
1552 3940 1725 3996 neque
1752 3932 1918 4000 magis

331 4007 490 4060 quam
533 3992 624 4045 alii
671 4009 858 4064 sapere
883 4038 896 4062 ,
933 4001 1025 4053 sed
1068 4004 1204 4059 scire
1240 4010 1381 4076 quod
1423 3992 1761 4082 absque—Deo
1789 3992 1917 4075 nihil

334 4092 508 4148 potest
535 4085 667 4150 lieri,
692 4095 742 4138 et
763 4088 902 4156 quod
932 4089 1045 4144 Nisi
1074 4093 1319 4152 Dominus
1338 4102 1658 4169 a'di/icaverit
1678 4109 1882 4165 domum
1899 4155 1915 4180 ,

333 4175 523 4240 frustra
548 4172 776 4228 laborant
799 4181 883 4248 qui
904 4183 1158 4248 mitiﬁcant
1178 4203 1287 4241 eum
1321 4189 1488 4261 (Ρδαι.
1518 4194 1636 4250 1'26.
1670 4199 1725 4268 1)
1751 4217 1764 4263 ;
1794 4172 1918 4258 audi

334 4264 601 4321 quomodo
633 4281 852 4321 nwnens
884 4274 1182 4330 mmiestum
1211 4295 1345 4347 esse,
1367 4283 1462 4352 ipsi
1493 4288 1589 4340 soli
1613 4264 1745 4345 dixit
1765 4293 1921 4350 Citri-

334 4362 448 4406 stus
475 4371 488 4407 :
518 4353 720 4421 Simon,
752 4358 949 4423 Simon,
982 4369 1179 4434 expetiit
1206 4379 1253 4423 te
1278 4385 1501 4442 satanas,
1528 4391 1580 4433 ut
1607 4392 1654 4435 te
1681 4385 1920 4443 cribrarel

333 4444 461 4497 sicut
491 4444 746 4511 triticum;
773 4459 820 4502 et
844 4466 932 4521 ego
960 4471 1050 4521 pro
1077 4465 1123 4509 te
1146 4463 1339 4528 rogavi,
1366 4475 1417 4516 ut
1440 4447 1543 4522 non
1564 4473 1765 4541 tle/icio!
1791 4479 1920 4544 ﬁdes

230 4542 251 4553 ‘
333 4536 460 4605 tua(
491 4533 617 4589 Luc.
648 4535 739 4591 22.
762 4538 849 4594 51.
884 4541 952 4595 5‘2
982 4544 1021 4613 ).
1052 4543 1182 4599 Nam
1214 4553 1460 4618 quoniam
1492 4572 1599 4612 erat
1627 4533 1920 4625 'vvrisi'mihg

339 4657 458 4693 enm
478 4637 577 4691 sibi
603 4636 814 4704 placere
834 4645 886 4691 ct
910 4634 1047 4687 elato
1066 4648 1182 4687 esse
1197 4634 1394 4700 animo,
1410 4636 1496 4702 qui
1516 4637 1616 4687 sibi
1639 4645 1779 4689 esset
1795 4651 1920 4689 con-

336 4731 479 4783 scius
504 4727 641 4797 quod
670 4726 790 4797 plus
816 4739 972 4795 quam
998 4737 1185 4777 omnes
1208 4723 1475 4777 Christum
1502 4724 1763 4793 diligeret,
1795 4725 1912 4778 ideo

337 4836 560 4890 peccare
604 4830 657 4873 et
705 4819 1006 4887 Magistrum
1050 4815 1312 4885 abnegare
1357 4813 1548 4868 sinitur
1584 4832 1597 4869 :
1634 4826 1917 4883 propterea

333 4914 493 4966 etiam
516 4909 660 4965 ﬂevit
682 4923 884 4969 amare,
902 4906 1072 4961 etalia
1100 4920 1217 4975 qua:
1236 4904 1415 4959 ﬂetum
1444 4915 1563 4958 sunt
1582 4917 1914 4975 consequuta

332 5004 456 5057 fecit
480 5002 688 5056 similia.
729 5000 864 5065 Quid
894 4999 1035 5052 enim
1067 5013 1170 5052 non
1204 4997 1364 5077 fecit?
1389 5011 1447 5051 se
1476 5006 1654 5066 postea
1684 4997 1917 5061 coniecit

333 5098 383 5150 in
416 5095 645 5165 pericula
669 5094 963 5155 innumera,
996 5101 1047 5144 et
1069 5106 1163 5161 per
1190 5090 1366 5144 omnia
1391 5089 1621 5144 ostendit
1661 5105 1910 5160 magnam

328 5189 492 5240 animi
524 5185 604 5241 sui
627 5188 871 5241 virtutem
901 5194 952 5239 et
985 5184 1354 5238 constantiam.
1381 5182 1749 5239 Paenitentiam
1773 5199 1910 5253 quo-

288 5312 301 5327 .
332 5277 553 5346 :gueegit
573 5275 758 5342 Judas,
777 5277 909 5330 sicut
935 5276 1065 5341 dixi,
1093 5274 1186 5329 sed
1218 5275 1356 5333 male
1386 5291 1399 5325 :
1428 5289 1486 5329 se
1509 5275 1703 5345 quippe
1730 5287 1908 5328 stran-

326 5369 924 5440 gulavitfmnitentiam
944 5382 1155 5439 quoque
1173 5368 1299 5437 egit,
1315 5367 1451 5421 sicut
1464 5367 1592 5435 dixi,
1610 5368 1779 5434 Esau;
1801 5369 1909 5423 imo

395 5516 409 5545 ¹
436 5514 687 5576 lnterprcs
708 5513 907 5564 Latinus
928 5519 1096 5576 noster
1116 5514 1165 5562 in
1177 5513 1376 5576 zambri
1397 5521 1441 5564 et
1465 5517 1793 5570 Madianitidc.
1815 5522 1914 5571 Sed

328 5573 730 5641 llntiaans’circa
758 5576 951 5641 Zantbri
967 5583 1017 5641 _e_t
1041 5573 1385 5641 ('ltasbitidam.
1414 5578 1519 5635 Quo
1541 5582 1768 5641 probatur
1789 5583 1916 5632 hanc

335 5650 354 5681 ι
368 5650 495 5703 eram
522 5651 635 5721 esse
661 5637 944 5721 lectionem.
967 5637 1083 5703 limo
1106 5636 1521 5721 t'ocabatuaf‘qzbi
1542 5636 1649 5721 'ﬁl‘ia
1669 5644 1915 5721 suun-ii}.

326 5697 450 5757 cipis
469 5696 743 5746 acutissimi
769 5698 1158 5758 Murtianitarum,
1181 5700 1337 5761 inquit
1352 5696 1572 5763 Vulgata,
1587 5696 1812 5767 Numa-‘3,
1836 5708 1910 5757 15.

1098 338 1156 393 s.
1195 334 1471 393 JOANNIS
1505 306 1972 392 cunszsront
2010 328 2323 388 ARCHIEP.
2365 326 2886 393 CONSTANTINOP.

3498 338 3639 401 ,ξπ

2050 474 2177 511 vero
2200 471 2296 511 nec
2321 458 2425 525 egit
2447 456 2657 524 quidem
2674 455 3060 524 ptenitentiam,
3075 454 3191 523 ejus
3212 453 3354 509 enim
3380 454 3623 528 lacrynae

2050 563 2154 604 non
2176 555 2327 602 erant
2352 545 2802 616 pmnitentim,sed
2824 543 2998 613 potius
3020 543 3378 599 insultationis
3404 553 3460 600 et
3487 546 3575 601 ira:
3600 564 3615 600 :

2047 637 2207 706 idque
2243 635 2530 690 ostendunt
2552 649 2614 689 ea
2640 648 2759 703 quae
2785 646 3095 704 sequuntur.
3123 632 3492 689 Pmnitentiam
3517 635 3619 705 egit

2045 728 2230 784 beatus
2262 727 2423 782 David
2445 769 2459 793 ,
2492 727 2570 780 sic
2595 725 2779 780 dicens
2809 742 2821 778 :
2849 724 3049 778 Lavabo
3080 742 3169 795 per
3198 724 3427 795 singulas
3455 736 3619 780 noctes

2045 821 2226 873 lectum
2246 834 2430 883 meum,
2450 815 2685 886 lacrymis
2705 815 2827 869 meis
2846 823 3059 869 stratum
3077 831 3241 868 mcum
3256 815 3431 885 rigabo
3451 815 3615 885 (Psal.

2044 910 2099 966 6.
2142 910 2174 963 7
2201 911 2218 979 )
2245 928 2256 962 :
2281 919 2333 962 et
2362 907 2503 977 quod
2532 907 2817 976 aliquando
2846 904 3138 959 admiserat
3164 915 3472 975 peccatum,
3504 917 3619 975 post

2042 1010 2120 1053 tot
2139 1012 2326 1063 annos,
2345 1006 2462 1066 post
2480 1007 2551 1051 to:
2572 996 2961 1066 generationes,
2987 1003 3254 1064 tamquam
3272 995 3411 1066 quod
3434 1011 3619 1052 recens

2042 1090 2336 1145 accedisset
2359 1087 2607 1143 deﬂebat.
2646 1087 2781 1142 Eum
2806 1089 2948 1142 enim
2992 1086 3082 1155 qui
3116 1086 3223 1156 agit
3251 1087 3616 1156 pmnitentiam

2042 1197 2145 1234 non
2175 1188 2384 1249 oportet
2412 1179 2566 1233 irasci
2596 1192 2766 1247 neque
2794 1176 3001 1232 efferari
3028 1219 3042 1240 ,
3074 1177 3165 1231 sed
3199 1187 3464 1247 tamquam
3490 1193 3620 1234 con-

2039 1272 2342 1325 demnatum
2374 1270 2605 1334 conteri,
2629 1277 2688 1322 ut
2710 1269 2798 1338 qui
2827 1285 2931 1323 non
2952 1269 3146 1323 habeat
3170 1268 3412 1323 fiduciam
3434 1312 3449 1336 ,
3478 1279 3538 1325 ut
3565 1271 3616 1324 in

2039 1376 2197 1429 quem
2222 1360 2322 1414 lata
2344 1361 2411 1412 sit
2429 1359 2712 1421 sententia,
2729 1360 2886 1427 utqui
2906 1358 3092 1414 debeat
3115 1374 3142 1413 a
3158 1359 3272 1414 sola
3290 1360 3469 1415 salvus
3497 1375 3620 1416 esse

2038 1451 2420 1516 misericordia,
2447 1451 2535 1520 qui
2584 1450 2636 1503 in
2672 1448 3068 1504 benefactorem
3096 1451 3398 1519 apparuerit
3427 1452 3618 1508 imme-

2036 1557 2155 1598 mor
2169 1553 2222 1598 et
2238 1542 2490 1612 ingratus,
2508 1549 2775 1610 tamquam
2790 1539 3073 1608 reprobum
3099 1548 3153 1594 et
3175 1539 3392 1609 dignum
3411 1542 3619 1611 suppli-

2036 1636 2134 1690 ciis
2160 1633 2649 1689 innumerabilibus.
2668 1631 2722 1686 Si
2741 1632 2853 1686 hare
2878 1632 3093 1701 cogitet,
3111 1646 3216 1686 non
3244 1632 3501 1687 irascetur
3528 1648 3620 1688 ne-

2037 1740 2137 1795 que
2165 1723 2539 1794 indignabitur,
2555 1723 2647 1777 sed
2677 1723 2899 1792 lugebit,
2917 1720 3084 1787 ﬂebit,
3102 1722 3435 1792 ingemiscat,
3450 1723 3624 1793 cjula.

2036 1818 2112 1870 bit
2140 1825 2292 1870 nocte
2318 1824 2371 1868 et
2391 1814 2495 1867 die.
2520 1814 2655 1867 Eum
2687 1814 2774 1883 qui
2806 1813 2914 1883 agit
2936 1814 3299 1882 paenitentiam
3325 1829 3618 1885 numquam

2033 1915 2239 1976 Oportet
2269 1919 2420 1958 suum
2472 1903 2709 1957 oblivisci
2750 1911 3047 1973 peccatum,
3079 1903 3172 1957 sed
3205 1903 3367 1959 Deum
3399 1904 3618 1974 quidem

2031 2015 2219 2070 rogare
2239 2008 2295 2051 ut
2325 2013 2389 2051 ne
2414 1997 2528 2067 ejus
2554 1994 3019 2060 meminerit,dum
3044 1994 3159 2064 ipse
3186 2010 3396 2066 semper
3416 1997 3621 2052 memi-

2032 2092 2110 2146 nit
2137 2106 2150 2141 :
2178 2090 2223 2143 si
2253 2104 2349 2143 nos
2375 2088 2489 2157 ejus
2515 2084 2930 2148 meminerimus,
2947 2085 3086 2140 Deus
3109 2084 3223 2154 ejus
3243 2085 3619 2142 obliviscetur.

2033 2183 2108 2238 De
2125 2182 2279 2235 nobis
2301 2181 2427 2250 ipsis
2449 2194 2630 2248 pinnas
2646 2191 2936 2241 sumamus,
2960 2192 3056 2230 nos
3087 2177 3229 2245 ipsos
3253 2192 3572 2232 accusemus
3596 2194 3617 2232 :

2031 2275 2101 2328 ita
2119 2274 2355 2327 Judiccm
2390 2272 2731 2334 placabimus.
2753 2269 3032 2322 Peccatum
3059 2268 3200 2321 enim
3222 2268 3361 2337 quod
3383 2267 3613 2324 confes-

2034 2369 2126 2407 sus
2162 2356 2343 2413 fueris.
2379 2361 2434 2409 lit
2472 2359 2678 2419 minus;
2711 2358 2851 2427 quod
2880 2361 3158 2417 confessus
3182 2376 3286 2415 non
3313 2362 3477 2418 fueris
3507 2404 3526 2428 ,
3560 2364 3622 2419 fit

2035 2445 2283 2498 deterius.
2333 2444 2459 2499 Nam
2490 2447 2532 2500 si
2565 2458 2836 2517 peccatum
2867 2449 2964 2504 sibi
2996 2449 3296 2519 adjunxerit
3324 2453 3622 2521 impuden-

2037 2534 2160 2587 tiam
2187 2535 2522 2605 animumque
2548 2538 2830 2607 ingratum,
2853 2554 3137 2609 numquam
3159 2542 3416 2597 consistet
3438 2559 3452 2595 :
3474 2560 3611 2614 quo-

2036 2624 2194 2679 modo
2225 2625 2339 2678 talis
2360 2627 2574 2680 omnino
2601 2628 2790 2697 poterit
2819 2642 3004 2683 cavere
3035 2643 3100 2683 ne
3130 2629 3182 2683 in
3207 2631 3394 2685 eadem
3420 2648 3631 2687 rursus

2032 2713 2228 2768 incidat
2257 2715 2343 2783 qui
2376 2715 2521 2783 prius
2550 2717 2773 2771 nescivit
2799 2733 2858 2772 se
2888 2719 3142 2788 peccare?

2098 2804 2298 2860 Bonum
2338 2815 2411 2861 est
2452 2816 2652 2877 peccata
2693 2824 2787 2862 sua
2827 2825 3095 2879 agnoscere
3135 2819 3181 2865 et
3217 2811 3273 2865 in
3312 2814 3632 2868 memoriam

2028 2913 2277 2952 revocare.
2294 2929 2363 2938 —
2382 2897 2459 2953 Ne
2487 2900 2644 2969 igitur
2672 2914 2923 2969 negemus
2944 2910 3164 2969 peccata
3191 2912 3367 2958 nostra
3386 2944 3400 2969 ,
3431 2920 3584 2975 rugo
3611 2949 3630 2969 ,

2029 3002 2201 3056 neque
2230 2987 2394 3042 simus
2421 2988 2774 3057 impudentes,
2800 3005 2865 3044 ne
2895 2990 2975 3045 vel
3007 2990 3152 3044 inviti
3180 2991 3365 3046 demus
3393 3008 3633 3061 pinnas.

2027 3075 2384 3130 AudivitCain
2407 3092 2434 3129 ο
2463 3077 2573 3132 Deo
2601 3096 2615 3132 :
2645 3077 2741 3132 Ubi
2765 3088 2838 3132 est
2864 3079 2985 3133 Abel
3007 3083 3166 3150 frater
3189 3084 3416 3139 tuus?et
3438 3083 3594 3141 dicit
3618 3105 3631 3141 :

2029 3166 2213 3221 Nescia
2231 3183 2250 3221 :
2267 3169 2507 3238 numquid
2530 3184 2621 3238 ego
2640 3184 2752 3222 sum
2775 3180 2940 3224 custos
2961 3170 3135 3240 fratris
3154 3173 3250 3226 mei
3270 3171 3423 3240 (Gen.
3450 3177 3512 3231 ι.
3536 3175 3632 3247 9)?

2026 3256 2186 3312 Vides
2228 3258 2494 3328 quomodo
2537 3258 2639 3313 hoc
2676 3259 2887 3330 gravius
2927 3271 3200 3330 peccatum
3238 3262 3468 3319 fecerit?
3509 3267 3633 3323 Sed

2026 3363 2131 3401 non
2160 3347 2238 3401 sic
2261 3348 2377 3416 ejus
2405 3357 2557 3418 pater
2575 3389 2590 3415 ,
2619 3349 2708 3416 qui
2738 3365 2858 3404 cum
2885 3350 3138 3405 audiisset
3161 3393 3175 3415 ,
3206 3350 3370 3406 Adam
3399 3356 3493 3409 ubi
3524 3373 3582 3411 es
3604 3358 3632 3410 .’

2024 3436 2215 3507 inquit,
2234 3437 2415 3490 Audivi
2431 3454 2596 3492 vocem
2618 3447 2775 3505 luant,
2795 3449 2840 3492 et
2861 3441 3002 3493 timui
3022 3441 3255 3509 quoniam
3277 3459 3389 3497 sum
3409 3447 3631 3512 nudus,

2023 3537 2069 3579 et
2113 3543 2192 3581 me
2240 3527 2478 3580 abscondi
2522 3526 2691 3597 (Gen.
2721 3529 2771 3582 5.
2810 3528 2861 3584 9.
2906 3527 3034 3599 10).
3080 3529 3320 3600 Magnum
3367 3541 3456 3587 cst
3519 3535 3632 3590 bo-

2024 3632 2148 3669 num
2193 3616 2404 3670 assidue
2449 3617 2758 3671 meminisse
2814 3626 3194 3686 peccatorum:
3226 3619 3423 3675 delicto
3477 3624 3634 3679 nihil

2022 3705 2092 3761 ita
2125 3705 2364 3760 medetur
2414 3714 2470 3759 ut
2517 3705 2727 3760 assidua
2772 3706 3115 3761 recordatio:
3159 3708 3287 3763 nihil
3330 3709 3631 3768 hominem

2022 3795 2154 3851 adeo
2198 3796 2375 3851 reddit
2413 3796 2618 3851 tardum
2657 3795 2723 3850 ad
2760 3797 2970 3851 vitium.
3028 3797 3152 3853 Scio
3200 3799 3342 3869 quod
3396 3804 3639 3860 resiliat

2021 3888 2441 3952 conscientia,et
2491 3904 2595 3941 non
2623 3888 2852 3957 patiatur
2899 3903 2957 3943 se
3009 3887 3261 3959 ﬂagellari
3312 3905 3341 3944 a
3396 3908 3638 3950 memo-

2021 3979 2098 4032 ria
2130 3978 2421 4043 malorum;
2453 3977 2546 4032 sed
2577 3977 2786 4032 fortiter
2813 3979 3013 4048 stringe
3037 3980 3290 4041 animam,
3313 3988 3367 4035 et
3386 3996 3638 4039 camum

2020 4070 2069 4124 ei
2097 4070 2308 4138 impone
2339 4085 2351 4121 :
2381 4070 2518 4122 sicut
2543 4069 2684 4122 enim
2724 4083 2889 4139 equus
2911 4069 3217 4135 eﬂ‘renatus,
3251 4072 3319 4125 ita
3350 4073 3641 4131 intolera-

2021 4161 2140 4215 bilis
2165 4169 2263 4225 est,
2285 4174 2383 4214 nec
2398 4159 2511 4213 vult
2526 4158 2625 4213 sibi
2645 4160 2965 4228 persuadere
2987 4160 3124 4230 quod
3145 4164 3474 4230 peccaverit.
3502 4166 3644 4224 Hoc

2023 4259 2188 4304 totum
2210 4251 2364 4319 plane
2386 4259 2468 4304 est
2496 4249 2810 4304 satanicum.
2837 4250 2942 4305 Sed
2980 4266 3075 4306 nos
3105 4253 3153 4306 ei
3186 4254 3643 4322 persuadeamus

2020 4341 2160 4411 quod
2194 4342 2510 4410 peccaverit,
2544 4346 2599 4393 ut
2625 4347 2679 4394 et
2706 4348 2824 4408 agat
2846 4341 3230 4409 paenitentiam,
3259 4352 3311 4397 et
3328 4359 3455 4398 eum
3497 4363 3644 4417 pcn—

2021 4432 2294 4487 nitentiam
2319 4431 2507 4500 egerit,
2543 4430 2797 4485 liberetur
2827 4445 2852 4484 a
2877 4432 3165 4500 suppliciis.
3195 4433 3487 4501 Quomodo
3516 4441 3644 4507 vis,

2019 4523 2105 4577 die
2125 4536 2320 4592 qumso,
2353 4521 2417 4575 de
2446 4520 2675 4589 peccatis
2702 4522 2910 4590 assequi
2939 4522 3166 4586 veniam,
3191 4525 3235 4576 si
3265 4539 3325 4578 ea
3361 4529 3646 4586 nondum

2019 4615 2094 4668 sis
2130 4611 2439 4667 confessus?
2465 4610 2554 4664 ille
2592 4610 2680 4679 qui
2729 4609 2965 4679 peccavit
2992 4611 3145 4680 plane
3184 4623 3267 4667 est
3297 4613 3651 4674 misericor-

2019 4704 2104 4760 dia
2125 4704 2313 4774 dignus
2337 4710 2390 4757 et
2417 4700 2731 4756 clementia:
2758 4709 2810 4753 tu
2841 4708 3017 4755 autem
3038 4716 3160 4756 cum
3178 4702 3409 4757 nondum
3431 4705 3501 4759 id
3531 4710 3646 4764 tibi

2019 4796 2370 4868 persuaseris,
2393 4793 2660 4864 quomodo
2685 4808 2892 4861 aequum
2921 4807 3111 4848 censes
3142 4804 3199 4847 ut
3247 4801 3650 4867 consequaris

2022 4886 2459 4951 miscricordiam,
2480 4885 2529 4937 in
2553 4893 2728 4952 peccat
2739 4883 2781 4936 is
2801 4882 2934 4936 adeo
2956 4883 3024 4936 im
3031 4883 3289 4952 pudenter
3306 4896 3358 4939 te
3372 4899 3609 4955 gerens
3623 4891 3647 4944 Ξ

2021 4979 2441 5036 Persuadeanms
2468 4975 2619 5029 nobis
2646 4975 2773 5043 ipsis
2798 4972 2937 5042 quod
2965 4974 3298 5043 peccavimus
3323 4993 3336 5029 :
3362 4991 3479 5030 non
3516 4979 3647 5035 lin-

2025 5084 2119 5137 gua
2147 5074 2316 5121 solum
2345 5066 2612 5129 dicamus,
2637 5065 2729 5119 sed
2756 5068 2916 5119 etiam
2944 5072 3123 5120 mente
3146 5078 3210 5119 ac
3232 5062 3595 5133 cogitatione
3627 5084 3649 5121 :

2018 5176 2085 5214 ne
2111 5174 2205 5214 nos
2232 5160 2467 5213 dicamus
2495 5167 2695 5212 tantum
2723 5168 3051 5227 peccatores,
3074 5156 3168 5211 sed
3193 5156 3352 5210 etiam
3382 5169 3651 5223 peccata

2018 5262 2388 5303 recenseamus
2409 5288 2425 5313 ,
2452 5247 2723 5317 speciatim
2756 5244 3170 5316 unumquodque
3194 5256 3646 5302 enumerantes.

2016 5341 2126 5394 Non
2162 5339 2253 5393 tibi
2303 5339 2423 5392 dico
2454 5347 2509 5392 ut
2544 5353 2602 5392 ea
2638 5348 2907 5405 tamquam
2937 5349 3181 5406 pompam
3231 5334 3284 5388 in
3327 5332 3652 5403 publiCum

2016 5430 2270 5499 proferas,
2295 5444 2465 5498 neque
2483 5437 2539 5481 ut
2559 5428 2693 5497 apud
2715 5427 2846 5481 alios
2869 5434 2919 5481 te
2940 5440 3175 5489 accuses,
3202 5423 3295 5480 sed
3322 5432 3376 5478 ut
3400 5437 3654 5491 parcas

2008 5518 2285 5589 Propheta:
2306 5519 2531 5573 dicenti:
2558 5516 2738 5570 Revela
2758 5517 2973 5570 Domino
2996 5517 3128 5569 viam
3145 5524 3283 5569 tuam
3304 5512 3491 5584 (Psal.
3525 5517 3649 5574 56.

2009 5609 2091 5679 5).
2119 5608 2270 5678 Apud
2300 5609 2461 5662 Deum
2493 5622 2555 5662 ea
2580 5606 2860 5671 conﬁtere,
2887 5605 3024 5673 apud
3065 5603 3305 5660 Judicem
3330 5601 3652 5665 confitere

2010 5708 2223 5770 peccata
2246 5708 2351 5769 tua,
2374 5713 2554 5766 orans,
2581 5699 2625 5752 si
2652 5713 2754 5752 non
2781 5695 2975 5766 lingua,
2998 5696 3184 5750 saltem
3216 5693 3489 5750 memoria
3516 5712 3539 5762 ;
3577 5712 3651 5755 eg
