3970 6152
401 322 508 382 ω

413 459 484 514 tu
515 465 638 521 roga
668 455 722 500 ut
751 443 825 498 tui
857 438 1185 494 misereatur.
1209 430 1266 484 Si
1295 435 1507 521 peccata
1537 432 1625 521 tua
1649 417 1862 474 assidue
1883 417 1982 470 ha-

413 513 540 604 beas
565 513 616 596 in
647 532 921 595 memoria,
940 536 1225 594 numquam
1249 517 1426 573 oderis
1441 513 1760 586 proximum,
1782 521 1883 563 nec
1898 519 1986 561 ao-

412 647 578 706 ceptzc
603 625 811 698 injuriae
837 617 1164 676 memineris.
1187 611 1301 668 Non
1325 609 1446 706 dico
1463 647 1480 673 ,
1508 605 1553 662 si
1586 603 1677 658 tibi
1709 612 1987 706 persuase-

512 739 566 782 te
592 693 715 779 esse
743 721 1072 788 peccatorem
1101 725 1116 762 :
1141 721 1248 762 non
1276 705 1347 757 ita
1374 701 1477 754 hoc
1515 703 1689 766 potest
1733 693 1984 748 humilem

415 784 638 878 reddere
658 784 912 872 animam,
926 806 1062 858 sicut
1075 815 1137 855 ea
1159 812 1276 868 qua:
1289 809 1382 865 per
1401 807 1459 848 se
1482 799 1535 846 et
1553 787 1692 859 apud
1714 803 1772 842 se
1791 784 1990 878 specia-

417 877 507 968 tim
551 907 930 964 examinantur
980 902 1214 965 peccata.
1241 889 1356 943 Non
1387 885 1510 939 odio
1541 880 1758 936 habebis
1783 894 1882 934 nec
1908 877 1990 934 ina

411 1003 561 1073 jurim
611 1001 843 1063 acceptae
884 983 1187 1042 memineris
1211 1019 1229 1047 ,
1268 979 1385 1034 haec
1422 970 1906 1073 perpetuo-habens
1935 969 1987 1024 in

416 1061 691 1151 memoria,
723 1061 827 1139 non
858 1075 1122 1139 irasceris,
1151 1086 1255 1127 non
1284 1077 1504 1138 appetes
1532 1061 1827 1122 maledictis
1845 1099 1860 1124 ,
1882 1073 1989 1112 non

414 1185 519 1240 eris
539 1149 802 1246 superbus
819 1181 872 1225 et
897 1169 1089 1230 elatus,
1115 1177 1218 1216 non
1248 1161 1300 1213 in
1337 1156 1523 1215 eadem
1551 1168 1734 1212 rursus
1763 1149 1986 1215 incides,

416 1278 479 1331 ad
512 1274 651 1327 bona
683 1263 919 1322 iacienda
948 1257 1054 1314 eris
1077 1251 1460 1309 vehementior.

488 1367 544 1420 ι.
574 1360 732 1414 Vides
751 1368 908 1424 quam
955 1348 1116 1403 multa
1168 1346 1304 1398 bona
1348 1340 1592 1395 oriuntur
1621 1351 1686 1392 es
1733 1333 1991 1388 memoria

420 1447 802 1528 peccatorum?
833 1445 950 1498 Παῖς
997 1453 1126 1507 ergo
1153 1433 1352 1490 nostris
1390 1429 1581 1484 animis
1616 1425 1988 1486 inscribamus.

419 1513 550 1602 {Scio
571 1539 710 1613 quod
732 1531 1040 1590 memoriam
1057 1536 1164 1581 tam
1185 1523 1430 1578 acerbam
1453 1533 1556 1572 non
1791 1513 1988 1576 anima;

417 1635 513 1693 sed
540 1603 657 1688 eam
688 1639 959 1696 cogamus,
997 1626 1053 1672 et
1077 1617 1184 1670 vim
1209 1614 1258 1668 ei
1283 1610 1588 1665 aderamus.
1619 1603 1804 1660 Melius
1824 1612 1906 1660 εει
1934 1609 1994 1660 ut

418 1739 562 1782 nunc
590 1693 926 1789 peccatorum
944 1709 1247 1764 mordeatur
1267 1701 1542 1763 memoria,
1578 1711 1733 1765 quam
1758 1693 1992 1748 cruciatu

417 1815 508 1889 qui
539 1784 748 1868 futurus
768 1817 850 1862 est
875 1805 967 1858 illo
997 1811 1259 1867 tempore.
1293 1792 1462 1856 Nunc,
1503 1789 1547 1843 si
1573 1803 1757 1889 eorum
1803 1784 1994 1840 menti-

420 1878 585 1972 ueris,
617 1913 672 1959 et
699 1916 762 1956 ea
792 1895 1005 1953 assidue
1035 1893 1146 1946 Deo
1175 1886 1372 1942 oﬂ'eras
1391 1925 1408 1948 ,
1436 1890 1490 1938 et
1536 1894 1630 1948 pro
1675 1878 1754 1934 eis
1800 1890 1992 1945 roges,

419 2003 524 2057 cito
549 1968 611 2053 ea
657 1991 862 2048 delebis
890 2006 904 2042 :
937 1987 1018 2040 sin
1047 1992 1225 2036 autem
1255 1990 1396 2031 nunc
1439 1987 1629 2029 eorum
1658 1969 1733 2028 sis
1757 1968 1952 2024 oblitus
1975 2005 1994 2033 ,

423 2056 547 2146 tunc
574 2086 661 2140 vel
690 2083 883 2138 invitus
909 2070 1299 2133 recordaberis,
1325 2082 1445 2122 cum
1473 2065 1525 2118 in
1554 2061 1786 2118 medium
1815 2056 1993 2130 prole—

420 2191 628 2244 rentur,
659 2184 713 2230 et
741 2184 1007 2240 tamquam
1054 2166 1104 2218 in
1154 2173 1401 2231 pompam
1435 2155 1794 2225 producentur
1815 2163 1994 2244 coram

424 2238 689 2328 omnibus,
706 2274 759 2318 et
774 2238 960 2314 amicis
977 2264 1030 2311 et
1047 2251 1274 2307 inimicis
1292 2257 1345 2302 et
1362 2245 1588 2315 angelis.
1602 2241 1716 2296 Non
1733 2240 1878 2297 enim
1895 2238 1995 2294 soli

423 2362 634 2421 dicebat
658 2353 870 2418 Davidi,
904 2349 1028 2416 Qua
1051 2357 1103 2400 tu
1130 2343 1289 2415 fecisti
1315 2342 1369 2394 in
1393 2339 1588 2394 occulto
1609 2377 1625 2403 ,
1651 2351 1743 2406 ego
1765 2332 1994 2388 omm'bus

419 2459 606 2529 faciam
624 2455 891 2524 manifesta
914 2451 990 2520 (2.
1004 2444 1340 2517 ﬂngQJ‘Z),
1361 2441 1454 2497 sed
1471 2442 1629 2494 etiam
1649 2438 1800 2490 nobis
1815 2431 1988 2529 ulnai-

416 2525 533 2604 bus.
551 2547 830 2607 lloniines,
861 2541 1051 2609 inquit,
1082 2537 1323 2601 timuisti,
1347 2543 1400 2588 et
1423 2546 1516 2587 eos
1545 2531 1712 2597 magis
1733 2525 1996 2582 reveritus

417 2656 474 2695 es
497 2655 656 2710 quam
707 2637 874 2690 Deum
899 2651 914 2697 ς
944 2641 997 2686 et
1028 2632 1137 2685 Deo
1163 2629 1376 2683 vidente
1403 2639 1508 2679 non
1537 2621 1756 2686 curasn,
1788 2618 1880 2672 sed
1910 2617 1994 2670 vi-

419 2732 667 2788 dentibus-
709 2725 1014 2783 hominibus
1044 2722 1244 2794 pudore
1273 2734 1332 2773 es
1357 2716 1579 2770 allectus
1610 2730 1626 2768 :
1657 2712 1806 2766 Oculi
1824 2710 1991 2772 enim,

421 2824 611 2893 inquit,
632 2821 912 2882 hominum,
927 2827 998 2870 est
1025 2830 1196 2868 eorum
1219 2813 1386 2863 timor.
1402 2809 1686 2874 Propterea
1709 2816 1886 2856 coram
1910 2797 1996 2852 bis

420 2889 548 2986 ipsis
569 2913 724 2968 dabis
745 2925 956 2980 poenas;
982 2918 1032 2961 te
1052 2921 1189 2960 enim
1220 2915 1458 2970 arguam,
1475 2909 1560 2951 tua
1588 2903 1800 2964 peccata
1826 2889 1993 2943 oculis

421 2980 659 3060 omnium
690 2988 998 3070 subjiciens.
1030 2996 1159 3051 Nam
1182 2993 1320 3056 quod
1367 2991 1468 3044 hoc
1502 2988 1570 3042 sit
1596 2999 1800 3044 verum,
1827 2990 1881 3034 et
1909 2980 1995 3033 ille

422 3096 509 3152 die
535 3094 773 3147 omnium
803 3099 1038 3144 nostrum
1088 3093 1302 3155 peccata
1351 3091 1618 3147 tamquam
1655 3077 1704 3127 in
1749 3083 1998 3143 pompam

424 3186 822 3256 producentur,
857 3179 955 3235 nisi
992 3191 1133 3232 nunc
1158 3190 1218 3229 ea
1247 3170 1454 3226 assidua
1483 3165 1850 3222 recordatione
1901 3160 1997 3215 des

427 3252 653 3340 leamns,
677 3268 802 3327 andi
821 3269 1088 3341 quomodo
1118 3268 1169 3320 in
1197 3278 1442 3334 pompam
1476 3257 1783 3330 producitur
1811 3252 2001 3309 crude-

429 3369 546 3423 litas
567 3377 620 3421 et
647 3362 1009 3419 inhumanitas
1033 3374 1220 3414 eorum
1248 3356 1336 3426 qui
1370 3354 1454 3407 hic
1483 3368 1586 3405 non
1612 3347 1814 3402 miserti
1838 3353 1961 3399 sunt
1985 3358 2000 3396 :

433 3461 652 3525 Esurivi,
687 3458 877 3528 inquit,
903 3467 950 3510 et
978 3471 1079 3508 non
1122 3451 1329 3504 dedistis
1366 3448 1487 3501 milii
1530 3443 1665 3514 quod
1691 3438 2000 3495 comederem

433 3553 640 3624 (Matth.
661 3550 751 3604 25.
777 3549 870 3616 42)
913 3546 1260 3613 Quandonam
1289 3543 1402 3594 lucc
1426 3536 1719 3592 dicuntur?
1745 3531 2000 3624 numquid

433 3620 480 3697 in
511 3642 754 3712 angulo?
802 3635 1054 3706 numquid
1102 3637 1154 3688 in
1203 3631 1452 3687 occulto?
1491 3628 1874 3698 Nequaquam;
1906 3620 2002 3677 sed

431 3731 678 3802 quando?
706 3727 928 3794 Quando
948 3724 1152 3779 venerit
1173 3721 1339 3776 Filius
1363 3719 1590 3774 hominis
1613 3719 1662 3769 in
1687 3715 1853 3786 gloria
1881 3725 1999 3778 sus,

433 3832 484 3878 et
506 3819 908 3891 eongregaverit
952 3829 1139 3869 omnes
1182 3822 1388 3882 gentes,
1419 3809 1628 3880 quando
1663 3806 1760 3860 hos
1799 3814 1852 3860 et
1882 3805 2003 3858 illos

434 3915 779 3984 separat-erit,
811 3919 933 3964 lllllc
954 3909 1200 3962 omnibus
1217 3902 1553 3958 audientibus
1577 3900 1738 3961 dicet,
1768 3910 2005 3953 statuens

435 4022 462 4059 a
498 4004 700 4059 dextris
749 4011 803 4054 et
828 4001 1058 4054 siniStris
1091 4015 1106 4052 :
1142 3994 1364 4059 Esnrivi,
1389 4003 1436 4047 et
1485 4009 1585 4046 non
1630 3991 1837 4044 dedistis
1882 3988 2006 4041 mihi

433 4098 710 4152 comedere.
747 4092 876 4145 Vide
903 4102 1088 4143 rursus
1120 4087 1234 4140 illas
1279 4084 1512 4156 quinque
1557 4081 1783 4151 virgines
1826 4093 2005 4132 coram

434 4188 678 4244 omnibus
717 4184 994 4239 audientes
1039 4197 1054 4231 :
1098 4178 1283 4232 Nescio
1321 4192 1426 4230 vos.
1479 4173 1722 4242 Quinque
1771 4171 1911 4225 enim
1955 4179 2008 4224 et

435 4284 669 4350 quinque
715 4292 819 4330 non
868 4273 1166 4342 signiﬁcant
1211 4277 1415 4321 tantum
1471 4279 1744 4319 numerum
1798 4261 2005 4319 illarum

435 4373 690 4441 quinque,
724 4368 815 4420 sed
846 4379 1031 4417 omnes
1060 4360 1223 4414 malas
1251 4369 1302 4412 ct
1328 4357 1570 4410 crudeles
1599 4365 1652 4407 et
1693 4351 2008 4405 inhumanas

435 4464 684 4532 virgines,
709 4468 764 4513 et
791 4473 883 4511 eas
907 4471 1024 4524 quae
1054 4468 1157 4505 non
1185 4461 1303 4502 sunt
1331 4445 1651 4515 huiusmodi.
1671 4443 1757 4496 Sic
1783 4444 1940 4495 etiam
1966 4442 2010 4494 is

439 4570 642 4624 quoque
671 4552 762 4618 qui
789 4564 949 4600 unum
972 4542 1447 4600 inl‘odittaleutum,
1475 4535 1670 4588 audivit
1691 4549 1867 4587 coram
1889 4546 2008 4585 om-

442 4647 607 4704 nibus,
636 4653 687 4697 et
720 4642 784 4693 iis
802 4639 965 4691 etiam
988 4635 1076 4701 qui
1099 4634 1328 4700 quinque
1352 4639 1405 4682 et
1428 4629 1514 4693 qui
1537 4627 1642 4678 duo
1673 4627 1962 4676 attulerunt
1992 4640 2007 4676 ε

444 4733 584 4788 Serve
623 4747 846 4796 nequam
882 4736 927 4780 et
972 4728 1149 4795 ignave
1179 4721 1394 4790 (.lluttlt.
1426 4719 1517 4773 25.
1547 4717 1662 4785 26).
1695 4715 1807 4770 Non
1835 4713 2010 4770 verbis

439 4827 616 4882 solum.
642 4824 738 4880 sed
767 4821 933 4876 etiam
964 4817 1124 4870 rebus
1148 4823 1203 4867 et
1229 4811 1377 4866 facti.»
1394 4825 1488 4864 eos
1513 4818 1637 4862 tunc
1666 4810 1838 4874 arguit
1862 4824 1874 4858 :
1907 4807 2014 4860 sic-

437 4923 670 4976 utetiam
699 4916 833 4974 dicit
860 4907 1216 4978 evangelista,
1251 4903 1501 4957 Videbunt
1529 4902 1582 4955 in
1620 4916 1762 4968 quem
1793 4900 2013 4980 conﬁxe-

1191 318 1255 373 ΙΝ
1297 317 1506 374 EPIST.
1549 318 1639 380 AD
1679 315 2045 374 HEBRIEOS.
2088 317 2241 390 CAP.
2285 319 2398 376 ΧΗ.
2447 323 2673 377 HOMlL.
2718 323 2908 378 XXXI.

2096 437 2211 480 runt
2239 426 2415 496 (Joan.
2446 429 2534 485 19.
2568 431 2680 502 37).
2715 431 2884 487 Simul
2925 433 3067 488 enim
3097 435 3198 489 erit
3225 438 3457 493 omnium
3490 457 3659 500 resur-

2094 518 2286 592 rectio,
2313 529 2652 590 peccatorum
2681 531 2732 577 et
2757 523 3020 594 iustorum
3045 543 3060 590 ;
3092 526 3247 582 simul
3274 529 3446 584 aderit
3480 550 3662 589 attines

2099 626 2357 698 judicans.
2388 624 2571 694 Cogita
2611 639 2737 692 ergo
2767 623 2953 692 quales
2983 633 3105 676 tunc
3133 633 3287 677 erunt
3314 625 3404 693 qui
3434 636 3588 678 erunt
3613 627 3662 680 ir

2101 717 2262 779 luctu,
2297 715 2350 768 in
2381 729 2644 778 mmrore,
2674 713 2762 780 qui
2791 712 3069 766 trahentur
3104 714 3155 764 in
3185 715 3380 782 ignem,
3413 712 3541 766 dum
3572 729 3661 769 oo-

2099 815 2353 861 ronantur
2378 805 2485 858 alii.
2525 802 2712 866 Venite,
2740 804 2928 872 inquit,
2953 802 3198 856 benedicti
3226 802 3397 858 Patris
3413 805 3528 870 mei,
3553 822 3643 870 pos

2097 899 2253 950 ridete
2291 905 2521 964 paratum
2566 895 2702 946 vobis
2743 909 2951 963 regnum
2991 910 3023 946 α
3063 894 3417 948 constitutione
3458 896 3666 960 mundi,

2097 997 2151 1042 et
2176 1001 2378 1050 rursus,
2411 985 2664 1039 Discedite
2690 1001 2723 1037 a
2749 1001 2828 1037 me
2865 985 2918 1037 in
2945 985 3112 1054 ignem
3141 995 3374 1054 paratum
3404 986 3604 1042 diabolo
3625 1000 3667 1040 st

2096 1076 2287 1149 angelis
2305 1078 2412 1144 ejus
2445 1075 2652 1146 (Matth.
2679 1073 2771 1129 25.
2801 1075 2892 1129 54.
2920 1075 3030 1144 Η).

2169 1168 2345 1219 Aliena
2381 1167 2512 1220 bona
2553 1166 2854 1234 rapientium
2903 1166 3224 1235 supplicium.
3252 1196 3326 1208 —
3352 1168 3465 1222 Non
3497 1171 3667 1223 solum

2099 1260 2259 1312 verba
2291 1259 2587 1321 audiamus,
2607 1257 2701 1311 sed
2730 1258 2900 1311 oculis
2938 1261 3096 1311 etiam
3125 1259 3386 1327 descripta
3423 1261 3670 1326 subjicia-

2097 1366 2215 1404 mus
2239 1359 2293 1404 et
2313 1351 2675 1404 existimemus
2701 1364 2820 1402 cum
2850 1363 2990 1402 nunc
3014 1347 3222 1411 adesse.
3251 1356 3305 1402 et
3335 1348 3447 1402 lucc
3470 1349 3667 1416 dicere,

2095 1452 2147 1496 et
2173 1456 2270 1495 nos
2298 1440 2351 1494 in
2377 1441 2522 1494 illum
2555 1441 2727 1508 ignem
2758 1439 3045 1493 abducere.
3078 1439 3298 1506 Qualem
3347 1449 3472 1495 tunc
3510 1440 3671 1496 habs-

2096 1531 2271 1587 bimus
2318 1533 2591 1585 animam?
2640 1531 2848 1600 qualem
2897 1531 3527 1597 consolationem‘lQuid
3583 1546 3672 1588 ve-

2095 1638 2175 1689 ro,
2222 1623 2434 1693 quando
2488 1623 2540 1676 in
2589 1623 2721 1676 duas
2769 1633 2951 1693 partes
2995 1623 3328 1679 dividemur?
3374 1625 3498 1693 quid
3545 1639 3672 1680 vero

2095 1715 2306 1784 quando
2357 1715 2424 1770 de
2461 1717 2644 1784 rapina
2700 1715 3108 1768 accusabimur?
3137 1731 3420 1785 quamnam
3469 1717 3672 1784 poteri-

2096 1822 2212 1859 mus
2261 1805 2453 1860 aﬂ'crre
2495 1806 2930 1860 excusationem?
2968 1822 3250 1875 quamnam
3301 1808 3668 1874 probationem

2094 1911 2145 1953 et
2184 1900 2359 1969 specie
2397 1915 2498 1954 non
2536 1899 2868 1951 inhonestam
2922 1898 3261 1952 orationem?
3290 1897 3498 1952 Nullam
3531 1917 3545 1953 ε
3575 1901 3668 1953 sed

2096 2005 2315 2044 necesse
2344 1992 2445 2044 erit
2473 2000 2526 2044 ιιι
2559 1990 2718 2044 vincti
2747 2000 2801 2042 et
2825 1989 3076 2042 deorsum
3106 1990 3363 2043 incurvati
3397 1989 3671 2042 trahamur

2093 2082 2156 2134 ad
2187 2081 2320 2137 osda
2350 2081 2705 2145 eaminotum,
2735 2079 2799 2132 ad
2829 2078 3048 2133 ﬂuvium
3097 2081 3230 2150 ignis
3252 2125 3263 2138 .
3295 2081 3348 2134 in
3383 2081 3629 2134 tenebras
3653 2123 3666 2141 .

2095 2172 2157 2224 ad
2184 2171 2437 2240 supplicia
2471 2169 2812 2231 immortalia,
2841 2179 2895 2223 et
2921 2171 3188 2224 neminem
3215 2171 3280 2223 ad
3311 2184 3407 2223 nos
3435 2170 3671 2224 liberan-

2094 2264 2218 2315 dum
2251 2277 2438 2331 rogare
2471 2262 2781 2329 poterimus.
2809 2260 2922 2314 Non
2955 2269 3130 2330 potest
3156 2261 3319 2326 enim,
3351 2262 3539 2330 inquit,
3565 2277 3666 2316 non

2096 2365 2268 2426 potest
2295 2355 2417 2408 hinc
2461 2353 2584 2407 illuc
2615 2352 2864 2408 transiri:
2895 2359 2979 2406 est
3004 2353 3148 2404 enim
3182 2352 3321 2414 inter
3350 2367 3448 2405 nos
3485 2363 3540 2407 et
3576 2369 3670 2406 vos

2096 2464 2341 2518 magnum
2369 2447 2529 2501 chaos
2556 2444 2705 2518 (Luc.
2741 2443 2827 2498 16.
2852 2442 2942 2513 ‘26)
2974 2461 2985 2495 :
3020 2452 3072 2498 et
3102 2458 3198 2497 nec
3225 2443 3525 2498 volentibus
3548 2444 3671 2499 licet

2095 2541 2340 2603 transire,
2374 2547 2427 2592 et
2457 2553 2669 2592 manum
2698 2536 2957 2606 prmberc,
2989 2534 3083 2591 sed
3116 2549 3336 2589 necesse
3363 2544 3444 2588 est
3476 2551 3666 2608 perpe-

2095 2645 2184 2687 tuo
2209 2629 2420 2695 ardere,
2463 2627 2675 2702 nemine
2704 2626 2856 2682 nobis
2886 2641 3040 2698 opem
3087 2626 3310 2688 ferente,
3339 2626 3452 2680 sive
3482 2627 3550 2679 sit
3581 2641 3671 2694 pa-

2096 2735 2194 2788 ter,
2225 2722 2338 2776 sive
2361 2729 2549 2784 mater,
2577 2718 2689 2772 sive
2715 2717 2958 2788 quilibet,
2987 2716 3192 2770 etiamsi
3230 2715 3424 2770 habeat
3450 2718 3668 2770 multam

2101 2819 2164 2874 ad
2199 2819 2361 2874 Deum
2394 2817 2636 2870 ﬁduciam
2673 2833 2686 2869 :
2720 2813 2898 2866 Frater
2919 2815 3084 2879 enim,
3117 2816 3426 2882 inqttit,uon
3454 2815 3673 2874 redimit,

2099 2910 2306 2964 redimet
2345 2909 2494 2962 homo
2525 2907 2693 2977 (Psal.
2715 2906 2804 2960 48.
2834 2905 2934 2975 8)?
2959 2907 3089 2960 Cum
3117 2920 3244 2974 ergo
3290 2920 3395 2957 non
3435 2903 3592 2957 liccat
3621 2899 3669 2953 ia

2101 3001 2205 3054 alio
2242 2999 2442 3053 habere
2473 3012 2620 3066 spem
2653 2996 2860 3061 salutis,
2890 3011 3046 3065 quam
3093 2995 3145 3048 in
3190 2993 3388 3062 seipso,
3435 3001 3555 3064 post
3586 2992 3675 3049 Dei

2104 3090 2481 3157 benignitatem
2528 3097 2582 3140 et
2610 3087 2969 3149 clementiam,
3003 3099 3132 3155 rogo
3176 3083 3352 3138 oniuia
3382 3083 3637 3137 faciamus
3662 3129 3675 3148 ,

2102 3191 2160 3235 ut
2191 3181 2295 3234 vita
2319 3181 2387 3232 sit
2415 3178 2565 3233 nobis
2606 3178 2801 3231 munda
2831 3186 3078 3246 recteque
3105 3176 3365 3243 instituta,
3393 3186 3447 3230 et
3487 3190 3584 3232 nec
3614 3179 3676 3232 ab

2106 3273 2256 3326 initio
2287 3271 2448 3325 ullam
2479 3270 2831 3337 suscipiamus
2876 3268 3134 3322 maculam
3165 3285 3178 3321 :
3211 3268 3291 3321 sin
3335 3269 3529 3332 minus,
3565 3276 3681 3338 post

2103 3371 2405 3430 susceptam
2434 3360 2644 3430 quidem
2679 3360 2935 3414 maculam
2968 3374 3036 3412 ne
3062 3359 3407 3422 dormiamus,
3432 3359 3526 3412 sed
3557 3375 3678 3427 per-

2105 3468 2412 3508 severemus
2443 3466 2653 3520 semper
2693 3451 2880 3504 sordes
2908 3450 3124 3504 abluere
3152 3466 3244 3519 per
3274 3451 3637 3519 pmnitentiam
3662 3493 3678 3518 ,

2104 3563 2202 3618 per
2233 3547 2516 3618 lacrymas,
2548 3561 2640 3614 per
2661 3548 2950 3608 orationes,
2981 3560 3077 3616 per
3096 3546 3515 3618 eleemmynam.
3543 3545 3681 3611 Quid

2107 3655 2255 3702 vero,
2287 3640 2474 3705 inquit,
2504 3638 2547 3691 si
2581 3653 2683 3691 non
2733 3639 2954 3692 habeam
2985 3637 3122 3692 unde
3168 3637 3356 3692 faciam
3387 3640 3684 3710 elcemosyo

2109 3732 2276 3785 nam?
2303 3732 2404 3785 Sed
2438 3731 2603 3785 habes
2649 3729 2894 3798 poculum
2945 3744 3094 3797 aqua:
3129 3727 3331 3797 frigida:
3353 3769 3367 3791 ,
3400 3737 3685 3798 quantum-

2107 3837 2335 3890 emuqnc
2354 3821 2426 3874 sis
2447 3835 2676 3888 pauper;
2696 3819 2787 3873 sed
2806 3819 3126 3877 duominuta
3146 3817 3330 3884 habes,
3348 3819 3508 3888 pedes
3523 3820 3680 3876 habes

2112 3923 2168 3965 ut
2184 3915 2362 3966 visites
2383 3920 2630 3979 a'grotos,
2648 3918 2704 3962 ut
2722 3908 3034 3977 ingrediaris
3052 3923 3319 3964 carcerem
3339 3923 3354 3973 ;
3375 3909 3465 3964 sed
3490 3918 3682 3964 tectum

2110 4003 2296 4063 habes,
2315 4014 2369 4057 ut
2398 4002 2633 4073 excipias
2661 4001 2915 4069 hospites.
2931 3999 3048 4054 Non
3075 4011 3156 4053 est
3181 4001 3345 4064 enim,
3363 4012 3568 4055 nonest
3597 4016 3687 4056 ve-

2111 4094 2196 4146 nia
2223 4093 2285 4146 iis
2309 4093 2396 4158 qtti
2429 4107 2532 4143 non
2554 4090 3186 4159 l'aciuntelecmosynam,
3214 4105 3311 4146 nec
3340 4100 3560 4146 utuntur
3589 4095 3688 4145 mi-

2112 4182 2421 4238 sericordia.
2443 4182 2564 4235 llmc
2579 4197 2675 4235 nos
2688 4181 2836 4235 vobis
2856 4181 3069 4235 aSsidue
3085 4181 3329 4248 dicimus,
3352 4192 3406 4234 ut
3427 4183 3508 4236 vel
3522 4198 3583 4238 ex
3603 4198 3687 4242 as-

2111 4275 2362 4328 siduitate
2389 4289 2570 4342 parmn
2590 4273 2712 4343 quid
2733 4274 3041 4326 elliciamus.
3059 4272 3182 4328 ﬂare
3199 4273 3444 4339 dicimus,
3461 4285 3686 4330 nontam

2113 4384 2295 4422 eorum
2326 4368 2517 4434 quibus
2539 4367 2673 4420 bene
2699 4369 2776 4430 lit,
2809 4381 2965 4435 quam
2988 4368 3148 4420 vestri
3187 4381 3368 4420 curam
3398 4377 3645 4438 gerentes
3675 4387 3687 4420 :

2115 4475 2234 4512 nam
2260 4460 2362 4512 illis
2384 4459 2595 4527 quidem
2615 4473 2674 4510 ea
2695 4473 2812 4526 quae
2837 4458 2919 4510 hic
2937 4467 3063 4510 sunt
3080 4457 3244 4521 datis;
3265 4457 3495 4512 caeleSIia
3513 4467 3691 4516 autem

2114 4551 2380 4617 accipitis:
2407 4564 2524 4615 (ιιιω
2546 4550 2698 4603 nobis
2719 4549 2965 4602 omnibus
2986 4547 3140 4602 detur
3159 4549 3432 4616 consequi,
3450 4549 3615 4617 gratia
3639 4557 3692 4603 et

2115 4641 2440 4710 benignitate
2459 4639 2667 4694 Domini
2693 4643 2856 4693 nostri
2879 4638 3004 4694 .lesu
3033 4638 3384 4700 Christi,cum
3413 4651 3517 4704 quo
3547 4635 3690 4692 Patri

2117 4749 2218 4788 una
2242 4747 2360 4786 cum
2375 4742 2559 4786 sancto
2575 4732 2775 4800 Spiritu
2792 4732 2982 4802 gloria.
2999 4731 3187 4794 honor,
3206 4729 3480 4798 imperium
3495 4738 3549 4784 et
3563 4726 3692 4782 ado-

2117 4825 2274 4893 ratio,
2297 4838 2437 4881 nunc
2455 4833 2507 4880 et
2528 4838 2762 4897 semper,
2777 4831 2830 4878 et
2859 4823 2910 4877 in
2932 4820 3122 4880 suacula
3145 4819 3481 4874 saeculorum.
3503 4821 3688 4873 Amen.
