3970 6152
320 367 423 424 2w
1074 334 1446 413 s.'to.\NNts
1475 343 1944 405 CllRYSOSTOMl
1980 341 2299 399 ARCIIIEP.
2338 337 2872 398 CONSTANTINOP.
3479 342 3591 398 aco

339 468 3066 513 ____________________________________________._._._____

1610 539 1956 603 HOMILIA
1994 536 2268 600 XXXII.

333 708 464 765 Cn.
502 706 587 761 12.
637 719 688 757 v.
735 702 822 757 18.
851 698 973 753 Non
1012 698 1145 753 enim
1181 694 1455 748 accessistis
1491 689 1559 744 ad
1595 687 1904 741 tractabilem
2002 681 2184 751 Moyse
2211 688 2293 735 est
2314 678 2502 741 Jesus;
2526 671 2591 726 Et
2612 666 2927 732 Testamenti,
2956 662 3160 732 inquit,
3188 654 3305 714 novi
3329 650 3582 708 mediato-

406 803 642 856 montem,
662 800 708 847 et
727 787 1074 843 accensibitem
1098 787 1287 855 ignem,
1311 792 1357 836 et
1383 779 1634 835 turbinem
1653 786 1700 831 et
1720 774 1904 846 caligi-

376 947 380 951 η
407 901 519 941 nem
535 894 581 938 et
602 881 896 953 procellam,
923 877 1009 932 19.
1034 885 1080 929 et
1102 875 1233 928 tubce
1251 888 1452 935 sonum,
1476 878 1523 923 et
1545 884 1712 922 vocem
1730 864 1908 919 verbo-

407 995 542 1042 rum,
556 991 705 1047 quant
728 973 812 1043 qui
833 970 1123 1033 audierunt,
1141 971 1499 1020 excusaverunt
1520 978 1573 1015 se
1593 975 1655 1013 ne
1677 958 1748 1013 eis
1767 957 1907 1026 ﬁeret

405 1071 628 1124 verbum.
651 1066 741 1120 20.
759 1062 874 1116 Non
891 1061 1021 1115 enim
1038 1054 1303 1128 portabant
1323 1051 1456 1124 quod
1472 1050 1764 1104 dicebatur:
1786 1047 1850 1101 Et
1865 1047 1909 1100 si

410 1158 564 1214 bestia
579 1154 791 1226 tetigerit
806 1158 1043 1215 montem,
1071 1145 1400 1216 lapidabitur.
1447 1142 1510 1195 2t
1526 1183 1538 1194 .
1559 1140 1626 1193 Et
1649 1142 1744 1207 (ita
1765 1138 1909 1191 terri-

408 1248 505 1304 bile
519 1256 624 1302 erat
635 1242 771 1313 quod
779 1238 1060 1308 videbatur)
1074 1236 1276 1306 Moyses
1288 1235 1436 1299 dixit,
1445 1231 1728 1290 Exterritus
1741 1245 1799 1284 su
1806 1245 1853 1281 m
1865 1238 1910 1282 et

411 1334 763 1393 tremebundus
795 1329 918 1386 :22.
937 1332 1028 1383 sed
1045 1326 1320 1380 accessistis
1351 1323 1418 1376 ad
1452 1323 1581 1377 Sion
1610 1330 1831 1374 montem
1863 1328 1911 1373 et

409 1431 657 1485 civitatem
670 1425 764 1479 Dei
780 1416 1293 1486 riventisJerusalem
1305 1414 1569 1478 ctelestem,
1582 1421 1629 1468 et
1644 1411 1912 1465 multorum

412 1520 632 1576 millium
648 1515 939 1585 angelorum
956 1506 1396 1580 frequentiam,25.
1405 1514 1450 1559 et
1465 1501 1749 1555 Ecclesium
1759 1502 1914 1570 primi

413 1616 626 1668 tirorum
638 1609 722 1680 qui
736 1603 1005 1673 conscripti
1020 1610 1135 1656 sunt
1151 1601 1202 1653 in
1216 1598 1371 1660 ctelis,
1389 1604 1433 1649 et
1444 1595 1669 1664 judicent
1688 1592 1913 1646 omnium

2007 788 2115 827 rem
2140 771 2318 825 Iesum
2344 784 2361 823 :
2387 781 2482 838 pro
2523 762 2716 834 popqu
2740 758 2912 829 angeli
2941 768 3167 818 omnes;
3199 748 3266 803 Et
3300 744 3581 800 multorum

2010 861 2302 933 angelorum
2328 854 2688 931 frequentiam,
2732 849 2923 921 inquit.
2968 846 3238 912 Quosnam
3284 832 3585 908 primitivos

2009 962 2271 1030 intelligit,
2300 974 2422 1013 cum
2452 956 2602 1019 dicit,
2626 955 2687 1009 Et
2709 951 2981 1006 Ecclesiam
3012 942 3419 1015 primitivorum?
3453 937 3580 993 Otn-

2010 1067 2103 1106 nes
2132 1050 2362 1105 ﬁdelium
2395 1047 2609 1101 choros.
2638 1042 2866 1096 Eosdem
2887 1038 3048 1092 etiam
3076 1034 3292 1103 spiritus
3314 1031 3577 1099 justorutn

2011 1143 2369 1214 perfectorum
2400 1146 2575 1193 vocat.
2606 1134 2681 1188 Ne
2707 1133 2885 1200 itaque
2912 1141 3053 1197 aegre
3083 1124 3263 1180 feratis
3295 1142 3308 1176 :
3340 1119 3475 1174 Cum
3497 1117 3583 1171 his

2011 1211 2181 1298 eritis,
2211 1230 2399 1300 inquit.
2423 1224 2558 1293 Quid
2580 1231 2662 1278 est
2688 1219 2827 1291 quod
2847 1217 2977 1272 dicit
3000 1233 3014 1270 :
3045 1213 3107 1267 Et
3123 1211 3382 1282 sanguinis
3402 1223 3583 1277 asper-

2013 1325 2204 1377 sitnem
2249 1318 2431 1373 melius
2477 1315 2761 1385 loquentem
2803 1322 2953 1377 quam
2993 1302 3162 1357 Abel?
3203 1299 3416 1368 sanguis
3455 1310 3587 1365 ergo

2015 1415 2195 1472 Abelis
2224 1412 2473 1481 loquutus
2513 1404 2635 1460 est?
2660 1402 2854 1463 Certe;
2883 1404 2935 1452 et
2961 1390 3250 1465 quomodo,
3281 1388 3404 1442 audi
3441 1387 3583 1441 Pau-

2016 1506 2125 1560 lum
2168 1477 2430 1557 dicentem
2465 1513 2479 1548 :
2515 1493 2646 1548 Fide
2685 1489 2956 1560 plurimam
3004 1484 3218 1537 hostiam
3264 1477 3388 1532 Abel
3434 1490 3586 1547 quam

2019 1595 2143 1651 Cain
2169 1591 2368 1655 obtulit,
2399 1604 2488 1658 per
2506 1600 2655 1654 quam
2681 1577 3015 1634 testimonium
3040 1579 3370 1641 consequutus
3391 1576 3464 1620 est
3486 1580 3590 1620 esse

418 1706 599 1767 Deum,
618 1655 664 1755 el
683 1697 889 1766 spiritus
902 1655 1165 1765 ,ἰῖιδιοηιηι
1189 1655 1543 1759 Ρενῐεσλοΐίιηι,
1569 1677 1658 1739 24.
1676 1692 1725 1737 ετ
1741 1682 1911 1736 Tesla-
2010 1687 2224 1757 justus;
2259 1690 2307 1734 et
2352 1655 2440 1748 per
2477 1676 2619 1729 illam
2654 1672 2924 1741 defunctus
2952 1665 3119 1719 adhuc
3146 1661 3364 1731 loquitur
3399 1655 3587 1727 (Hebr.

415 1794 567 1850 menti
595 1791 710 1846 novi
736 1787 1059 1842 ntediatorem
1077 1782 1108 1835 ,1
1116 1795 1283 1843 esum,
1307 1785 1351 1831 et
1379 1773 1647 1846 sanguinis
1663 1772 1914 1843 aspersio-

415 1904 529 1943 nem
552 1884 729 1939 melius
755 1881 1036 1950 loquentem
1062 1888 1213 1945 quam
1238 1868 1379 1924 Abel.

427 2052 478 2104 1.
521 2051 683 2109 ιιι-θυι
723 2040 937 2112 quidem
979 2035 1032 2089 in
1078 2030 1278 2101 templo
1326 2025 1692 2089 admirabilia,
1743 2028 1925 2078 sancta

355 2145 700 2197 sanctorum;
731 2137 887 2185 erant
932 2137 1117 2180 rursus
1163 2118 1419 2175 terribilia
1448 2117 1609 2171 etiam
1652 2115 1766 2170 haec
1808 2128 1928 2182 quae

358 2234 494 2285 facta
540 2233 664 2281 sunt
710 2222 761 2275 in
806 2225 986 2274 monte
1029 2212 1196 2276 Sinai,
1244 2210 1401 2279 ignis,
1446 2207 1699 2271 tenebrae,
1734 2203 1926 2274 caligo,

359 2318 589 2392 procella
642 2330 656 2367 :
687 2311 846 2367 Visus
875 2316 960 2364 est
983 2305 1149 2367 enim,
1178 2300 1367 2370 inquit,
1394 2298 1533 2351 Deus
1564 2295 1619 2350 in
1647 2294 1792 2350 Sinai
1834 2298 1929 2361 per

361 2381 555 2482 ignem,
602 2402 889 2477 procellam
932 2408 988 2452 et
1023 2393 1301 2463 caliginem
1341 2381 1928 2459 (Exod.c.19;etDeut.

360 2473 413 2560 εἰ
442 2502 559 2570 22).
588 2473 792 2551 Novum
824 2498 1001 2544 autem
1029 2484 1431 2539 Testamentum
1475 2492 1597 2533 cum
1640 2474 1786 2530 nullo
1831 2473 1932 2528 ho-

365 2609 482 2650 rum
510 2563 696 2645 datum
719 2590 822 2648 est,
864 2578 958 2635 sed
985 2576 1166 2631 datum
1203 2571 1299 2625 fuit
1334 2585 1362 2622 a
1390 2565 1602 2622 Christo
1628 2565 1680 2619 in
1708 2563 1933 2633 simplici

362 2693 633 2743 sermone.
661 2672 797 2729 Vide
836 2682 964 2739 ergo
1001 2661 1273 2735 quomodo
1303 2658 1493 2714 horum
1537 2668 1747 2726 quoque
1779 2652 1936 2708 faciat

362 2766 819 2842 comparationem
865 2775 882 2825 ;
931 2766 987 2813 et
1037 2770 1099 2811 ea
1151 2752 1342 2806 merito
1390 2747 1566 2819 posuit
1616 2743 1932 2814 posteriora.

364 2833 503 2925 Nam
524 2855 736 2933 quando
763 2852 841 2908 cis
863 2845 1128 2920 persuasit
1153 2857 1246 2912 per
1270 2835 1702 2899 innumerabilia,
1724 2833 1937 2903 quando

366 2927 811 3017 etiam-ostendit
857 2940 982 3013 quid
1028 2935 1237 2991 intersit
1263 2933 1400 2987 inter
1429 2940 1715 2997 utrumque
1749 2927 1938 2981 Testa»

367 3015 605 3104 mentum
630 3058 644 3093 :
670 3051 794 3093 tunc
823 3047 888 3089 eo
918 3029 1066 3101 prius
1094 3023 1401 3094 rcprobato,
1427 3018 1620 3074 deinde
1650 3017 1799 3072 facile
1826 3015 1940 3069 lucc

369 3151 581 3211 quoque
606 3127 909 3203 aggreditur
938 3139 950 3175 :
982 3128 1036 3175 et
1075 3115 1200 3188 quid
1225 3113 1393 3168 dicit?
1422 3109 1541 3164 Non
1568 3109 1697 3163 enim
1722 3106 1939 3161 accessi-

368 3200 459 3287 slis
485 3200 552 3280 ad
578 3200 885 3278 tractabilem
912 3219 1128 3265 montem
1171 3216 1217 3259 et
1246 3217 1507 3257 accensum
1538 3200 1723 3268 ignem,
1753 3206 1799 3250 et
1832 3206 1941 3248 tur-

370 3321 565 3381 binem,
606 3319 653 3367 ct
689 3305 1057 3379 caliginem,et
1087 3293 1395 3366 procellam,
1426 3299 1474 3345 et
1502 3287 1632 3343 tubae
1655 3302 1862 3351 sonum,
1896 3295 1941 3338 et

373 3423 539 3465 uocem
559 3400 817 3458 verborum
842 3435 857 3461 ,
885 3405 1035 3465 quam
1059 3386 1146 3458 qui
1171 3383 1471 3445 audierunt,
1502 3385 1851 3432 recusaverunt
1879 3392 1940 3429 ne

374 3504 447 3541 ets
477 3492 750 3540 adderetur
776 3482 995 3536 verbum.
1027 3476 1147 3531 Non
1178 3476 1308 3528 enim
1343 3475 1612 3543 portabant
1638 3470 1774 3539 quod
1819 3466 1950 3520 dice-

377 3581 523 3631 batur
552 3590 571 3629 :
602 3580 671 3628 Et
699 3573 744 3627 si
768 3570 924 3625 bestia
953 3568 1166 3638 tetigerit
1192 3572 1430 3625 montem,
1467 3560 1798 3630 lapidabitur.
1831 3556 1954 3608 llaec

378 3677 522 3732 sunt,
554 3664 742 3734 inquit,
776 3659 1051 3726 terribilia,
1071 3667 1124 3712 et
1146 3656 1277 3710 adeo
1303 3652 1558 3708 terribilia
1581 3659 1822 3717 utncqne
1851 3644 1954 3698 fer.

380 3766 502 3813 rent
520 3755 870 3818 auditionem,
893 3765 1062 3819 neque
1090 3747 1256 3802 bestia
1278 3744 1497 3798 auderet
1518 3739 1825 3795 ascendere.
1849 3734 1953 3791 Sed

383 3864 489 3903 non
511 3856 661 3902 erant
674 3845 786 3899 haec
800 3844 942 3909 talia,
958 3840 1131 3912 qualia
1151 3853 1267 3908 qua:
1285 3844 1464 3907 postea
1477 3839 1952 3900 suntconsequuta:

384 3940 509 4011 quid
530 3940 670 3993 enim
688 3936 836 3992 Sinai
857 3934 922 3989 ad
938 3936 1124 3989 cmlum
1145 3932 1169 3982 ‘l
1188 3929 1310 4001 quid
1335 3928 1469 3998 ignis
1485 3923 1877 3980 contrectabilis
1893 3922 1957 3974 ad

388 4033 555 4087 Deum
600 4029 688 4099 qui
718 4043 822 4082 non
849 4033 1023 4095 potest
1049 4019 1411 4077 contrectari?
1437 4017 1574 4071 Deus
1599 4017 1739 4070 enim
1769 4022 1958 4076 noster,

390 4124 579 4192 inquit,
603 4130 673 4176 est
701 4119 830 4189 ignis
850 4130 1145 4170 consumens
1167 4111 1349 4181 (Hebr.
1378 4110 1462 4164 12.
1489 4110 1600 4178 14).
1625 4108 1853 4161 Terrore
1869 4120 1964 4157 au-

392 4225 500 4270 tem
529 4214 687 4267 fuisse
714 4211 866 4280 plena
884 4224 999 4277 qum
1029 4206 1082 4260 in
1113 4214 1292 4258 monte
1308 4211 1454 4273 gesta
1474 4207 1615 4262 sunt,
1641 4213 1704 4252 ex
1730 4199 1795 4251 iis
1821 4204 1963 4265 patet

393 4317 512 4373 qua:
530 4300 808 4355 dicebant:
829 4296 910 4350 Ne
933 4297 1165 4366 loquatur
1191 4294 1331 4346 nobis
1351 4291 1505 4347 Deus.
1522 4289 1606 4343 sed
1631 4289 1861 4357 loquatur
1878 4302 1965 4337 no-

397 4395 472 4449 bis
509 4390 709 4461 Moyses
739 4386 932 4460 (Exod.
960 4387 1050 4442 20.
1081 4385 1190 4453 19).
1256 4384 1374 4438 Non
1405 4385 1669 4453 portabant
1694 4380 1824 4432 enim
1844 4420 1856 4441 ,
1891 4378 1967 4430 in-

397 4483 530 4552 quit,
577 4479 710 4551 quod
755 4479 1013 4532 dicebatur
1056 4490 1074 4529 :
1116 4475 1180 4528 Et
1219 4476 1262 4528 si
1302 4475 1456 4527 bestia
1488 4471 1699 4542 tetigerit
1730 4478 1966 4534 montem,

402 4571 729 4644 bapidabitur.
781 4568 846 4623 Et
896 4567 1011 4635 (ita
1061 4564 1277 4619 terribile
1328 4573 1433 4617 erat
1476 4563 1609 4633 quod
1659 4559 1966 4629 dicebatur)

401 4661 603 4734 Moyses
647 4661 795 4725 dixit,
844 4656 1127 4713 Exterritus
1171 4673 1279 4711 sum
1330 4665 1376 4708 et
1423 4654 1790 4708 tremebundus.
1837 4653 1973 4720 Quid

402 4754 592 4809 mirum
651 4766 747 4821 pro
799 4749 998 4821 populo
1052 4747 1175 4801 talia
1226 4761 1348 4800 eum
1405 4758 1618 4814 passum
1673 4759 1793 4798 esse
1836 4743 1971 4809 dici,

404 4844 617 4916 quando
662 4844 776 4914 ipse
820 4841 908 4912 qui
957 4841 1227 4910 ingressus
1258 4848 1368 4893 erat
1398 4836 1674 4906 caliginem
1697 4877 1711 4900 ,
1746 4836 1831 4891 ubi
1861 4849 1976 4891 erat

407 4938 570 5001 Deus,
615 4932 807 5002 inquit,
858 4931 1143 4985 Exterritus
1187 4945 1301 4983 sum
1347 4939 1393 4982 et
1434 4927 1832 4981 tremebundus?
1874 4926 1979 4982 Sed

407 5024 683 5081 accessistis
708 5024 774 5077 ad
799 5031 1019 5076 ntontem
1047 5020 1197 5087 Sion,
1234 5029 1279 5075 et
1320 5019 1565 5073 civitatem
1599 5016 1697 5072 Dei
1740 5018 1977 5085 viventis,

408 5115 691 5170 Jerusalem
732 5111 997 5175 ctelestem,
1039 5119 1087 5164 et
1132 5110 1409 5164 multorum
1446 5108 1663 5162 millium
1687 5108 1983 5179 angelorum

413 5206 764 5281 frequentiam,
811 5214 859 5260 et
883 5200 1160 5259 Ecclesiam
1188 5203 1555 5271 primitivorum
1596 5202 1681 5271 qui
1715 5201 1984 5271 conscripti

419 5310 537 5354 sunt
556 5300 608 5353 in
630 5298 785 5362 ctelis,
818 5306 862 5351 et
881 5297 1109 5368 judicem
1134 5296 1355 5351 omnium
1381 5294 1565 5361 Deum,
1594 5305 1640 5347 et
1669 5295 1876 5364 spiritus
1893 5294 1985 5362 ju-

414 5403 611 5445 storum
636 5388 1057 5460 perfectorum,et
1078 5386 1375 5441 Testamenti
1402 5386 1516 5439 novi
1542 5385 1869 5443 mediatorem
1901 5382 1991 5436 le.-

416 5498 560 5547 sum,
590 5489 636 5534 et
660 5478 924 5550 sanguinis
951 5478 1295 5546 aspersionem
1324 5476 1503 5530 melius
1533 5475 1814 5543 loquentem
1841 5489 1992 5544 quant

419 5573 563 5629 Abel.
596 5571 802 5627 Videsis
835 5585 932 5640 per
956 5578 1179 5640 quantas
1216 5583 1306 5622 res
1330 5565 1699 5621 excellentiam
1736 5565 1858 5619 novi
1892 5563 1993 5617 Te-

422 5663 670 5719 stamenti
695 5678 854 5733 supra
875 5670 1028 5716 vetus
1049 5660 1300 5714 ostendit.
1318 5658 1558 5727 Namque
1581 5672 1675 5727 pro
1697 5656 1993 5712 Jerusalem

425 5759 686 5821 terrestri,
725 5762 879 5813 datur
917 5758 1212 5813 Jerusalem
1239 5755 1471 5812 caelestis
1498 5771 1512 5817 ;
1540 5753 1825 5807 Accessistis
1855 5753 1997 5807 enim

429 5847 494 5901 ad
541 5847 790 5906 civitatem
840 5847 935 5905 Dei
985 5848 1209 5914 virentis,
1256 5847 1540 5903 Jerusalem
1585 5846 1828 5903 calestem
1859 5860 1876 5897 :
1904 5859 1999 5918 pro

2021 1747 2108 1832 11.
2135 1770 2196 1845 4)
2220 1786 2235 1836 ;
2258 1779 2313 1826 et
2339 1747 2526 1823 rursus
2544 1763 2674 1818 dicit
2698 1760 2835 1814 Deus
2861 1773 2874 1809 :
2911 1754 3019 1808 Vox
3041 1751 3298 1821 sanguinis
3320 1747 3494 1816 fratris
3519 1747 3593 1799 tui

2021 1837 2210 1922 clambt
2248 1860 2318 1916 ad
2340 1876 2419 1915 me
2446 1857 2598 1930 (Gen.
2625 1855 2681 1909 4.
2719 1850 2831 1922 1ο).
2859 1848 2967 1904 Aut
2992 1845 3094 1900 hoc
3119 1857 3246 1912 ergo
3272 1837 3591 1902 dicendum;

2022 1964 2115 2010 aut
2141 1952 2291 2021 illud,
2318 1928 2465 2021 quod
2485 1947 2659 2003 adhuc
2687 1957 2827 1998 nunc
2853 1938 3201 2000 decantatur;
3241 1930 3334 1987 sed
3378 1944 3484 1984 non
3522 1928 3593 1982 ita

2025 2056 2088 2103 ut
2128 2045 2343 2114 sanguis
2386 2039 2624 2096 Christi:
2671 2036 2760 2090 hic
2801 2032 2946 2088 enim
2975 2041 3164 2082 omnes
3204 2021 3501 2084 mandavit,
3542 2026 3596 2073 et

2025 2133 2446 2209 splendidiorem
2469 2127 2862 2183 emittitvoccm
2877 2127 2933 2172 et
2949 2116 3417 2189 signiﬁcantiorem
3443 2153 3457 2176 ,
3490 2124 3597 2179 quo

2022 2199 2202 2295 majus
2226 2222 2388 2278 habet
2405 2217 2545 2291 quod
2570 2232 2664 2286 per
2688 2228 2772 2269 res
2798 2211 2967 2267 fertur
2988 2204 3371 2263 testimonium.
3395 2201 3486 2254 25.
3519 2199 3600 2252 Vi-

2030 2291 2142 2373 dete
2168 2333 2231 2371 ne
2255 2313 2491 2369 recusetis
2511 2309 2811 2379 loquentem.
2835 2301 2896 2357 Si
2916 2300 3048 2354 enim
3072 2298 3149 2351 illi
3173 2311 3273 2349 non
3294 2291 3599 2362 effugerunt,

2031 2415 2316 2463 recusantes
2339 2419 2452 2458 eum
2480 2401 2563 2472 qui
2593 2412 2750 2466 supra
2789 2402 2971 2447 terram
3012 2386 3219 2443 oracula
3264 2381 3553 2452 loquebatur
3579 2395 3600 2433 :

2033 2497 2192 2551 multo
2216 2493 2375 2564 magis
2404 2469 2514 2554 nos,
2555 2488 2639 2557 qui
2679 2485 2742 2539 de
2780 2482 2917 2537 caelis
2946 2479 3227 2549 loquentem
3254 2473 3395 2527 nobis
3421 2469 3603 2524 averti-

2033 2604 2165 2642 mus.
2210 2585 2302 2639 26.
2349 2581 2507 2650 Cujus
2548 2593 2644 2632 vox
2677 2575 2829 2628 movit
2856 2577 3186 2625 terram-tunc
3218 2580 3237 2619 :
3270 2579 3407 2618 nunc
3442 2571 3608 2616 autem

2036 2675 2337 2747 repramittit
2362 2714 2377 2737 ,
2406 2672 2575 2725 dicens
2599 2683 2618 2721 :
2661 2665 2843 2721 Adhuc
2883 2661 3053 2726 semel,
3087 2667 3133 2715 et
3158 2674 3248 2728 ego
3277 2656 3479 2710 movebo
3508 2670 3609 2707 non

2036 2745 2200 2825 solum
2242 2776 2447 2828 terram,
2474 2762 2561 2816 sed
2600 2768 2647 2813 et
2673 2757 2872 2812 caelum.
2902 2754 2990 2808 27..
3025 2750 3172 2818 Quod
3213 2757 3403 2813 autem,
3429 2745 3608 2801 Adhuc

2037 2858 2210 2922 semel,
2239 2857 2379 2919 dicit,
2400 2854 2621 2908 declarat
2656 2848 2914 2903 mobilium
2942 2843 3324 2898 translationem
3353 2848 3613 2905 tamquam

2041 2951 2309 3021 factorum,
2337 2956 2392 3000 ut
2417 2952 2654 2998 maneant
2692 2957 2749 2994 ea
2772 2954 2884 3006 qua:
2910 2946 3029 2990 sunt
3053 2931 3350 2987 immobilia.
3382 2929 3474 2984 28.
3502 2927 3612 2980 Ita-

2040 3020 2139 3114 que
2178 3055 2391 3112 regnum
2416 3034 2667 3090 immobile
2689 3029 3045 3100 suscipientes,
3075 3025 3346 3078 habeamus
3376 3020 3609 3092 gratiam,

2045 3150 2135 3205 per
2157 3147 2306 3201 quam
2336 3128 2613 3183 serviamus
2641 3125 2890 3193 placentes
2932 3117 3044 3172 Deo
3069 3132 3184 3169 cum
3223 3123 3357 3167 metu
3396 3121 3444 3165 et
3480 3124 3616 3165 reve-

2044 3223 2229 3278 rentia.
2257 3220 2351 3276 29.
2387 3216 2587 3271 Etenim
2624 3212 2754 3268 Deus
2799 3220 2968 3264 noster
3012 3207 3146 3278 ignis
3176 3218 3476 3258 consumens
3519 3207 3618 3256 est.

2045 3311 2328 3370 Terribilia
2354 3316 2479 3363 sunt
2508 3307 2632 3370 illa;
2679 3302 2772 3358 sed
2803 3300 2970 3355 multo
3000 3297 3114 3351 haec
3143 3292 3538 3348 admirabiliora
3566 3296 3622 3348 et

2050 3404 2389 3477 prmclariora
2422 3418 2435 3454 :
2467 3414 2571 3453 non
2597 3404 2722 3451 sunt
2750 3394 2892 3449 enim
2927 3389 3162 3446 tenebrm
3193 3386 3299 3451 hic,
3334 3399 3507 3453 neque
3532 3396 3623 3435 ca-

2052 3500 2177 3569 ligo,
2201 3509 2375 3566 neque
2416 3490 2672 3563 procella,
2705 3495 2763 3541 ut
2791 3486 2920 3540 illic.
2956 3483 3021 3537 Et
3050 3497 3146 3536 cur
3178 3489 3303 3533 tunc
3348 3478 3490 3531 Deus
3528 3488 3621 3544 per

2052 3567 2227 3661 ignem
2255 3587 2403 3641 visus
2431 3583 2550 3638 est?
2577 3582 2678 3635 Per
2708 3578 2792 3633 illa
2827 3575 2958 3631 mihi
2997 3572 3209 3628 videtur
3234 3569 3391 3624 tacite
3418 3567 3623 3637 signitiq

2053 3695 2178 3735 care
2196 3677 2392 3733 veteris
2417 3670 2741 3729 Testameuti
2770 3665 3169 3728 obscuritatem,
3196 3661 3477 3728 legemque
3507 3670 3625 3711 esse

2057 3770 2420 3826 adumbratam
2444 3774 2498 3821 et
2524 3772 2799 3833 opertam:
2831 3764 3088 3828 praeterea
3116 3751 3276 3807 etiam
3304 3759 3360 3803 ut
3382 3746 3629 3803 ostendat

2056 3861 2200 3933 quod
2223 3857 2501 3930 legislator
2526 3868 2646 3910 esse
2674 3851 2867 3906 debeat
2895 3846 3169 3910 terribilis,
3200 3850 3254 3897 et
3279 3857 3403 3896 acer
3434 3841 3486 3893 in
3531 3854 3625 3908 pu-

2066 3952 2275 4008 niendis
2306 3950 2370 4003 iis
2398 3948 2487 4018 qui
2515 3944 2848 4013 delinquunt.

2133 4046 2184 4098 2.
2203 4045 2336 4110 Quid
2358 4058 2483 4098 vero
2509 4042 2646 4096 tuhm
2664 4038 2908 4095 sonitus?
2929 4037 3136 4101 Merito,
3158 4043 3337 4103 utpote
3364 4048 3486 4087 cum
3513 4030 3629 4101 quia

2064 4136 2184 4189 dam
2209 4150 2297 4189 rex
2318 4134 2475 4187 adsit.
2496 4134 2607 4187 lloc
2622 4131 2833 4201 quidem
2853 4138 2999 4184 certe
3021 4128 3122 4181 erit
3147 4126 3307 4180 etiam
3327 4123 3380 4177 iu
3399 4120 3631 4176 secundo

2066 4226 2341 4279 adventu:
2381 4222 2524 4275 Tuba
2550 4230 2713 4285 canet,
2744 4219 2946 4288 inquit,
2995 4227 3043 4271 et
3089 4231 3259 4269 omnes
3304 4211 3630 4266 excitabimur

2070 4314 2146 4385 (ἰ.
2175 4314 2292 4367 Cor.
2320 4313 2406 4367 15.
2437 4312 2552 4382 52).
2582 4312 2761 4380 Itaque
2789 4325 2854 4364 ex
2881 4310 3076 4362 virtute
3121 4306 3213 4360 Dei
3254 4304 3355 4359 erit
3393 4303 3636 4357 omnium.

2069 4404 2412 4459 resurrectio.
2458 4403 2571 4458 Vox
2617 4410 2793 4456 autem
2828 4400 2966 4454 tubae
3009 4398 3142 4451 nihil
3172 4396 3314 4450 aliud
3352 4394 3632 4465 signiﬁcat,

2071 4510 2228 4565 quam
2256 4493 2396 4564 quod
2417 4506 2607 4548 omnes
2637 4499 2883 4561 Oporteat
2911 4501 3211 4557 resurgere.
3234 4485 3338 4541 Sed
3371 4493 3499 4538 tunc
3524 4497 3639 4537 om-

2073 4585 2160 4639 nia
2189 4585 2276 4638 illa
2301 4594 2453 4638 erant
2479 4581 2719 4643 sensilia,
2743 4588 2798 4636 et
2826 4578 3150 4648 spectacula,
3184 4584 3240 4632 et
3263 4590 3422 4631 voces
3446 4572 3636 4645 (Exod.

2067 4692 2112 4732 c.
2131 4674 2214 4742 19)
2241 4691 2533 4744 :qutevero
2552 4681 2761 4743 postea,
2794 4670 2973 4724 omnia
3000 4668 3355 4737 intelligibilia
3383 4676 3437 4721 et
3464 4664 3641 4719 invisi-

2072 4770 2217 4827 bilia.
2244 4771 2416 4836 Atque
2441 4766 2705 4836 signiﬁcat
2731 4764 2867 4833 ignis
2896 4763 3016 4832 quia
3039 4762 3179 4816 Deus
3201 4760 3334 4829 ignis
3360 4770 3475 4813 est:
3504 4756 3639 4811 Deus

2075 4861 2205 4913 enim
2233 4868 2424 4925 noster,
2446 4856 2635 4926 inquit,
2662 4855 2793 4926 ignis
2818 4868 3114 4906 consumens
3135 4861 3205 4905 est
3229 4866 3246 4903 :
3270 4850 3442 4917 caligo
3470 4857 3647 4902 autem

2075 4959 2129 5005 et
2158 4949 2395 5005 tenebrae
2438 4956 2493 5001 et
2522 4945 2698 5000 fumus
2722 4958 2909 4998 rursus
2937 4940 3226 4996 ostendunt
3250 4953 3365 4994 rem
3396 4952 3517 4993 esse
3542 4946 3645 4991 ter-

2075 5042 2309 5096 ribilem.
2338 5039 2427 5095 Sic
2447 5039 2606 5093 etiam
2637 5035 2767 5091 dicit
2794 5035 2956 5089 Isaias
2989 5051 3001 5087 :
3034 5031 3104 5086 Et
3129 5032 3308 5086 domus
3341 5028 3550 5100 impleta
3578 5036 3649 5082 est

2079 5135 2217 5205 fumo
2234 5130 2281 5201 (Ι
2290 5130 2382 5184 sai.
2402 5128 2457 5183 6.
2475 5128 2552 5199 4).
2567 5127 2633 5182 Et
2653 5124 2779 5196 quid
2801 5125 2901 5177 sibi
2941 5122 3048 5177 vult
3070 5119 3343 5192 procella?
3365 5118 3575 5188 Pigrum
3598 5124 3652 5170 et

2078 5228 2324 5296 ignavum
2347 5235 2467 5275 esse
2489 5234 2656 5289 genus
2682 5219 2969 5272 humanum
2992 5211 3302 5282 :oportebat
3322 5224 3449 5280 ergo
3476 5208 3649 5277 ipsum

2082 5316 2166 5369 his
2194 5307 2640 5394 excitari..Nullus
2665 5307 2807 5361 enim
2830 5312 2948 5359 erat
2989 5302 3122 5359 adeo
3157 5301 3322 5356 hebes
3348 5309 3403 5355 et
3441 5297 3646 5359 tardus,

2092 5405 2170 5474 tui
2202 5418 2308 5458 non
2332 5388 2565 5456 mentem
2595 5411 2804 5453 sursum
2846 5393 3114 5448 attolleret
3142 5405 3263 5444 cum
3293 5389 3410 5443 haec
3442 5388 3651 5449 ﬁerent,

2083 5509 2202 5549 cum
2229 5492 2373 5562 leges
2395 5488 2678 5545 ferrentur.
2694 5485 2904 5556 Moyses
2929 5480 3279 5552 loquebatur;
3306 5479 3450 5533 Deus
3464 5476 3515 5533 ei
3530 5490 3659 5529 voco

2086 5582 2439 5655 respondebat
2457 5599 2469 5635 :
2486 5578 2764 5651 oportebat
2778 5577 2920 5633 enim
2942 5575 3033 5630 Dei
3052 5571 3274 5644 proferri
3291 5584 3499 5624 vocem.
3514 5568 3664 5636 Quo-

2086 5677 2226 5728 niam
2252 5686 2345 5743 per
2368 5670 2603 5740 Moysem
2632 5677 2748 5723 erat
2772 5666 2944 5735 legem
2970 5664 3192 5725 laturus,
3220 5667 3505 5729 propterea
3535 5671 3658 5710 cum

2088 5764 2215 5819 facit
2268 5761 2371 5816 ﬁde
2422 5760 2664 5831 dignum.
2724 5756 2838 5810 Non
2892 5754 3144 5809 videbant
3197 5752 3368 5819 ipsum
3440 5755 3663 5815 propter

2090 5853 2408 5921 caliginem,
2457 5866 2563 5908 non
2621 5845 2905 5905 audiebant
2960 5845 3130 5916 ipsum
3192 5848 3407 5912 propter
3472 5852 3659 5893 vocctu
