3970 6152
396 370 498 424 Si!

381 467 659 538 gracilem.
701 466 842 534 quid
884 469 1050 540 ergo?
1095 470 1237 527 Deus
1285 474 1581 543 respondit,
1625 484 1759 532 Voce
1803 481 1957 548 quasi

384 559 637 628 populum
664 560 945 630 alloquens
973 570 1031 616 et
1068 561 1310 619 efficiens
1337 574 1394 619 ut
1421 565 1569 637 leges
1596 569 1825 624 audiret.
1851 570 1957 626 Sed

386 650 560 719 priora
601 659 953 720 repetamus:
984 651 1106 706 Non
1149 654 1285 708 enim
1323 658 1602 713 meruistis
1645 661 1715 713 ad
1740 672 1960 718 montem

383 739 713 806 tractabilem,
726 750 775 794 et
793 758 1059 796 accensum
1074 745 1261 813 ignem,
1276 755 1323 799 et
1337 747 1469 803 tuba
1479 751 1716 816 sonitum,
1730 762 1777 805 et
1792 764 1959 808 vocem

386 833 663 891 verborum.
691 840 846 902 quam
866 834 953 902 qui
988 834 1260 889 audierunt
1283 848 1642 893 excitauerunt
1662 857 1734 905 se,
1764 827 1956 912 inquit,

383 938 446 975 ue
468 923 543 976 eis
567 923 711 989 ﬁeret
738 923 961 977 mbum.
989 923 1095 993 Ipsi
1120 939 1252 995 ergo
1276 939 1450 981 causze
1478 928 1706 993 luerunt,
1729 939 1789 985 at
1819 932 1959 987 Deus

383 1024 479 1082 per
505 1018 725 1068 carnem
755 1014 1082 1083 apparuerit.
1115 1014 1250 1082 Quid
1274 1031 1401 1071 vero
1437 1017 1726 1075 dicebant?
1750 1017 1992 1092 ιιοιμηιιιἶ

383 1114 483 1169 tur,
510 1103 705 1173 inquit,
736 1105 881 1159 nobis
906 1103 1130 1176 Moyses,
1157 1115 1329 1162 etnon
1354 1109 1586 1178 loquatur
1612 1112 1753 1166 nobis
1788 1112 1952 1170 Deus.

452 1193 686 1249 Ecclesia
713 1210 933 1263 presens
950 1198 1102 1250 ueteri
1124 1200 1561 1268 praeellil.—Qui
1583 1202 1781 1259 faciunt
1798 1217 1950 1261 com-

386 1283 711 1353 partitiones,
728 1284 815 1339 illa
838 1286 1008 1355 magis
1020 1286 1253 1353 clovant,
1271 1299 1327 1342 ut
1344 1289 1460 1345 haec
1475 1292 1757 1347 ostendant
1784 1295 1959 1351 multo

386 1389 508 1429 esse
532 1374 729 1444 majora
756 1394 769 1427 :
800 1390 900 1445 ego
926 1384 1107 1431 autem
1141 1379 1401 1434 mirabilia
1431 1390 1483 1435 et
1523 1382 1613 1436 illa
1659 1398 1780 1439 esse
1807 1395 1954 1452 puto,

388 1476 576 1536 utpote
616 1467 709 1521 Dei
733 1480 917 1537 opera,
949 1476 1071 1536 qua
1113 1465 1431 1539 potestatem
1475 1474 1592 1542 ejus
1635 1475 1952 1543 ostendant;

386 1567 570 1612 tamen
620 1557 702 1611 vel
746 1558 825 1611 sic
884 1565 1066 1612 nostra
1115 1560 1483 1627 praestantiora
1520 1570 1577 1617 et
1627 1562 1954 1620 mirabiliora

385 1657 636 1716 ostendo.
671 1656 811 1712 Sunt
854 1656 1001 1712 enim
1046 1654 1335 1723 dupliciter
1383 1666 1573 1726 magna
1606 1676 1621 1713 :
1654 1659 1796 1728 quod
1840 1673 1963 1715 cum

381 1750 492 1807 sint
539 1757 596 1805 et
625 1747 883 1819 protelare
934 1756 990 1803 et
1040 1747 1266 1817 majm'a.
1295 1748 1362 1802 ad
1407 1763 1470 1802 ea
1501 1760 1713 1819 quoque
1760 1752 1966 1807 facilior

386 1848 563 1912 putem
590 1836 791 1894 aditus.
826 1838 940 1894 Hoc
981 1839 1142 1893 etiam
1187 1837 1318 1893 dicit
1346 1839 1587 1894 scribens
1633 1841 1687 1894 in
1727 1840 1965 1912 Epistula

386 1932 451 1987 ad
498 1929 833 1995 Corinthios,
882 1928 996 1983 Nos
1039 1929 1262 1983 revelata
1302 1929 1434 1997 facie
1486 1928 1705 2001 gloriam
1757 1931 1966 1986 Domini

383 2024 706 2095 speculamur
737 2021 814 2093 (3.
842 2018 963 2078 Cat.
993 2022 1047 2076 5.
1082 2022 1209 2091 t8);
1242 2030 1297 2076 et
1323 2036 1431 2076 non
1459 2020 1600 2077 sicut
1638 2023 1849 2096 Moyses
1870 2036 1966 2094 po.

386 2117 541 2172 nebat
566 2116 813 2173 velamen
836 2126 1002 2184 seper
1027 2114 1216 2169 faciem
1249 2128 1423 2168 suam.
1453 2113 1568 2169 Non
1597 2115 1795 2186 dignati
1818 2127 1962 2184 sunt,

384 2209 574 2278 inquit,
599 2207 677 2261 illi
704 2207 768 2261 iis
788 2206 983 2276 quibus
1004 2219 1102 2259 nos
1124 2204 1321 2276 dignati
1341 2218 1546 2259 sumus.
1567 2206 1806 2272 Quanam
1822 2207 1964 2261 enim

385 2316 441 2356 re
452 2308 576 2357 sunt
587 2299 825 2370 dignati?
840 2298 1671 2368 tenebrasviderunt,caliginem,
1686 2299 1968 2355 audierunt

383 2406 590 2447 vocem.
602 2390 709 2447 Sed
726 2401 778 2445 tu
792 2404 1004 2461 quoque
1016 2404 1200 2445 vocem
1213 2389 1544 2455 andisti,non
1558 2405 1652 2459 per
1663 2390 1963 2460 caliginem,

386 2484 475 2540 sed
496 2494 593 2552 per
609 2494 826 2538 carnem
846 2498 860 2534 :
880 2496 987 2536 non
1012 2481 1154 2537 fuisti
1178 2479 1517 2551 perturbatus
1540 2496 1714 2552 neque
1739 2482 1965 2537 tumultu

380 2574 636 2645 agitatus,
666 2572 763 2629 Sed
789 2581 845 2628 et
871 2572 1066 2627 stetisti
1096 2581 1151 2626 et
1186 2571 1439 2642 loquutus
1464 2585 1524 2627 es
1548 2586 1668 2627 cum
1702 2573 1964 2628 interces-

384 2681 527 2722 sore.
573 2664 788 2735 Alioqui
835 2672 891 2719 et
931 2662 984 2718 id
1032 2664 1174 2734 quod
1220 2679 1327 2718 non
1369 2663 1512 2719 cadit
1556 2666 1655 2719 sub
1692 2676 1964 2735 aspectum

383 2757 619 2814 ostendit
647 2771 744 2827 per
774 2756 1065 2812 tenebras:
1100 2755 1167 2810 Et
1195 2757 1385 2829 caligo,
1419 2756 1610 2825 inquit,
1636 2757 1726 2811 sub
1758 2757 1966 2827 pedibus

384 2849 491 2918 ejus
525 2842 702 2918 (Prol.
738 2846 826 2901 Π.
859 2845 972 2917 ill).
1003 2844 1155 2902 Tunc
1183 2847 1343 2900 etiam
1373 2846 1547 2900 timuit
1574 2846 1800 2918 Moyses,
1827 2862 1967 2902 nunc

380 2948 560 2993 mitem
592 2937 772 2992 nullus
798 2953 814 2993 :
857 2946 985 2991 tunc
1012 2936 1240 3007 populus
1269 2936 1420 2991 stetit
1464 2936 1637 3001 infra;
1665 2952 1763 2991 nos
1787 2951 1964 2992 autem

380 3043 488 3082 non
517 3026 680 3090 infra,
703 3028 800 3082 sed
826 3026 960 3081 ctelo
1003 3026 1332 3094 superiores,
1364 3040 1535 3095 prope
1554 3026 1721 3081 Deum
1753 3037 1807 3080 ut
1836 3025 1963 3091 filii;

384 3119 476 3174 sed
499 3124 609 3173 non
636 3118 774 3173 sicut
800 3116 1029 3188 Moyses.
1057 3116 1171 3171 Illic
1192 3126 1309 3171 erat
1329 3117 1622 3181 desertum,
1645 3117 1732 3172 hic
1754 3118 1963 3182 civitas,

382 3221 435 3265 et
464 3210 754 3265 multorum
784 3207 1012 3263 millium
1039 3208 1352 3279 angelorum
1379 3218 1591 3265 catus:
1628 3208 1713 3263 hic
1734 3208 1968 3264 ostendit

384 3303 631 3373 gaudium
656 3311 712 3357 et
738 3301 978 3356 laetitiam
1008 3315 1107 3372 pro
1131 3300 1358 3372 caligine
1387 3310 1441 3357 et
1485 3301 1719 3357 tenebris
1743 3311 1798 3357 et
1840 3317 1967 3372 pro-

386 3394 540 3450 cella.
562 3388 633 3444 Et
646 3391 927 3448 Ecclesium
957 3394 1412 3463 primogeniton
1434 3394 1521 3464 qui
1559 3394 1832 3462 conscripti
1851 3400 1967 3447 sunt

386 3487 441 3540 in
464 3484 622 3549 artis,
647 3494 694 3538 et
707 3484 944 3554 judicent
968 3484 1193 3539 omnium
1237 3480 1424 3538 Deum.
1460 3484 1540 3539 Illi
1577 3496 1683 3540 non
1718 3499 1963 3541 accesse-

387 3584 542 3644 runt,
584 3577 679 3633 sed
714 3578 899 3647 procul
944 3584 1230 3643 steterunt,
1260 3586 1315 3632 et
1359 3577 1570 3649 Moyses
1602 3595 1614 3630 :
1663 3592 1759 3632 vos
1787 3586 1965 3632 autem

386 3670 706 3725 accessistis.
738 3668 834 3723 llic
860 3680 955 3724 eos
985 3678 1169 3733 terret,
1193 3669 1409 3725 dicens:
1433 3668 1500 3723 Et
1521 3670 1589 3723 ad
1604 3670 1833 3741 judicem
1856 3685 1966 3723 om-

383 3766 521 3818 nium
556 3763 723 3819 Deum
743 3778 765 3812 .·
805 3780 910 3818 non
936 3766 1243 3819 Judteorum
1289 3767 1463 3819 Solum
1490 3776 1544 3820 et
1582 3767 1841 3830 lidclium,
1869 3767 1961 3823 sed

383 3866 435 3911 et
461 3857 623 3911 totius
656 3856 800 3910 orbis
831 3865 987 3911 teme
1016 3857 1222 3913 sedebit
1247 3856 1437 3912 ludes.
1470 3855 1536 3911 Et
1577 3859 1836 3928 spiritibus
1869 3863 1961 3931 fu-

385 3956 575 4001 slorum
620 3948 979 4018 perfecturum.
1013 3952 1235 4003 Animas
1267 3949 1394 4004 dicit
1426 3950 1739 4019 proborum.
1780 3948 1845 4002 Et
1868 3948 1962 4005 Te-

383 4039 617 4094 stamenli
656 4039 773 4093 noui
802 4040 1129 4093 mediatorem
1174 4038 1385 4107 Iesum,
1415 4051 1460 4095 et
1486 4041 1749 4111 sanguinis
1786 4056 1962 4110 asper-

384 4130 615 4195 sionem;
646 4130 751 4184 hoc
769 4140 854 4186 est
885 4132 1276 4203 purgationem.
1304 4132 1490 4188 Melius
1515 4132 1795 4205 loquentem
1814 4148 1964 4202 quam

385 4217 527 4281 Abel.
550 4221 615 4278 Si
651 4224 874 4294 sanguis
917 4224 1171 4294 loquitur,
1197 4224 1366 4279 multo
1407 4229 1575 4295 magis
1617 4225 1744 4280 vivit
1785 4226 1830 4281 is
1873 4225 1964 4296 qui

382 4315 481 4370 fuit
500 4315 736 4370 occisus.
756 4316 895 4382 Quid
919 4325 1095 4372 autem
1120 4316 1395 4386 loquitur?
1423 4315 1494 4370 Et
1513 4317 1744 4387 spiritus,
1770 4316 1963 4389 inquit,

380 4407 609 4476 loquitur
638 4408 906 4477 gemitibus
940 4408 1362 4464 iuenarrabilibus
1390 4407 1568 4481 (Rom.
1593 4408 1647 4463 8.
1676 4406 1794 4479 '26).
1826 4411 1966 4477 Quo-

386 4499 549 4556 tuodo
578 4500 854 4570 loquitur?
906 4499 1035 4554 Nam
1066 4501 1158 4555 ubi
1186 4501 1432 4556 inciderit
1460 4502 1511 4556 in
1538 4511 1769 4557 mentem
1795 4502 1968 4556 since-

389 4600 523 4654 tam,
545 4606 671 4646 'eaut
700 4592 921 4655 e‘n-itat,
951 4601 1004 4646 et
1040 4589 1167 4646 facit
1210 4602 1266 4645 ut
1296 4591 1563 4662 loquatur.
1604 4591 1779 4646 Videte
1804 4609 1866 4646 ne
1892 4606 1960 4647 te-

394 4683 573 4735 cusetis
616 4682 938 4752 loquentem;
967 4683 1068 4736 hoc
1091 4690 1197 4746 est,
1228 4697 1295 4738 ne
1337 4681 1607 4752 rcjieiatis.
1641 4681 1702 4738 Si
1732 4684 1862 4737 enim
1893 4679 1977 4736 illi

396 4780 492 4824 non
516 4768 825 4843 effugerunt,
855 4782 1147 4825 recusantes
1192 4788 1304 4825 eum
1334 4773 1420 4835 qui
1463 4788 1614 4838 super
1658 4783 1842 4826 terram
1885 4777 1966 4828 lo-

390 4863 651 4930 quebalur.
678 4862 982 4928 Quemnam
1015 4862 1182 4917 dicit?
1227 4858 1353 4916 Mihi
1382 4863 1589 4917 videtur
1616 4862 1795 4918 dicere
1818 4864 1968 4934 Moy-

386 4968 527 5008 setn.
585 4954 696 5008 lioc
725 4963 807 5008 est
848 4963 1028 5008 autem
1075 4953 1212 5023 quod
1245 4954 1414 5009 dicit:
1447 4954 1504 5009 Si
1544 4968 1647 5007 non
1674 4954 1972 5023 elTugerunt

386 5045 477 5113 qui
506 5054 830 5098 recusarunt
855 5061 974 5098 cum
1016 5045 1105 5111 qui
1137 5044 1308 5114 legem
1342 5042 1545 5099 ferebat
1574 5045 1627 5098 in
1660 5054 1821 5106 terra,
1847 5058 1968 5097 eum

384 5138 475 5207 qui
503 5152 537 5193 e
578 5137 713 5191 caelo
760 5135 865 5190 fert
894 5136 1066 5206 legem
1115 5135 1387 5205 qumnndo
1430 5135 1832 5190 recusabimus?
1874 5135 1971 5194 llic

388 5238 572 5282 autem
605 5227 843 5282 ostendit
884 5243 990 5280 non
1032 5226 1173 5296 quod
1206 5227 1295 5280 ille
1341 5227 1412 5280 sit
1447 5227 1624 5291 alius;
1654 5226 1833 5281 absit:
1864 5240 1970 5279 non

389 5320 555 5373 alium
603 5330 659 5373 et
684 5318 845 5371 alium
876 5317 1129 5379 ostendit,
1148 5316 1241 5371 sed
1269 5317 1410 5387 quod
1436 5316 1677 5373 videatur
1701 5318 1971 5378 terribilis.

391 5425 579 5468 vocem
629 5411 885 5466 emittens
927 5425 957 5465 e
991 5410 1145 5465 cado.
1195 5409 1337 5464 Idem
1363 5409 1576 5479 quidem
1603 5419 1685 5464 est
1713 5418 1767 5464 et
1812 5408 1898 5463 hic
1922 5417 1976 5463 et

392 5504 519 5567 ille;
579 5503 667 5558 hic
712 5513 889 5559 autem
919 5512 1002 5557 est
1034 5503 1286 5557 terribilis
1319 5520 1331 5556 :
1365 5517 1469 5555 non
1493 5503 1635 5556 enim
1668 5501 1798 5556 dicit
1826 5501 1981 5556 dilic—

394 5593 624 5649 rentiam
674 5608 1051 5663 personarum,
1081 5593 1174 5647 sed
1203 5592 1488 5646 donorum.
1536 5590 1690 5647 Unde
1722 5590 1823 5645 hoc
1849 5608 1978 5649 con—

395 5684 541 5738 stat?
589 5683 670 5739 Es
712 5684 778 5739 iis
806 5699 926 5754 qua:
964 5682 1281 5752 subjungit:
1316 5682 1376 5737 Si
1400 5684 1531 5736 enim
1557 5681 1635 5735 illi
1664 5697 1764 5735 non
1792 5680 1977 5749 e/Tuge-

400 5786 539 5847 runt,
593 5784 885 5833 recusantes
934 5790 1048 5830 eum
1078 5774 1164 5846 qui
1218 5790 1367 5845 super
1411 5783 1596 5830 terram
1651 5771 1980 5842 loquebatur;

1168 364 1235 421 [Ν
1273 364 1491 421 εριδτ.
1533 366 1624 422 AD
1661 365 2024 421 llEBﬂEOS.
2067 366 2216 422 CAP.
2257 367 2372 423 ΧΠ.
2417 367 2644 424 ιιοωι.
2686 368 2881 425 XXIII

3530 370 3635 430 231

2057 468 2220 525 multo
2241 467 2403 538 magis
2442 481 2534 520 nos
2568 465 2654 534 qui
2694 465 2837 518 nobis
2859 465 2923 516 de
2946 464 3083 518 uelis
3110 464 3391 543 loquentem
3429 480 3632 519 auerso-

2059 572 2194 614 ωηατ.
2231 556 2371 622 Quid
2407 555 2575 626 ergo?
2618 564 2771 609 estne
2799 553 2885 607 hic
2909 553 3048 607 alius
3086 552 3153 607 ab
3182 552 3315 608 illo?
3365 560 3633 623 quomodo

2056 645 2373 718 ergedicit,
2403 644 2561 715 Cujus
2585 660 2683 699 eoa:
2723 645 2875 698 movit
2925 653 3110 697 terram
3137 643 3300 698 tunc!
3345 659 3446 699 vox
3487 646 3633 699 enim

2068 741 2177 807 sius
2200 737 2291 808 qui
2319 736 2468 799 dedit
2497 736 2693 807 legem,
2722 744 2923 789 terram
2961 735 3146 789 movit.
3182 731 3337 788 Nune
3364 744 3531 788 autem
3554 750 3635 788 rs-

2057 829 2326 902 promiuit,
2369 828 2586 882 dicens:
2618 827 2796 881 Adhuc
2838 826 3014 891 semel,
3056 836 3103 881 et
3148 842 3240 896 ego
3282 826 3485 880 movebo
3533 841 3637 880 non

2057 924 2223 976 solum
2261 930 2468 983 terram,
2497 919 2587 974 sed
2630 919 2781 973 etiam
2813 917 3018 973 sctum.
3059 916 3417 985 Quodautem,
3458 916 3637 970 Adhuc

2056 1014 2231 1079 sentel,
2259 1013 2404 1073 dicit,
2437 1013 2663 1066 declarat
2684 1010 2951 1064 mobiliqu
2978 1009 3362 1062 translationem
3382 1018 3637 1077 tamquam

2058 1108 2332 1175 factorum.
2346 1103 2626 1158 Tollentur
2647 1116 2775 1170 ergo
2791 1099 2969 1154 omnia
2992 1099 3059 1153 de
3078 1097 3275 1163 medio,
3295 1100 3638 1168 compingen-

2058 1206 2254 1265 lurque
2298 1194 2476 1248 omnia
2503 1209 2572 1247 ex
2600 1192 2710 1246 alto
2736 1191 2789 1245 in
2835 1190 2886 1245 id
2930 1189 3071 1258 quod
3102 1198 3185 1242 est
3209 1190 3465 1257 optimum
3494 1207 3507 1242 :
3532 1187 3634 1241 hoc

2058 1286 2198 1339 enim
2227 1280 2311 1337 his
2333 1284 2490 1338 tacite
2510 1283 2790 1352 significat.
2805 1280 2941 1348 Quid
2963 1296 3091 1351 ergo
3112 1280 3415 1345 doles,cum
3442 1280 3637 1347 pateris

2058 1376 2109 1428 in
2155 1378 2354 1429 mundo
2383 1389 2489 1428 non
2534 1373 2791 1440 manenti,
2819 1387 2940 1427 cum
2962 1370 3216 1441 allligeris
3246 1371 3297 1424 in
3328 1368 3526 1423 mundo
3547 1369 3636 1437 qui

2059 1465 2216 1534 paulo
2239 1473 2358 1536 post
2384 1464 2611 1519 transit?
2628 1463 2684 1518 Si
2710 1464 2760 1517 in
2782 1463 3060 1534 posteriori
3081 1473 3324 1530 tempore
3343 1460 3523 1514 mundi
3553 1460 3636 1513 ia-

2061 1566 2178 1613 tura
2196 1566 2336 1613 esset
2354 1557 2564 1627 requies
2576 1565 2631 1610 et
2650 1555 2920 1620 remissio,
2949 1564 3074 1608 tunc
3095 1554 3256 1623 afﬂigi
3282 1560 3555 1622 oporteret
3571 1550 3638 1605 ad

2060 1649 2220 1705 finem
2257 1648 2625 1718 aspicientem.
2662 1644 2730 1702 Ut
2762 1654 3020 1710 maneant,
3051 1644 3243 1714 inquit,
3266 1659 3378 1715 qua:
3402 1652 3518 1697 sunt
3544 1643 3638 1697 im-

2058 1740 2287 1796 mobilia.
2317 1742 2573 1807 Qutenam
2599 1748 2776 1794 autem
2802 1747 2926 1793 sunt
2955 1737 3286 1792 immobilia?
3318 1736 3539 1792 Futura.

2130 1835 2182 1889 5.
2213 1831 2407 1886 Omnia
2436 1845 2565 1901 ergo
2582 1845 2678 1899 pro
2701 1833 2801 1883 hoc
2825 1838 3137 1899 agatnus,ut
3159 1827 3246 1880 illa
3269 1842 3636 1896 assequamur.

2060 1923 2165 1978 illis
2194 1931 2251 1977 ut
2276 1921 2517 1977 fruamur
2543 1920 2717 1975 bonis.
2750 1918 2930 1986 Certe,
2956 1934 3087 1989 rogo
3116 1927 3170 1972 et
3194 1918 3438 1982 obsecro,
3464 1919 3517 1972 in
3538 1916 3638 1974 hoc

2061 2017 2295 2072 studium
2342 2028 2620 2085 ponamus.
2649 2014 2706 2069 In
2729 2013 2943 2067 civitate
2967 2027 3085 2081 quae
3125 2022 3209 2066 e51.
3252 2011 3452 2064 ruitura
3485 2025 3638 2066 nemo

2062 2107 2310 2162 tedilicat.
2341 2106 2434 2160 Dic
2461 2105 2613 2169 mihi,
2640 2119 2789 2174 rogo,
2819 2105 2862 2157 si
2907 2104 3024 2170 quis
3052 2101 3252 2156 diceret
3282 2101 3395 2156 fore
3441 2111 3497 2155 ut
3527 2100 3645 2155 huic

2060 2201 2248 2256 civitas
2270 2208 2598 2268 postannnm
2620 2205 2869 2261 corruat;
2894 2195 2978 2249 illa
3005 2211 3131 2249 vero
3150 2210 3458 2264 numquam,
3477 2194 3637 2248 aedili-

2061 2306 2285 2348 carcsne
2306 2292 2358 2346 in
2382 2305 2444 2346 ea
2470 2305 2587 2359 qum
2607 2298 2690 2344 est
2704 2290 2905 2343 ruitura
2921 2288 2945 2327 ν
2964 2287 3322 2355 Quamobrem
3342 2302 3483 2341 nunc
3503 2301 3637 2357 quo-

2062 2400 2167 2455 que
2182 2385 2337 2439 dico:
2365 2382 2442 2437 Ne
2462 2380 2786 2436 :edilicemus
2813 2380 2865 2433 in
2889 2380 2990 2434 hoc
3010 2378 3209 2433 tnundo
3233 2396 3245 2430 :
3275 2377 3468 2432 cadent
3487 2377 3638 2442 paulo

2062 2487 2185 2549 post
2204 2485 2258 2532 et
2287 2476 2535 2546 peribunt
2554 2474 2752 2528 omnia.
2772 2471 2909 2539 Quid
2935 2487 3064 2525 vero
3089 2471 3230 2532 dico.
3260 2472 3489 2525 casura?
3517 2481 3644 2524 ante

2067 2569 2185 2638 ejus
2226 2567 2434 2621 ruinam
2467 2581 2564 2620 nos
2600 2564 2893 2636 peribimus
2944 2571 2998 2617 et
3020 2562 3199 2633 gravia
3231 2563 3514 2632 patiemur,
3545 2575 3642 2617 nos

2063 2674 2128 2715 ex
2175 2658 2305 2728 ipsis
2333 2656 2675 2713 excedemus.
2706 2655 2812 2711 Cur
2838 2654 3162 2709 :cdilicamus
3192 2668 3352 2722 super
3380 2654 3638 2708 arenam?

2138 2752 2307 2807 Terra:
2323 2762 2490 2805 motus
2534 2747 2976 2819 catillum-alienos,
2996 2746 3217 2799 hostium
3244 2745 3632 2806 irruptiones.—

2066 2842 2419 2901 Edilicetnus
2444 2858 2605 2911 supra
2638 2855 2840 2913 petram
2866 2844 3078 2917 (Hatth.
3097 2846 3151 2900 't'.
3185 2841 3313 2914 27):
3341 2860 3461 2900 nam
3489 2843 3644 2915 quid-

2066 2935 2190 3005 quid
2220 2935 2455 3001 irrnerit,
2480 2934 2619 2989 dirui
2660 2950 2763 2989 non
2794 2936 2988 3004 poterit
3015 2935 3143 2991 illud
3173 2935 3477 3004 aedilicium,
3510 2936 3639 2992 nihil

2064 3026 2118 3083 id
2147 3035 2322 3098 potest
2344 3042 2682 3099 expugnare;
2729 3038 2784 3082 et
2805 3028 2997 3083 merito
3030 3046 3045 3083 :
3076 3045 3200 3083 nam
3247 3029 3312 3085 ad
3365 3029 3513 3085 illum
3566 3030 3638 3086 Io-

2063 3134 2184 3174 cum
2233 3119 2394 3174 nullis
2444 3118 2651 3174 insidiis
2699 3127 2844 3189 patet
2891 3119 3087 3187 aditus,
3134 3121 3273 3176 sicut
3316 3131 3499 3176 contra
3557 3121 3641 3176 hic

2065 3219 2210 3281 patet
2236 3210 2504 3265 invadenti
2537 3228 2550 3265 :
2596 3225 2718 3265 nam
2758 3220 2814 3266 ct
2852 3219 3010 3266 terra:
3052 3222 3229 3267 motus
3256 3222 3309 3267 et
3346 3211 3637 3284 conﬂagra-

2064 3302 2239 3359 tiones
2262 3310 2315 3356 ct
2343 3302 2576 3357 hostium
2619 3303 2964 3371 irruptiones,
3009 3302 3125 3358 huic
3158 3305 3319 3358 etiam
3362 3319 3458 3360 nos
3487 3304 3639 3359 vivos

2064 3394 2276 3466 privarit
2300 3395 2401 3450 isto
2428 3395 2680 3461 aedificio,
2708 3411 2851 3465 saepe
2878 3410 3058 3451 autem
3090 3396 3251 3451 etiam
3297 3412 3418 3450 cum
3444 3413 3509 3449 eo
3540 3412 3637 3453 nos

2062 3485 2312 3556 perdunt.
2359 3485 2582 3553 Quando
2622 3496 2798 3541 autem
2842 3487 3016 3556 ipsum
3047 3489 3208 3541 etiam
3254 3487 3483 3551 διεξίοι-Η,
3514 3499 3639 3542 tunc

2060 3595 2162 3635 nos
2185 3590 2278 3635 aut
2306 3582 2524 3635 morbus
2546 3581 2654 3636 cito
2682 3582 2917 3642 abducit.
2950 3594 3039 3637 aut
3067 3592 3349 3638 manentes
3379 3599 3483 3636 non
3512 3581 3639 3637 sinit

2063 3687 2129 3727 eo
2154 3682 2300 3727 recte
2330 3672 2430 3727 frui
2459 3690 2474 3727 :
2505 3688 2749 3743 quamam
2780 3675 2922 3728 enim
2952 3686 3036 3729 est
3071 3674 3341 3743 voluptas,
3379 3674 3469 3730 tibi
3515 3685 3637 3727 sunt

2060 3763 2257 3825 morbi,
2284 3771 2339 3817 et
2363 3762 2670 3826 calumnite,
2702 3774 2757 3818 et
2799 3764 3020 3828 invidia,
3069 3775 3122 3819 et
3172 3764 3419 3818 insidiae?
3461 3765 3565 3819 Aut
3593 3764 3637 3819 si

2063 3854 2165 3908 hoc
2205 3870 2309 3907 non
2351 3854 2459 3921 sit,
2491 3869 2635 3922 smpe
2674 3855 2915 3909 dolemus
2962 3868 3016 3911 et
3061 3872 3202 3926 agre
3232 3855 3449 3911 ferimus
3495 3857 3638 3928 quod

2063 3945 2263 4000 liberos
2306 3960 2412 3999 non
2460 3946 2855 4014 susceperimus
2883 3986 2899 4009 ,
2954 3962 3058 4001 non
3110 3946 3372 4002 habentes
3421 3949 3503 4003 cui
3543 3963 3638 4003 no-

2062 4047 2202 4091 stras
2229 4036 2420 4090 domos
2449 4046 2749 4105 casteraque
2778 4036 3079 4100 tradamus;
3119 4046 3173 4091 et
3208 4037 3404 4092 deinde
3433 4037 3647 4093 crucia-

2061 4144 2182 4184 mur
2204 4128 2345 4199 quod
2379 4128 2682 4183 laboremus
2707 4129 2849 4184 aliis.
2868 4130 3021 4198 Sa-pe
3041 4138 3220 4184 autem
3249 4130 3412 4185 etiam
3441 4130 3507 4185 ad
3539 4145 3637 4186 no-

2062 4230 2204 4277 stros
2235 4221 2480 4275 inimicos
2505 4232 2684 4275 nostra
2719 4222 2957 4290 pervenit
3007 4222 3299 4285 hereditas,
3332 4238 3435 4277 non
3465 4223 3640 4277 solum

2062 4327 2183 4368 cum
2215 4326 2314 4366 nos
2339 4312 2753 4379 escesscrimus,
2772 4312 2865 4367 sed
2887 4312 3048 4366 etiam
3072 4314 3227 4368 notus
3252 4313 3426 4369 adhuc
3455 4315 3640 4369 viven-

2064 4407 2223 4462 tibus.
2247 4404 2382 4474 Quid
2410 4421 2538 4475 ergo
2555 4415 2639 4460 cst
2660 4406 2906 4460 miserius
2922 4422 3080 4476 quam
3108 4407 3355 4462 laborare
3382 4407 3635 4470 inimicis.

2058 4508 2110 4555 et
2151 4507 2210 4551 ut
2240 4497 2315 4551 illi
2345 4497 2398 4552 in
2424 4498 2605 4566 quiete
2630 4496 2858 4567 degant,
2888 4498 2991 4553 sibi
3043 4510 3258 4568 peccata
3311 4499 3639 4569 eumgerere?

2061 4592 2229 4660 Hujus
2255 4592 2331 4645 rei
2360 4590 2522 4645 multa
2554 4591 2792 4660 exempla
2822 4600 3113 4646 cernuntur
3143 4593 3193 4645 in
3220 4593 3562 4656 civitatibus;
3586 4600 3639 4644 et

2061 4692 2235 4746 taceo,
2291 4698 2359 4737 ne
2417 4681 2660 4737 molestia
2704 4685 2932 4737 alliciam
2972 4697 3065 4737 eos
3090 4685 3178 4751 qui
3230 4695 3350 4737 sunt
3409 4681 3638 4749 privati;

2060 4774 2320 4845 quosdam
2348 4788 2413 4828 ex
2446 4774 2523 4827 eis
2556 4774 3138 4835 nominatimdiccrem,
3162 4783 3217 4828 et
3245 4774 3404 4826 multa
3431 4789 3637 4842 possem

2062 4880 2298 4927 narrare,
2320 4875 2375 4918 et
2403 4864 2597 4917 multas
2622 4864 2771 4918 vobis
2792 4864 2984 4918 domos
3011 4865 3317 4927 ostendere,
3341 4878 3459 4932 qua:
3479 4878 3636 4918 acce-

2062 4967 2254 5028 perunt
2284 4956 2527 5010 dominos
2564 4957 2809 5011 inimicos
2833 4972 3019 5011 eorum
3047 4956 3135 5025 qui
3179 4955 3309 5010 iniis
3327 4954 3644 5010 fabricandis

2059 5057 2114 5103 et
2143 5048 2396 5102 ornandis
2422 5048 2823 5102 laboraverant:
2843 5063 2947 5101 non
2967 5048 3140 5100 solum
3168 5057 3346 5101 autem
3363 5047 3526 5111 aedes,
3545 5050 3636 5101 sed

2059 5148 2115 5192 ct
2143 5138 2405 5205 mancipia
2431 5147 2486 5193 et
2508 5148 2624 5193 tota
2649 5154 2790 5208 swpe
2819 5137 3084 5192 hereditas
3114 5138 3437 5206 pert'euitad
3467 5137 3637 5191 inimi-

2064 5255 2177 5296 cos.
2209 5238 2365 5293 Tales
2387 5248 2511 5291 sunt
2532 5251 2617 5290 res
2643 5239 2906 5290 humanae.
2935 5235 2990 5288 ln
3016 5233 3161 5287 cmlis
3193 5239 3371 5284 autem
3402 5230 3532 5283 nihil
3556 5238 3637 5284 est

2062 5331 2251 5388 horum
2285 5329 2426 5400 quod
2457 5328 2725 5391 verearis;
2767 5342 2960 5394 nempe
3007 5339 3075 5379 ne
3101 5338 3223 5377 cum
3265 5323 3364 5375 istc
3390 5320 3635 5376 decesse-

2060 5422 2160 5487 rit,
2206 5420 2345 5475 alius
2395 5419 2571 5473 veniat
2617 5417 2883 5479 inimicus,
2931 5428 2985 5469 et
3033 5411 3285 5467 succedat
3332 5410 3634 5465 hereditati.

2060 5509 2193 5567 Nam
2225 5524 2397 5579 neque
2424 5525 2570 5562 mors
2599 5516 2681 5561 est
2712 5506 2840 5571 illic,
2871 5521 2969 5558 nec
3000 5503 3326 5567 inimicitia};
3359 5503 3473 5557 sola
3514 5513 3643 5556 sunt

2063 5610 2374 5657 sanctorum
2421 5596 2809 5652 tabernacula:
2844 5596 2895 5647 in
2943 5594 3047 5647 illis
3095 5602 3274 5646 autem
3319 5593 3517 5646 sanctis
3558 5601 3634 5645 est

2060 5692 2368 5758 exsultatio,
2398 5689 2677 5759 gaudium,
2708 5685 2893 5740 laetitia
2922 5701 2936 5739 :
2978 5683 3089 5736 Vox
3132 5685 3298 5750 enim,
3331 5684 3503 5752 inquit
3550 5698 3637 5735 ea:-

2057 5782 2349 5840 sultatt‘onis
2401 5789 2471 5837 cst
2518 5780 2569 5834 it:
2611 5774 2946 5833 tabernaculis
2993 5775 3242 5837 iustorum
3290 5774 3459 5847 (Psal.
3516 5775 3636 5829 ll'l.
