3970 6152
3224 273 3251 281 ν-

298 384 409 440 223
1019 366 1075 421 S.
1114 359 1388 420 JOANNIS
1423 348 1893 413 CHRYSOSTOMl
1930 344 2245 403 ABCIIIEP.
2284 339 2812 400 CONSTANTINOD.
3218 438 3245 440 η
3399 439 3406 440 7
3448 324 3577 385 2353’

320 438 434 553 iii).
476 478 613 534 Sunt
639 481 861 537 aeterna,
891 469 1052 522 ﬁnem
1081 479 1188 519 non
1239 459 1527 515 habentia:
1562 462 1895 553 ea_tempore

2047 441 2221 498 cuniis
2269 439 2649 512 prmfcramus;
2688 448 2753 494 et-
2790 440 2992 508 absque
3038 438 3279 509 pecuniis
3325 439 3582 493 animamu-

2053 534 2066 553 I
2097 548 2270 553 A__-___
2302 531 2700 553 __!-__.!--_j-_..
2761 529 2901 553 λγει-ει
2932 540 3003 553 Α-.
3043 530 3177 553 -.-ΑΙ
3209 531 3274 553 :1-
3306 529 3528 553 [πμ-μή-

461 529 737 627 corruunt,
775 529 879 615 non
908 563 1117 612 mutant
1157 563 1517 623 possessores,
1547 547 1643 603 sed
1670 554 1814 600 stant
1840 545 1895 600 in
1982 533 2285 627 habeamus
2301 531 2727 627 misericordem.
2761 529 2905 585 Nihil
2928 530 3179 627 cst-quod
3209 531 3279 627 ita
3299 529 3555 627 plu-igua:

323 619 580 732 perpetuo
610 619 741 710 flore
767 666 830 707 ac
855 650 1074 720 vigore;
1121 619 1175 700 et
1208 643 1421 698 merito.
1467 639 1584 694 Non
1628 647 1711 693 est
1752 637 1898 692 enim
1982 641 2108 680 nmn
2140 625 2433 732 exprimat:
2456 632 2514 726 ut
2538 622 2883 693 elcemosyna
2923 639 2936 675 :
2969 621 3101 732 nihil
3125 621 3267 723 quod
3298 619 3572 732 increduli

322 709 435 809 illicl
453 747 647 820 aliquid
666 741 994 813 corruptioni
1014 737 1303 793 obnoxium
1325 733 1449 789 etin
1472 730 1612 801 quod
1639 728 1796 785 cadat
1819 729 1901 820 in-

2060 730 2247 771 omncs
2274 717 2344 770 ita
2369 713 2722 778 admirentur,
2748 721 2806 766 ιιι
2831 711 3042 782 quando
3069 712 3402 765 miseremur.
3431 709 3563 765 Nam

686 844 811 891 sunt
831 802 1016 887 omnia
1047 826 1450 883 immortalia‘et
1478 823 1530 877 in
1575 836 1692 892 quae
1718 818 1904 873 interi-
1989 822 2090 862 n05
2115 820 2497 908 nuntii-19.5mm
2550 805 2649 908 Illac
2677 818 2898 908 egemus
2939 802 3340 906 misericordia,
3367 810 3420 855 et
3452 802 3565 908 Pen

325 948 410 993 tus
434 933 565 989 nihil
593 938 787 1003 potest.
821 927 876 981 In
906 925 1007 979 hoc
1047 921 1330 977 aedificium
1361 915 1693 972 eﬂ'undamus
1741 926 1904 983 pecu-

2047 897 2226 952 Iotidie
2257 897 2484 951 dicimus
2517 913 2528 947 :
2565 894 2858 949 Secundum
2895 907 3134 964 magnam
3173 891 3567 946 misericordiam

2238 988 2249 999 ⁸
2561 984 2801 1003 .,!In_,l
2867 985 2932 1003 ns
3009 982 3062 1003 Il\
3121 984 3270 1003 ηυξ.--
3304 984 3401 1003 ἓᾉ-ε
3435 984 3535 1003 9,-2

326 1029 443 1084 nias
473 1047 488 1081 :
521 982 627 1080 nnii
656 1029 738 1076 est
761 1019 914 1074 nobis
940 1030 1075 1085 cpus
1102 1012 1288 1076 fabris,
1324 1024 1430 1063 non
1454 1005 1746 1077 operariis:
1772 1019 1905 1073 pau-

2048 1006 2131 1040 am
2180 988 2416 1041 miserere
2460 985 2621 1040 nostri
2650 984 2823 1056 (Psal.
2867 985 2958 1040 24.
3009 982 3086 1054 7).
3121 984 3274 1039 Prius
3303 984 3405 1054 ipsi
3435 984 3567 1039 inci-

327 1132 516 1192 perum
543 1128 733 1170 manus
764 1112 861 1165 has
887 1107 1041 1162 nobis
1072 1104 1216 1159 mdes
1238 1101 1521 1165 aediﬁcant,
1541 1095 1901 1192 claudi,ca_2_ei,

2049 1094 2229 1144 anius;
2265 1094 2373 1133 imo
2413 1092 2543 1132 vero
2583 1092 2690 1132 non
2721 1092 2867 1146 prius
2916 1092 3238 1147 mciptmus;
3281 1092 3392 1146 ipse
3430 1091 3571 1131 euun

2063 1189 2092 1192 -_
2136 1170 2355 1192 --.-A.IE.
2376 1185 2522 1192 ---ΑΨ
2550 1171 2598 1192 2..
2625 1184 2720 1192 η--
2746 1168 3165 1192 --.2---2-Α-.Ιξ-...
3203 1186 3216 1192 -
3251 1170 3340 1192 ..-Δ
3375 1169 3546 1192 J3I--n!

326 1168 716 1280 :tiivq—uisunt
738 1202 911 1258 manci
942 1215 1004 1254 ac
1034 1195 1207 1252 mutili
1234 1214 1247 1249 :
1276 1194 1331 1248 hi
1362 1193 1480 1247 illas
1503 1187 1909 1245 :editicant.Nec
1991 1173 2098 1243 iam
2127 1170 2525 1275 osfendilsuam
2550 1171 2601 1224 in
2625 1184 2727 1280 nous1
2746 1168 3168 1280 misericordiam
3202 1186 3216 1235 ;
3248 1170 3342 1272 seti
3371 1169 3572 1280 ἀίιοίξιῖν

330 1260 561 1363 mireris,
591 1312 711 1353 cum
742 1296 901 1351 etiam
930 1305 1154 1361 regnum
1183 1288 1283 1359 ipsi
1332 1285 1484 1339 nobis
1514 1282 1831 1346 concilient,
1856 1292 1912 1336 ct
1996 1260 2815 1363 ΡίξδιοιξῑοτεξέθίιιιτξξηυτχΝαιιι
2865 1261 2910 1363 εξ
2956 1261 3201 1363 ίιξηηίιξθξ
3253 1260 3575 1362 φῖδθτθυιυτ

330 1349 929 1451 ςϊῦξιξξηνᾶξέη-ηοωε
955 1349 1225 1437 “audam:
1998 1352 2669 1451 misericordis,-etiamsi
2716 1359 2942 1451 peccata
2983 1349 3209 1451 fecerint
3268 1350 3572 1451 innumera,

405 1485 740 1553 Eleemosyna
781 1495 843 1535 ex
880 1476 1063 1546 rapina
1101 1473 1439 1544 improbatur.
1470 1470 1672 1524 Laudes
1700 1467 1913 1522 eiecim-

2047 1446 2171 1500 mlto
2224 1445 2393 1514 magis
2418 1443 2579 1498 Deus.
2615 1440 3087 1509 AudiProphetam
3129 1440 3393 1496 dicentem
3426 1459 3439 1495 :
3469 1440 3581 1511 Ego

333 1530 922 1649 apum—Elecmosyna
935 1530 1079 1624 enim
1102 1530 1392 1635 esioptima
1409 1572 1461 1618 et
1477 1562 1912 1635 prmstantissima
2002 1534 2407 1649 g‘f“?::\i';‘iuiti
2436 1534 2563 1649 "’1’":
2586 1533 2798 1649 fma-11:"
2800 1532 3010 1649 “ﬁlim
3035 1532 3089 1649 ‘2‘
3121 1531 3268 1649 ἀίξῗο
3292 1530 3384 1649 υἷι
3408 1530 3578 1649 ips“!-

336 1623 357 1634 "
398 1623 494 1632 ""'
574 1623 781 1630 —"‘”"
802 1623 841 1642 ’J
950 1623 955 1624 ’
1233 1623 1245 1635 ι
1477 1623 1494 1635 ι

336 1623 578 1739 (ιῗιωιιθηι
595 1679 700 1729 ars,
716 1671 898 1731 etquae
915 1656 1370 1729 patrocinatur‘eis
1388 1656 1476 1725 qui
1495 1662 1746 1709 exercent
1760 1669 1874 1707 eam
1897 1669 1911 1707 :

2047 1629 2093 1682 l.
2114 1627 2226 1696 10).
2247 1624 2463 1679 Fiamus
2480 1624 2612 1678 tales
2642 1624 2813 1694 qualis
2852 1623 3004 1689 olea;
3044 1623 3191 1677 omni
3215 1638 3281 1678 ex
3307 1633 3461 1694 parte
3490 1639 3581 1679 ur-

2047 1734 2192 1739 __.._-_
2221 1716 2499 1739 __..--_s2-
2557 1730 2659 1739 ..ΑΛ-ει
2697 1714 2832 1739 μυξη..
2852 1714 3043 1739 η..ηέι.ει
3069 1730 3182 1739 Α---
3202 1726 3252 1739 .-ι
3277 1717 3446 1739 nl---“
3488 1717 3580 1739 --.Ι

337 1714 419 1814 ζει
434 1757 574 1813 enim
595 1755 703 1808 Deo
719 1753 909 1817 amica,
930 1757 1033 1803 stat
1053 1762 1263 1815 semper
1279 1745 1327 1800 ei
1346 1745 1661 1815 prepinqua,
1683 1759 1780 1813 pro
1800 1744 1919 1813 qui-

2047 1734 2193 1773 emur
2221 1716 2502 1787 prmceptis
2519 1754 2536 1782 ,
2557 1730 2660 1769 non
2693 1714 2833 1771 enim
2852 1714 3049 1769 sufficit
3065 1730 3184 1770 esse
3202 1726 3259 1769 ut
3273 1717 3472 1782 oleam,
3488 1717 3587 1770 sed

337 1848 440 1903 bus
492 1845 621 1899 velit
647 1842 799 1896 facile
836 1803 1022 1909 petens
1058 1803 1307 1907 gratiam,
1347 1834 1391 1888 si
1422 1803 1583 1887 modo
1618 1849 1645 1885 a
1683 1833 1838 1887 nobis
1867 1833 1917 1887 ei
2008 1817 2222 1909 0139"“
2250 1807 2411 1909 θιίίξηξ
2436 1820 2559 1860 esse
2589 1803 2943 1859 ίτηείπθτθπηο
2974 1804 3111 1909 ξυηῃι
3138 1806 3404 1909 θηίωξιιιῖ.
3427 1808 3587 1909 πιῖεξ·

340 1952 447 1993 non
477 1936 568 1990 fiat
608 1930 835 2003 injuria;
868 1927 927 1982 fit
950 1936 1151 1994 autem,
1188 1923 1400 1994 quando
1425 1939 1541 1979 eam
1579 1923 1802 1979 facimus
1850 1939 1916 1979 ex

341 2028 559 2099 rapina:
587 2022 728 2096 quod
755 2022 800 2083 si
827 2021 897 2076 sit
923 2033 1054 2090 pura
1081 2032 1142 2072 ac
1164 2017 1394 2082 sincera,
1414 2016 1633 2070 militum
1658 2015 1751 2070 dat
1780 2016 1919 2069 fidu-

340 2124 477 2181 ciam
504 2122 570 2176 iis
596 2120 687 2191 qui
721 2132 839 2173 eam
872 2129 1084 2170 sursum
1128 2113 1398 2168 emittunt.
1430 2110 1615 2166 Tanta:
1651 2122 1775 2166 sunt
1803 2114 1917 2181 ejus

341 2214 504 2276 vires,
536 2220 593 2266 ut
617 2209 775 2265 etiam
799 2220 896 2277 pro
923 2204 987 2281 iis
1016 2213 1268 2273 precetur
1295 2203 1385 2272 qui
1410 2202 1544 2272 lapsi
1572 2212 1696 2257 sunt
1719 2206 1917 2273 quique

346 2312 654 2376 peccarunt.
687 2300 803 2368 Ipsa
847 2295 1118 2367 perfringit
1165 2294 1396 2360 vincula,
1441 2293 1599 2347 solvit
1646 2295 1915 2361 tenebras,

347 2398 524 2467 ignem
569 2391 887 2462 exstinguit,
927 2403 1162 2443 vermem
1214 2386 1503 2452 interimit,
1533 2386 1751 2456 expellit
1790 2388 1919 2441 stri-

346 2489 531 2544 dorem
578 2486 813 2541 dentium
847 2502 860 2537 :
891 2483 939 2537 ei
984 2496 1103 2536 cum
1137 2494 1323 2549 magna
1352 2478 1639 2533 securitate
1666 2480 1921 2547 aperiun-

338 2594 425 2641 tur
475 2590 641 2652 portre
692 2578 964 2633 czelorum.
1016 2572 1083 2628 Et
1138 2572 1275 2627 sicut
1322 2568 1652 2641 ingrediente
1713 2569 1916 2638 regina,

339 2675 515 2731 nullus
541 2687 605 2727 ex
648 2669 734 2735 iis,
767 2666 852 2723 cui
895 2673 978 2722 est
1018 2663 1306 2720 commissa
1352 2670 1624 2731 portarum
1652 2658 1917 2726 custodia,

340 2762 556 2820 audebit
584 2760 892 2817 examinare
920 2771 1165 2828 qumnam
1210 2755 1278 2809 sit
1316 2763 1370 2808 et
1398 2752 1571 2817 unde,
1603 2749 1695 2807 sed
1735 2766 1921 2806 omnes

342 2856 521 2913 statim
548 2867 667 2910 eam
708 2850 1021 2919 excipiunt:
1052 2847 1125 2901 ita
1164 2846 1323 2901 etiam
1366 2845 1762 2914 eleemosyuam
1796 2860 1809 2895 :
1839 2851 1922 2897 est

345 2948 489 3004 enim
519 2960 583 3001 re
609 2958 736 2999 vera
765 2943 971 3012 regina,
1003 2939 1248 2994 homines
1293 2938 1402 2992 Deo
1448 2936 1649 2991 faciens
1695 2933 1923 2988 similes.

346 3038 524 3094 Estote
567 3035 731 3099 enim,
775 3033 965 3102 inquit,
1012 3029 1379 3093 misericordes,
1416 3027 1544 3081 sicut
1582 3024 1742 3079 Pater
1774 3035 1929 3078 rester

350 3127 566 3184 cwlestis
593 3134 667 3180 est
693 3124 979 3178 misericors
1007 3120 1155 3191 (Luc.
1182 3119 1234 3174 6.
1261 3119 1371 3189 56).
1404 3117 1498 3171 Est
1522 3117 1658 3170 alata
1689 3126 1743 3170 et
1774 3115 1928 3180 levis,

352 3220 467 3274 alas
496 3216 654 3271 habet
682 3227 894 3279 aureas,
922 3213 1083 3266 habet
1113 3209 1341 3264 volatum
1384 3208 1473 3278 qui
1512 3207 1667 3261 valde
1697 3205 1933 3260 oblectat

353 3309 596 3380 angelos.
628 3307 759 3369 Illic,
806 3303 994 3373 inquit,
1026 3300 1216 3355 Penme
1263 3297 1512 3353 columbis
1572 3298 1931 3367 deargentaue,

357 3413 405 3458 et
435 3401 642 3455 dorsum
689 3398 798 3468 ejus
840 3395 895 3447 in
923 3391 1125 3464 fulgore
1170 3390 1283 3443 auri
1315 3388 1485 3460 (Psal.
1516 3388 1604 3443 67.
1638 3389 1746 3458 M).
1783 3386 1938 3442 Volat

358 3493 501 3549 enim
542 3500 811 3556 tamquam
846 3484 1092 3556 qumdam
1125 3497 1284 3536 aurea
1330 3488 1385 3534 et
1433 3480 1621 3533 vivens
1665 3478 1934 3547 columba,

360 3584 628 3659 placidum
656 3581 858 3636 habens
887 3587 1164 3648 aspectum
1204 3585 1258 3629 et
1297 3574 1480 3629 mitem
1518 3574 1752 3632 oculum.
1796 3572 1941 3626 Nihil

362 3688 447 3736 est
473 3679 569 3734 illo
596 3676 753 3732 oculo
782 3674 996 3728 melius.
1026 3670 1254 3725 Pulcher
1284 3677 1367 3722 est
1394 3675 1449 3721 et
1475 3681 1630 3736 pavo,
1661 3665 1757 3721 sed
1786 3666 1852 3720 ad
1881 3665 1945 3719 il-

363 3772 469 3827 lam
494 3770 739 3829 collatus.
769 3775 850 3821 est
875 3763 1125 3835 graculus
1145 3780 1159 3815 :
1177 3759 1310 3814 adeo
1338 3769 1419 3813 est
1447 3756 1561 3812 haec
1588 3758 1699 3810 avis
1726 3755 1947 3824 pulchra

367 3873 421 3917 et
454 3859 803 3916 admirabilis.
833 3857 1100 3925 Perpetuo
1128 3866 1335 3906 sursum
1381 3858 1604 3919 Spectat,
1651 3849 1815 3902 multa
1856 3846 1949 3901 Dei

369 3951 729 4009 circumdatur
750 3947 919 4018 gloria
943 3962 957 4011 ;
987 3952 1070 3999 est
1096 3943 1245 4011 virgo
1277 3955 1479 4010 pennas
1507 3938 1707 3993 habens
1733 3952 1947 4003 aureas,

371 4042 691 4113 composita,
724 4038 859 4091 facie
899 4033 1125 4089 candida
1166 4042 1219 4086 et
1259 4041 1537 4084 mansueta
1570 4048 1581 4082 :
1612 4038 1696 4084 est
1729 4029 1867 4081 alata
1898 4036 1954 4083 et

374 4135 529 4200 levis,
561 4142 711 4186 stans
740 4140 908 4198 prope
939 4125 1190 4178 thronum
1222 4121 1470 4189 Regium.
1500 4120 1723 4186 Quando
1746 4119 1952 4187 judica-

377 4240 532 4290 mur,
578 4222 733 4276 adest
779 4225 1001 4287 repente
1044 4223 1099 4269 et
1143 4221 1385 4283 apparet,
1417 4221 1471 4265 et
1499 4226 1596 4264 nos
1639 4226 1666 4263 a
1696 4210 1955 4278 supplicio

377 4317 539 4387 eripit
583 4314 693 4368 suis
741 4311 932 4381 pennis
982 4306 1334 4377 amplectens.
1382 4303 1512 4357 Eam
1559 4303 1698 4357 Deus
1760 4302 1960 4356 mavult

380 4423 540 4482 quam
571 4403 830 4461 sacrificia
852 4421 866 4457 :
885 4402 1047 4456 multa
1065 4414 1207 4469 saepe
1234 4397 1300 4453 de
1330 4414 1391 4453 ea
1409 4397 1644 4467 loquitur
1674 4413 1686 4448 :
1719 4398 1787 4449 ita
1816 4396 1960 4450 illam

383 4499 576 4571 diligit.
593 4495 812 4551 Viduam
849 4501 895 4547 et
922 4492 1175 4562 pupillum
1199 4498 1244 4543 et
1274 4488 1772 4560 pauperemyiuquit,
1801 4489 1961 4542 susci-

385 4596 507 4667 piet.
524 4593 599 4649 Ex
620 4606 683 4646 ea
695 4589 808 4644 vult
836 4587 978 4641 Deus
1005 4584 1296 4655 appellari:
1321 4584 1585 4637 Miseralor
1612 4594 1656 4637 et
1687 4584 1966 4637 misericors

390 4686 657 4749 Dominus,
685 4682 759 4735 ait
782 4677 966 4742 David,
995 4675 1297 4746 longanimis
1322 4685 1369 4728 et
1395 4675 1565 4727 multa:
1590 4673 1961 4740 misericordia,

388 4791 435 4835 et
469 4793 622 4833 verax
649 4773 822 4847 (Psal.
866 4771 989 4827 145.
1016 4770 1070 4825 9.
1099 4777 1144 4823 et
1170 4767 1290 4835 l02,
1309 4767 1363 4822 8.
1384 4776 1429 4820 et
1461 4768 1581 4821 1M.
1600 4767 1688 4837 8);
1714 4776 1968 4823 ctrursus

391 4873 547 4934 alius,
587 4865 938 4923 Misericordia
969 4861 1065 4916 Dei
1091 4876 1242 4930 super
1258 4874 1454 4913 omnem
1470 4867 1653 4912 terram
1679 4856 1847 4928 (Psal.
1877 4857 1965 4913 56.

395 4969 508 5040 12).
536 4966 651 5036 Ipsa
677 4964 883 5018 salvum
916 4959 1041 5014 fecit
1069 4971 1236 5029 genus
1262 4954 1574 5016 hominum;
1602 4967 1725 5006 nam
1742 4953 1842 5007 nisi
1872 4968 1974 5009 no-

394 5063 491 5119 stri
520 5067 665 5116 esset
690 5057 962 5121 misertus,
980 5052 1157 5108 omnia
1183 5049 1500 5120 periissent:
1531 5046 1640 5116 ipsa
1668 5045 1975 5101 misericor-

398 5156 485 5211 dia
512 5165 630 5215 nos,
655 5164 776 5204 cum
798 5159 1038 5202 essemus
1084 5144 1298 5207 hostes,
1332 5138 1631 5195 conciliavit
1658 5154 1671 5191 :
1700 5136 1811 5205 ipsa
1838 5135 1977 5191 bona

401 5245 530 5303 fecit
548 5237 970 5303 innumerabilia,
1005 5237 1117 5305 ipsa
1143 5231 1409 5304 persuasit
1453 5229 1549 5285 Dei
1585 5227 1720 5283 Filio
1744 5237 1803 5282 ut
1829 5227 1979 5284 fieret

405 5354 594 5399 servus
617 5348 674 5396 et
701 5338 937 5407 seipsum
967 5331 1286 5389 cxinaniret.
1317 5330 1445 5385 Eam
1474 5328 1812 5393 aemulemur,
1841 5325 1978 5380 dile-

407 5432 499 5498 cti,
530 5444 793 5502 perquam
819 5425 950 5482 salvi
978 5424 1100 5478 facti
1129 5436 1313 5476 sumus
1338 5438 1354 5487 ;
1380 5435 1498 5476 eam
1525 5419 1828 5490 diligamus,
1862 5431 1978 5471 eam

2010 1907 2191 1954 rentes
2216 1913 2312 1968 per
2341 1904 2507 1950 totum
2536 1910 2730 1949 annum
2776 1910 2943 1964 pauca
2974 1895 3195 1960 dantes,
3228 1896 3311 1950 vcl
3363 1897 3588 1965 singulis

2013 1985 2381 2050 hebdomadis,
2402 1993 2494 2039 aut
2520 1984 2781 2038 tantillum
2805 1993 3125 2053 crogantcs;
3150 1985 3237 2040 isti
3270 1995 3395 2040 sunt
3409 1987 3585 2053 olivae,

2015 2077 2109 2133 sed
2131 2091 2235 2130 non
2257 2073 2565 2138 fructiferae,
2594 2089 2779 2128 verum
2801 2073 2986 2128 aridaa.
3012 2075 3141 2129 Nam
3167 2076 3305 2145 quod
3332 2078 3591 2132 miseren-

2020 2179 2102 2224 tur
2121 2167 2359 2238 quidem,
2387 2174 2513 2221 sunt
2531 2166 2687 2220 olivze
2710 2183 2724 2229 ;
2749 2165 2841 2220 sed
2873 2169 3122 2236 quoniam
3156 2182 3261 2222 non
3292 2167 3437 2239 large
3457 2179 3511 2224 et
3533 2171 3595 2223 li-

2020 2260 2292 2323 beraliter,
2338 2272 2444 2310 non
2487 2267 2608 2311 sunt
2635 2256 2786 2311 oliva:
2819 2257 3122 2313 fructiferae.
3155 2258 3259 2313 Sed
3289 2261 3456 2314 simus
3496 2278 3595 2315 nos

2023 2349 2302 2404 fructiferi.
2330 2347 2483 2416 Saepe
2513 2346 2642 2413 disi,
2666 2356 2719 2401 ct
2747 2362 2887 2401 nunc
2927 2346 3047 2401 dico
3077 2363 3093 2413 ;
3124 2364 3228 2403 non
3269 2364 3456 2404 eorum
3478 2367 3598 2421 qua:

2026 2444 2147 2498 data
2165 2450 2289 2497 sunt
2306 2455 2553 2495 mensura
2570 2447 2625 2495 et
2653 2440 2948 2509 quantitate
2968 2440 3265 2495 ostenditur
3291 2442 3599 2512 magnitudo

2031 2534 2410 2604 eleemosynte,
2436 2533 2529 2588 sed
2558 2535 2675 2603 ejus
2701 2535 2789 2604 qui
2830 2534 2924 2590 dat
2969 2537 3238 2592 voluntate
3266 2544 3321 2591 ct
3345 2536 3614 2591 instituto.

2034 2619 2195 2681 Scitis
2224 2625 2348 2695 quid
2380 2624 2566 2680 fecerit
2604 2626 2759 2681 vidua
2790 2645 2805 2693 ;
2835 2630 3056 2698 expedit
3084 2629 3227 2685 enim
3256 2643 3467 2698 semper
3508 2628 3614 2680 hoc

2034 2714 2228 2770 offerre
2253 2715 2579 2784 exemplum,
2610 2724 2665 2769 ut
2691 2732 2759 2771 ne
2783 2732 2986 2788 pauper
3006 2719 3221 2790 quidem
3251 2718 3317 2773 de
3344 2733 3402 2773 se
3423 2717 3608 2784 despe-

2035 2813 2138 2871 ret,
2165 2805 2353 2860 videns
2379 2821 2497 2861 eam
2541 2822 2661 2875 quae
2695 2808 2802 2862 duo
2849 2810 3072 2864 contulit
3102 2810 3325 2864 minuta;
3358 2807 3610 2863 Tuleruut

2037 2898 2252 2969 quidam
2290 2902 2459 2953 etiam
2477 2899 2612 2968 pilos
2651 2914 2772 2953 cum
2803 2902 3058 2971 templum
3105 2910 3527 2962 eonstrueretur,
3562 2908 3613 2955 et

2041 3005 2109 3045 ne
2141 2990 2225 3045 isti
2256 2990 2471 3061 quidem
2512 2999 2637 3046 sunt
2682 2992 2887 3061 reiecti.
2939 2993 3045 3049 Sed
3086 2998 3132 3048 sl
3173 3008 3359 3049 aurum
3404 2991 3616 3062 quidem

2044 3081 2323 3146 habentes,
2357 3082 2491 3151 pilos
2532 3082 2876 3148 obtulissent,
2915 3082 3139 3139 fuissent
3184 3083 3534 3147 exsecrandi;
3577 3098 3617 3137 ε’

2043 3182 2221 3226 autem
2251 3188 2369 3226 cum
2401 3171 2502 3226 hoc
2544 3172 2716 3227 solum
2749 3173 3029 3241 haberent,
3064 3174 3114 3228 id
3150 3175 3477 3239 obtulerunt,
3507 3173 3621 3228 fue-

2044 3274 2168 3318 runt
2205 3264 2431 3332 accepti.
2466 3264 2753 3332 Propterea
2781 3266 2909 3319 Cain
2940 3281 3154 3336 quoque
3198 3265 3295 3319 fuit
3327 3263 3621 3335 reprehen-

2046 3369 2157 3418 sus,
2188 3368 2291 3408 non
2321 3353 2460 3424 quod
2490 3354 2610 3406 vilia
2635 3354 2908 3420 obtulerit,
2940 3356 3033 3410 sed
3060 3356 3202 3425 quod
3229 3355 3484 3409 vilissima
3511 3369 3624 3408 om-

2050 3447 2195 3500 nium
2247 3462 2367 3516 quae
2424 3446 2649 3500 habuit:
2708 3446 3047 3513 Maledictus,
3101 3449 3304 3518 inquit,
3350 3449 3435 3515 qui
3482 3448 3626 3502 habet

2050 3539 2351 3604 masculum,
2394 3548 2439 3592 et
2477 3537 2586 3592 Deo
2612 3538 2759 3605 offert
2788 3550 3081 3610 corruptum
3119 3541 3374 3610 (Malae/1.
3419 3541 3471 3595 1.
3513 3538 3628 3610 14).

2051 3629 2165 3683 Non
2194 3629 2439 3683 absolute
2467 3629 2634 3693 dixit;
2675 3631 2767 3684 sed
2803 3632 3111 3700 quihahct,
3144 3633 3333 3701 inquit,
3361 3641 3414 3686 et
3440 3632 3630 3700 parcit.

2055 3719 2108 3774 Si
2135 3720 2397 3788 quiSpiam
2425 3734 2552 3788 ergo
2594 3736 2699 3773 non
2730 3720 2920 3787 habet,
2950 3724 3102 3791 culpa
3142 3732 3313 3787 vacat,
3358 3723 3465 3777 imo
3506 3739 3633 3777 vero

2058 3811 2215 3864 habet
2241 3809 2563 3864 mercedem.
2587 3810 2733 3877 Quid
2751 3814 2891 3865 enim
2919 3822 3001 3866 est
3026 3813 3182 3866 vilius
3207 3812 3414 3867 duobus
3436 3812 3631 3874 obolis,

2057 3911 2110 3955 cl
2136 3903 2303 3971 magis
2332 3901 2479 3954 nihili
2511 3918 2667 3971 quam
2699 3903 2827 3971 pili?
2861 3904 2985 3972 quid
3022 3905 3195 3974 cotyla
3225 3905 3412 3958 similce
3446 3904 3634 3958 vilius?

2058 3991 2151 4044 sed
2182 3999 2355 4044 tamen
2400 3992 2515 4044 hare
2540 4006 2646 4044 non
2689 3990 2901 4046 fuerunt
2931 3993 3189 4047 mstimata
3223 3993 3442 4046 minoris
3477 4008 3633 4063 quam

2060 4083 2208 4137 vituli
2257 4092 2311 4136 et
2352 4098 2563 4137 aurum.
2615 4082 2748 4136 Nam
2787 4084 3044 4150 Quatenus
3091 4085 3288 4155 quidem
3325 4084 3468 4136 habet
3503 4084 3636 4153 quis-

2063 4176 2197 4246 piam
2227 4185 2298 4228 est
2328 4186 2582 4245 acceptus,
2616 4192 2717 4228 non
2744 4188 2991 4249 quatenus
3017 4193 3116 4230 non
3148 4176 3294 4230 habet
3325 4177 3397 4247 (2.
3434 4174 3554 4230 Cor.
3582 4177 3638 4231 8.

2065 4271 2153 4342 1‘2)
2175 4289 2189 4335 ;
2214 4280 2267 4326 et
2287 4313 2300 4336 ,
2340 4268 2597 4338 Quatenus
2623 4271 2768 4326 habet
2789 4313 2802 4335 ,
2843 4273 3035 4342 inquit,
3065 4288 3245 4328 manus
3273 4283 3380 4340 tua,
3411 4272 3639 4344 benefac.

2066 4363 2212 4428 ideo,
2258 4378 2406 4431 rogo,
2453 4364 2614 4418 alacri
2659 4364 2841 4418 animo
2882 4363 3219 4418 ell‘undamus
3264 4363 3542 4419 facultates
3589 4364 3644 4418 in

2066 4470 2327 4524 pauperes
2353 4473 2365 4509 :
2389 4456 2488 4510 etsi
2520 4471 2697 4523 parvae
2726 4456 2852 4522 sint,
2879 4456 3123 4511 eamdem
3150 4456 3478 4525 accipiemus
3506 4471 3647 4511 mer-

2068 4548 2255 4603 cedem
2283 4563 2438 4616 quam
2466 4548 2554 4617 qui
2584 4548 2735 4614 plura
2764 4550 3130 4612 contulerunt,
3166 4548 3270 4601 imo
3310 4549 3457 4616 plura
3486 4563 3648 4618 quam

2071 4639 2160 4709 qui
2190 4639 2385 4693 talenta
2414 4639 2758 4692 contulerunt
2784 4638 3213 4693 innumerabilia.
3241 4638 3296 4692 Si
3326 4639 3439 4692 inec
3481 4638 3651 4692 facian

2077 4744 2217 4794 mus,
2257 4744 2605 4798 assequemur
2634 4730 2726 4801 Dei
2769 4728 3049 4783 thesauros
3091 4728 3431 4785 ineffabiles:
3459 4730 3505 4784 si
3543 4744 3653 4784 non

2066 4830 2239 4888 solum
2265 4828 2560 4891 audiamus,
2587 4825 2680 4881 sed
2707 4827 2865 4881 etiam
2888 4842 3140 4897 agamus;
3168 4827 3212 4881 si
3236 4842 3342 4882 non
3369 4825 3644 4882 laudemus

2072 4903 2298 4984 tantum,
2328 4918 2421 4973 sed
2447 4918 2608 4973 etiam
2636 4917 2788 4971 factis
2812 4919 3179 4975 ostendamus.
3208 4918 3339 4986 Quae
3367 4918 3528 4973 detur
3552 4934 3643 4971 no-

2068 5013 2149 5068 bis
2177 5011 2422 5067 omnibus
2452 5010 2746 5080 consequi,
2776 5012 2943 5081 gratia
2982 5020 3038 5065 et
3066 5010 3393 5080 benignitate
3436 5009 3644 5064 Domini

2067 5114 2233 5169 nostri
2262 5112 2388 5168 Jesu
2416 5111 2638 5175 Christi,
2666 5123 2787 5163 cum
2826 5119 2931 5175 quo
2960 5104 3104 5158 Patri
3145 5115 3246 5154 una
3288 5113 3410 5154 cum
3457 5103 3649 5151 sancto

2058 5196 2263 5277 ‘Spiritu
2291 5205 2478 5274 gloria,
2510 5202 2814 5273 imperium,
2844 5198 3034 5264 honor,
3063 5208 3206 5249 nunc
3233 5203 3287 5248 et
3315 5206 3549 5261 semper,
3589 5194 3644 5243 et

2071 5299 2123 5353 in
2153 5294 2349 5351 szecula
2373 5292 2716 5351 saeculorum.
2747 5289 2940 5346 Amen.

1783 5686 2345 5714 ’ἠδ-
