3970 6152
373 372 470 437 επ

372 489 425 544 ού
448 486 557 557 γὰρ
593 483 710 538 ἐστι
742 501 797 537 τι
837 483 1077 556 φθαρτὸν
1108 483 1230 537 οὐδὲ
1286 482 1553 554 ἐπίκηρον
1604 483 1737 546 ἐκεῖ,
1796 479 1933 533 ἀλλά

371 570 538 625 πάντα
559 567 806 621 ἀθάνατα
831 569 924 621 καὶ
944 567 1218 637 ἀκήρατα.
1254 564 1466 617 Οὐκοῦν
1498 563 1827 633 κενώσωμεν
1851 563 1932 624 εἰς

366 651 559 721 ταύτην
588 650 686 720 τήν
717 649 1009 721 οἰκοδομὴν
1037 648 1106 701 τά
1144 649 1404 718 χρήματα
1428 660 1443 674 °
1480 647 1543 700 οὐ
1598 646 1679 698 δεῖ
1738 645 1931 699 τεκτό-

366 750 462 787 νων
517 732 675 802 ήμῖν,
730 730 853 784 οὐδέ
907 730 1155 800 ἐργατῶν
1188 746 1202 760 σ
1241 728 1426 781 αἰτῶν
1476 730 1724 793 πενήτων
1753 729 1933 799 χεῖρες

366 814 454 878 τὰς
503 812 765 875 τοιαύτας
803 810 1180 881 οἰκοδομοῦσιν
1234 810 1434 873 οἰκίας,
1464 811 1512 862 οἰ
1541 809 1726 879 χωλοὶ,
1757 809 1807 861 οί
1834 824 1932 860 τυ-

368 896 503 966 φλοὶ,
539 896 590 948 οἰ
621 894 896 964 ἀνάπηροι
922 909 937 923 ο
968 887 1115 948 οὗτοι
1171 893 1386 954 ἐκείνας
1418 892 1517 954 τὰς
1572 892 1749 953 οἰκίας
1779 892 1926 943 οἰκο-

366 977 605 1049 δομοῦσι.
641 976 752 1031 Καὶ
784 976 859 1046 μή
892 975 1205 1046 θαυμάσῃς,
1259 975 1394 1027 ὅπου
1421 991 1485 1041 γε
1510 974 1603 1028 καὶ
1654 973 1931 1042 βασιλείαν

365 1062 489 1132 ἡμῖν
517 1054 666 1114 οὗτοι
696 1056 1042 1127 προξενοῦσι,
1068 1057 1165 1110 καὶ
1192 1056 1507 1127 παρρησίαν
1559 1056 1691 1126 ἡμῖν
1724 1054 1930 1108 διδόασι

369 1143 495 1215 πρὸς
518 1142 611 1195 τὸν
640 1140 797 1195 Θεόν.

437 1225 505 1278 Ἦ
531 1223 640 1295 γὰρ
683 1220 1024 1293 ἐλεημοσύνη
1058 1221 1221 1291 τέχνη
1253 1219 1336 1285 τίς
1364 1221 1511 1275 ἐστιν
1565 1219 1785 1293 ἀρίστη,
1837 1218 1933 1272 καὶ

370 1309 657 1380 προστάτις
685 1306 795 1359 τῶν
826 1304 1210 1377 ἐργαζομένων
1232 1305 1403 1374 αὐτήν
1422 1322 1435 1334 ·
1466 1303 1595 1374 φίλη
1607 1304 1715 1373 γὰρ
1727 1300 1933 1372 τῷΘεῷ

374 1389 518 1463 [299]
529 1391 667 1453 ἐστι,
683 1388 780 1442 καὶ
801 1387 1027 1457 πλησίον
1047 1387 1276 1453 ἕστηκεν
1290 1386 1475 1451 αὐτοῦ,
1494 1386 1633 1455 ὑπὲρ
1646 1380 1720 1437 ὧν
1735 1385 1800 1439 ἂν
1817 1383 1934 1454 βού-

371 1473 545 1540 ληται,
574 1470 809 1532 εὐκόλως
834 1469 1058 1522 αἰτοῦσα
1082 1469 1263 1538 χάριν,
1286 1468 1449 1539 μόνον
1474 1468 1542 1522 ἀν
1575 1467 1649 1538 μὴ
1675 1467 1931 1535 ἀδικῆται

370 1557 497 1625 παρ’
519 1553 673 1623 ἡμῶν
695 1569 710 1582 ο
734 1552 1001 1606 ἀδικεῖται
1021 1550 1100 1617 δὲ,
1122 1552 1251 1604 ὅταν
1272 1549 1332 1615 ἐξ
1357 1550 1616 1619 ἁρπαγῆς
1638 1549 1808 1618 αὐτὴν
1835 1551 1933 1621 ἐρ-

368 1635 660 1705 γαζώμεθα
683 1650 697 1663 ·
721 1633 798 1696 ὡς
843 1633 938 1686 ἐὰν
1035 1631 1272 1703 καθαρὰ,
1308 1631 1508 1703 πολλὴν
1538 1633 1651 1694 τοῖς
1680 1630 1933 1701 ἀναπέμ-

368 1735 558 1772 πουσιν
584 1716 754 1786 αὐτὴν
787 1714 972 1769 δίδωσι
997 1714 1096 1784 τὴν
1127 1715 1465 1786 παρρησίαν.
1490 1713 1739 1782 Τοσαύτη
1761 1714 1931 1783 αὐτῆς

365 1802 398 1872 ή
428 1801 602 1870 ἰσχὺς,
627 1800 711 1852 ὅτι
737 1797 833 1850 καὶ
874 1797 1014 1867 ὑπὲρ
1050 1796 1574 1868 προσκεκρουκότων
1611 1793 1803 1859 δεῖται,
1837 1797 1931 1847 καὶ

367 1882 502 1954 ὑπὲρ
551 1879 976 1953 ἡμαρτηκότων.
1032 1879 1185 1949 Α’ύτη
1232 1879 1593 1951 διαρῤήγνυσι
1621 1877 1690 1931 τὰ
1719 1876 1929 1947 δεσμὰ,

365 1964 557 2018 λύειτδ
590 1964 807 2029 σκότος,
849 1961 1101 2016 σϐέννυσι
1123 1961 1186 2015 τὸ
1220 1960 1354 2033 πῦρ,
1387 1961 1612 2016 θανατοῖ
1641 1960 1732 2013 τὸν
1787 1961 1931 2013 σκώ-

364 2048 524 2117 ληκα,
578 2045 877 2099 ἀπελαύνει
908 2045 1000 2097 τὸν
1028 2044 1139 2098 τῶν
1190 2044 1418 2099 ὀδόντων
1453 2043 1697 2114 βρυγμόν
1722 2060 1733 2074 ·
1760 2041 1933 2114 ταύτῃ

368 2130 500 2198 μετά
527 2127 733 2197 πολλῆς
771 2127 951 2190 ἀδείας
984 2127 1290 2195 ἀνοίγονται
1326 2125 1434 2179 τῶν
1469 2124 1713 2196 οὐρανῶν
1742 2125 1798 2178 αι
1825 2125 1931 2177 πύ-

364 2210 470 2265 λαι.
493 2211 605 2266 Καὶ
629 2209 818 2280 ὥσπερ
853 2208 1120 2281 βασιλίδος
1145 2208 1420 2279 εἰσιούσης
1463 2208 1636 2272 οὐδεὶς
1671 2206 1932 2277 τολμήσει

363 2295 470 2348 τῶν
494 2294 752 2364 φυλάκων
777 2292 886 2346 τῶν
907 2294 1001 2346 ἐπὶ
1026 2296 1144 2355 ταῖς
1168 2291 1359 2363 θύραις
1373 2292 1726 2361 τεταγμένων
1742 2289 1931 2355 ἐξετά-

366 2394 453 2429 σαι
478 2378 564 2440 τίς
580 2377 665 2446 είη
689 2376 785 2429 καὶ
817 2376 1002 2439 πόθεν,
1035 2374 1174 2429 ἀλλά
1197 2375 1397 2437 πάντες
1426 2373 1628 2438 εὐθέως
1647 2374 1934 2443 ὑποδέχον-

361 2473 480 2511 ταιο
510 2456 655 2511 οὕτω
670 2456 734 2527 δὴ
758 2456 964 2527 καὶτὴν
981 2455 1352 2527 ἐλεημοσύνην
1368 2472 1382 2485 ⁸
1404 2456 1615 2526 βασιλὶς
1652 2457 1761 2526 γάρ
1784 2457 1931 2509 ἐστιν

364 2542 553 2604 ὀντως,
592 2541 814 2610 ὁμοίους
860 2538 1179 2609 ἀνθρώπους
1240 2539 1471 2593 ποιοῦσα
1513 2539 1933 2608 Θεῷ.“Εσεσθε

362 2623 492 2694 γὰρ,
527 2625 712 2693 φησὶν,
736 2623 1124 2691 οἰκτίρμονες,
1163 2624 1244 2689 ὡς
1272 2625 1305 2677 ὁ
1337 2622 1539 2691 Πατὴρ
1564 2620 1734 2691 ὑμῶν
1761 2625 1793 2676 ό
1828 2623 1932 2676 οὑ-

356 2704 571 2775 ράνιος
633 2706 948 2773 οἰκτίρμων
1000 2706 1195 2759 ἐστίν.
1252 2705 1599 2778 Ὑπόπτερόςη
1650 2707 1769 2761 ἐστι
1839 2706 1934 2759 καὶ

364 2788 567 2858 κούφη,
625 2789 905 2856 πτέρυγας
951 2787 1149 2858 ἔχουσα
1202 2791 1431 2860 χρυσᾶς,
1481 2790 1681 2858 πτῆσιν
1737 2789 1932 2859 ἔχουσα

363 2873 507 2925 πάνυ
561 2872 873 2944 τέρπουσαν
904 2873 1025 2934 τούς
1058 2873 1341 2941 ἀγγέλους.
1382 2874 1548 2937 Ἐκεῖ,
1597 2874 1765 2942 φησί,
1791 2872 1934 2926 Πτέ-

355 2971 542 3028 ρυγες
569 2953 921 3023 περιστερᾶς
988 2956 1551 3026 περιηρῃορωμέναι,
1602 2956 1702 3009 καὶ
1735 2956 1807 3009 τὰ
1828 2973 1933 3024 με-

364 3036 630 3106 τάφρενα
665 3038 854 3106 αὐτῆς
880 3038 949 3093 ἐν
976 3041 1302 3107 χλωρότητι
1348 3042 1626 3108 χρυσίου.
1663 3042 1932 3113 Καθάπερ

366 3123 478 3191 γὰρ
533 3121 840 3192 περιστερά
887 3139 971 3185 τις
1037 3123 1211 3192 χρυσῆ
1272 3124 1366 3175 καὶ
1425 3122 1615 3186 ζῶσα,
1672 3123 1931 3189 πέταται,

362 3204 521 3275 δμμα
578 3203 851 3275 προσηνὲς
910 3204 1141 3274 ἐχουσα,
1190 3205 1468 3277 ὀφθαλμὸν
1531 3207 1756 3277 ἥμερον.
1831 3208 1936 3259 Οὐ-

363 3287 454 3340 δὲν
509 3285 606 3340 τοῦ
658 3285 937 3356 ὀφθαλμοῦ
999 3287 1209 3340 ἐκείνου
1276 3288 1501 3357 βέλτιον.
1576 3289 1754 3351 Καλός
1820 3291 1934 3343 ἐστι

372 3371 463 3422 καὶ
500 3370 530 3421 ὀ
580 3367 771 3432 ταὼς,
831 3369 968 3423 ἀλλά
1023 3370 1158 3441 πρὸς
1221 3371 1436 3442 ἐκείνην
1496 3372 1703 3435 κολοιός
1754 3374 1931 3426 ἐστιν’

370 3453 542 3516 οὕτως
585 3454 618 3521 ή
675 3452 823 3522 ὅρνις
882 3451 1021 3523 αὐτη
1077 3453 1216 3524 καλή
1276 3454 1360 3516 τίς
1407 3456 1522 3507 ἐστι
1580 3454 1673 3506 καὶ
1727 3454 1936 3522 θαυμα-

369 3537 490 3606 στή.
529 3535 677 3589 ’Δνω
709 3536 795 3588 διὰ
831 3537 1029 3600 παντὸς
1054 3538 1178 3607 όρᾷ,
1204 3536 1369 3607 πολλῇ
1415 3536 1510 3589 τοῦ
1543 3536 1676 3588 Θεοῦ
1713 3539 1779 3607 τῇ
1809 3537 1932 3608 δόξῃ

369 3618 848 3688 περιστοιχίζεται·
866 3619 1135 3689 παρθένος
1157 3621 1273 3673 ἐστί
1290 3621 1567 3689 πτέρυγας
1585 3618 1780 3689 ἔχουσα
1806 3637 1935 3689 χρυ-

370 3704 492 3765 σᾶς,
520 3702 979 3773 περιεσταλμένη,
1007 3703 1196 3757 λευκὸν
1227 3705 1517 3775 πρόσωπον
1583 3703 1780 3773 ἔχουσα
1839 3703 1934 3755 καὶ

368 3783 609 3854 ἥμερον
639 3785 943 3855 ὑπόπτερός
966 3788 1082 3839 ἐστι
1109 3786 1199 3839 καὶ
1235 3785 1433 3855 κούφη,
1461 3786 1611 3855 παρά
1636 3786 1727 3839 τὸν
1746 3785 1933 3856 θρόνον

368 3868 584 3922 ἑστῶσα
606 3867 697 3920 τὸν
731 3867 1029 3937 βασιλικόν.
1068 3869 1233 3921 Ὅταν
1288 3868 1620 3938 κρινώμεθα,
1649 3869 1802 3936 ἄφνω
1840 3870 1934 3937 ἐφ-

372 3951 598 4004 ίπταται
628 3951 724 4003 καὶ
763 3952 1033 4019 φαίνεται,
1066 3953 1159 4005 καὶ
1196 3950 1492 4021 ἐξαιρεῖται
1516 3951 1615 4019 τῆς
1663 3951 1934 4012 κολάσεως

364 4035 537 4102 ἡμᾶς,
564 4036 687 4097 ταῖς
739 4034 908 4102 αὐτῆς
960 4034 1185 4105 πτέρυξι
1232 4034 1654 4105 περιϐάλλουσα.
1716 4034 1930 4102 Ταύτην

362 4116 509 4168 θέλει
538 4117 566 4168 ὀ
595 4115 730 4178 Θεὸς
763 4116 993 4185 μᾶλλον,
1031 4117 1064 4187 ἦ
1101 4108 1294 4179 θυσίας
1325 4134 1338 4148 ο
1367 4116 1537 4170 πολλά
1586 4118 1716 4187 περὶ
1763 4116 1932 4185 αὐτῆς

359 4199 675 4267 διαλέγεται
692 4213 709 4229 ο
732 4197 906 4261 οὕτως
929 4199 1099 4267 αὐτὴν
1117 4199 1280 4267 φιλεῖ.
1314 4198 1517 4266 Χήραν
1541 4200 1638 4252 καὶ
1667 4198 1932 4266 ὀρφανὸν

364 4281 465 4334 καὶ
512 4281 767 4347 πένητα,
799 4283 982 4350 φησὶν,
1021 4281 1419 4349 ἀναλήψεται.
1454 4282 1574 4332 Ἀπ’
1609 4281 1781 4350 αὐτῆς
1840 4298 1928 4348 φι-

364 4362 452 4415 λεῖ
466 4361 749 4415 καλεῖσθαι
765 4364 794 4415 ὁ
808 4362 940 4425 Θεός
962 4378 975 4393 ’
1011 4364 1335 4432 Οίκτίρμων
1354 4364 1453 4416 καὶ
1478 4363 1747 4430 ἐλεήμων
1768 4366 1801 4417 ό
1817 4363 1931 4416 Κύ-

358 4462 509 4513 ριος,
557 4445 777 4514 φησὶνό
810 4444 990 4507 Δαυῒδ,
1033 4448 1413 4516 μακρόθυμος
1458 4446 1554 4498 καί
1593 4445 1931 4510 πολυέλεος

362 4529 461 4581 καί
478 4529 800 4595 ἀληθινός·
822 4528 916 4581 καὶ
944 4527 1102 4582 πάλιν
1133 4528 1337 4598 ἕτερος,
1360 4530 1571 4593 Ἔλεος
1619 4529 1724 4581 τοῦ
1782 4529 1929 4582 Θεοῦ

361 4611 460 4663 ἐπὶ
485 4609 699 4667 πᾶσαν
736 4609 853 4677 τὴν
891 4610 1027 4679 γῆν.
1079 4610 1226 4681 Δῦτη
1267 4612 1328 4664 τὸ
1359 4611 1468 4664 τῶν
1515 4611 1813 4681 ἀνθρώπων
1841 4612 1932 4679 γέ-

365 4708 451 4754 νος
498 4694 762 4747 διέσωσεν
790 4708 807 4724 ⁸
840 4694 890 4746 εἰ
945 4692 1053 4764 γὰρ
1107 4693 1182 4765 μὴ
1235 4694 1466 4764 ἠλέησεν
1523 4696 1669 4763 ἡμᾶς
1697 4697 1725 4748 ὁ
1760 4696 1928 4759 Θεὸς.

373 4777 537 4830 πάντα
551 4777 620 4832 ἂν
647 4775 931 4830 ἀπόλωλεν
963 4792 977 4807 ·
1012 4774 1148 4845 αὕτη
1183 4776 1407 4845 ἐχθροὺς
1430 4779 1577 4845 ἡμᾶς
1602 4778 1760 4840 ὄντας
1801 4795 1933 4830 κατ-

341 4918 347 4923 _
370 4856 605 4928 ήλλαξεν,
659 4857 805 4926 αὕτη
829 4858 898 4910 τά
925 4858 1090 4928 μυρία
1129 4858 1309 4926 ἀγαθὰ
1343 4861 1652 4927 εἰργάσατο,
1680 4860 1816 4928 αὓτη
1839 4860 1930 4913 τὸν

365 4934 485 5005 Πδν
515 4942 611 4998 τοῦ
637 4941 781 4997 Θεοῦ
816 4940 1002 4993 ἔπεισε
1046 4940 1229 4993 δοῦλον
1277 4942 1535 5008 γενέσθαι
1565 4944 1658 4995 καὶ
1692 4943 1928 4997 κενῶσαι

1060 356 1129 427 iN
1166 370 1388 428 EPIST.
1432 370 1524 425 AD
1560 368 1919 426 annuos.
1958 368 2112 423 CAP.
2153 369 2273 423 xu.
2311 366 2549 426 HOMIL;
2591 371 2811 428 xxxu.

3498 376 3609 435 εει

2036 479 2247 534 ἑαυτόν.
2275 480 2492 552 Ταύτην
2510 482 2867 555 ζηλώσωμεν,
2891 486 3184 556 ἀγαπητοὶ,
3207 488 3274 541 δι’
3304 482 3373 559 ἦς
3394 487 3609 560 ἐσώθη-

2047 578 2147 631 μεν
2167 578 2181 592 °
2205 562 2353 635 [300]
2386 564 2591 635 ταύτην
2636 566 3033 637 ἀγαπήσωμεν,
3072 569 3275 640 ταύτην
3308 572 3609 641 χρημάτων

2045 660 2202 714 προτι
2210 646 2284 715 μή
2293 662 2491 714 σωμεν,
2504 647 2599 700 καὶ
2628 648 2796 718 γωρὶς
2811 665 2915 718 χρη
2927 650 3111 718 μάτων
3141 650 3318 721 ψυχὴν
3338 653 3609 722 ἐλεήμονα

2036 725 2271 797 ἔχωμεν.
2309 727 2476 780 Οὐδὲν
2504 727 2649 781 οὕτω
2700 732 3201 802 χαρακτηριπικόν
3251 734 3603 802 Χριστιανοῦ,

2034 810 2109 871 ὠς
2152 809 2489 879 ἐλεημοσύνη
2508 827 2523 841 ·
2557 810 2708 864 οὐδὲν
2738 812 2881 865 οὐτω
2905 816 2998 866 καὶ
3031 814 3253 868 ἄπιστοι
3274 817 3368 869 καὶ⁸
3401 819 3607 881 πάντες

2035 892 2425 962 θαυμάζουσιν,
2444 894 2519 957 ὡς
2539 895 2666 947 ὅταν
2694 895 2955 964 ἐλεῶμεν.
3013 898 3289 968 Πολλαχοῦ
3356 900 3465 969 γὰρ
3512 902 3609 954 καὶ

2034 977 2194 1045 ἡμεῖς
2226 975 2459 1044 δεόμεθα
2490 977 2585 1029 τοῦ
2616 976 2801 1041 ἐλέους
2828 979 3043 1044 τούτου,
3068 982 3164 1033 καὶ
3194 982 3330 1051 πρὸς
3356 983 3450 1036 τὸν
3476 983 3608 1036 Θεὸν

2034 1058 2156 1112 καθ’
2197 1059 2434 1128 ἑκάστην
2471 1059 2704 1128 λέγομεν
2726 1077 2739 1091 ·
2785 1061 2951 1114 Κατὰ
2984 1064 3052 1115 τὸ
3094 1063 3249 1132 μέγα
3284 1082 3400 1119 σου
3436 1066 3609 1132 ἕλεος

2034 1141 2294 1208 ἐλέησον
2511 1142 2782 1213 Πρότερον
2812 1144 2968 1196 αὐτοὶ
2987 1145 3283 1215 ἀρχώμεθα
3299 1165 3311 1177 ·
3339 1148 3535 1217 μᾶλλον
3550 1150 3608 1203 δέ

2033 1225 2134 1278 οὐκ
2148 1224 2430 1295 ἀρχόμεθα
2445 1225 2728 1295 πρότεροψ
2750 1226 2846 1279 καὶ
2866 1226 2974 1297 γὰρ
2995 1228 3153 1291 αὐτὸς
3168 1228 3267 1298 ήδη
3298 1230 3608 1297 ἐπεδείξατο

2032 1307 2123 1359 τὸν
2138 1306 2285 1360 ἐλεον
2315 1306 2477 1360 αὐτοῦ
2496 1306 2586 1359 τὸν
2615 1308 2746 1378 περὶ
2779 1308 2951 1378 ἡμᾶς.
2991 1308 3153 1374 Ἀλλ’,
3180 1313 3475 1379 ἀγαπητοὶ,
3503 1314 3608 1367 κᾶν

2034 1389 2276 1460 δεύτεροι
2316 1388 2597 1459 ἐπώμεθα.
2632 1390 2695 1442 Εἰ
2731 1390 2838 1459 γὰρ
2868 1390 3146 1461 ἄνθρωποι
3178 1393 3268 1444 τὸν
3301 1394 3567 1464 ἐλεήμονα
3589 1438 3603 1456 ,

2035 1472 2138 1525 κᾶν
2164 1472 2332 1544 μυρία
2359 1474 2660 1544 ἐργάσηται
2690 1474 3081 1544 ἁμαρτήματα,
3146 1475 3391 1529 ἐλεοῦσι·
3424 1478 3607 1546 πολλῷ

2044 1554 2243 1624 μᾶλλον
2260 1556 2288 1606 ὀ
2314 1554 2467 1616 Θεός.
2491 1556 2689 1607 Ἄκουε
2715 1556 2807 1608 τοῦ
2838 1557 3118 1627 προφήτου
3145 1556 3393 1626 λέγοντος
3414 1575 3428 1590 ο
3470 1559 3609 1628 Ἐγὼ

2035 1636 2103 1689 δὲ
2132 1637 2276 1691 ὠσεί
2298 1637 2492 1704 ἐλαία,
2526 1640 2682 1706 φησί,
2719 1637 3103 1706 κατάκαρπος
3130 1639 3199 1692 ἐν
3227 1639 3307 1704 τῷ
3323 1640 3469 1705 οἴκῳ
3502 1642 3608 1696 τοῦ

2038 1718 2207 1772 Θεοῦ.
2227 1718 2471 1771 Τοιοῦτοι
2497 1718 2804 1789 γενώμεθα,
2827 1721 2902 1784 ὼς
2924 1721 3081 1776 ἐλαία
3116 1722 3405 1790 γενώμεθα
3424 1739 3438 1753 ·
3472 1723 3607 1775 πάν-

2034 1799 2192 1853 τοθεν
2253 1798 2566 1871 βριθώμεθα
2616 1804 2736 1865 ταῖς
2791 1803 3032 1866 ἐντολαῖς
3060 1819 3075 1834 ⁸
3110 1805 3172 1856 οὐ
3200 1804 3308 1873 γὰρ
3350 1805 3608 1876 ἀρκεῖὼς

2036 1882 2225 1939 ἐλαίαν
2250 1879 2412 1946 εῖναι,
2436 1882 2572 1935 ἀλλὰ
2593 1884 2686 1936 καὶ
2718 1885 3094 1955 κατάκαρπον.
3128 1885 3250 1937 Εἰσὶ
3284 1886 3392 1956 γὰρ
3420 1886 3469 1939 οῖ
3497 1886 3611 1939 ἐλε-

2037 1964 2223 2027 οῦντες
2284 1964 2440 2032 ὀλίγα
2482 1964 2738 2029 διδόασιν,
2771 1965 2919 2033 ἢδιὰ
2968 1966 3168 2029 παντὸς
3214 1967 3309 2020 τοῦ
3363 1968 3609 2022 ἐνιαυτοῦ

2040 2046 2209 2112 ἅπαξ,
2237 2046 2270 2116 ἢ
2300 2046 2422 2099 καθ’
2468 2047 2705 2118 ἑκάστην
2737 2048 3007 2118 ἐὸδομάδα
3025 2089 3040 2113 ,
3071 2049 3104 2118 ἢ
3133 2049 3194 2102 τὸ
3219 2050 3384 2120 τυχὸν
3423 2051 3611 2121 προϊέ-

2042 2144 2192 2197 μενοι
2220 2144 2234 2160 ·
2261 2122 2406 2182 οῦτοι
2436 2128 2610 2181 ἐλαῖαι
2638 2130 2737 2199 μέν
2760 2131 2915 2193 εἰσιν,
2932 2131 2994 2183 οὐ
3017 2130 3360 2201 κατάκαρποι
3378 2132 3455 2198 δὲ,
3475 2133 3609 2186 ἀλλά

2039 2209 2133 2262 καὶ
2162 2208 2344 2280 ξηραί.
2373 2210 2496 2262 Ὅτι
2516 2211 2615 2280 μέν
2645 2211 2754 2281 γὰρ
2780 2210 3044 2278 ἐλεοῦσιν,
3085 2211 3263 2264 ἐλαῖαι
3287 2230 3300 2243 ο
3347 2214 3429 2266 δτι
3458 2213 3515 2267 δέ
3546 2214 3608 2266 οὐ

2040 2292 2360 2362 φιλοτίμως,
2385 2292 2445 2345 οὐ
2475 2293 2820 2366 κατάκαρποι
2851 2293 3050 2348 ἐλαῖαι.
3095 2294 3236 2347 Ἀλλ’
3261 2296 3422 2365 ἡμεῖς
3444 2296 3612 2349 κατά-

2039 2392 2247 2446 καρποι
2269 2373 2577 2444 γενώμεθα.
2622 2377 2685 2428 Ὃ
2713 2375 2975 2439 πολλάκις
2999 2374 3171 2444 εἷπον,
3202 2377 3296 2430 καὶ
3324 2376 3466 2445 λέγω
3490 2376 3605 2429 νῦνο

2036 2459 2096 2511 οὐ
2113 2458 2191 2528 τῷ
2217 2457 2400 2529 μέτρῳ
2421 2457 2529 2511 τῶν
2556 2457 2848 2527 διδομένων
2871 2459 2932 2512 τὸ
2955 2458 3183 2529 μέγεθος
3211 2460 3487 2513 δείκνυται
3508 2460 3609 2528 τῆς

2038 2539 2433 2611 ἐλεημοσύνης,
2463 2539 2602 2593 ἀλλά
2625 2543 2693 2610 τῇ
2722 2541 3040 2612 προαιρέσει
3065 2539 3158 2593 τοῦ
3185 2541 3437 2604 διδόντος.
3461 2542 3608 2594 Ἴστε

2036 2624 2106 2678 τά
2139 2624 2289 2677 κατά
2306 2625 2403 2693 τὴν
2431 2624 2607 2694 χήραν
2636 2640 2650 2654 ν
2681 2623 2846 2677 καλὸν
2876 2622 2964 2676 ἀεὶ
2983 2622 3173 2691 φέρειν
3201 2624 3356 2677 τοῦτο
3384 2623 3444 2676 τὸ
3478 2624 3608 2678 ὐπό-

2037 2708 2260 2776 δειγμα,
2293 2706 2380 2759 ἵνα
2418 2706 2552 2776 μηδέ
2575 2707 2604 2758 ὀ
2634 2706 2800 2776 πένης
2823 2705 3174 2777 ἀπογινώσκῃ
3224 2705 3438 2769 ἐαυτοῦ,
3466 2704 3610 2775 ὀρῶν

2038 2791 2119 2851 είς
2142 2788 2242 2859 τὴν
2271 2788 2340 2841 τὰ
2361 2787 2454 2841 δύο
2499 2786 2673 2839 λεπτά
2698 2786 3130 2841 καταϐαλοῦσαν.
3168 2788 3444 2856 Ἢνεγκάν
3466 2803 3609 2851 τινες

2038 2873 2133 2926 καὶ
2165 2874 2359 2942 τρίχας
2387 2872 2446 2925 ἐν
2477 2874 2542 2942 τῇ
2561 2870 2656 2924 τοῦ
2678 2872 2806 2925 ναοῦ
2836 2875 3171 2940 κατασκευῇ,
3199 2872 3293 2925 καὶ
3315 2872 3433 2924 ούδέ
3464 2865 3607 2925 οῦτοι

2038 2956 2451 3027 ἀπεϐλήθησαν.
2496 2956 2637 3009 Ἀλλ’
2670 2958 2719 3009 εἰ
2759 2956 2855 3027 μὲν
2881 2957 3100 3026 χρυσίον
3134 2956 3367 3026 ἔχοντες,
3414 2956 3606 3024 τρίχας

2033 3039 2247 3111 ἔφερον,
2305 3039 2729 3110 ἐπικατάρατοι·
2768 3039 2894 3092 εἰδὲ
2935 3039 3095 3092 τοῦτο
3144 3040 3356 3108 ἔχοντες
3410 3038 3605 3107 μόνον,

2032 3122 2190 3175 τοῦτο
2242 3123 2508 3193 ήνεγκαν,
2573 3123 2877 3176 ἀπόδεκτοι.
2925 3123 3023 3175 Διά
3074 3122 3232 3174 τοῦτο
3287 3122 3436 3175 καὶὸ
3466 3122 3607 3174 Κάῖν

2034 3205 2317 3275 ἐμέμφθη,
2345 3206 2443 3258 οὐκ
2462 3204 2649 3276 ἐπειδὴ
2668 3204 2843 3274 φαῦλα
2865 3206 3259 3277 προσήνεγκεν,
3284 3204 3395 3257 ἀλλ’
3420 3202 3608 3272 ἐπειδὴ

2033 3282 2108 3341 ὧν
2127 3285 2239 3358 εἶχε
2252 3288 2318 3341 τὰ
2340 3289 2644 3360 φαυλότερα
2662 3307 2674 3319 ο
2696 3289 3175 3356 Ἐπικατάρατος,
3201 3287 3384 3356 φησὶν,
3402 3285 3469 3351 ὃς
3484 3285 3608 3352 ἔχει

2033 3370 2243 3439 ἄρσεν,
2264 3371 2361 3424 καί
2381 3372 2507 3425 θύει
2518 3371 2947 3441 διεφθαρμένον
2962 3368 3040 3438 τῷ
3058 3370 3199 3436 Θεῷ,
3218 3371 3328 3439 Οὐχ
3342 3369 3522 3433 ἁπλῶς
3538 3365 3608 3422 εἷ-

2035 3472 2158 3519 πεν,
2192 3454 2527 3524 ἀλλ’όέχων,
2559 3455 2713 3523 φησὶ,
2746 3456 2842 3508 καὶ
2873 3456 3207 3524 φειδόμενος.
3238 3454 3301 3505 Εἰ
3328 3453 3505 3504 τοίνυν
3523 3468 3607 3515 τις

2035 3537 2135 3591 οὐκ
2169 3536 2303 3607 ἔχει,
2337 3536 2681 3606 ἀπήλλακται
2720 3537 2815 3590 καὶ
2870 3536 3251 3607 ἐγκλημάτων,
3315 3535 3510 3604 μᾶλλον
3548 3534 3605 3587 δὲ

2032 3619 2146 3689 ἔχει
2196 3620 2407 3689 μισθόν.
2440 3619 2505 3670 Τί
2534 3620 2639 3689 γὰρ
2673 3620 2766 3673 δύο
2823 3619 3026 3673 ὀϐολῶν
3081 3617 3481 3687 εὐτελέστερον,
3510 3618 3604 3670 καὶ

2031 3702 2233 3771 τριχῶν
2269 3702 2722 3772 οὐδαμινέστερον
2747 3722 2759 3769 ;
2796 3705 2847 3755 τί
2878 3702 2933 3753 δέ
2963 3701 3292 3769 σεμιδάλεως
3321 3699 3551 3768 κοτύλης
3582 3716 3598 3764 ;

2034 3784 2146 3837 ἀλλ’
2159 3785 2307 3853 ὅμως
2317 3784 2490 3836 ταῦτα
2505 3785 2688 3854 ηὐδοκί
2697 3802 2768 3855 μη
2776 3803 2832 3836 σε
2840 3784 3079 3853 νζόμοίως
3091 3785 3199 3844 τοῖς
3216 3780 3364 3852 [501]
3383 3781 3603 3851 μόσχοις

2033 3868 2126 3920 καὶ
2144 3866 2219 3936 τῷ
2238 3867 2466 3937 χρυσίῳ.
2502 3867 2639 3922 Καθ’
2657 3866 2687 3920 ὂ
2707 3868 2815 3936 γὰρ
2841 3867 2964 3934 ἔχει
2992 3883 3101 3929 τις,
3135 3865 3598 3931 εὐπρόσδεκτος,

2032 3951 2103 4003 οὺ
2152 3952 2278 4002 καθ’
2296 3949 2456 4002 ὃοὺκ
2489 3950 2612 4016 ἕχει
2633 3966 2646 3979 ·
2690 3949 2916 4013 καί,⁹Ως
2937 3949 3012 4001 ἂν
3031 3948 3165 4015 ἔχῃ,
3198 3948 3381 4017 φησὶν,
3401 3949 3436 4013 ἡ
3469 3948 3599 4016 χείρ

2032 4048 2169 4099 σου,
2195 4028 2264 4086 εὖ
2283 4034 2441 4085 ποίει
2466 4050 2477 4062 ·
2494 4032 2594 4095 διὸ,
2625 4031 3287 4102 παρακαλῶ,κενώσωμεν
3305 4029 3597 4101 προθύμως

2030 4114 2101 4167 τὰ
2116 4116 2243 4167 ὄντα
2260 4118 2339 4178 εἰς
2354 4116 2480 4177 τοὺς
2498 4115 2756 4183 πένητας·
2777 4113 2878 4167 κᾶν
2898 4113 3055 4180 ὀλίγα
3070 4108 3124 4186 ᾖ,
3142 4113 3231 4166 τὸν
3248 4113 3409 4165 αὐτὸν
3429 4112 3597 4180 ληψό-

2037 4200 2175 4269 μεθα
2204 4199 2393 4266 μισθὸν
2427 4201 2539 4261 τοῖς
2576 4198 2645 4250 τὰ
2673 4197 2892 4250 πλείονα
2925 4196 3341 4257 καταϐάλλουσι,
3399 4195 3596 4265 μᾶλλον

2035 4283 2093 4335 δὲ
2120 4281 2342 4334 πλείονα
2378 4280 2488 4333 τῶν
2519 4280 2689 4349 μυρία
2733 4279 2971 4333 τάλαντα
3003 4278 3469 4331 καταὸαλλόντων.
3500 4278 3597 4330 “Av

2029 4364 2203 4418 ταῦτα
2230 4363 2494 4433 ποιῶμεν,
2520 4361 2910 4430 ἐπιτευξόμεθα
2930 4361 3037 4415 τῶν
3062 4362 3284 4429 ἀφάτων
3308 4361 3596 4431 θησαυρῶν

2032 4448 2123 4500 τοῦ
2157 4446 2314 4508 Θεοῦ,
2348 4446 2413 4499 ἂν
2435 4445 2509 4515 μὴ
2540 4447 2828 4514 ἀκούωμεν
2854 4444 3037 4514 μόνον,
3061 4445 3197 4498 ἀλλά
3220 4446 3312 4499 καὶ
3339 4446 3594 4516 πράττω-
3683 4507 3692 4515 _

2036 4547 2156 4599 μεν,
2194 4529 2259 4581 ἂν
2283 4529 2357 4598 μὴ
2389 4528 2718 4597 ἐπαινῶμεν,
2750 4527 2883 4580 ἀλλὰ
2905 4528 2998 4580 καὶ⁸
3028 4527 3114 4579 διὰ
3146 4528 3253 4581 τῶν
3276 4528 3451 4597 ἔργων
3479 4529 3597 4580 ὲπι-

2032 4613 2387 4679 δεικνύωμεν.
2435 4605 2533 4663 Ὧν
2586 4611 2793 4678 γένοιτο
2841 4612 3046 4673 πάντας
3094 4612 3238 4679 ἡμᾶς
3298 4612 3591 4676 ἐπιτυχεῖν,

2033 4696 2215 4765 χάριτι
2245 4695 2335 4745 καὶ
2366 4693 2740 4762 φιλανθρωπία
2753 4693 2845 4746 τοῦ
2864 4695 3067 4763 Κυρίου
3094 4692 3249 4761 ήμῶν
3276 4689 3447 4759 Ἰησοῦ
3469 4691 3594 4757 Χρι-

2034 4776 2180 4841 στοῦ,
2247 4775 2364 4845 μεθ’
2390 4770 2450 4829 οῦ
2481 4775 2557 4845 τῷ
2588 4777 2795 4846 Πατρὶ,
2840 4776 2955 4845 ἅμα
2987 4773 3063 4844 τῷ
3097 4774 3234 4842 ἁγίῳ
3291 4771 3588 4839 Πνεύματι,

2031 4860 2154 4922 δόξα
2183 4901 2197 4925 ,
2222 4859 2440 4928 κράτος,
2461 4858 2615 4929 τιμὴ,
2645 4859 2739 4913 νῦν
2764 4860 2855 4912 καὶ
2883 4858 2989 4923 ἀεὶ,
3017 4858 3109 4910 καὶ
3129 4858 3209 4921 εἰς
3228 4856 3352 4918 τοὺς
3390 4852 3590 4916 αἰῶνας

2030 4943 2138 4995 τῶν
2170 4941 2401 4995 αἰώνων.
2434 4942 2489 4994 Ἀ
2501 4944 2627 5012 μήν.
