3970 6152
462 396 565 450 225

1176 395 1243 452 ιΝ
1282 369 1512 453 una;
1539 395 1630 452 AD
1670 389 2026 450 nnanaos.
2069 389 2217 445 car.
2261 386 2400 447 xm.
2461 392 2689 453 HOMIL.
2727 396 2969 457 xxxzn.

3607 424 3715 478 2:26

1759 583 2096 646 HOMILIA
2143 586 2442 650 XXXI“.

451 696 591 751 (im.
625 694 710 750 i2.
745 712 797 748 ιν.
833 695 922 751 23.
953 696 1134 768 Itaque
1158 713 1365 762 regnum
1395 699 1648 754 immobile
1676 705 2000 773 suscipientes
2024 746 2039 770 ,

532 787 807 840 habeamus
823 789 1058 857 gratiam,
1084 805 1172 855 per
1195 806 1343 856 quam
1365 793 1639 844 serviamus
1661 792 1910 861 placentes
1933 794 2041 849 Deo

529 894 645 932 etin:
668 889 802 930 metu
833 888 879 930 et
903 879 1194 936 reverentia.
1218 880 1308 934 29.
1335 879 1531 934 Etenim
1558 881 1694 936 Deus
1720 895 1887 937 noster
1910 887 2042 956 ignis

530 985 828 1022 consumens
851 978 941 1022 est.

535 1061 583 1114 l.
612 1059 764 1126 Quod
795 1060 918 1113 alibi
951 1060 1097 1124 dicit,
1125 1061 1252 1127 Qua:
1269 1063 1401 1116 enim
1429 1062 1678 1130 videnlur,
1703 1077 1821 1119 sunt
1847 1076 2039 1136 tempo-

449 1152 592 1206 ralia
613 1170 630 1215 ;
653 1168 768 1222 qua:
792 1165 956 1206 autem
977 1171 1076 1206 non
1101 1155 1348 1220 videntur,
1372 1167 1556 1210 (eterna
1584 1158 1656 1228 (2.
1683 1158 1798 1213 Cor.
1824 1161 1876 1215 4.
1910 1162 2033 1232 18);

459 1254 512 1299 ει
538 1260 605 1300 ex
635 1259 701 1298 eo
725 1243 942 1298 adhibet
970 1247 1388 1302 consolationem
1417 1249 1466 1302 in
1496 1250 1645 1303 malis
1671 1267 1788 1319 qua:
1816 1251 2034 1307 ferimus

461 1335 512 1389 in
543 1338 644 1389 vita
677 1337 958 1404 praesenti;
993 1337 1094 1392 hoc
1121 1339 1205 1392 hic
1235 1355 1446 1408 quoque
1477 1340 1600 1395 facit
1625 1355 1676 1396 et
1707 1343 1831 1396 dicit
1866 1363 1877 1397 :
1914 1343 2028 1398 lla-

459 1429 663 1484 betnnus
703 1431 956 1500 gratiam;
986 1430 1087 1485 hoc
1119 1442 1222 1492 est,
1249 1433 1356 1486 Deo
1393 1448 1612 1503 agamus
1647 1436 1843 1503 gratias
1865 1478 1880 1499 ,
1913 1453 2028 1492 ma-

457 1538 676 1577 neamus
705 1523 860 1577 ﬁrmi.
894 1523 1010 1578 Non
1044 1524 1217 1578 solum
1260 1525 1402 1580 enim
1444 1541 1548 1580 non
1590 1528 1846 1582 debemus
1887 1547 2030 1598 πῖθι-ε

449 1612 592 1664 {orre
635 1613 913 1681 praesentia
933 1653 950 1677 ,
981 1614 1074 1666 sed
1101 1614 1260 1668 etiam
1291 1624 1507 1682 propter
1538 1615 1710 1670 futura
1743 1621 2026 1674 maximam

451 1699 646 1756 habere
687 1704 930 1769 gratiam.
976 1701 1080 1756 Per
1117 1721 1266 1772 quant
1308 1707 1582 1760 serviamus
1616 1708 1737 1761 bene
1779 1712 2026 1779 placentes

449 1791 591 1855 Deo;
623 1793 671 1847 id
700 1803 816 1857 est,
845 1795 921 1847 sic
948 1795 1090 1849 enim
1122 1797 1243 1850 licet
1270 1797 1472 1852 εει-νινε
1506 1798 1611 1854 Deo
1644 1801 1778 1855 bene
1809 1804 2022 1871 placen-

445 1891 573 1948 tem,
602 1885 645 1938 si
677 1885 728 1936 in
757 1885 1008 1939 omnibus
1034 1887 1140 1954 agit
1167 1889 1385 1954 gratias.
1417 1887 1622 1954 Omnia,
1655 1890 1843 1960 inquit,
1875 1897 2025 1962 facile

441 1973 626 2040 absque
669 1977 1151 2031 murmurutionibus
1190 1988 1238 2030 et
1277 1980 2023 2050 disceptationibus(Philip.2.

442 2068 548 2135 Η).
579 2068 729 2134 Quod
762 2071 903 2122 enim
937 2069 1121 2124 fecerit
1148 2070 1408 2140 quispiam
1439 2089 1798 2138 murmurans,
1825 2076 1881 2131 id
1906 2095 2019 2132 am-

439 2169 584 2226 putat
609 2170 659 2212 et
687 2160 858 2228 perdit
886 2161 1208 2226 mercedem,
1232 2162 1366 2216 sicut
1398 2161 1681 2219 Israelita):
1707 2168 1854 2221 scitis
1873 2170 2016 2224 enim

436 2266 568 2320 quas
611 2266 796 2316 ptenas
825 2251 1089 2306 dederunt
1117 2251 1187 2305 ob
1229 2257 1694 2310 murmurationes.
1729 2257 2012 2326 Propterea

434 2343 591 2396 dicit:
624 2341 804 2413 Neque
833 2345 1170 2396 murnmretis.
1193 2343 1306 2397 Non
1337 2357 1509 2413 potest
1527 2361 1654 2415 ergo
1680 2348 1790 2402 ﬁeri
1823 2361 1879 2404 ut
1906 2352 2013 2405 Deo

434 2432 504 2485 ita
531 2435 739 2486 servias
766 2443 822 2487 nt
847 2435 896 2488 ei
930 2435 1141 2502 placeas
1164 2477 1179 2498 ,
1206 2435 1248 2487 si
1278 2450 1382 2488 non
1422 2436 1469 2489 ei
1503 2436 1699 2490 habeas
1723 2442 1919 2506 gratias
1945 2442 2012 2497 de

433 2524 680 2578 omnibus
698 2533 750 2578 et
781 2525 847 2579 de
876 2525 1250 2579 tentationibns
1270 2536 1323 2580 et
1350 2526 1418 2579 de
1443 2527 1638 2595 quiete.
1659 2528 1784 2583 Cum
1807 2543 1937 2584 metu
1964 2543 2011 2586 et

432 2616 737 2678 reverentia;
761 2615 863 2670 boc
889 2627 990 2679 est,
1015 2617 1142 2668 nihil
1168 2616 1446 2685 loquamur
1476 2617 1754 2686 impudens
1781 2630 1833 2675 et
1860 2639 2012 2677 arro-

430 2720 582 2774 gans,
603 2706 696 2758 sed
730 2722 825 2760 nos
852 2719 1328 2774 componatnus,ut
1354 2711 1519 2762 sinms
1545 2714 1827 2767 reverendi
1864 2733 1875 2767 :
1909 2715 2010 2772 hoc

427 2797 568 2847 enim
593 2807 671 2848 est
700 2798 837 2864 quod
867 2798 993 2849 dicit
1015 2797 1167 2851 :Cum
1196 2808 1325 2850 metu
1353 2809 1399 2851 et
1428 2803 1719 2855 reverentia.
1746 2803 2006 2872 (CapJS)

423 2890 450 2940 «1
467 2928 477 2939 .
494 2889 694 2942 Caritas
723 2893 1053 2960 fraternitatis
1081 2906 1281 2949 maneat
1308 2896 1360 2949 in
1382 2901 1537 2953 vobis.
1564 2899 1621 2950 2.
1647 2897 1716 2952 Et
1742 2900 2004 2972 hospitali—

427 2988 572 3034 tatem
591 2982 744 3036 nolite
756 2985 978 3037 oblivisci
989 3001 1008 3038 :
1022 3003 1110 3055 per
1125 2991 1255 3040 lianc
1266 2989 1396 3040 enim
1409 2991 1662 3044 latuerunt
1679 2992 1903 3060 quidam,
1921 3009 2013 3046 au-

423 3072 546 3139 gelis
572 3073 791 3140 hospitio
813 3076 1190 3144 exceptis.Vide
1211 3079 1478 3146 quomodo
1496 3080 1650 3148 jubet
1673 3097 1766 3135 eos
1788 3098 2001 3135 scrvare

427 3163 705 3227 pra-sentio
740 3181 754 3217 :
785 3180 882 3218 nec
919 3165 1066 3220 addit
1110 3167 1250 3231 alia;
1292 3183 1396 3222 non
1437 3172 1577 3224 enim
1607 3171 1776 3225 dixit:
1818 3173 2002 3229 Estotc

423 3263 690 3307 amatores
730 3254 984 3323 fratrum,
1019 3256 1146 3310 sed:
1183 3255 1390 3311 Maneat
1425 3261 1610 3313 caritas
1649 3263 1998 3330 fraternitatis.

427 3342 490 3396 Et
510 3360 694 3398 rursus
724 3361 828 3398 non
856 3347 1006 3411 dicit,
1040 3348 1223 3403 Estote
1249 3350 1557 3419 hospitales,
1586 3369 1648 3407 ac
1670 3355 1713 3407 si
1742 3356 1874 3410 tales
1896 3372 1998 3410 non

423 3433 560 3497 sint;
589 3433 683 3488 sed
705 3475 720 3498 ,
754 3434 1132 3505 Hospitalitatis
1171 3439 1326 3492 nolite
1364 3440 1587 3494 oblivisci
1615 3458 1634 3496 :
1660 3453 1833 3512 potest
1859 3447 1998 3500 enim

415 3524 522 3579 hoc
568 3527 812 3582 accidere
855 3544 918 3582 ex
965 3529 1360 3586 aﬂlietionibus.
1413 3533 1616 3590 Deinde
1666 3536 1716 3589 id
1765 3537 1986 3602 addidit,

423 3617 560 3683 quod
602 3619 772 3686 magis
803 3629 1002 3685 poterat
1033 3622 1295 3683 excitare,
1328 3622 1512 3679 dicens
1543 3642 1556 3679 :
1583 3623 1858 3680 Inscientes
1885 3630 2000 3697 qui-

421 3708 535 3759 dam
553 3709 766 3776 angelos
785 3710 1004 3778 hospitio
1029 3723 1354 3776 exceperunt.
1381 3713 1542 3770 Vides
1559 3726 1786 3783 quantus
1809 3717 1996 3780 honor,

421 3811 672 3869 quantum
714 3801 916 3854 lucrum
963 3801 1156 3857 fuerit?
1196 3804 1332 3869 Quid
1373 3815 1487 3873 est,
1521 3806 1844 3863 Inscientes?
1885 3809 1998 3864 Non

405 3899 804 3958 cognoscentes
854 3891 1084 3959 hospitio
1131 3903 1480 3961 exceperunt.
1524 3896 1646 3950 Ideo
1690 3913 1880 3968 magna
1919 3910 2001 3954 est

420 3979 726 4033 Abrahamo
753 3995 958 4036 merces
981 4023 996 4048 ,
1024 3983 1164 4050 quod
1199 3985 1444 4039 nesciens
1471 4001 1563 4040 eos
1591 4001 1710 4041 esse
1736 3989 1952 4058 angelos
1978 4031 1993 4054 ,

418 4070 652 4141 hospitio
679 4073 952 4142 exceperit
982 4091 995 4125 :
1029 4089 1146 4128 nam
1176 4077 1219 4128 si
1251 4077 1514 4136 scivisset.
1549 4092 1654 4130 non
1687 4079 1874 4133 fuisset
1898 4081 1999 4133 mi-

422 4163 666 4216 randum.
699 4162 925 4229 Quidam
954 4163 1139 4217 dicunt
1177 4179 1300 4218 eum
1341 4164 1427 4219 hic
1461 4168 1622 4220 etiam
1659 4169 1998 4224 subiudicare

409 4254 629 4310 Letum.
661 4256 714 4309 5.
748 4254 1054 4309 Mementote
1074 4257 1352 4310 vinctorum
1374 4267 1626 4326 tamquam
1645 4259 1794 4312 simul
1820 4261 1992 4324 vincti,

407 4356 464 4398 et
491 4347 831 4400 laborantia»:
852 4359 1107 4418 tamquam
1134 4358 1181 4401 et
1205 4349 1303 4419 ipsi
1327 4350 1381 4401 in
1404 4365 1614 4417 corpore
1640 4360 1911 4406 morantes.
1939 4353 1993 4406 4.

419 4437 732 4493 Honorabile
757 4438 1058 4492 connubium
1092 4439 1145 4492 in
1171 4441 1400 4493 omnibus
1416 4482 1432 4506 ,
1455 4448 1500 4492 et
1531 4449 1668 4494 torus
1696 4443 1996 4496 immacula—

420 4542 494 4583 tns
528 4546 545 4583 :
571 4530 904 4600 {ornicatores
931 4538 1097 4581 autem
1121 4538 1166 4582 et
1193 4529 1449 4584 adulteros
1471 4531 1721 4600 judicabit
1749 4531 1908 4587 Deus.
1940 4535 1992 4588 ὅ.

423 4623 534 4675 Sint
577 4638 743 4676 mores
781 4622 889 4675 sine
931 4621 1186 4685 avaritia;
1219 4623 1435 4674 contenti
1479 4625 1823 4691 prmsentibus.
1865 4624 1996 4679 Vide

425 4728 570 4780 quam
600 4714 764 4766 multa
793 4712 950 4767 verba
981 4712 1139 4766 faciat
1165 4712 1231 4766 de
1271 4715 1638 4782 temperantia.
1677 4714 1882 4780 Pacem,
1913 4717 1993 4770 in-

423 4803 548 4873 quit,
580 4803 904 4858 sesterniniet
931 4805 1417 4871 sanctiﬁcationem;
1449 4815 1525 4870 et,
1555 4805 1719 4860 Nemo
1744 4809 1808 4860 sit
1837 4813 1997 4877 form-

418 4906 555 4949 ceter
583 4905 686 4948 aut
731 4897 1020 4965 profanus;
1054 4903 1107 4948 et
1145 4910 1284 4949 nunc
1322 4911 1506 4950 rursus
1526 4937 1540 4962 ,
1571 4895 1926 4952 Fornicatores
1952 4919 1977 4952 e

413 4987 674 5040 adulteros
689 4986 940 5059 judieabit
964 4984 1126 5040 Deus.
1150 4986 1355 5058 Ubique
1371 5001 1492 5040 cum
1524 5004 1682 5056 pmna
1710 4999 1790 5043 est
1811 4989 1994 5058 probi-

412 5079 564 5133 hitio.
589 5079 657 5133 Et
679 5081 969 5150 tummodo,
987 5081 1112 5135 hinc
1141 5083 1409 5150 perpende
1439 5098 1452 5134 :
1481 5095 1601 5134 cum
1631 5080 1871 5143 dixisset,
1892 5078 1999 5132 Pa-

411 5183 518 5222 cem
635 5168 912 5222 utamini
993 5186 1108 5224 eum
1202 5171 1432 5224 onmibus
1452 5179 1499 5223 et
1526 5171 1993 5240 sanctiﬁcationem,

409 5258 874 5327 subiacuit-Sine
896 5276 994 5330 qua
1011 5276 1161 5314 nemo
1187 5262 1368 5315 ridebit
1393 5260 1666 5315 Dominum
1693 5261 1878 5330 (Hebr.
1905 5262 1991 5316 12.

411 5348 542 5417 ﬂ):
576 5348 832 5416 hic-vero,
863 5349 1222 5406 Fornicawres
1246 5362 1412 5405 autem
1443 5351 1769 5406 et-adulteros
1790 5352 1992 5419 iudica-

409 5440 479 5492 bit
510 5439 690 5506 θείας
713 5452 766 5496 et
794 5456 916 5497 eum
943 5444 1092 5513 prius
1121 5445 1385 5513 pomisset
1411 5466 1422 5501 :
1457 5443 1767 5498 Honorabile
1794 5461 1990 5498 connu~

409 5531 544 5586 binm
569 5534 624 5587 in
649 5537 916 5601 omnibus,
948 5545 996 5590 et
1024 5546 1162 5590 torus
1199 5537 1551 5590 immaculatus
1583 5552 1602 5588 :
1633 5552 1788 5606 ptent!
1815 5537 1989 5590 addita

410 5625 641 5677 ostendit
667 5640 726 5679 se
746 5626 867 5693 jure
887 5625 1231 5694 subjuuxisse
1252 5643 1310 5682 ea
1338 5642 1454 5696 qua:
1484 5626 1735 5694 deinceps
1763 5642 1992 5696 sequun-

411 5719 518 5764 tur.
563 5713 616 5766 Si
667 5715 810 5768 enim
854 5729 1168 5769 concessum
1209 5725 1291 5770 est
1333 5718 1759 5780 matrimonium,
1799 5719 1990 5772 merito

414 5804 625 5864 punitur
659 5814 951 5872 scortator,
985 5808 1171 5860 merito
1215 5823 1329 5876 sup;
1352 5808 1471 5860 llt'ln
1505 5810 1732 5861 afﬁcitur
1759 5809 1983 5862 adulter.

2151 702 2247 755 llic
2270 718 2327 756 se
2357 714 2505 772 parat
2530 707 2594 759 ad
2629 713 2967 776 pugnandum
2994 713 3249 767 adversus
3281 713 3585 772 haereticos.
3609 716 3728 773 Non

2147 794 2281 846 dixit
2323 811 2536 850 rursus:
2580 798 2765 853 Nullus
2805 801 2875 854 sit
2915 801 3244 869 fornicator;
3276 804 3369 859 sed
3401 821 3522 860 cum
3561 809 3726 864 semel

2144 883 2385 951 dixisset,
2417 895 2540 941 tunc
2567 897 2830 956 tamquam
2856 906 3193 946 communem
3225 895 3451 964 subjecit
3479 898 3725 951 admoni-

2146 974 2362 1034 tionem,
2396 991 2500 1028 non
2531 986 2798 1046 tamquam
2841 980 2906 1033 ad
2952 983 3094 1049 ipsos
3136 984 3293 1037 verba
3324 984 3578 1054 dirigens.
3611 987 3726 1042 Sint

2144 1080 2305 1117 mores
2346 1067 2455 1120 sine
2495 1070 2750 1132 avaritia;
2781 1074 2997 1124 contenti
3039 1075 3382 1134 prementibus.
3410 1076 3524 1130 Non
3551 1078 3681 1132 dixit
3705 1120 3723 1145 ,

2141 1154 2278 1208 Nihil
2310 1159 2644 1226 possidentis,
2669 1162 2783 1223 sed,
2813 1162 2928 1216 Sint
2951 1181 3112 1218 mores
3137 1166 3245 1218 sine
3269 1170 3519 1234 avaritia;
3547 1171 3595 1225 id
3619 1181 3720 1237 est,

2139 1245 2202 1296 sit
2245 1262 2394 1300 mens
2451 1250 2636 1316 libera,
2681 1253 2928 1307 Ostendat
2974 1263 3204 1311 mentem
3261 1257 3718 1330 philosophicam;

2137 1339 2383 1393 ostendet
2412 1350 2613 1404 autem,
2646 1343 2688 1396 si
2716 1345 2932 1397 minime
2955 1361 3256 1412 qua-ramus
3283 1364 3401 1416 qua:
3449 1351 3718 1418 superﬂua

2136 1438 2279 1491 sunt,
2297 1431 2338 1481 si
2358 1430 2516 1484 rebus
2535 1434 2748 1486 utilibus
2767 1444 2969 1490 tantum
2987 1447 3041 1491 et
3055 1439 3368 1492 necessariis
3388 1439 3720 1497 adita-resca-

2136 1533 2273 1572 mus.
2298 1519 2426 1574 Nam
2454 1524 2696 1590 superius
2725 1527 2884 1580 etiam
2911 1527 3044 1581 dixit
3069 1545 3080 1580 :
3110 1528 3172 1581 Et
3200 1533 3434 1596 rapinam
3467 1532 3712 1588 bonorum

2135 1621 2408 1664 vestrorum
2446 1631 2559 1666 cum
2585 1617 2772 1684 gaudio
2791 1619 3078 1685 suscepistis
3102 1618 3121 1690 (
3149 1619 3304 1675 llebr.
3339 1622 3422 1676 10.
3449 1624 3560 1694 Μ).
3589 1625 3713 1680 lla:c

2133 1700 2523 1766 admonent,ne
2551 1705 2655 1756 sint
2680 1707 2846 1761 avari.
2869 1705 3120 1771 Contenti,
3148 1711 3335 1777 inquit,
3365 1714 3710 1780 prtesentibus.

2133 1790 2332 1844 Deinde
2354 1803 2434 1846 est
2455 1795 2610 1846 etiam
2647 1796 2731 1850 hic
2758 1798 3078 1860 consolatio,
3101 1809 3157 1852 nt
3186 1817 3251 1854 ne
3272 1802 3576 1870 desperent.
3598 1804 3714 1870 Ipse

2129 1882 2261 1933 enim
2279 1882 2404 1934 dixit
2421 1899 2438 1936 :
2453 1881 2572 1936 Non
2597 1894 2643 1938 te
2663 1888 2908 1951 deseram,
2926 1904 3080 1957 neque
3099 1889 3461 1960 derelinquam.
3477 1892 3631 1947 6.1m
3659 1905 3710 1948 ut

2127 1973 2436 2038 conﬁdenter
2459 1975 2708 2039 dicamus,
2737 1977 2984 2032 Dominus
3011 1982 3132 2034 mihi
3153 1983 3358 2051 adjutor
3383 1994 3457 2037 est
3482 2000 3500 2036 :
3519 2002 3617 2038 non
3641 1989 3708 2039 ti-

2127 2063 2265 2115 mebo
2286 2065 2406 2132 quid
2433 2067 2586 2126 facint
2605 2068 2725 2118 mihi
2752 2069 2922 2121 homo.
2942 2069 3077 2124 Ecce
3102 2086 3288 2126 rursus
3305 2081 3386 2125 est
3414 2075 3708 2128 consolatio

2128 2151 2178 2206 in
2198 2155 2655 2210 tentationilms.7.
2678 2157 2978 2212 Mementote
2999 2161 3384 2230 prtepositorum
3406 2173 3703 2220 vestrorum.

2127 2241 2238 2297 lloc
2261 2245 2374 2310 jam
2402 2247 2651 2314 superius
2673 2247 2850 2302 dicere
2879 2250 3089 2303 volebat
3119 2269 3131 2303 :
3164 2263 3444 2321 propterea
3474 2255 3701 2323 diccbat,

2124 2333 2312 2388 Pacem
2338 2338 2598 2390 sectemini
2625 2353 2742 2391 cum
2769 2340 3020 2393 omnibus.
3052 2340 3222 2410 llujus
3251 2345 3410 2397 etiam
3450 2346 3706 2402 admoue-

2121 2423 2210 2480 bat
2239 2425 2745 2484 Tbessalonicenses
2766 2469 2782 2495 ,
2812 2439 2869 2485 ut
2893 2446 2986 2485 eos
3013 2431 3272 2488 haberent
3301 2435 3351 2489 in
3383 2452 3592 2492 summo
3616 2440 3704 2493 hoc

2123 2531 2274 2571 nore.
2303 2517 2623 2585 Mementote,
2657 2522 2844 2590 inquit,
2869 2525 3257 2592 prtepesitorum
3285 2537 3581 2596 vestrorum,
3613 2533 3702 2600 qui

2119 2606 2255 2660 vobis
2281 2608 2473 2675 loquuti
2511 2621 2627 2664 sunt
2654 2611 2855 2664 verbum
2893 2611 3036 2666 Dei:
3072 2630 3285 2682 quorum
3327 2617 3567 2674 intuentes
3601 2623 3699 2675 cxi-

2112 2711 2216 2754 tum
2245 2704 2638 2758 conversationis
2659 2746 2672 2769 ,
2697 2706 2969 2760 imitamini
2995 2709 3147 2776 ﬁdem
3176 2711 3252 2778 (l.
3284 2709 3458 2766 Thess.
3487 2714 3540 2768 5.
3575 2715 3688 2785 l3).

2110 2790 2365 2858 Quaenam
2418 2804 2497 2846 est
2546 2795 2660 2849 hzec
2699 2799 3123 2866 consequentia?
3165 2799 3375 2867 Optima
3425 2803 3685 2872 quidem:

2109 2881 2525 2939 Considerantes
2553 2886 2721 2951 enim,
2754 2888 2942 2956 inquit,
2975 2904 3160 2943 eorum
3187 2895 3648 2948 conversationem
3668 2936 3688 2961 ,

2108 2986 2301 3041 nempe
2343 2975 2504 3027 vitam
2527 3016 2543 3040 ,
2575 2977 2854 3031 imitamini
2896 2981 3052 3034 lidem
3085 2997 3098 3032 :
3130 2996 3158 3034 a
3191 2983 3384 3037 munda
3416 2985 3557 3039 enim
3579 2987 3689 3041 vita

2105 3071 2189 3114 est
2219 3061 2373 3116 ﬁdes.
2404 3065 2508 3116 Aut
2537 3064 2694 3120 ﬁdem
2726 3067 2854 3122 dicit
2894 3069 3242 3125 stabilitatem
3274 3083 3329 3128 et
3357 3074 3684 3131 ﬁrmitatem.

2105 3153 2430 3220 Quomodo?
2457 3156 2707 3212 Ostendit
2734 3161 2875 3213 enim
2899 3162 3038 3230 quod
3066 3165 3289 3220 lirmiter
3310 3167 3469 3222 rebus
3497 3167 3686 3224 futuris

2103 3245 2414 3311 credentes,
2463 3258 2666 3303 rectum
2709 3251 2830 3304 vita:
2875 3252 3173 3308 institutum
3218 3265 3520 3313 tenuerunt.
3572 3260 3686 3316 Non

2104 3335 2244 3388 enim
2279 3337 2433 3390 vitam
2458 3341 2814 3395 ostendissent
2841 3345 3089 3398 mundam
3119 3361 3180 3399 ac
3202 3363 3408 3417 puram,
3443 3352 3485 3403 si
3517 3350 3584 3406 de
3607 3352 3690 3406 lu-

2105 3427 2236 3478 turis
2289 3427 2652 3496 dubitassent,
2683 3432 2728 3486 si
2777 3435 3152 3503 ambegissent.
3190 3437 3542 3503 Quamobrem
3587 3441 3688 3496 hoc

2104 3513 2276 3581 ipsum
2310 3515 2394 3571 hic
2415 3533 2626 3588 quoque
2640 3533 2810 3575 curat.
2831 3525 2883 3577 8.
2909 3523 2940 3576 .l
2948 3541 3059 3578 esus
3087 3525 3315 3580 Christus
3343 3530 3452 3582 heri
3476 3541 3519 3582 et
3537 3532 3689 3585 hodie

2101 3603 2231 3656 idem
2263 3607 2388 3674 ipse,
2419 3619 2464 3661 et
2491 3609 2541 3662 in
2568 3612 2770 3666 stecula.
2798 3613 2848 3666 9.
2877 3613 3132 3668 Doctrinis
3158 3619 3307 3671 variis
3332 3629 3378 3672 ct
3413 3623 3686 3692 peregrinis

2102 3699 2255 3750 nolite
2269 3699 2447 3753 abduci
2471 3717 2489 3755 :
2511 3704 2754 3770 optimum
2776 3715 2845 3758 est
2867 3707 2999 3758 enim
3024 3711 3189 3777 gratia
3214 3711 3427 3764 stabiliri
3451 3729 3557 3779 cor,
3586 3731 3685 3769 non

2101 3789 2245 3853 escis,
2269 3806 2382 3858 qua
2407 3808 2507 3844 non
2535 3798 2832 3863 profuerunt
2859 3797 3232 3853 ambulantibus
3260 3802 3311 3853 in
3339 3803 3431 3857 eis.

2170 3879 2224 3930 2.
2263 3879 2356 3933 llic
2387 3881 2535 3943 illud,
2572 3881 2716 3944 lleri,
2747 3883 2876 3938 dicit
2904 3902 3061 3940 omne
3093 3897 3302 3958 tempus
3335 3893 3682 3960 pmteritum,

2102 3979 2174 4033 et,
2213 3969 2394 4036 Hodie,
2413 3988 2648 4040 praesens
2677 3986 2884 4044 tempus
2910 3995 2924 4040 ;
2949 3978 3209 4043 saxulum,
3229 3983 3459 4036 futurum
3488 3994 3541 4038 et
3570 3985 3686 4039 inli-

2101 4059 2292 4112 nitum.
2311 4060 2422 4114 Hoc
2450 4072 2554 4125 est,
2591 4065 2886 4119 Audivistis
2915 4068 3239 4136 pontiﬁcem,
3263 4072 3354 4126 sed
3381 4089 3484 4126 non
3513 4077 3686 4142 ponti-

2102 4150 2254 4204 ﬁcem
2279 4153 2365 4220 qui
2390 4153 2599 4208 desinat
2622 4173 2636 4210 :
2658 4172 2867 4226 semper
2888 4159 3030 4213 enim
3058 4160 3195 4214 idem
3220 4173 3322 4217 est.
3351 4164 3579 4220 Perinde
3604 4177 3682 4221 at!

2099 4256 2203 4309 que
2232 4244 2274 4296 si
2299 4256 2476 4298 essent
2503 4246 2594 4314 qui
2620 4245 2860 4301 dicerent
2902 4265 3023 4304 eum
3073 4266 3180 4322 non
3225 4267 3347 4308 esse
3372 4256 3679 4311 cruciﬁxum

2099 4337 2186 4404 qui
2211 4346 2572 4405 exspectatur,
2603 4341 2696 4395 sed
2726 4351 3004 4398 venturum
3036 4359 3156 4401 esse
3184 4347 3344 4402 alium
3367 4367 3378 4402 :
3401 4349 3508 4404 hoc
3531 4352 3677 4417 dicit,

2098 4429 2238 4496 quod
2271 4430 2358 4498 qui
2387 4440 2469 4484 est
2499 4431 2629 4486 Heri
2641 4443 2686 4486 et
2718 4435 2888 4498 hodie,
2908 4435 3054 4490 Idem
3082 4448 3151 4491 est
3171 4440 3444 4495 insa'cula.
3463 4443 3680 4499 Perlioc

2098 4517 2290 4590 quippe
2315 4521 2597 4578 manifeste
2621 4525 2697 4578 ait
2721 4527 2860 4596 quod
2891 4529 2978 4597 qui
3007 4530 3173 4596 venit,
3216 4548 3399 4586 rursus
3426 4546 3678 4588 venturus

2097 4610 2197 4676 sit,
2229 4612 2478 4683 idemque
2507 4616 2621 4684 ipse
2650 4627 2703 4671 et
2731 4627 2854 4673 ante
2879 4629 2992 4673 erat
3015 4662 3028 4683 ,
3057 4630 3109 4676 et
3138 4630 3252 4687 est,
3286 4632 3338 4676 et
3367 4624 3468 4677 erit
3494 4625 3546 4678 in
3572 4642 3677 4679 ste-

2095 4700 2234 4754 cula.
2275 4701 2406 4755 Nam
2445 4720 2587 4760 nunc
2628 4722 2840 4778 quoque
2879 4709 3062 4764 dicunt
3099 4711 3266 4764 Judaei
3296 4714 3456 4766 alium
3488 4725 3675 4769 ventu-

2095 4806 2248 4857 rum;
2278 4801 2475 4848 etcum
2503 4811 2568 4850 eo
2595 4798 2680 4866 qui
2721 4809 2803 4854 est
2836 4801 3042 4869 seipsos
3072 4803 3413 4870 privaverint,
3447 4806 3677 4861 incident

2095 4885 2148 4939 in
2197 4887 2604 4942 Antichristum.
2644 4890 2900 4946 Doctrinis
2931 4894 3081 4947 rariis
3123 4904 3170 4947 et
3211 4897 3483 4965 peregrinis
3525 4900 3677 4951 nolite

2093 4977 2294 5031 abduci.
2325 4979 2440 5034 Non
2472 4982 2643 5036 solum
2686 4985 2980 5054 peregrinis
3004 5027 3019 5050 ,
3047 4986 3143 5040 sed
3191 4987 3350 5039 etiam
3378 4989 3538 5042 variis
3566 4991 3676 5044 vult

2094 5081 2188 5120 eos
2216 5068 2404 5122 abduci
2435 5087 2448 5122 :
2481 5081 2699 5124 noverat
2729 5072 2869 5126 enim
2897 5089 2963 5128 ex
2989 5083 3212 5144 utraque
3249 5085 3397 5143 parte
3439 5080 3674 5132 nascitu-

2093 5173 2205 5211 ram
2233 5160 2520 5229 perniciem
2551 5163 2805 5218 seductis.
2840 5163 3097 5235 Optimum
3127 5177 3196 5221 est
3225 5169 3355 5220 enim
3385 5171 3548 5237 gratia
3571 5182 3674 5224 sta-

2094 5251 2229 5304 biliri
2255 5269 2360 5316 cor,
2391 5270 2492 5308 non
2522 5257 2643 5307 escis
2665 5297 2678 5317 ,
2705 5272 2818 5326 quae
2847 5274 2946 5310 non
2982 5260 3278 5328 profuerunt
3306 5262 3672 5316 auibulantiluts

2093 5342 2145 5396 in
2175 5345 2262 5397 cis.
2297 5344 2392 5398 llic
2425 5347 2672 5413 paulatim
2703 5348 3003 5402 subindicat
3032 5364 3125 5403 eos
3153 5351 3238 5418 qui
3270 5351 3672 5407 introducebant

2093 5433 2520 5490 obsrrvatioaem
2549 5438 2788 5493 ciborum
2826 5458 2838 5492 :
2881 5441 2982 5494 ﬁde
3012 5441 3151 5495 enim
3179 5444 3375 5496 munda
3404 5455 3524 5497 sunt
3555 5462 3670 5498 om-

2093 5534 2174 5587 nia
2204 5551 2217 5586 :
2248 5536 2346 5589 ﬁde
2376 5551 2500 5605 ergo
2527 5553 2658 5605 opus
2683 5547 2782 5600 est,
2813 5555 2915 5591 non
2945 5541 3094 5594 cibis.
3125 5541 3213 5595 l0.
3246 5542 3500 5599 Habemus
3529 5549 3658 5600 enim

2088 5624 2271 5690 altare,
2295 5625 2356 5677 de
2375 5641 2472 5692 quo
2500 5628 2643 5681 edere
2666 5644 2764 5680 non
2791 5628 2968 5681 habent
2998 5640 3284 5696 potestatem
3313 5635 3399 5701 qui
3424 5637 3653 5688 labet-rm-

2089 5713 2204 5765 culo
2229 5713 2529 5769 deserviunt.
2561 5716 2686 5780 Qua:
2713 5725 2834 5769 sunt
2859 5719 2997 5785 apud
3030 5735 3146 5782 nos,
3182 5723 3367 5793 inquit,
3397 5741 3501 5780 non
3532 5739 3653 5780 sunt

2088 5803 2254 5868 qualia
2290 5803 2502 5862 Judaica
2527 5845 2540 5867 ,
2585 5805 2718 5858 adeo
2754 5813 2808 5858 ut
2850 5821 2946 5860 nec
2991 5813 3220 5878 pontiﬁci
3257 5816 3466 5883 quidem
3497 5816 3651 5870 liveat

2131 5929 2156 5949 τ
