3970 6152
440 380 544 438 29.7

444 490 631 529 eorum
664 488 782 530 esse
807 472 1134 544 participem.
1162 472 1540 540 Quamobrem,
1572 475 1820 542 quoniam
1844 472 2012 527 dixit:

445 564 523 621 Ne
548 566 861 631 observetis,
884 564 1165 619 videbatur
1185 573 1362 620 autem
1395 565 1499 620 hoc
1522 577 1641 619 esse
1664 564 1780 635 ejus
1803 565 1894 635 qui
1918 580 2014 620 sua

444 657 671 714 destruit
693 698 707 721 ,
748 658 847 712 hoc
891 671 1075 711 rursus
1111 657 1343 711 invertit.
1375 656 1510 711 Num
1536 672 1634 711 nos
1661 673 1872 727 quoque
1907 675 2011 711 non

443 750 804 813 observamus,
831 748 1034 818 inquit?
1059 747 1418 803 Observamus
1438 750 1599 803 etiam
1622 748 2009 811 vehementius,

441 854 508 891 ne
547 840 673 907 ipsis
711 839 922 909 quidem
958 839 1326 894 sacerdotibus
1353 838 1469 893 haec
1505 838 1889 907 impertientes.
1922 838 2009 895 11.

444 932 667 995 Quorum
695 932 826 983 enim
853 930 1149 983 animalium
1175 930 1397 997 infertur
1428 930 1636 1000 sanguis
1678 946 1770 998 pro
1808 940 2011 1001 peccato

438 1021 490 1073 in
516 1028 686 1073 sancta
716 1037 804 1088 per
830 1020 1134 1088 pontiﬁcem,
1163 1020 1344 1072 horum
1374 1036 1587 1087 corpora
1607 1029 1896 1073 cremantur
1924 1037 2011 1074 οπο

439 1119 516 1160 tra
545 1119 729 1163 castra.
766 1108 848 1162 12.
883 1109 1101 1176 Propter
1132 1110 1267 1174 quod
1304 1118 1355 1162 et
1393 1108 1543 1163 Jesus
1581 1120 1635 1163 ut
1675 1111 2011 1179 sanctiﬁcaret

440 1214 525 1265 per
550 1216 695 1252 suum
718 1199 1013 1269 sanguinem
1035 1200 1299 1269 populant,
1325 1208 1465 1253 extra
1486 1210 1686 1268 portam
1715 1217 1891 1269 passus
1914 1211 2007 1255 est.

439 1287 627 1341 Vidisti
658 1288 877 1355 ﬁguram
912 1288 1378 1356 resplendentem?
1404 1288 1565 1343 Extra
1596 1300 1782 1356 castra,
1820 1291 2005 1360 inquit,

437 1386 510 1441 et,
539 1375 702 1431 Extra
723 1387 941 1446 portam.
966 1379 1225 1445 Quoniam
1247 1394 1374 1448 ergo
1394 1395 1511 1448 qua:
1536 1380 1893 1435 ollerebantur
1911 1396 2009 1451 pro

439 1476 655 1536 peccato
695 1477 852 1538 typus
890 1468 1103 1536 quidam
1146 1478 1332 1534 erant,
1364 1479 1416 1523 et
1450 1481 1595 1525 extra
1629 1481 1800 1525 castra
1828 1473 1879 1526 in
1908 1473 2006 1525 ito-

436 1562 731 1614 locaustum
762 1560 1214 1627 incendebantur,
1238 1561 1359 1630 jure
1395 1565 1584 1622 merito
1612 1573 1760 1619 extra
1798 1575 2005 1633 portam

437 1667 623 1720 passus
650 1650 729 1705 est
754 1652 911 1706 Jesus
936 1655 1022 1722 qui
1054 1669 1148 1721 pro
1170 1655 1403 1722 peccatis
1430 1657 1637 1717 nostris
1663 1656 1869 1711 oblatus
1901 1667 2003 1712 est.

435 1740 694 1807 Quocirca
720 1742 878 1795 etiam
911 1757 1006 1795 nos
1035 1751 1246 1809 oportet
1272 1759 1392 1796 eum
1420 1744 1508 1813 qui
1540 1760 1636 1813 pro
1667 1745 1819 1799 nobis
1857 1762 2004 1801 mor-

436 1840 544 1885 tem
572 1832 690 1885 tulit
732 1831 955 1897 imitari,
982 1832 1248 1901 longeque
1277 1849 1305 1885 a
1336 1835 1479 1887 curis
1506 1834 1662 1906 hujus
1696 1837 1879 1890 mttndi
1915 1852 2005 1891 re-

435 1920 647 1985 cedere,
677 1920 778 1975 hoc
808 1932 887 1975 est
907 1962 922 1987 ,
955 1931 1104 1976 extra
1150 1924 1403 1977 mundum
1435 1925 1623 1993 simus,
1656 1934 1710 1982 et
1760 1943 2005 1984 seorsum

434 2024 464 2063 a
507 2009 665 2065 rebus
705 2011 949 2065 terrenis.
993 2010 1146 2066 Unde
1194 2011 1296 2067 hoc
1346 2014 1738 2083 significaturus
1784 2019 2004 2089 subjuno

432 2102 510 2154 xit
542 2121 553 2153 :
585 2104 670 2157 i5.
705 2101 959 2157 Exeamns
990 2120 1105 2174 ergo
1134 2104 1202 2156 ad
1229 2121 1341 2157 eum
1366 2115 1510 2159 extra
1537 2117 1724 2173 castra,
1751 2109 2005 2181 imprope-

432 2192 563 2244 rium
606 2193 713 2263 ejus
754 2203 1008 2260 portantes
1032 2235 1046 2257 ,
1082 2192 1183 2248 hoc
1223 2205 1332 2259 est,
1366 2197 1551 2250 eadem
1594 2200 1887 2267 patientes,
1913 2216 2005 2255 so-

434 2283 676 2336 cietatem
701 2298 820 2337 cum
851 2299 915 2337 eo
947 2284 1204 2356 habentes
1239 2285 1289 2338 in
1325 2286 1678 2355 passionibus.
1712 2289 2003 2361 Tamquam

434 2374 820 2427 condemnatus
840 2414 853 2435 ,
886 2374 1028 2427 foras
1066 2385 1217 2428 actus
1244 2376 1402 2429 estin
1429 2393 1636 2432 crucem
1670 2397 1683 2431 :
1713 2396 1884 2450 neque
1909 2390 2008 2439 nos

434 2477 561 2531 ergo
585 2462 779 2530 pudeat
804 2463 943 2517 foras
964 2474 1015 2517 et
1038 2472 1184 2517 extra
1204 2465 1456 2518 mundum
1479 2469 1643 2522 exire.
1662 2469 1794 2524 Illud
1813 2473 2006 2542 quippe

435 2552 605 2607 innuit
628 2569 721 2621 per
753 2553 804 2607 id
831 2553 970 2622 quod
996 2553 1156 2608 dicit:
1187 2553 1349 2608 Extra
1380 2566 1564 2620 castra,
1597 2568 1669 2624 et,
1702 2558 1863 2615 Extra
1892 2580 2007 2632 por-

435 2652 554 2695 tum.
589 2642 677 2697 Η.
714 2641 834 2696 Νοη
876 2645 1009 2698 enim
1049 2643 1289 2698 habemus
1326 2646 1441 2712 hic,
1480 2647 1680 2717 inquit,
1726 2665 2005 2709 manentem

436 2747 700 2811 ciritatem,
732 2744 820 2799 sed
848 2748 1069 2813 futuram
1097 2745 1412 2812 inquirimus.
1446 2746 1526 2799 l5.
1564 2744 1666 2799 Per
1692 2746 1855 2815 ipsum
1884 2762 2002 2817 ergo

434 2834 705 2901 eieramus
732 2834 942 2888 hostiam
977 2833 1142 2887 laudis
1171 2849 1366 2902 semper
1388 2832 1497 2888 Deo
1519 2876 1533 2899 ,
1565 2835 1619 2887 id
1644 2844 1715 2888 est
1738 2872 1756 2901 ,
1783 2837 2002 2904 fructum

436 2925 778 2992 conﬁtentium
804 2924 994 2976 nomini
1014 2924 1140 2991 ejus.
1172 2923 1271 2977 Per
1290 2924 1474 2993 ipsum,
1505 2924 1596 2989 ait,
1621 2933 1889 2994 tamquam
1910 2940 2003 2994 per

435 3016 738 3084 pontificem
765 3057 780 3082 ,
821 3016 961 3084 quod
1003 3015 1069 3069 ad
1109 3029 1323 3069 carnem
1362 3017 1569 3071 attinet.
1612 3017 2002 3085 Conﬁtendum,

436 3110 625 3178 inquit,
651 3110 841 3162 nomini
869 3110 994 3177 ejus.
1030 3109 1141 3162 Hoc
1165 3117 1267 3173 est,
1294 3107 1435 3162 Nihil
1476 3109 1753 3179 loquamur
1781 3109 2004 3164 maledi-

434 3212 587 3263 cum,
612 3197 742 3252 nihil
768 3207 1077 3268 protervum
1098 3238 1114 3261 ,
1144 3197 1271 3251 nihil
1303 3196 1505 3265 audax,
1530 3198 1662 3253 nihil
1688 3199 1967 3269 impudens
1986 3242 2001 3266 ,

437 3288 567 3341 nihil
598 3302 852 3357 arrogans
877 3305 890 3352 ;
919 3287 1014 3342 sed
1041 3303 1159 3342 cum
1188 3288 1388 3355 pudore
1414 3296 1466 3343 et
1501 3290 1800 3344 reverentia
1829 3292 2004 3343 omnia

437 3377 691 3432 faciamus
714 3390 766 3433 et
796 3378 1053 3433 dicamus.
1085 3377 1234 3445 Quod
1263 3378 1473 3448 quidem
1495 3394 1601 3433 non
1636 3388 1836 3435 temere
1856 3380 2003 3445 dicit,

437 3469 531 3524 sed
560 3478 616 3523 ut
638 3471 727 3538 qui
750 3478 934 3524 nosset
955 3485 1048 3524 eos
1067 3484 1185 3523 esse
1208 3470 1258 3522 in
1288 3469 1575 3524 afﬂictione
1599 3487 1612 3525 :
1641 3471 1814 3524 anima
1833 3478 2006 3525 autem

438 3573 585 3627 spem
604 3559 781 3629 abjicit
803 3560 852 3612 in
875 3559 1267 3624 afﬂictionibus,
1287 3568 1341 3613 et
1362 3559 1618 3630 pudorem
1641 3562 1804 3616 exuit.
1819 3561 1923 3616 Sed
1944 3577 2008 3616 ne

438 3665 557 3714 nos,
587 3649 775 3720 inquit.
804 3650 940 3704 Ecce
971 3666 1151 3705 rursus
1174 3651 1275 3704 hoc
1297 3651 1470 3719 ipsum
1491 3650 1775 3721 dicitquod
1802 3652 2010 3706 dicebat

439 3742 679 3810 superius
706 3759 719 3794 :
749 3740 870 3795 Non
896 3742 1208 3809 deserentes,
1237 3743 1434 3812 inquit,
1462 3742 1895 3812 congregationem
1920 3758 2009 3794 no-

438 3840 594 3885 stram
620 3830 801 3902 (Hebr.
820 3832 906 3887 10.
922 3833 1036 3901 25).
1057 3832 1145 3888 Sic
1164 3834 1305 3887 enim
1329 3833 1618 3902 poterimus
1635 3834 1810 3887 omnia
1839 3832 2011 3888 facere

440 3937 559 3976 cum
582 3922 783 3991 pudore
796 3932 850 3978 et
866 3932 1200 3979 reverenter:
1220 3938 1364 3991 smpe
1382 3923 1523 3978 enim
1547 3923 1778 3992 ipsorum
1801 3937 2011 3991 quoque

441 4015 713 4070 hominum
762 4015 963 4085 pudore
1014 4016 1209 4081 allecti,
1238 4016 1402 4068 multa
1430 4031 1548 4084 qua:
1592 4023 1716 4068 sunt
1771 4013 2010 4083 improha

442 4120 547 4160 non
580 4107 821 4160 facimus.
855 4106 942 4158 16.
968 4104 1319 4173 Beneﬁcentia:
1352 4114 1519 4158 autem
1566 4113 1612 4158 et
1648 4104 2012 4157 communionis

443 4196 596 4248 nolite
621 4195 864 4248 oblivisci.

515 4287 569 4340 3.
616 4285 947 4353 Ilospitatitas
967 4285 1358 4338 commendatur.
1388 4313 1458 4324 —
1490 4283 1613 4338 ngc
1644 4291 1770 4338 tunc
1799 4283 2014 4352 quidem

444 4376 641 4430 Paulus
662 4375 892 4439 dicebat,
920 4389 1060 4428 nunc
1085 4389 1213 4428 vero
1239 4389 1336 4443 ego
1356 4373 1475 4428 dico
1501 4391 1514 4427 :
1549 4388 1655 4428 non
1682 4382 1855 4429 autem
1882 4390 2017 4443 prac-

446 4465 686 4519 sentibus
714 4472 916 4518 tantum
941 4464 1062 4519 dico
1088 4463 1467 4529 fratribus,scd
1496 4463 1654 4517 etiam
1687 4463 2012 4517 absentibus.

450 4559 614 4613 Nemo
641 4565 816 4612 vestra
849 4557 1023 4625 rapuit
1054 4573 1066 4608 :
1098 4556 1143 4608 si
1175 4566 1353 4609 autem
1384 4556 1470 4609 alii
1504 4564 1709 4609 vestras
1741 4555 2017 4609 facultates

447 4658 757 4718 rapuerunt,
791 4646 927 4702 unde
947 4648 1067 4702 licet
1087 4646 1350 4701 ostendite
1373 4645 1800 4714 hospitalitatem.
1820 4645 2015 4712 Quam-

449 4756 571 4795 nam
610 4756 736 4809 ergo
781 4754 921 4792 nunc
966 4738 1279 4793 habebimus
1312 4737 1728 4799 excusationem,
1773 4751 1890 4789 cum
1934 4735 2017 4787 isti

450 4834 608 4888 etiam
642 4824 761 4901 post
786 4846 1002 4885 suorum
1033 4831 1291 4883 honorum
1339 4831 1577 4899 rapinam
1625 4828 1738 4884 haec
1765 4826 2019 4881 audiant?

454 4927 512 4979 lit
544 4925 684 4990 vide,
720 4924 803 4978 hic
830 4924 979 4987 dicit,
1024 4923 1373 4993 Beneficentia:
1414 4924 1569 4977 nolite
1611 4922 1853 4983 oblivisci,
1900 4937 2019 4976 cum

455 5017 598 5083 prius
623 5015 863 5078 dixisset,
899 5013 1310 5083 Hospitalitatis,
1342 5029 1447 5065 non
1475 5012 1616 5066 aliud
1644 5022 1698 5066 et
1725 5011 1865 5065 aliud
1895 5011 2021 5064 sub-

455 5108 578 5163 inde
605 5106 909 5167 ostendcns,
933 5106 1026 5160 sed
1057 5122 1216 5159 unum
1248 5114 1300 5160 et
1326 5105 1465 5159 idem
1493 5120 1585 5172 per
1613 5104 1809 5157 variam
1836 5104 2020 5157 dictio-

456 5213 601 5251 nem.
630 5196 694 5249 Et
721 5211 823 5248 non
847 5195 1380 5265 dixit,Suseeptionis
1403 5194 1668 5261 hospitum
1700 5192 1861 5245 nolite
1889 5192 2022 5244 0Μί-

457 5288 611 5353 visci,
640 5287 754 5348 sed,
781 5285 1171 5357 llospitalitatis,
1202 5287 1302 5341 hoc
1329 5295 1428 5347 cst,
1460 5284 1573 5337 Non
1602 5283 1770 5336 solum
1804 5282 2025 5348 excipite

453 5392 708 5458 ιιοερὶςιεεῑ,
741 5394 834 5445 sed
866 5392 1025 5445 etiam
1055 5390 1294 5460 hospites
1322 5389 1545 5459 diligite.
1590 5387 1699 5443 Nec
1724 5387 1857 5442 dixit
1885 5387 2026 5440 futu-

449 5497 560 5534 rain
605 5490 655 5533 et
700 5481 986 5548 repositam
1032 5480 1541 5544 remunerationem,
1596 5495 1663 5532 ne
1708 5493 1801 5532 eos
1845 5490 2028 5531 rursus

448 5571 631 5623 reddat
676 5571 1000 5639 supiniores,
1040 5572 1133 5626 sed
1160 5587 1276 5625 eam
1318 5587 1435 5641 qure
1459 5572 1567 5639 jam
1599 5569 1697 5624 fuit
1725 5570 1847 5623 data
1879 5586 1891 5623 :
1923 5565 2028 5622 Per

447 5660 577 5710 lianc
604 5661 756 5723 enim,
790 5661 985 5726 intulit,
1014 5661 1220 5732 quidam
1266 5662 1528 5716 inscientes
1567 5661 1782 5730 hospitio
1817 5652 2024 5729 excepe-

449 5760 565 5801 runt
604 5751 830 5819 angelos.
883 5751 988 5809 Sed
1033 5755 1307 5824 superiora
1351 5754 1641 5823 videamus,
1686 5751 2018 5821 Honorabile,

1204 375 1261 429 S.
1299 366 1576 428 JOANNIS
1609 359 2081 421 CllRYSOSTOMl
2122 360 2435 418 ARCHIEP.
2475 349 3006 415 GONSTANTINOP.

3588 351 3697 414 2‘28

2098 470 2287 542 inquit,
2311 466 2613 522 connubium
2651 463 2705 515 in
2733 457 2982 520 omnibus,
3019 463 3065 507 cl
3094 462 3233 505 torus
3274 443 3671 542 immaculata-3.."

2094 532 2371 631 Quomodo
2402 557 2424 609 ?
2454 554 2715 624 Quoniam
2758 554 2809 604 in
2861 546 3126 607 castitate,
3179 540 3370 610 inquit,
3416 540 3473 592 et
3509 532 3678 631 ⁸ιλιι-(ἥδ

2092 625 2216 709 citis
2267 657 2547 706 conservat
2600 645 2830 698 fidelem.
2859 639 2957 693 Hic
3001 637 3161 692 etiam
3194 632 3352 687 tacite
3383 628 3550 697 tangit
3573 625 3671 682 Ju-

2094 745 2259 809 dmos,
2314 738 2455 810 quod
2508 732 2924 791 abominandum
2990 726 3359 782 existimarent
3413 717 3672 775 concubi-

2092 847 2206 892 tum
2237 853 2250 887 :
2285 832 2349 888 Et
2377 831 2461 903 qui
2491 845 2552 884 ea:
2595 828 2730 881 coitu
2754 823 2992 893 resurgit,
3026 818 3217 888 inquit,
3251 831 3352 869 non
3391 822 3462 867 est
3489 825 3671 881 purus.

2093 931 2209 986 Non
2240 935 2364 984 sunt
2394 918 2748 979 abominanda
2776 932 2895 987 quin
2923 923 3048 969 sunt
3076 928 3140 966 ex
3162 917 3374 970 natura,
3405 921 3439 960 o
3467 904 3672 975 ingrate
3758 926 3769 943 ι

2093 1033 2147 1078 et
2174 1022 2319 1077 nullo
2348 1031 2509 1073 sensu
2544 1011 2767 1083 praedite
2811 1007 2997 1063 Judiec
3022 1045 3036 1070 ,
3066 1002 3159 1057 sed
3190 1015 3310 1071 qua:
3339 1006 3554 1053 suntex
3580 1009 3671 1046 vo-

2093 1118 2297 1171 luntate
2325 1119 2379 1164 et
2417 1108 2585 1162 libero
2628 1101 2789 1156 animi
2820 1097 3039 1153 arbitrio
3063 1111 3078 1149 :
3103 1107 3223 1148 nam
3271 1091 3316 1145 si
3363 1085 3674 1171 honorabile

2092 1170 2147 1255 et
2173 1196 2427 1252 mundum
2454 1200 2538 1247 est
2562 1184 2981 1246 matrimonium,
3011 1194 3107 1235 cur
3133 1178 3294 1232 etiam
3323 1188 3389 1230 ex
3416 1186 3482 1227 eo
3506 1170 3673 1241 pollui

2092 1287 2404 1345 existimas?
2432 1284 2548 1338 Sint
2578 1294 2763 1341 mores,
2791 1273 2985 1343 inquit,
3015 1271 3125 1324 sine
3148 1266 3381 1321 avaritia.
3407 1260 3673 1330 Quoniam

2094 1382 2268 1444 multi,
2296 1385 2572 1448 postquam
2594 1385 2689 1426 sua
2716 1369 2854 1423 bona
2880 1362 3187 1424 effuderint,
3210 1357 3397 1413 volunt
3413 1362 3675 1448 priet-exin

2071 1445 2451 1541 ieleemo-synze
2499 1481 2563 1521 ea
2607 1476 2791 1518 rursus
2838 1457 3137 1526 acquirere,
3192 1457 3474 1521 propterea
3517 1445 3674 1510 dicit,

2096 1565 2212 1620 Sint
2241 1576 2400 1615 mores
2428 1558 2535 1611 sine
2569 1552 2817 1606 avaritia:
2848 1548 2950 1601 hoc
2978 1555 3082 1609 est,
3115 1543 3191 1597 Ea
3233 1548 3435 1594 tantum
3454 1551 3676 1606 qumra-

2094 1670 2213 1710 mus
2242 1653 2433 1723 quibus
2468 1655 2550 1702 est
2583 1659 2737 1715 opus,
2784 1650 2839 1695 et
2868 1654 2986 1710 qua:
3022 1644 3145 1690 sunt
3180 1630 3500 1723 necessaria.
3534 1625 3677 1723 Quid

2098 1761 2226 1801 vero
2248 1717 2274 1811 ,-
2308 1743 2352 1795 si
2399 1755 2466 1793 nc
2506 1752 2567 1791 ea
2617 1733 2828 1803 quidem
2880 1729 3036 1784 nobis
3079 1720 3404 1794 suppetant?
3445 1718 3563 1811 Non
3600 1717 3675 1770 ita

2094 1845 2197 1902 est,
2237 1808 2342 1886 non
2388 1830 2458 1882 ita
2498 1834 2579 1882 est
2611 1845 2624 1879 :
2658 1825 2772 1893 ipse
2800 1820 2942 1876 enim
2973 1817 3126 1879 dixit,
3160 1824 3214 1867 et
3241 1826 3348 1866 non
3379 1808 3672 1865 mentitur:

2098 1900 2216 1981 Non
2265 1933 2311 1977 te
2345 1921 2591 1980 deseram,
2624 1930 2781 1983 neque
2824 1923 2871 1965 te
2915 1908 3282 1974 derelinquam.
3312 1903 3388 1958 Ita
3415 1908 3475 1955 ut
3513 1900 3681 1954 conli-

2094 1988 2282 2073 tleitter
2318 2014 2589 2067 dicamus:
2619 2004 2868 2058 Dominus
2911 2000 3036 2053 milii
3065 1997 3269 2060 adiutor
3298 2009 3319 2048 :
3346 2008 3448 2046 non
3491 1990 3679 2044 timebo

2095 2109 2215 2181 quid
2247 2105 2400 2181 faciat
2430 2101 2552 2154 milii
2581 2098 2728 2151 homo
2763 2092 2931 2166 (Psal.
2962 2090 3095 2181 M7.
3229 2087 3306 2139 Ac
3335 2084 3392 2181 ἐἰ
3423 2083 3624 2137 diceret
3659 2097 3673 2131 :

2096 2175 2286 2255 llahes
2312 2195 2379 2248 ah
2422 2194 2540 2261 ipso
2572 2187 2919 2259 promissum,
2971 2195 3038 2234 ne
3068 2178 3277 2232 dubites
3317 2175 3384 2230 de
3430 2182 3673 2228 caetero:

2096 2293 2208 2361 ipse
2236 2296 2320 2342 cst
2345 2282 2627 2354 pollicitus,
2683 2291 2750 2331 ne
2793 2274 3051 2342 ambigas.
3085 2268 3216 2361 illud
3244 2275 3441 2361 autem,
3475 2263 3596 2361 lVon
3622 2274 3681 2361 te

2096 2354 2342 2441 deseram,
2375 2389 2481 2429 non
2523 2371 2649 2425 dicit
2678 2367 2851 2423 solum
2879 2363 2948 2418 de
2985 2360 3245 2432 pecuniis,
3284 2357 3379 2413 sed
3417 2357 3577 2412 etiam
3605 2354 3680 2409 de

2097 2472 2209 2524 aliis
2239 2466 2508 2520 omnibus.
2532 2460 2785 2514 Dominus
2812 2455 2931 2508 mihi
2950 2453 3156 2523 adjutor
3183 2466 3203 2503 :
3228 2463 3328 2502 non
3352 2445 3531 2500 timebo
3551 2445 3681 2515 quid

2098 2562 2251 2631 faciat
2279 2557 2404 2611 milii
2426 2557 2594 2608 homo.
2621 2552 2686 2605 Et
2710 2547 2903 2600 merito
2924 2542 3204 2613 Prophetas
3226 2540 3426 2595 dictum
3448 2535 3673 2631 addidit,

2098 2627 2171 2706 sic
2198 2651 2484 2717 obsignans
2512 2654 2834 2703 sermonem,
2869 2643 2925 2691 et
2949 2634 3237 2688 alacriores
3280 2644 3377 2684 nos
3420 2627 3676 2687 reddens,

2099 2753 2153 2795 ut
2182 2757 2248 2795 ne
2274 2739 2639 2807 desperemus.
2673 2730 2782 2783 lloc
2819 2741 2946 2796 ergo
2980 2740 3075 2778 nos
3106 2735 3318 2792 quoque
3344 2719 3587 2773 dicamus
3620 2718 3676 2767 in

2107 2836 2358 2892 omnibus
2386 2829 2793 2891 tentationibus,
2842 2824 3072 2877 humana
3116 2817 3481 2873 irrideamus:
3511 2812 3697 2869 donec

2107 2930 2274 2985 Deum
2314 2926 2572 2981 habemus
2604 2919 2913 2992 propitium,
2956 2928 3115 2969 nemo
3150 2924 3251 2966 nos
3288 2906 3581 2981 superabit.
3618 2903 3693 2955 lt

2107 3020 2270 3084 enim,
2308 3018 2351 3071 si
2382 3015 2469 3069 ille
2498 3014 2567 3067 sit
2595 3012 2864 3075 inimicus,
2891 3004 3101 3060 etiamsi
3141 3014 3330 3055 omnes
3358 2998 3467 3053 sint
3504 2993 3692 3053 amici.

2106 3111 2238 3167 nihil
2265 3106 2485 3181 prodest
2517 3123 2531 3157 :
2565 3104 2636 3157 ita
2665 3103 2709 3156 si
2750 3101 2866 3169 ipse
2894 3098 2963 3152 sit
3000 3094 3224 3155 amicus,
3257 3087 3697 3181 etiamsi-omnes

2106 3177 2501 3272 belligerentnr,
2551 3194 2687 3249 nihil
2736 3205 2837 3246 nos
2876 3189 3040 3244 laedit.
3080 3187 3204 3241 Ideo
3241 3182 3374 3237 dixit
3405 3198 3419 3234 ς
3450 3177 3571 3234 Non
3619 3178 3695 3227 ti-

2107 3296 2246 3348 mebo
2281 3293 2402 3365 quid
2426 3289 2581 3361 faciat
2619 3285 2741 3340 mihi
2764 3284 2934 3337 homo.
2970 3280 3271 3335 Mementote
3301 3273 3695 3344 praepositorum

2107 3395 2402 3448 vestrorum,
2433 3381 2518 3452 qui
2542 3378 2678 3432 vobis
2705 3375 2900 3447 loquuti
2924 3381 3040 3427 sunt
3067 3370 3268 3423 verbum
3289 3367 3403 3420 Dei.
3438 3365 3532 3418 llic
3554 3378 3687 3432 quo.

2106 3490 2210 3544 que
2239 3472 2485 3528 cxiStimo
2517 3484 2636 3524 eum
2671 3468 2848 3522 dicere
2874 3463 2941 3519 de
2983 3461 3181 3516 auxilio
3212 3476 3224 3512 :
3256 3460 3358 3511 hoc
3401 3455 3541 3511 enim
3581 3463 3695 3518 est,

2111 3566 2209 3634 Qui
2222 3563 2368 3624 nobis
2409 3561 2601 3632 loquuti
2639 3566 2756 3614 sunt
2791 3556 2992 3610 verbum
3029 3552 3146 3606 Dei.
3182 3551 3411 3615 Quorum
3439 3550 3696 3601 intuentes

2108 3659 2295 3712 exitum
2337 3653 2750 3716 conversationis,
2793 3646 3063 3702 imitamini
3093 3645 3265 3712 ﬁdem.
3296 3639 3434 3708 Quid
3463 3644 3565 3704 est,
3596 3635 3664 3689 In
3683 3666 3698 3676 -

2108 3748 2339 3803 tuentes?
2369 3746 2596 3801 Assidue
2638 3748 2934 3804 versantes,
2977 3734 3118 3807 apud
3158 3748 3254 3788 vos
3296 3730 3694 3794 examinantes,

2109 3841 2488 3895 ratiocinantes
2514 3877 2528 3903 ,
2559 3840 2806 3889 accurate
2836 3838 2891 3884 et
2928 3836 3113 3882 exacte
3138 3832 3459 3894 qumrentes,
3492 3828 3549 3874 ut
3574 3818 3699 3872 vul—

2109 3930 2176 3984 tis
2202 3937 2517 3983 scrutantes.
2548 3925 2710 3979 Recte
2736 3921 2881 3984 dicit,
2916 3918 3119 3972 Exitum
3142 3912 3565 3972 conversationis;
3588 3910 3700 3964 hoc

2108 4030 2210 4081 est,
2235 4020 2322 4089 qui
2343 4015 2596 4088 pertingit
2620 4026 2787 4082 usque
2815 4009 2879 4063 ad
2911 4008 3093 4071 linem,
3113 4005 3361 4074 quoniam
3396 4003 3590 4057 bonum
3626 4000 3697 4052 ﬁ-

2109 4126 2231 4165 nem
2256 4107 2440 4162 habuit
2467 4119 2652 4160 eorum
2675 4099 3031 4155 conversatio.
3064 4094 3217 4149 Jesus
3238 4093 3470 4149 Christus
3501 4091 3611 4143 heri
3643 4102 3697 4145 et

2110 4202 2279 4265 hodie,
2309 4199 2442 4252 idem
2471 4208 2518 4250 et
2557 4197 2610 4249 in
2639 4193 2844 4247 swcula.
2869 4191 2923 4245 Id
2951 4198 3071 4244 est:
3096 4187 3175 4243 Ne
3201 4185 3517 4241 existimetis
3545 4184 3693 4253 quod

2111 4304 2238 4348 tunc
2262 4291 2448 4347 fecerit
2482 4286 2755 4349 miracula,
2787 4298 2929 4338 nunc
2968 4289 3145 4336 autem
3179 4294 3283 4333 non
3314 4276 3508 4335 faciat:
3542 4266 3691 4329 idem

2111 4386 2225 4454 ipse
2241 4390 2342 4445 est,
2368 4379 2693 4449 etquoniam
2722 4375 2863 4429 idem
2883 4383 2986 4439 est,
3018 4387 3121 4425 non
3145 4379 3227 4424 est
3248 4378 3457 4437 tempus
3478 4367 3699 4436 quando

2112 4491 2217 4531 non
2239 4474 2406 4545 possit
2423 4474 2523 4526 ista
2542 4468 2785 4541 operari:
2806 4467 2871 4521 ad
2894 4465 3033 4535 quod
3059 4461 3277 4518 forsitan
3298 4459 3591 4529 respiciens
3613 4459 3701 4513 di-

2112 4568 2217 4623 xit:
2238 4565 2538 4621 Mementote
2554 4560 2939 4632 praepositorum
2957 4566 3248 4610 vestrorum.
3263 4551 3524 4606 Doctrinis
3540 4553 3703 4604 variis

2112 4667 2158 4712 et
2182 4655 2458 4729 peregrinis
2485 4651 2640 4706 nolite
2660 4649 2860 4703 abduci.
2880 4646 3187 4715 Peregrinis,
3213 4643 3315 4697 hoc
3345 4649 3446 4707 est,
3466 4641 3701 4695 diversis

2112 4751 2179 4806 ab
2200 4751 2264 4805 iis
2290 4763 2418 4819 quas
2438 4762 2469 4801 a
2496 4744 2651 4800 nobis
2676 4740 2954 4796 audivistis
2986 4757 2998 4792 :
3041 4736 3223 4802 Variis,
3259 4735 3359 4787 hoc
3384 4744 3467 4787 est
3490 4774 3503 4797 ,
3534 4747 3703 4787 omne

2112 4854 2281 4911 genus
2302 4835 2577 4892 doctrinis.
2598 4832 2756 4886 Tales
2776 4830 2918 4884 enim
2944 4827 3073 4881 nihil
3098 4826 3291 4880 habent
3320 4824 3480 4877 lixum
3511 4830 3566 4875 et
3587 4834 3704 4877 sta-

2115 4933 2245 4996 bile,
2264 4928 2357 4983 scd
2380 4920 2942 4988 suntvarim,maxime
2957 4918 3006 4972 id
3022 4916 3163 4988 quod
3189 4914 3254 4968 ad
3275 4914 3425 4970 cibos
3444 4913 3698 4983 pertinet.

2115 5022 2317 5076 Idcirco
2341 5017 2405 5070 ad
2435 5017 2536 5069 hoc
2564 5012 2861 5082 respiciens
2890 5009 3165 5078 subjungit
3193 5023 3209 5059 :
3238 5005 3441 5058 Bonum
3471 5004 3604 5057 enim
3627 5013 3705 5057 est

2115 5113 2279 5184 gratia
2306 5107 2525 5162 stabiliri
2551 5121 2656 5167 cor,
2687 5120 2787 5157 non
2817 5102 2963 5155 escis.
2995 5100 3085 5151 Ea:
3110 5106 3234 5153 sunt
3260 5096 3442 5159 variat,
3468 5109 3546 5149 ea:
3574 5106 3704 5148 sunt

2118 5198 2432 5275 peregrinae.
2458 5198 2555 5251 ll.c
2580 5196 2631 5249 in
2657 5192 3080 5263 superstitiosam
3106 5189 3347 5244 ciborum
3371 5186 3705 5241 observatio-

2120 5310 2241 5350 nem
2270 5290 2539 5346 invehitur
2568 5304 2582 5340 :
2615 5284 2849 5340 ostendit
2875 5282 3020 5337 enim
3045 5277 3316 5350 quomodo
3345 5292 3409 5330 ex
3438 5278 3706 5345 supersti-

2121 5389 2255 5441 tiosa
2272 5384 2511 5439 ciborum
2542 5376 2916 5433 observatione
2933 5374 2985 5427 in
3005 5373 3231 5426 alienam
3249 5386 3278 5423 a
3302 5378 3446 5422 recta
3474 5367 3579 5422 llde
3602 5368 3705 5421 do-

2119 5476 2343 5532 ctrinam
2363 5470 2666 5534 inciderint,
2697 5466 2926 5535 indeque
2957 5465 3007 5516 in
3035 5462 3210 5515 varias
3229 5469 3282 5515 et
3300 5473 3465 5513 novas
3493 5458 3706 5511 doctri-

2122 5583 2219 5622 nas
2239 5565 2435 5621 sensim
2458 5577 2516 5615 se
2541 5557 2874 5616 demiserint.
2903 5555 2968 5610 Et
2988 5552 3109 5607 vide
3134 5565 3256 5606 eum
3286 5565 3391 5604 non
3409 5546 3704 5603 audentem

2138 5672 2239 5726 hoc
2264 5677 2447 5737 aperte
2473 5666 2668 5729 dicere,
2692 5660 2788 5718 sed
2812 5658 2963 5730 quasi
2992 5658 3044 5711 in
3070 5654 3372 5724 aenigmate.
3395 5650 3529 5705 Dum
3556 5648 3703 5737 enim

2141 5762 2282 5820 dicit.
2302 5735 2793 5823 VNolitecircumferri
2816 5748 2968 5805 uariis
2987 5757 3033 5801 et
3061 5745 3199 5800 nouis
3231 5740 3490 5806 doctrinis,
3511 5748 3556 5792 ct
3571 5778 3584 5803 ,
3607 5735 3705 5790 Bo-
