  <div class='ocr_page' id='page_1' title='image "/cluster/home/n/w/nwhite01/storage/ocr_20150623/63/mdp.39015008641394/232.png"; bbox 0 0 3970 6152; ppageno 0'>
   <div class='ocr_carea' id='block_1_1' title="bbox 1114 350 3606 419">
    <p class='ocr_par' dir='ltr' id='par_1_1' title="bbox 1114 350 3606 419">
     <span class='ocr_line' id='line_1_1' title="bbox 1114 350 3606 419; baseline 0.006 -14"><span class='ocrx_word' id='word_1_1' title='bbox 1114 353 1181 406; x_wconf 71' lang='lat' dir='ltr'><strong>IN</strong></span> <span class='ocrx_word' id='word_1_2' title='bbox 1216 350 1427 408; x_wconf 74' lang='lat' dir='ltr'><strong>EPIST.</strong></span> <span class='ocrx_word' id='word_1_3' title='bbox 1469 353 1561 406; x_wconf 78' lang='lat' dir='ltr'><strong>AD</strong></span> <span class='ocrx_word' id='word_1_4' title='bbox 1595 353 1956 410; x_wconf 44' lang='lat' dir='ltr'><strong>&quot;EBR‘IEOS.</strong></span> <span class='ocrx_word' id='word_1_5' title='bbox 2000 356 2150 413; x_wconf 78' lang='lat' dir='ltr'><strong>CAP.</strong></span> <span class='ocrx_word' id='word_1_6' title='bbox 2193 354 2579 413; x_wconf 73' lang='lat' dir='ltr'><strong>XIIIJIOMIL.</strong></span> <span class='ocrx_word' id='word_1_7' title='bbox 2623 356 2861 412; x_wconf 69' lang='lat' dir='ltr'><strong>XKXHI.</strong></span> <span class='ocrx_word' id='word_1_8' title='bbox 3500 363 3606 419; x_wconf 70' lang='lat'><strong>2‘28</strong></span> 
     </span>
    </p>
   </div>
   <div class='ocr_carea' id='block_1_2' title="bbox 340 462 3604 548">
    <p class='ocr_par' dir='ltr' id='par_1_2' title="bbox 340 462 3604 548">
     <span class='ocr_line' id='line_1_2' title="bbox 340 462 3604 548; baseline 0.002 -23"><span class='ocrx_word' id='word_1_9' title='bbox 340 475 763 543; x_wconf 62' lang='grc' dir='ltr'><strong>λατρεύοντες.</strong></span> <span class='ocrx_word' id='word_1_10' title='bbox 822 469 932 537; x_wconf 79' lang='grc' dir='ltr'><strong>Οὐχ</strong></span> <span class='ocrx_word' id='word_1_11' title='bbox 958 462 1041 521; x_wconf 79' lang='grc' dir='ltr'><strong>οἶα</strong></span> <span class='ocrx_word' id='word_1_12' title='bbox 1068 469 1137 520; x_wconf 72' lang='grc' dir='ltr'><strong>τά</strong></span> <span class='ocrx_word' id='word_1_13' title='bbox 1170 468 1457 533; x_wconf 74' lang='grc' dir='ltr'><strong>Ἰουδαϊκὰ,</strong></span> <span class='ocrx_word' id='word_1_14' title='bbox 1493 469 1663 540; x_wconf 69' lang='grc' dir='ltr'><strong>φησὶ,</strong></span> <span class='ocrx_word' id='word_1_15' title='bbox 1704 470 1930 524; x_wconf 80' lang='grc' dir='ltr'><strong>τοιαῦτα</strong></span> <span class='ocrx_word' id='word_1_16' title='bbox 2047 473 2330 536; x_wconf 70' lang='grc' dir='ltr'><strong>Ἰουδαίους</strong></span> <span class='ocrx_word' id='word_1_17' title='bbox 2383 474 2715 537; x_wconf 76' lang='grc' dir='ltr'><strong>αἰνίττεται,</strong></span> <span class='ocrx_word' id='word_1_18' title='bbox 2769 473 2852 525; x_wconf 83' lang='grc' dir='ltr'><strong>ὅτι</strong></span> <span class='ocrx_word' id='word_1_19' title='bbox 2907 471 3165 541; x_wconf 73' lang='grc' dir='ltr'><strong>βδελυρὰν</strong></span> <span class='ocrx_word' id='word_1_20' title='bbox 3221 473 3454 545; x_wconf 70' lang='grc' dir='ltr'><strong>ἡγοῦντο</strong></span> <span class='ocrx_word' id='word_1_21' title='bbox 3503 477 3604 548; x_wconf 80' lang='grc' dir='ltr'><strong>τὴν</strong></span> 
     </span>
    </p>
   </div>
   <div class='ocr_carea' id='block_1_3' title="bbox 352 548 3605 627">
    <p class='ocr_par' dir='ltr' id='par_1_3' title="bbox 352 548 3605 627">
     <span class='ocr_line' id='line_1_3' title="bbox 352 548 3605 627; baseline -0.006 -14"><span class='ocrx_word' id='word_1_22' title='bbox 352 560 425 612; x_wconf 84' lang='grc' dir='ltr'><strong>τά</strong></span> <span class='ocrx_word' id='word_1_23' title='bbox 462 558 590 627; x_wconf 79' lang='grc' dir='ltr'><strong>παρ’</strong></span> <span class='ocrx_word' id='word_1_24' title='bbox 614 556 764 624; x_wconf 81' lang='grc' dir='ltr'><strong>ἡμῖν,</strong></span> <span class='ocrx_word' id='word_1_25' title='bbox 788 553 862 616; x_wconf 85' lang='grc' dir='ltr'><strong>ὡς</strong></span> <span class='ocrx_word' id='word_1_26' title='bbox 900 553 1034 623; x_wconf 83' lang='grc' dir='ltr'><strong>μηδὲ</strong></span> <span class='ocrx_word' id='word_1_27' title='bbox 1060 553 1306 623; x_wconf 81' lang='grc' dir='ltr'>ἀρχιερεῖ</span> <span class='ocrx_word' id='word_1_28' title='bbox 1329 553 1486 621; x_wconf 81' lang='grc' dir='ltr'><strong>θέμις</strong></span> <span class='ocrx_word' id='word_1_29' title='bbox 1511 548 1649 606; x_wconf 72' lang='grc' dir='ltr'><strong>εἶναι</strong></span> <span class='ocrx_word' id='word_1_30' title='bbox 1682 554 1931 623; x_wconf 83' lang='grc' dir='ltr'><strong>μετέχειν</strong></span> <span class='ocrx_word' id='word_1_31' title='bbox 2033 557 2222 626; x_wconf 84' lang='grc' dir='ltr'><strong>κοίτην</strong></span> <span class='ocrx_word' id='word_1_32' title='bbox 2243 572 2256 586; x_wconf 76' lang='grc' dir='ltr'><strong>ο</strong></span> <span class='ocrx_word' id='word_1_33' title='bbox 2287 555 2399 609; x_wconf 78' lang='grc' dir='ltr'><strong>Καὶ</strong></span> <span class='ocrx_word' id='word_1_34' title='bbox 2426 556 2493 620; x_wconf 79' lang='grc' dir='ltr'><strong>ὃς</strong></span> <span class='ocrx_word' id='word_1_35' title='bbox 2522 559 2599 608; x_wconf 77' lang='grc' dir='ltr'><strong>ἀν</strong></span> <span class='ocrx_word' id='word_1_36' title='bbox 2628 550 2688 625; x_wconf 72' lang='grc' dir='ltr'><strong>ᾖ,</strong></span> <span class='ocrx_word' id='word_1_37' title='bbox 2718 556 2902 623; x_wconf 79' lang='grc' dir='ltr'><strong>φησὶν,</strong></span> <span class='ocrx_word' id='word_1_38' title='bbox 2927 556 3044 610; x_wconf 76' lang='grc' dir='ltr'><strong>ἀπὸ</strong></span> <span class='ocrx_word' id='word_1_39' title='bbox 3076 557 3300 623; x_wconf 61' lang='grc' dir='ltr'><strong>κοίτης,</strong></span> <span class='ocrx_word' id='word_1_40' title='bbox 3333 560 3443 612; x_wconf 66' lang='grc' dir='ltr'><strong>οὐκ</strong></span> <span class='ocrx_word' id='word_1_41' title='bbox 3471 560 3605 614; x_wconf 63' lang='grc' dir='ltr'><strong>ἐστι</strong></span> 
     </span>
    </p>
   </div>
   <div class='ocr_carea' id='block_1_4' title="bbox 356 630 3605 709">
    <p class='ocr_par' dir='ltr' id='par_1_4' title="bbox 356 630 3605 709">
     <span class='ocr_line' id='line_1_4' title="bbox 356 630 3605 709; baseline 0.001 -16"><span class='ocrx_word' id='word_1_42' title='bbox 356 638 732 695; x_wconf 81' lang='grc' dir='ltr'><strong>αὐτῶν.”Ωστε</strong></span> <span class='ocrx_word' id='word_1_43' title='bbox 763 630 1106 705; x_wconf 80' lang='grc' dir='ltr'><strong>ὲπειδὴεῖπε,</strong></span> <span class='ocrx_word' id='word_1_44' title='bbox 1137 635 1227 704; x_wconf 78' lang='grc' dir='ltr'><strong>Μὴ</strong></span> <span class='ocrx_word' id='word_1_45' title='bbox 1246 636 1639 704; x_wconf 86' lang='grc' dir='ltr'><strong>παρατηρεῖτε,</strong></span> <span class='ocrx_word' id='word_1_46' title='bbox 1671 634 1927 687; x_wconf 84' lang='grc' dir='ltr'><strong>ὲδόκειδὲ</strong></span> <span class='ocrx_word' id='word_1_47' title='bbox 2031 640 2312 705; x_wconf 78' lang='grc' dir='ltr'><strong>καθαρός.</strong></span> <span class='ocrx_word' id='word_1_48' title='bbox 2370 640 2482 691; x_wconf 72' lang='grc' dir='ltr'><strong>Οὐκ</strong></span> <span class='ocrx_word' id='word_1_49' title='bbox 2534 639 2649 690; x_wconf 80' lang='grc' dir='ltr'><strong>ἔστι</strong></span> <span class='ocrx_word' id='word_1_50' title='bbox 2696 638 2929 708; x_wconf 84' lang='grc' dir='ltr'><strong>βδελυρά</strong></span> <span class='ocrx_word' id='word_1_51' title='bbox 2980 640 3048 692; x_wconf 74' lang='grc' dir='ltr'><strong>τὰ</strong></span> <span class='ocrx_word' id='word_1_52' title='bbox 3099 641 3205 693; x_wconf 83' lang='grc' dir='ltr'><strong>ἀπὸ</strong></span> <span class='ocrx_word' id='word_1_53' title='bbox 3252 642 3504 709; x_wconf 73' lang='grc' dir='ltr'><strong>φύσεως,</strong></span> <span class='ocrx_word' id='word_1_54' title='bbox 3558 637 3605 697; x_wconf 82' lang='grc' dir='ltr'>ὦ</span> 
     </span>
    </p>
   </div>
   <div class='ocr_carea' id='block_1_5' title="bbox 356 713 3603 794">
    <p class='ocr_par' dir='ltr' id='par_1_5' title="bbox 356 713 3603 794">
     <span class='ocr_line' id='line_1_5' title="bbox 356 713 3603 794; baseline 0 -19"><span class='ocrx_word' id='word_1_55' title='bbox 356 720 512 775; x_wconf 80' lang='grc' dir='ltr'><strong>τοῦτο</strong></span> <span class='ocrx_word' id='word_1_56' title='bbox 541 718 971 779; x_wconf 75' lang='grc' dir='ltr'><strong>καταϐάλλοντος</strong></span> <span class='ocrx_word' id='word_1_57' title='bbox 998 713 1136 769; x_wconf 74' lang='grc' dir='ltr'><strong>εἶναι</strong></span> <span class='ocrx_word' id='word_1_58' title='bbox 1163 717 1234 769; x_wconf 80' lang='grc' dir='ltr'><strong>τὰ</strong></span> <span class='ocrx_word' id='word_1_59' title='bbox 1265 717 1394 780; x_wconf 87' lang='grc' dir='ltr'><strong>ῖδια,</strong></span> <span class='ocrx_word' id='word_1_60' title='bbox 1418 717 1580 770; x_wconf 87' lang='grc' dir='ltr'><strong>πάλιν</strong></span> <span class='ocrx_word' id='word_1_61' title='bbox 1611 717 1742 769; x_wconf 80' lang='grc' dir='ltr'><strong>αὐτὸ</strong></span> <span class='ocrx_word' id='word_1_62' title='bbox 1767 734 1925 788; x_wconf 84' lang='grc' dir='ltr'><strong>περι·</strong></span> <span class='ocrx_word' id='word_1_63' title='bbox 2030 717 2283 787; x_wconf 77' lang='grc' dir='ltr'><strong>ἄγνωμον</strong></span> <span class='ocrx_word' id='word_1_64' title='bbox 2306 720 2402 771; x_wconf 76' lang='grc' dir='ltr'><strong>καὶ</strong></span> <span class='ocrx_word' id='word_1_65' title='bbox 2429 720 2724 789; x_wconf 87' lang='grc' dir='ltr'><strong>ἀναίσθητε</strong></span> <span class='ocrx_word' id='word_1_66' title='bbox 2760 720 2999 786; x_wconf 87' lang='grc' dir='ltr'><strong>Ἰουδαῖε,</strong></span> <span class='ocrx_word' id='word_1_67' title='bbox 3023 721 3157 774; x_wconf 83' lang='grc' dir='ltr'><strong>ἀλλά</strong></span> <span class='ocrx_word' id='word_1_68' title='bbox 3179 722 3247 774; x_wconf 83' lang='grc' dir='ltr'><strong>τὰ</strong></span> <span class='ocrx_word' id='word_1_69' title='bbox 3277 723 3385 775; x_wconf 83' lang='grc' dir='ltr'><strong>ἀπὸ</strong></span> <span class='ocrx_word' id='word_1_70' title='bbox 3411 741 3603 794; x_wconf 88' lang='grc' dir='ltr'><strong>προαι-</strong></span> 
     </span>
    </p>
   </div>
   <div class='ocr_carea' id='block_1_6' title="bbox 354 797 3603 877">
    <p class='ocr_par' dir='ltr' id='par_1_6' title="bbox 354 797 3603 877">
     <span class='ocr_line' id='line_1_6' title="bbox 354 797 3603 877; baseline 0.002 -20"><span class='ocrx_word' id='word_1_71' title='bbox 354 805 591 874; x_wconf 86' lang='grc' dir='ltr'><strong>στρέφει.</strong></span> <span class='ocrx_word' id='word_1_72' title='bbox 625 801 717 870; x_wconf 82' lang='grc' dir='ltr'><strong>Μὴ</strong></span> <span class='ocrx_word' id='word_1_73' title='bbox 745 800 853 869; x_wconf 86' lang='grc' dir='ltr'><strong>γὰρ</strong></span> <span class='ocrx_word' id='word_1_74' title='bbox 886 800 980 852; x_wconf 59' lang='grc' dir='ltr'><strong>καλ¹</strong></span> <span class='ocrx_word' id='word_1_75' title='bbox 1010 801 1174 869; x_wconf 76' lang='grc' dir='ltr'><strong>ἡμεῖς</strong></span> <span class='ocrx_word' id='word_1_76' title='bbox 1199 799 1259 851; x_wconf 82' lang='grc' dir='ltr'><strong>οὐ</strong></span> <span class='ocrx_word' id='word_1_77' title='bbox 1285 797 1733 869; x_wconf 84' lang='grc' dir='ltr'><strong>παρατηροῦμεν,</strong></span> <span class='ocrx_word' id='word_1_78' title='bbox 1760 799 1923 868; x_wconf 85' lang='grc' dir='ltr'><strong>φησί;</strong></span> <span class='ocrx_word' id='word_1_79' title='bbox 2031 803 2233 874; x_wconf 84' lang='grc' dir='ltr'><strong>ρέσεως</strong></span> <span class='ocrx_word' id='word_1_80' title='bbox 2255 820 2266 832; x_wconf 89' lang='grc'><strong>·</strong></span> <span class='ocrx_word' id='word_1_81' title='bbox 2307 804 2357 856; x_wconf 77' lang='grc' dir='ltr'><strong>εἰ</strong></span> <span class='ocrx_word' id='word_1_82' title='bbox 2398 804 2508 873; x_wconf 84' lang='grc' dir='ltr'><strong>γὰρ</strong></span> <span class='ocrx_word' id='word_1_83' title='bbox 2541 803 2718 872; x_wconf 86' lang='grc' dir='ltr'><strong>τίμιος</strong></span> <span class='ocrx_word' id='word_1_84' title='bbox 2748 804 2776 855; x_wconf 87' lang='grc' dir='ltr'>ὁ</span> <span class='ocrx_word' id='word_1_85' title='bbox 2807 805 2985 874; x_wconf 84' lang='grc' dir='ltr'>γάμος</span> <span class='ocrx_word' id='word_1_86' title='bbox 3012 806 3104 859; x_wconf 74' lang='grc' dir='ltr'><strong>καὶ</strong></span> <span class='ocrx_word' id='word_1_87' title='bbox 3130 806 3393 876; x_wconf 81' lang='grc' dir='ltr'><strong>καθαρὸς,</strong></span> <span class='ocrx_word' id='word_1_88' title='bbox 3424 807 3477 860; x_wconf 81' lang='grc' dir='ltr'><strong>τί</strong></span> <span class='ocrx_word' id='word_1_89' title='bbox 3511 808 3603 877; x_wconf 76' lang='grc' dir='ltr'><strong>δή·</strong></span> 
     </span>
    </p>
   </div>
   <div class='ocr_carea' id='block_1_7' title="bbox 348 880 3602 958">
    <p class='ocr_par' dir='ltr' id='par_1_7' title="bbox 348 880 3602 958">
     <span class='ocr_line' id='line_1_7' title="bbox 348 880 3602 958; baseline 0.002 -21"><span class='ocrx_word' id='word_1_90' title='bbox 348 888 458 939; x_wconf 83' lang='grc' dir='ltr'><strong>Καὶ</strong></span> <span class='ocrx_word' id='word_1_91' title='bbox 505 883 930 953; x_wconf 81' lang='grc' dir='ltr'><strong>παρατηροῦμεν</strong></span> <span class='ocrx_word' id='word_1_92' title='bbox 957 920 972 942; x_wconf 91' lang='grc'><strong>,</strong></span> <span class='ocrx_word' id='word_1_93' title='bbox 1033 880 1127 934; x_wconf 79' lang='grc' dir='ltr'><strong>καὶ</strong></span> <span class='ocrx_word' id='word_1_94' title='bbox 1176 880 1530 958; x_wconf 87' lang='grc' dir='ltr'><strong>σφοδρότερον</strong></span> <span class='ocrx_word' id='word_1_95' title='bbox 1577 882 1696 934; x_wconf 84' lang='grc' dir='ltr'><strong>οὐδὲ</strong></span> <span class='ocrx_word' id='word_1_96' title='bbox 1741 881 1927 942; x_wconf 86' lang='grc' dir='ltr'><strong>αὐτοῖς</strong></span> <span class='ocrx_word' id='word_1_97' title='bbox 2028 901 2160 936; x_wconf 86' lang='grc' dir='ltr'><strong>ποτε</strong></span> <span class='ocrx_word' id='word_1_98' title='bbox 2195 886 2286 938; x_wconf 78' lang='grc' dir='ltr'><strong>καὶ</strong></span> <span class='ocrx_word' id='word_1_99' title='bbox 2312 886 2370 952; x_wconf 79' lang='grc' dir='ltr'><strong>ἐξ</strong></span> <span class='ocrx_word' id='word_1_100' title='bbox 2406 886 2575 939; x_wconf 83' lang='grc' dir='ltr'><strong>αὑτοῦ</strong></span> <span class='ocrx_word' id='word_1_101' title='bbox 2616 886 2924 955; x_wconf 77' lang='grc' dir='ltr'><strong>μιαίνεσθαι</strong></span> <span class='ocrx_word' id='word_1_102' title='bbox 2950 885 3218 955; x_wconf 79' lang='grc' dir='ltr'><strong>νομίζεις;</strong></span> <span class='ocrx_word' id='word_1_103' title='bbox 3260 888 3602 958; x_wconf 76' lang='grc' dir='ltr'><strong>Ἀφιλάργυ-</strong></span> 
     </span>
    </p>
   </div>
   <div class='ocr_carea' id='block_1_8' title="bbox 343 957 3601 1043">
    <p class='ocr_par' dir='ltr' id='par_1_8' title="bbox 343 957 3601 1043">
     <span class='ocr_line' id='line_1_8' title="bbox 343 957 3601 1043; baseline 0.001 -21"><span class='ocrx_word' id='word_1_104' title='bbox 343 970 455 1031; x_wconf 85' lang='grc' dir='ltr'><strong>τοῖς</strong></span> <span class='ocrx_word' id='word_1_105' title='bbox 491 967 695 1038; x_wconf 83' lang='grc' dir='ltr'><strong>ἱερεῦσι</strong></span> <span class='ocrx_word' id='word_1_106' title='bbox 725 964 1088 1035; x_wconf 78' lang='grc' dir='ltr'><strong>μεταδιδόντες</strong></span> <span class='ocrx_word' id='word_1_107' title='bbox 1118 957 1432 1017; x_wconf 81' lang='grc' dir='ltr'><strong>αὑτῶν.Ὧν</strong></span> <span class='ocrx_word' id='word_1_108' title='bbox 1454 964 1562 1033; x_wconf 79' lang='grc' dir='ltr'><strong>γὰρ</strong></span> <span class='ocrx_word' id='word_1_109' title='bbox 1589 963 1925 1032; x_wconf 70' lang='grc' dir='ltr'><strong>εἰσφέρεται</strong></span> <span class='ocrx_word' id='word_1_110' title='bbox 2016 983 2164 1033; x_wconf 87' lang='grc' dir='ltr'><strong>ρος,</strong></span> <span class='ocrx_word' id='word_1_111' title='bbox 2216 970 2413 1037; x_wconf 80' lang='grc' dir='ltr'><strong>φησὶν,</strong></span> <span class='ocrx_word' id='word_1_112' title='bbox 2460 972 2493 1021; x_wconf 84' lang='grc' dir='ltr'><em>ὁ</em></span> <span class='ocrx_word' id='word_1_113' title='bbox 2540 970 2775 1035; x_wconf 82' lang='grc' dir='ltr'><strong>τρόπος.</strong></span> <span class='ocrx_word' id='word_1_114' title='bbox 2846 970 3067 1034; x_wconf 82' lang='grc' dir='ltr'><strong>Ἐπειδὴ</strong></span> <span class='ocrx_word' id='word_1_115' title='bbox 3123 972 3310 1024; x_wconf 80' lang='grc' dir='ltr'><strong>πολλοὶ</strong></span> <span class='ocrx_word' id='word_1_116' title='bbox 3352 957 3601 1043; x_wconf 16' lang='grc' dir='ltr'><strong>μεταίτὸ</strong></span> 
     </span>
    </p>
   </div>
   <div class='ocr_carea' id='block_1_9' title="bbox 343 1045 3600 1125">
    <p class='ocr_par' dir='ltr' id='par_1_9' title="bbox 343 1045 3600 1125">
     <span class='ocr_line' id='line_1_9' title="bbox 343 1045 3600 1125; baseline 0.002 -23"><span class='ocrx_word' id='word_1_117' title='bbox 343 1050 501 1110; x_wconf 75' lang='grc' dir='ltr'><strong>ζώων</strong></span> <span class='ocrx_word' id='word_1_118' title='bbox 516 1050 581 1103; x_wconf 84' lang='grc' dir='ltr'><strong>τὸ</strong></span> <span class='ocrx_word' id='word_1_119' title='bbox 592 1045 739 1118; x_wconf 79' lang='grc' dir='ltr'><strong>αἷμα</strong></span> <span class='ocrx_word' id='word_1_120' title='bbox 760 1047 890 1115; x_wconf 76' lang='grc' dir='ltr'><strong>περὶ</strong></span> <span class='ocrx_word' id='word_1_121' title='bbox 913 1047 1197 1115; x_wconf 84' lang='grc' dir='ltr'><strong>ἁμαρτίας</strong></span> <span class='ocrx_word' id='word_1_122' title='bbox 1211 1049 1296 1112; x_wconf 79' lang='grc' dir='ltr'><strong>εις</strong></span> <span class='ocrx_word' id='word_1_123' title='bbox 1313 1048 1381 1100; x_wconf 86' lang='grc' dir='ltr'><strong>τὰ</strong></span> <span class='ocrx_word' id='word_1_124' title='bbox 1396 1047 1530 1115; x_wconf 79' lang='grc' dir='ltr'><strong>ἅγια</strong></span> <span class='ocrx_word' id='word_1_125' title='bbox 1546 1047 1642 1100; x_wconf 80' lang='grc' dir='ltr'><strong>διὰ</strong></span> <span class='ocrx_word' id='word_1_126' title='bbox 1664 1047 1768 1101; x_wconf 91' lang='grc' dir='ltr'><strong>τοῦ</strong></span> <span class='ocrx_word' id='word_1_127' title='bbox 1786 1048 1925 1116; x_wconf 85' lang='grc' dir='ltr'><strong>ἀρχ-</strong></span> <span class='ocrx_word' id='word_1_128' title='bbox 2025 1048 2261 1101; x_wconf 86' lang='grc' dir='ltr'><strong>κενῶσαι</strong></span> <span class='ocrx_word' id='word_1_129' title='bbox 2288 1050 2355 1102; x_wconf 83' lang='grc' dir='ltr'><strong>τὰ</strong></span> <span class='ocrx_word' id='word_1_130' title='bbox 2397 1050 2712 1120; x_wconf 84' lang='grc' dir='ltr'><strong>ὑπάρχοντα</strong></span> <span class='ocrx_word' id='word_1_131' title='bbox 2734 1090 2749 1113; x_wconf 91' lang='grc'><strong>,</strong></span> <span class='ocrx_word' id='word_1_132' title='bbox 2782 1049 2907 1103; x_wconf 82' lang='grc' dir='ltr'><strong>ὓστε</strong></span> <span class='ocrx_word' id='word_1_133' title='bbox 2916 1069 3008 1121; x_wconf 89' lang='grc' dir='ltr'><strong>ρον</strong></span> <span class='ocrx_word' id='word_1_134' title='bbox 3043 1050 3319 1119; x_wconf 82' lang='grc' dir='ltr'><strong>βούλονται</strong></span> <span class='ocrx_word' id='word_1_135' title='bbox 3361 1056 3600 1125; x_wconf 83' lang='grc' dir='ltr'><strong>προσχή-</strong></span> 
     </span>
    </p>
   </div>
   <div class='ocr_carea' id='block_1_10' title="bbox 341 1129 3599 1202">
    <p class='ocr_par' dir='ltr' id='par_1_10' title="bbox 341 1129 3599 1202">
     <span class='ocr_line' id='line_1_10' title="bbox 341 1129 3599 1202; baseline 0.002 -18"><span class='ocrx_word' id='word_1_136' title='bbox 341 1134 563 1200; x_wconf 66' lang='grc' dir='ltr'><strong>ιερέως,</strong></span> <span class='ocrx_word' id='word_1_137' title='bbox 596 1133 824 1185; x_wconf 79' lang='grc' dir='ltr'><strong>τούτων</strong></span> <span class='ocrx_word' id='word_1_138' title='bbox 868 1129 942 1183; x_wconf 82' lang='grc' dir='ltr'><strong>τὰ</strong></span> <span class='ocrx_word' id='word_1_139' title='bbox 972 1129 1217 1197; x_wconf 85' lang='grc' dir='ltr'><strong>σώματα</strong></span> <span class='ocrx_word' id='word_1_140' title='bbox 1258 1130 1639 1183; x_wconf 75' lang='grc' dir='ltr'><strong>κατακαίεται</strong></span> <span class='ocrx_word' id='word_1_141' title='bbox 1668 1130 1785 1193; x_wconf 75' lang='grc' dir='ltr'><strong>ἔξω</strong></span> <span class='ocrx_word' id='word_1_142' title='bbox 1812 1129 1921 1197; x_wconf 82' lang='grc' dir='ltr'><strong>τῆς</strong></span> <span class='ocrx_word' id='word_1_143' title='bbox 2026 1146 2155 1199; x_wconf 87' lang='grc' dir='ltr'><strong>ματι</strong></span> <span class='ocrx_word' id='word_1_144' title='bbox 2184 1131 2558 1202; x_wconf 86' lang='grc' dir='ltr'><strong>ὲλεημοσύνης</strong></span> <span class='ocrx_word' id='word_1_145' title='bbox 2587 1134 2920 1186; x_wconf 77' lang='grc' dir='ltr'><strong>ἀνακτᾶσθαι</strong></span> <span class='ocrx_word' id='word_1_146' title='bbox 2949 1134 3111 1187; x_wconf 87' lang='grc' dir='ltr'><strong>πάλιν</strong></span> <span class='ocrx_word' id='word_1_147' title='bbox 3142 1136 3299 1201; x_wconf 80' lang='grc' dir='ltr'><strong>αὐτὰ,</strong></span> <span class='ocrx_word' id='word_1_148' title='bbox 3333 1136 3421 1191; x_wconf 84' lang='grc' dir='ltr'><strong>διὰ</strong></span> <span class='ocrx_word' id='word_1_149' title='bbox 3441 1139 3599 1191; x_wconf 87' lang='grc' dir='ltr'><strong>τοῦτό</strong></span> 
     </span>
    </p>
   </div>
   <div class='ocr_carea' id='block_1_11' title="bbox 337 1211 3599 1289">
    <p class='ocr_par' dir='ltr' id='par_1_11' title="bbox 337 1211 3599 1289">
     <span class='ocr_line' id='line_1_11' title="bbox 337 1211 3599 1289; baseline 0.002 -24"><span class='ocrx_word' id='word_1_150' title='bbox 337 1214 744 1282; x_wconf 76' lang='grc' dir='ltr'><strong>παρεμϐολῆς.</strong></span> <span class='ocrx_word' id='word_1_151' title='bbox 778 1212 873 1264; x_wconf 84' lang='grc' dir='ltr'><strong>Διῦ</strong></span> <span class='ocrx_word' id='word_1_152' title='bbox 896 1212 994 1265; x_wconf 80' lang='grc' dir='ltr'><strong>καὶ</strong></span> <span class='ocrx_word' id='word_1_153' title='bbox 1033 1211 1292 1276; x_wconf 84' lang='grc' dir='ltr'><strong>Ἰησοῦς,</strong></span> <span class='ocrx_word' id='word_1_154' title='bbox 1316 1212 1415 1263; x_wconf 85' lang='grc' dir='ltr'><strong>ἵνα</strong></span> <span class='ocrx_word' id='word_1_155' title='bbox 1440 1211 1663 1281; x_wconf 72' lang='grc' dir='ltr'><strong>ἁγιάσῃ</strong></span> <span class='ocrx_word' id='word_1_156' title='bbox 1686 1211 1785 1265; x_wconf 85' lang='grc' dir='ltr'><strong>διὰ</strong></span> <span class='ocrx_word' id='word_1_157' title='bbox 1813 1211 1920 1265; x_wconf 85' lang='grc' dir='ltr'><strong>τοῦ</strong></span> <span class='ocrx_word' id='word_1_158' title='bbox 2024 1229 2219 1281; x_wconf 80' lang='grc' dir='ltr'><strong>φησιν,</strong></span> <span class='ocrx_word' id='word_1_159' title='bbox 2258 1215 2690 1282; x_wconf 67' lang='grc' dir='ltr'><strong>Ἀφιλάργιιρος</strong></span> <span class='ocrx_word' id='word_1_160' title='bbox 2714 1220 2747 1269; x_wconf 82' lang='grc' dir='ltr'><strong>ό</strong></span> <span class='ocrx_word' id='word_1_161' title='bbox 2769 1217 3014 1283; x_wconf 70' lang='grc' dir='ltr'><strong>τρόπος*</strong></span> <span class='ocrx_word' id='word_1_162' title='bbox 3044 1218 3320 1271; x_wconf 83' lang='grc' dir='ltr'><strong>τουτέστιν</strong></span> <span class='ocrx_word' id='word_1_163' title='bbox 3339 1259 3353 1282; x_wconf 92' lang='grc'><strong>,</strong></span> <span class='ocrx_word' id='word_1_164' title='bbox 3387 1219 3473 1273; x_wconf 76' lang='grc' dir='ltr'><strong>ἵνα</strong></span> <span class='ocrx_word' id='word_1_165' title='bbox 3498 1223 3599 1289; x_wconf 76' lang='grc' dir='ltr'><strong>τῆς</strong></span> 
     </span>
    </p>
   </div>
   <div class='ocr_carea' id='block_1_12' title="bbox 334 358 464 414">
    <p class='ocr_par' dir='ltr' id='par_1_12' title="bbox 334 358 464 414">
     <span class='ocr_line' id='line_1_12' title="bbox 334 358 464 414; baseline -0.008 0"><span class='ocrx_word' id='word_1_166' title='bbox 334 358 464 414; x_wconf 62' lang='grc' dir='ltr'><strong>ῈΞἸ</strong></span> 
     </span>
    </p>
   </div>
   <div class='ocr_carea' id='block_1_13' title="bbox 339 1292 1914 1365">
    <p class='ocr_par' dir='ltr' id='par_1_13' title="bbox 339 1292 1914 1365">
     <span class='ocr_line' id='line_1_13' title="bbox 339 1292 1914 1365; baseline -0.001 -16"><span class='ocrx_word' id='word_1_167' title='bbox 339 1297 497 1349; x_wconf 86' lang='grc' dir='ltr'><strong>ὶδιόυ</strong></span> <span class='ocrx_word' id='word_1_168' title='bbox 528 1296 775 1365; x_wconf 83' lang='grc' dir='ltr'><strong>αἵματος</strong></span> <span class='ocrx_word' id='word_1_169' title='bbox 811 1297 919 1348; x_wconf 83' lang='grc' dir='ltr'><strong>τὸν</strong></span> <span class='ocrx_word' id='word_1_170' title='bbox 940 1293 1114 1357; x_wconf 81' lang='grc' dir='ltr'><strong>λαὸν,</strong></span> <span class='ocrx_word' id='word_1_171' title='bbox 1150 1294 1306 1357; x_wconf 75' lang='grc' dir='ltr'><strong>Ἕξω</strong></span> <span class='ocrx_word' id='word_1_172' title='bbox 1337 1292 1444 1361; x_wconf 87' lang='grc' dir='ltr'><strong>τῆς</strong></span> <span class='ocrx_word' id='word_1_173' title='bbox 1473 1295 1692 1360; x_wconf 84' lang='grc' dir='ltr'><strong>πύλης,</strong></span> <span class='ocrx_word' id='word_1_174' title='bbox 1729 1294 1914 1363; x_wconf 76' lang='grc' dir='ltr'><strong>φησὶν,</strong></span> 
     </span>
    </p>
   </div>
   <div class='ocr_carea' id='block_1_14' title="bbox 337 1374 1913 1445">
    <p class='ocr_par' dir='ltr' id='par_1_14' title="bbox 337 1374 1913 1445">
     <span class='ocr_line' id='line_1_14' title="bbox 337 1374 1913 1445; baseline 0 -16"><span class='ocrx_word' id='word_1_175' title='bbox 337 1380 588 1433; x_wconf 71' lang='grc' dir='ltr'><strong>ἔπαθεν.</strong></span> <span class='ocrx_word' id='word_1_176' title='bbox 624 1374 777 1439; x_wconf 65' lang='grc' dir='ltr'><strong>Εἶδες</strong></span> <span class='ocrx_word' id='word_1_177' title='bbox 816 1377 906 1430; x_wconf 82' lang='grc' dir='ltr'><strong>τὸν</strong></span> <span class='ocrx_word' id='word_1_178' title='bbox 935 1377 1104 1429; x_wconf 82' lang='grc' dir='ltr'><strong>τύπον</strong></span> <span class='ocrx_word' id='word_1_179' title='bbox 1129 1377 1411 1445; x_wconf 79' lang='grc' dir='ltr'><strong>λάμποντα</strong></span> <span class='ocrx_word' id='word_1_180' title='bbox 1433 1395 1446 1443; x_wconf 90' lang='grc'><strong>;</strong></span> <span class='ocrx_word' id='word_1_181' title='bbox 1499 1376 1655 1440; x_wconf 83' lang='grc' dir='ltr'><strong>Ἐξω</strong></span> <span class='ocrx_word' id='word_1_182' title='bbox 1674 1418 1689 1443; x_wconf 85' lang='grc'><strong>,</strong></span> <span class='ocrx_word' id='word_1_183' title='bbox 1715 1377 1879 1445; x_wconf 78' lang='grc' dir='ltr'><strong>φησὶν</strong></span> <span class='ocrx_word' id='word_1_184' title='bbox 1898 1417 1913 1442; x_wconf 93' lang='grc'><strong>,</strong></span> 
     </span>
    </p>
   </div>
   <div class='ocr_carea' id='block_1_15' title="bbox 338 1458 1915 1529">
    <p class='ocr_par' dir='ltr' id='par_1_15' title="bbox 338 1458 1915 1529">
     <span class='ocr_line' id='line_1_15' title="bbox 338 1458 1915 1529; baseline 0 -18"><span class='ocrx_word' id='word_1_185' title='bbox 338 1458 455 1526; x_wconf 79' lang='grc' dir='ltr'><strong>τῆς</strong></span> <span class='ocrx_word' id='word_1_186' title='bbox 499 1458 911 1529; x_wconf 81' lang='grc' dir='ltr'><strong>παρεμϐολῆς,</strong></span> <span class='ocrx_word' id='word_1_187' title='bbox 950 1459 1079 1521; x_wconf 79' lang='grc' dir='ltr'><strong>καὶ,</strong></span> <span class='ocrx_word' id='word_1_188' title='bbox 1133 1459 1290 1521; x_wconf 82' lang='grc' dir='ltr'><strong>Ἕξω</strong></span> <span class='ocrx_word' id='word_1_189' title='bbox 1328 1458 1440 1525; x_wconf 90' lang='grc' dir='ltr'><strong>τῆς</strong></span> <span class='ocrx_word' id='word_1_190' title='bbox 1481 1460 1703 1526; x_wconf 78' lang='grc' dir='ltr'><strong>πύλης.</strong></span> <span class='ocrx_word' id='word_1_191' title='bbox 1763 1459 1915 1513; x_wconf 79' lang='grc' dir='ltr'><strong>Ἐπεὶ</strong></span> 
     </span>
    </p>
   </div>
   <div class='ocr_carea' id='block_1_16' title="bbox 332 1537 1912 1614">
    <p class='ocr_par' dir='ltr' id='par_1_16' title="bbox 332 1537 1912 1614">
     <span class='ocr_line' id='line_1_16' title="bbox 332 1537 1912 1614; baseline 0 -19"><span class='ocrx_word' id='word_1_192' title='bbox 332 1540 435 1595; x_wconf 73' lang='grc' dir='ltr'><strong>οὖν</strong></span> <span class='ocrx_word' id='word_1_193' title='bbox 462 1546 531 1596; x_wconf 78' lang='grc' dir='ltr'><strong>τά</strong></span> <span class='ocrx_word' id='word_1_194' title='bbox 559 1542 974 1614; x_wconf 70' lang='grc' dir='ltr'><strong>προσφερόμενα</strong></span> <span class='ocrx_word' id='word_1_195' title='bbox 1006 1542 1134 1611; x_wconf 78' lang='grc' dir='ltr'><strong>περὶ</strong></span> <span class='ocrx_word' id='word_1_196' title='bbox 1154 1541 1430 1611; x_wconf 82' lang='grc' dir='ltr'><strong>ἁμαρτίας</strong></span> <span class='ocrx_word' id='word_1_197' title='bbox 1457 1541 1625 1604; x_wconf 79' lang='grc' dir='ltr'><strong>τύπος</strong></span> <span class='ocrx_word' id='word_1_198' title='bbox 1646 1558 1728 1603; x_wconf 88' lang='grc' dir='ltr'><strong>τις</strong></span> <span class='ocrx_word' id='word_1_199' title='bbox 1750 1537 1912 1610; x_wconf 81' lang='grc' dir='ltr'><strong>ἦσαν,</strong></span> 
     </span>
    </p>
   </div>
   <div class='ocr_carea' id='block_1_17' title="bbox 331 1623 1915 1695">
    <p class='ocr_par' dir='ltr' id='par_1_17' title="bbox 331 1623 1915 1695">
     <span class='ocr_line' id='line_1_17' title="bbox 331 1623 1915 1695; baseline -0.003 -17"><span class='ocrx_word' id='word_1_200' title='bbox 331 1626 436 1678; x_wconf 75' lang='grc' dir='ltr'><strong>καὶ</strong></span> <span class='ocrx_word' id='word_1_201' title='bbox 475 1625 582 1690; x_wconf 77' lang='grc' dir='ltr'><strong>ἔξω</strong></span> <span class='ocrx_word' id='word_1_202' title='bbox 611 1626 709 1695; x_wconf 79' lang='grc' dir='ltr'><strong>τῆς</strong></span> <span class='ocrx_word' id='word_1_203' title='bbox 744 1625 1099 1695; x_wconf 76' lang='grc' dir='ltr'><strong>παρεμϐολῆς</strong></span> <span class='ocrx_word' id='word_1_204' title='bbox 1131 1623 1554 1689; x_wconf 84' lang='grc' dir='ltr'><strong>ὡλοκαυτοῦντο,</strong></span> <span class='ocrx_word' id='word_1_205' title='bbox 1591 1623 1684 1675; x_wconf 72' lang='grc' dir='ltr'><strong>καὶ</strong></span> <span class='ocrx_word' id='word_1_206' title='bbox 1719 1626 1747 1675; x_wconf 83' lang='grc' dir='ltr'>ὁ</span> <span class='ocrx_word' id='word_1_207' title='bbox 1776 1623 1915 1695; x_wconf 82' lang='grc' dir='ltr'><strong>ὑπὲρ</strong></span> 
     </span>
    </p>
   </div>
   <div class='ocr_carea' id='block_1_18' title="bbox 330 1706 1915 1778">
    <p class='ocr_par' dir='ltr' id='par_1_18' title="bbox 330 1706 1915 1778">
     <span class='ocr_line' id='line_1_18' title="bbox 330 1706 1915 1778; baseline -0.001 -17"><span class='ocrx_word' id='word_1_208' title='bbox 330 1707 627 1777; x_wconf 78' lang='grc' dir='ltr'><strong>ἁμαρτιῶν</strong></span> <span class='ocrx_word' id='word_1_209' title='bbox 674 1707 832 1777; x_wconf 78' lang='grc' dir='ltr'><strong>ἡμῶν</strong></span> <span class='ocrx_word' id='word_1_210' title='bbox 886 1706 1217 1778; x_wconf 81' lang='grc' dir='ltr'><strong>προσαχθεὶς</strong></span> <span class='ocrx_word' id='word_1_211' title='bbox 1272 1706 1479 1773; x_wconf 81' lang='grc' dir='ltr'><strong>Ἰησοῦς</strong></span> <span class='ocrx_word' id='word_1_212' title='bbox 1531 1706 1757 1767; x_wconf 85' lang='grc' dir='ltr'><strong>είκότως</strong></span> <span class='ocrx_word' id='word_1_213' title='bbox 1810 1706 1915 1771; x_wconf 76' lang='grc' dir='ltr'><strong>ἔξω</strong></span> 
     </span>
    </p>
   </div>
   <div class='ocr_carea' id='block_1_19' title="bbox 327 1788 1913 1860">
    <p class='ocr_par' dir='ltr' id='par_1_19' title="bbox 327 1788 1913 1860">
     <span class='ocr_line' id='line_1_19' title="bbox 327 1788 1913 1860; baseline 0 -18"><span class='ocrx_word' id='word_1_214' title='bbox 327 1791 435 1859; x_wconf 76' lang='grc' dir='ltr'><strong>τῆς</strong></span> <span class='ocrx_word' id='word_1_215' title='bbox 461 1790 638 1860; x_wconf 68' lang='grc' dir='ltr'><strong>πύλης</strong></span> <span class='ocrx_word' id='word_1_216' title='bbox 672 1791 893 1859; x_wconf 85' lang='grc' dir='ltr'><strong>πάσχει.</strong></span> <span class='ocrx_word' id='word_1_217' title='bbox 923 1789 1131 1841; x_wconf 77' lang='grc' dir='ltr'><strong>Οὐκοῦν</strong></span> <span class='ocrx_word' id='word_1_218' title='bbox 1166 1790 1261 1842; x_wconf 72' lang='grc' dir='ltr'><strong>καὶ</strong></span> <span class='ocrx_word' id='word_1_219' title='bbox 1284 1790 1432 1857; x_wconf 80' lang='grc' dir='ltr'><strong>ἡμᾶς</strong></span> <span class='ocrx_word' id='word_1_220' title='bbox 1464 1788 1555 1842; x_wconf 84' lang='grc' dir='ltr'><strong>τὸν</strong></span> <span class='ocrx_word' id='word_1_221' title='bbox 1585 1789 1727 1856; x_wconf 80' lang='grc' dir='ltr'><strong>ὑπὲρ</strong></span> <span class='ocrx_word' id='word_1_222' title='bbox 1758 1789 1913 1857; x_wconf 74' lang='grc' dir='ltr'><strong>ἡμῶν</strong></span> 
     </span>
    </p>
   </div>
   <div class='ocr_carea' id='block_1_20' title="bbox 328 1870 1913 1941">
    <p class='ocr_par' dir='ltr' id='par_1_20' title="bbox 328 1870 1913 1941">
     <span class='ocr_line' id='line_1_20' title="bbox 328 1870 1913 1941; baseline -0.001 -16"><span class='ocrx_word' id='word_1_223' title='bbox 328 1872 579 1925; x_wconf 79' lang='grc' dir='ltr'><strong>παθόντα</strong></span> <span class='ocrx_word' id='word_1_224' title='bbox 628 1872 912 1941; x_wconf 78' lang='grc' dir='ltr'><strong>μιμεῖσθαι</strong></span> <span class='ocrx_word' id='word_1_225' title='bbox 942 1870 1080 1941; x_wconf 85' lang='grc' dir='ltr'><strong>χρὴ,</strong></span> <span class='ocrx_word' id='word_1_226' title='bbox 1110 1872 1203 1923; x_wconf 70' lang='grc' dir='ltr'><strong>καὶ</strong></span> <span class='ocrx_word' id='word_1_227' title='bbox 1242 1870 1347 1935; x_wconf 77' lang='grc' dir='ltr'><strong>ἔξω</strong></span> <span class='ocrx_word' id='word_1_228' title='bbox 1380 1871 1475 1923; x_wconf 89' lang='grc' dir='ltr'><strong>τοῦ</strong></span> <span class='ocrx_word' id='word_1_229' title='bbox 1524 1870 1730 1940; x_wconf 85' lang='grc' dir='ltr'><strong>κόσμου</strong></span> <span class='ocrx_word' id='word_1_230' title='bbox 1763 1871 1913 1937; x_wconf 86' lang='grc' dir='ltr'><strong>γίνε-</strong></span> 
     </span>
    </p>
   </div>
   <div class='ocr_carea' id='block_1_21' title="bbox 328 1954 1912 2025">
    <p class='ocr_par' dir='ltr' id='par_1_21' title="bbox 328 1954 1912 2025">
     <span class='ocr_line' id='line_1_21' title="bbox 328 1954 1912 2025; baseline -0.001 -17"><span class='ocrx_word' id='word_1_231' title='bbox 328 1957 497 2019; x_wconf 88' lang='grc' dir='ltr'><strong>σθαι,</strong></span> <span class='ocrx_word' id='word_1_232' title='bbox 542 1955 744 2025; x_wconf 82' lang='grc' dir='ltr'><strong>μᾶλλον</strong></span> <span class='ocrx_word' id='word_1_233' title='bbox 785 1956 843 2007; x_wconf 82' lang='grc' dir='ltr'><strong>δὲ</strong></span> <span class='ocrx_word' id='word_1_234' title='bbox 886 1955 995 2007; x_wconf 89' lang='grc' dir='ltr'><strong>τῶν</strong></span> <span class='ocrx_word' id='word_1_235' title='bbox 1043 1954 1136 2007; x_wconf 89' lang='grc' dir='ltr'><strong>τοῦ</strong></span> <span class='ocrx_word' id='word_1_236' title='bbox 1171 1955 1378 2025; x_wconf 80' lang='grc' dir='ltr'><strong>κόσμου</strong></span> <span class='ocrx_word' id='word_1_237' title='bbox 1420 1954 1780 2024; x_wconf 79' lang='grc' dir='ltr'><strong>πραγμάτων.</strong></span> <span class='ocrx_word' id='word_1_238' title='bbox 1823 1954 1912 2007; x_wconf 79' lang='grc' dir='ltr'><strong>Διὸ</strong></span> 
     </span>
    </p>
   </div>
   <div class='ocr_carea' id='block_1_22' title="bbox 327 2035 1911 2107">
    <p class='ocr_par' dir='ltr' id='par_1_22' title="bbox 327 2035 1911 2107">
     <span class='ocr_line' id='line_1_22' title="bbox 327 2035 1911 2107; baseline -0.001 -16"><span class='ocrx_word' id='word_1_239' title='bbox 327 2039 431 2091; x_wconf 78' lang='grc' dir='ltr'><strong>καὶ</strong></span> <span class='ocrx_word' id='word_1_240' title='bbox 488 2038 646 2092; x_wconf 83' lang='grc' dir='ltr'><strong>τοῦτο</strong></span> <span class='ocrx_word' id='word_1_241' title='bbox 690 2037 864 2107; x_wconf 85' lang='grc' dir='ltr'><strong>δηλῶν</strong></span> <span class='ocrx_word' id='word_1_242' title='bbox 927 2038 1206 2107; x_wconf 75' lang='grc' dir='ltr'><strong>ἐπήγαγεο</strong></span> <span class='ocrx_word' id='word_1_243' title='bbox 1276 2037 1489 2090; x_wconf 81' lang='grc' dir='ltr'><strong>Τοίνυν</strong></span> <span class='ocrx_word' id='word_1_244' title='bbox 1537 2035 1911 2105; x_wconf 76' lang='grc' dir='ltr'><strong>ἐξερχώμεοα</strong></span> 
     </span>
    </p>
   </div>
   <div class='ocr_carea' id='block_1_23' title="bbox 320 2117 1911 2188">
    <p class='ocr_par' dir='ltr' id='par_1_23' title="bbox 320 2117 1911 2188">
     <span class='ocr_line' id='line_1_23' title="bbox 320 2117 1911 2188; baseline -0.002 -16"><span class='ocrx_word' id='word_1_245' title='bbox 320 2120 485 2188; x_wconf 82' lang='grc' dir='ltr'><strong>πρὸς</strong></span> <span class='ocrx_word' id='word_1_246' title='bbox 522 2120 713 2174; x_wconf 87' lang='grc' dir='ltr'><strong>αὑτὸν</strong></span> <span class='ocrx_word' id='word_1_247' title='bbox 737 2120 854 2183; x_wconf 77' lang='grc' dir='ltr'><strong>ἔξω</strong></span> <span class='ocrx_word' id='word_1_248' title='bbox 880 2119 991 2188; x_wconf 87' lang='grc' dir='ltr'><strong>τῆς</strong></span> <span class='ocrx_word' id='word_1_249' title='bbox 1021 2118 1402 2187; x_wconf 83' lang='grc' dir='ltr'><strong>παρεμϐολῆς</strong></span> <span class='ocrx_word' id='word_1_250' title='bbox 1424 2159 1439 2183; x_wconf 92' lang='grc'><strong>,</strong></span> <span class='ocrx_word' id='word_1_251' title='bbox 1488 2118 1773 2185; x_wconf 79' lang='grc' dir='ltr'><strong>φέροντες</strong></span> <span class='ocrx_word' id='word_1_252' title='bbox 1805 2117 1911 2170; x_wconf 87' lang='grc' dir='ltr'><strong>τὸν</strong></span> 
     </span>
    </p>
   </div>
   <div class='ocr_carea' id='block_1_24' title="bbox 327 2200 1906 2271">
    <p class='ocr_par' dir='ltr' id='par_1_24' title="bbox 327 2200 1906 2271">
     <span class='ocr_line' id='line_1_24' title="bbox 327 2200 1906 2271; baseline -0.004 -15"><span class='ocrx_word' id='word_1_253' title='bbox 327 2202 684 2271; x_wconf 75' lang='grc' dir='ltr'><strong>ὀνειδισμὸν</strong></span> <span class='ocrx_word' id='word_1_254' title='bbox 717 2202 935 2256; x_wconf 82' lang='grc' dir='ltr'><strong>αὐτοῦ·</strong></span> <span class='ocrx_word' id='word_1_255' title='bbox 968 2202 1248 2263; x_wconf 82' lang='grc' dir='ltr'><strong>τουτέστι,</strong></span> <span class='ocrx_word' id='word_1_256' title='bbox 1290 2200 1359 2251; x_wconf 88' lang='grc' dir='ltr'><strong>τὰ</strong></span> <span class='ocrx_word' id='word_1_257' title='bbox 1394 2200 1535 2253; x_wconf 78' lang='grc' dir='ltr'><strong>αὐτὰ</strong></span> <span class='ocrx_word' id='word_1_258' title='bbox 1570 2202 1870 2271; x_wconf 86' lang='grc' dir='ltr'><strong>πάσχοντες</strong></span> <span class='ocrx_word' id='word_1_259' title='bbox 1891 2242 1906 2266; x_wconf 84' lang='grc'><strong>,</strong></span> 
     </span>
    </p>
   </div>
   <div class='ocr_carea' id='block_1_25' title="bbox 327 2282 1909 2354">
    <p class='ocr_par' dir='ltr' id='par_1_25' title="bbox 327 2282 1909 2354">
     <span class='ocr_line' id='line_1_25' title="bbox 327 2282 1909 2354; baseline -0.003 -16"><span class='ocrx_word' id='word_1_260' title='bbox 327 2285 719 2347; x_wconf 83' lang='grc' dir='ltr'><strong>κοινωνοῦντες</strong></span> <span class='ocrx_word' id='word_1_261' title='bbox 748 2284 899 2354; x_wconf 84' lang='grc' dir='ltr'><strong>αὐτῷ</strong></span> <span class='ocrx_word' id='word_1_262' title='bbox 938 2285 996 2337; x_wconf 86' lang='grc' dir='ltr'><strong>ἐν</strong></span> <span class='ocrx_word' id='word_1_263' title='bbox 1028 2286 1140 2346; x_wconf 86' lang='grc' dir='ltr'><strong>τοῖς</strong></span> <span class='ocrx_word' id='word_1_264' title='bbox 1175 2282 1513 2353; x_wconf 85' lang='grc' dir='ltr'><strong>παθήμασιν.</strong></span> <span class='ocrx_word' id='word_1_265' title='bbox 1568 2283 1655 2346; x_wconf 87' lang='grc' dir='ltr'><strong>Ὠς</strong></span> <span class='ocrx_word' id='word_1_266' title='bbox 1686 2283 1909 2335; x_wconf 83' lang='grc' dir='ltr'><strong>κατάδι-</strong></span> 
     </span>
    </p>
   </div>
   <div class='ocr_carea' id='block_1_26' title="bbox 325 2364 1907 2438">
    <p class='ocr_par' dir='ltr' id='par_1_26' title="bbox 325 2364 1907 2438">
     <span class='ocr_line' id='line_1_26' title="bbox 325 2364 1907 2438; baseline -0.003 -18"><span class='ocrx_word' id='word_1_267' title='bbox 325 2385 428 2432; x_wconf 89' lang='grc' dir='ltr'><strong>κος</strong></span> <span class='ocrx_word' id='word_1_268' title='bbox 461 2367 779 2438; x_wconf 79' lang='grc' dir='ltr'><strong>ἐσταυρώθη</strong></span> <span class='ocrx_word' id='word_1_269' title='bbox 806 2365 911 2431; x_wconf 78' lang='grc' dir='ltr'><strong>ἔξω</strong></span> <span class='ocrx_word' id='word_1_270' title='bbox 932 2383 945 2396; x_wconf 77' lang='grc'><strong><em>⁸</em></strong></span> <span class='ocrx_word' id='word_1_271' title='bbox 982 2366 1057 2436; x_wconf 83' lang='grc' dir='ltr'><strong>μὴ</strong></span> <span class='ocrx_word' id='word_1_272' title='bbox 1080 2366 1257 2418; x_wconf 86' lang='grc' dir='ltr'><strong>τοίνυν</strong></span> <span class='ocrx_word' id='word_1_273' title='bbox 1284 2365 1421 2435; x_wconf 85' lang='grc' dir='ltr'><strong>μηδέ</strong></span> <span class='ocrx_word' id='word_1_274' title='bbox 1451 2367 1611 2434; x_wconf 78' lang='grc' dir='ltr'><strong>ἡμεῖς</strong></span> <span class='ocrx_word' id='word_1_275' title='bbox 1636 2364 1907 2436; x_wconf 75' lang='grc' dir='ltr'><strong>αἰσχυνώ-</strong></span> 
     </span>
    </p>
   </div>
   <div class='ocr_carea' id='block_1_27' title="bbox 304 2447 1908 2522">
    <p class='ocr_par' dir='ltr' id='par_1_27' title="bbox 304 2447 1908 2522">
     <span class='ocr_line' id='line_1_27' title="bbox 304 2447 1908 2522; baseline -0.002 -18"><span class='ocrx_word' id='word_1_276' title='bbox 304 2453 475 2522; x_wconf 62' lang='grc' dir='ltr'><strong>,μεθα</strong></span> <span class='ocrx_word' id='word_1_277' title='bbox 503 2452 705 2518; x_wconf 76' lang='grc' dir='ltr'><strong>ἐξιέναι</strong></span> <span class='ocrx_word' id='word_1_278' title='bbox 734 2450 840 2514; x_wconf 73' lang='grc' dir='ltr'><strong>ἔξω</strong></span> <span class='ocrx_word' id='word_1_279' title='bbox 867 2448 963 2502; x_wconf 89' lang='grc' dir='ltr'><strong>τοῦ</strong></span> <span class='ocrx_word' id='word_1_280' title='bbox 990 2451 1194 2517; x_wconf 84' lang='grc' dir='ltr'><strong>κόσμου</strong></span> <span class='ocrx_word' id='word_1_281' title='bbox 1216 2464 1230 2477; x_wconf 88' lang='grc'><strong>·</strong></span> <span class='ocrx_word' id='word_1_282' title='bbox 1258 2450 1416 2501; x_wconf 90' lang='grc' dir='ltr'><strong>τοῦτο</strong></span> <span class='ocrx_word' id='word_1_283' title='bbox 1443 2449 1551 2517; x_wconf 86' lang='grc' dir='ltr'><strong>γάρ</strong></span> <span class='ocrx_word' id='word_1_284' title='bbox 1584 2447 1801 2518; x_wconf 73' lang='grc' dir='ltr'><strong>ᾐνίξατο</strong></span> <span class='ocrx_word' id='word_1_285' title='bbox 1830 2449 1908 2518; x_wconf 82' lang='grc' dir='ltr'><strong>τῷ</strong></span> 
     </span>
    </p>
   </div>
   <div class='ocr_carea' id='block_1_28' title="bbox 322 2529 1907 2601">
    <p class='ocr_par' dir='ltr' id='par_1_28' title="bbox 322 2529 1907 2601">
     <span class='ocr_line' id='line_1_28' title="bbox 322 2529 1907 2601; baseline -0.001 -15"><span class='ocrx_word' id='word_1_286' title='bbox 322 2536 527 2601; x_wconf 81' lang='grc' dir='ltr'><strong>εἰπεῖν,</strong></span> <span class='ocrx_word' id='word_1_287' title='bbox 561 2533 719 2597; x_wconf 82' lang='grc' dir='ltr'><strong>Ἔξω</strong></span> <span class='ocrx_word' id='word_1_288' title='bbox 746 2531 856 2600; x_wconf 87' lang='grc' dir='ltr'><strong>τῆς</strong></span> <span class='ocrx_word' id='word_1_289' title='bbox 882 2531 1283 2600; x_wconf 79' lang='grc' dir='ltr'><strong>παρεμϐολῆς,</strong></span> <span class='ocrx_word' id='word_1_290' title='bbox 1317 2534 1430 2598; x_wconf 65' lang='grc' dir='ltr'><strong>καὶ,</strong></span> <span class='ocrx_word' id='word_1_291' title='bbox 1465 2531 1621 2595; x_wconf 78' lang='grc' dir='ltr'><strong>Ἕξω</strong></span> <span class='ocrx_word' id='word_1_292' title='bbox 1655 2529 1763 2600; x_wconf 87' lang='grc' dir='ltr'><strong>τῆς</strong></span> <span class='ocrx_word' id='word_1_293' title='bbox 1795 2536 1907 2585; x_wconf 77' lang='grc' dir='ltr'><strong>πύ-</strong></span> 
     </span>
    </p>
   </div>
   <div class='ocr_carea' id='block_1_29' title="bbox 308 2608 1904 2685">
    <p class='ocr_par' dir='ltr' id='par_1_29' title="bbox 308 2608 1904 2685">
     <span class='ocr_line' id='line_1_29' title="bbox 308 2608 1904 2685; baseline -0.002 -14"><span class='ocrx_word' id='word_1_294' title='bbox 308 2622 469 2685; x_wconf 46' lang='grc' dir='ltr'><strong>μλης.</strong></span> <span class='ocrx_word' id='word_1_295' title='bbox 500 2618 582 2671; x_wconf 83' lang='grc' dir='ltr'><strong>Οὐ</strong></span> <span class='ocrx_word' id='word_1_296' title='bbox 610 2616 721 2685; x_wconf 73' lang='grc' dir='ltr'><strong>γὰρ</strong></span> <span class='ocrx_word' id='word_1_297' title='bbox 747 2616 968 2685; x_wconf 73' lang='grc' dir='ltr'><strong>ἔχομεν</strong></span> <span class='ocrx_word' id='word_1_298' title='bbox 995 2608 1111 2668; x_wconf 86' lang='grc' dir='ltr'><strong>ὦδε</strong></span> <span class='ocrx_word' id='word_1_299' title='bbox 1132 2615 1464 2682; x_wconf 84' lang='grc' dir='ltr'><strong>μένουσαν,</strong></span> <span class='ocrx_word' id='word_1_300' title='bbox 1502 2614 1657 2684; x_wconf 86' lang='grc' dir='ltr'><strong>φησὶ,</strong></span> <span class='ocrx_word' id='word_1_301' title='bbox 1702 2616 1904 2681; x_wconf 82' lang='grc' dir='ltr'><strong>πόλιν,</strong></span> 
     </span>
    </p>
   </div>
   <div class='ocr_carea' id='block_1_30' title="bbox 302 2694 1906 2768">
    <p class='ocr_par' dir='ltr' id='par_1_30' title="bbox 302 2694 1906 2768">
     <span class='ocr_line' id='line_1_30' title="bbox 302 2694 1906 2768; baseline -0.001 -14"><span class='ocrx_word' id='word_1_302' title='bbox 302 2700 493 2754; x_wconf 60' lang='grc' dir='ltr'><strong>«ἀλλὰ</strong></span> <span class='ocrx_word' id='word_1_303' title='bbox 520 2698 636 2767; x_wconf 83' lang='grc' dir='ltr'><strong>τὴν</strong></span> <span class='ocrx_word' id='word_1_304' title='bbox 653 2698 1013 2768; x_wconf 82' lang='grc' dir='ltr'><strong>μέλλουσαν</strong></span> <span class='ocrx_word' id='word_1_305' title='bbox 1038 2696 1445 2765; x_wconf 81' lang='grc' dir='ltr'><strong>ἐπιζητοῦμεν.</strong></span> <span class='ocrx_word' id='word_1_306' title='bbox 1474 2697 1554 2751; x_wconf 88' lang='grc' dir='ltr'><strong>Δι’</strong></span> <span class='ocrx_word' id='word_1_307' title='bbox 1578 2696 1765 2751; x_wconf 86' lang='grc' dir='ltr'><strong>αὑτοῦ</strong></span> <span class='ocrx_word' id='word_1_308' title='bbox 1792 2694 1906 2752; x_wconf 85' lang='grc' dir='ltr'><strong>οὖν</strong></span> 
     </span>
    </p>
   </div>
   <div class='ocr_carea' id='block_1_31' title="bbox 319 2779 1898 2851">
    <p class='ocr_par' dir='ltr' id='par_1_31' title="bbox 319 2779 1898 2851">
     <span class='ocr_line' id='line_1_31' title="bbox 319 2779 1898 2851; baseline -0.018 -12"><span class='ocrx_word' id='word_1_309' title='bbox 319 2781 718 2851; x_wconf 69' lang='grc' dir='ltr'><strong>ἀναφέρωμεν</strong></span> <span class='ocrx_word' id='word_1_310' title='bbox 741 2781 963 2836; x_wconf 81' lang='grc' dir='ltr'><strong>θυσίαν</strong></span> <span class='ocrx_word' id='word_1_311' title='bbox 987 2780 1270 2846; x_wconf 74' lang='grc' dir='ltr'><strong>αἰνέσεως</strong></span> <span class='ocrx_word' id='word_1_312' title='bbox 1296 2780 1621 2844; x_wconf 82' lang='grc' dir='ltr'><strong>διαπαντὸς</strong></span> <span class='ocrx_word' id='word_1_313' title='bbox 1646 2779 1724 2844; x_wconf 78' lang='grc' dir='ltr'><strong>τῷ</strong></span> <span class='ocrx_word' id='word_1_314' title='bbox 1746 2781 1867 2845; x_wconf 74' lang='grc' dir='ltr'><strong>θεῷ</strong></span> <span class='ocrx_word' id='word_1_315' title='bbox 1885 2798 1898 2811; x_wconf 96' lang='grc'><strong>.</strong></span> 
     </span>
    </p>
   </div>
   <div class='ocr_carea' id='block_1_32' title="bbox 319 2863 1904 2935">
    <p class='ocr_par' dir='ltr' id='par_1_32' title="bbox 319 2863 1904 2935">
     <span class='ocr_line' id='line_1_32' title="bbox 319 2863 1904 2935; baseline -0.003 -13"><span class='ocrx_word' id='word_1_316' title='bbox 319 2868 624 2931; x_wconf 78' lang='grc' dir='ltr'><strong>τουτέστι,</strong></span> <span class='ocrx_word' id='word_1_317' title='bbox 655 2866 886 2935; x_wconf 82' lang='grc' dir='ltr'><strong>καρπὸν</strong></span> <span class='ocrx_word' id='word_1_318' title='bbox 907 2864 1158 2935; x_wconf 80' lang='grc' dir='ltr'><strong>χειλέων</strong></span> <span class='ocrx_word' id='word_1_319' title='bbox 1184 2865 1641 2933; x_wconf 78' lang='grc' dir='ltr'><strong>ὁμολογούντων</strong></span> <span class='ocrx_word' id='word_1_320' title='bbox 1669 2863 1747 2929; x_wconf 85' lang='grc' dir='ltr'><strong>τῷ</strong></span> <span class='ocrx_word' id='word_1_321' title='bbox 1771 2866 1904 2918; x_wconf 81' lang='grc' dir='ltr'><strong>ὀνό-</strong></span> 
     </span>
    </p>
   </div>
   <div class='ocr_carea' id='block_1_33' title="bbox 302 2943 1898 3020">
    <p class='ocr_par' dir='ltr' id='par_1_33' title="bbox 302 2943 1898 3020">
     <span class='ocr_line' id='line_1_33' title="bbox 302 2943 1898 3020; baseline -0.001 -19"><span class='ocrx_word' id='word_1_322' title='bbox 302 2967 465 3020; x_wconf 72' lang='grc' dir='ltr'><strong>ματι</strong></span> <span class='ocrx_word' id='word_1_323' title='bbox 503 2948 710 3003; x_wconf 87' lang='grc' dir='ltr'><strong>αὐτοῦ.</strong></span> <span class='ocrx_word' id='word_1_324' title='bbox 751 2947 831 3001; x_wconf 85' lang='grc' dir='ltr'><strong>Δι’</strong></span> <span class='ocrx_word' id='word_1_325' title='bbox 866 2948 1082 3013; x_wconf 80' lang='grc' dir='ltr'><strong>αὑτοῦ,</strong></span> <span class='ocrx_word' id='word_1_326' title='bbox 1128 2943 1313 3013; x_wconf 72' lang='grc' dir='ltr'><strong>εἶπεν,</strong></span> <span class='ocrx_word' id='word_1_327' title='bbox 1354 2948 1428 3010; x_wconf 84' lang='grc' dir='ltr'><strong>ὡς</strong></span> <span class='ocrx_word' id='word_1_328' title='bbox 1457 2947 1522 3000; x_wconf 80' lang='grc' dir='ltr'><strong>δι’</strong></span> <span class='ocrx_word' id='word_1_329' title='bbox 1562 2947 1898 3018; x_wconf 79' lang='grc' dir='ltr'><strong>ἀρχιερέως,</strong></span> 
     </span>
    </p>
   </div>
   <div class='ocr_carea' id='block_1_34' title="bbox 317 3028 1901 3101">
    <p class='ocr_par' dir='ltr' id='par_1_34' title="bbox 317 3028 1901 3101">
     <span class='ocr_line' id='line_1_34' title="bbox 317 3028 1901 3101; baseline -0.002 -16"><span class='ocrx_word' id='word_1_330' title='bbox 317 3034 387 3086; x_wconf 79' lang='grc' dir='ltr'><strong>τὸ</strong></span> <span class='ocrx_word' id='word_1_331' title='bbox 416 3032 559 3085; x_wconf 81' lang='grc' dir='ltr'><strong>κατὰ</strong></span> <span class='ocrx_word' id='word_1_332' title='bbox 592 3031 787 3101; x_wconf 82' lang='grc' dir='ltr'><strong>σάρκα.</strong></span> <span class='ocrx_word' id='word_1_333' title='bbox 834 3031 1329 3099; x_wconf 80' lang='grc' dir='ltr'><strong>’ομολογούντων,</strong></span> <span class='ocrx_word' id='word_1_334' title='bbox 1367 3030 1519 3098; x_wconf 73' lang='grc' dir='ltr'><strong>φησὶ,</strong></span> <span class='ocrx_word' id='word_1_335' title='bbox 1556 3028 1634 3093; x_wconf 84' lang='grc' dir='ltr'><strong>τῷ</strong></span> <span class='ocrx_word' id='word_1_336' title='bbox 1660 3030 1901 3097; x_wconf 83' lang='grc' dir='ltr'><strong>ὀνόματι</strong></span> 
     </span>
    </p>
   </div>
   <div class='ocr_carea' id='block_1_35' title="bbox 319 3111 1895 3184">
    <p class='ocr_par' dir='ltr' id='par_1_35' title="bbox 319 3111 1895 3184">
     <span class='ocr_line' id='line_1_35' title="bbox 319 3111 1895 3184; baseline -0.005 -14"><span class='ocrx_word' id='word_1_337' title='bbox 319 3115 536 3170; x_wconf 80' lang='grc' dir='ltr'><strong>αὐτοῦ.</strong></span> <span class='ocrx_word' id='word_1_338' title='bbox 583 3114 796 3166; x_wconf 79' lang='grc' dir='ltr'><strong>Ὡσανεὶ</strong></span> <span class='ocrx_word' id='word_1_339' title='bbox 823 3112 1028 3181; x_wconf 80' lang='grc' dir='ltr'><strong>ἔλεγεν,</strong></span> <span class='ocrx_word' id='word_1_340' title='bbox 1065 3114 1125 3166; x_wconf 83' lang='grc' dir='ltr'><strong>Εἰ</strong></span> <span class='ocrx_word' id='word_1_341' title='bbox 1158 3113 1439 3181; x_wconf 81' lang='grc' dir='ltr'><strong>ὁμολογεῖν</strong></span> <span class='ocrx_word' id='word_1_342' title='bbox 1465 3111 1614 3182; x_wconf 83' lang='grc' dir='ltr'><strong>αὐτῷ</strong></span> <span class='ocrx_word' id='word_1_343' title='bbox 1641 3113 1757 3177; x_wconf 89' lang='grc' dir='ltr'><strong>δεῖ,</strong></span> <span class='ocrx_word' id='word_1_344' title='bbox 1791 3131 1895 3184; x_wconf 86' lang='grc' dir='ltr'><strong>μη-</strong></span> 
     </span>
    </p>
   </div>
   <div class='ocr_carea' id='block_1_36' title="bbox 300 3194 1899 3267">
    <p class='ocr_par' dir='ltr' id='par_1_36' title="bbox 300 3194 1899 3267">
     <span class='ocr_line' id='line_1_36' title="bbox 300 3194 1899 3267; baseline -0.002 -16"><span class='ocrx_word' id='word_1_345' title='bbox 300 3200 414 3251; x_wconf 59' lang='grc' dir='ltr'><strong>ιδέν</strong></span> <span class='ocrx_word' id='word_1_346' title='bbox 442 3197 766 3267; x_wconf 79' lang='grc' dir='ltr'><strong>βλάσφημον</strong></span> <span class='ocrx_word' id='word_1_347' title='bbox 787 3235 800 3259; x_wconf 89' lang='grc'><strong>,</strong></span> <span class='ocrx_word' id='word_1_348' title='bbox 837 3195 1001 3265; x_wconf 81' lang='grc' dir='ltr'><strong>μηδὲν</strong></span> <span class='ocrx_word' id='word_1_349' title='bbox 1037 3195 1228 3264; x_wconf 76' lang='grc' dir='ltr'><strong>ἰταμὸν</strong></span> <span class='ocrx_word' id='word_1_350' title='bbox 1248 3236 1261 3257; x_wconf 86' lang='grc'><strong>,</strong></span> <span class='ocrx_word' id='word_1_351' title='bbox 1305 3194 1470 3264; x_wconf 84' lang='grc' dir='ltr'><strong>μηδὲν</strong></span> <span class='ocrx_word' id='word_1_352' title='bbox 1496 3195 1698 3263; x_wconf 79' lang='grc' dir='ltr'><strong>θρασὺ,</strong></span> <span class='ocrx_word' id='word_1_353' title='bbox 1734 3196 1899 3266; x_wconf 84' lang='grc' dir='ltr'><strong>μηδὲν</strong></span> 
     </span>
    </p>
   </div>
   <div class='ocr_carea' id='block_1_37' title="bbox 318 3277 1939 3351">
    <p class='ocr_par' dir='ltr' id='par_1_37' title="bbox 318 3277 1939 3351">
     <span class='ocr_line' id='line_1_37' title="bbox 318 3277 1939 3351; baseline -0.002 -16"><span class='ocrx_word' id='word_1_354' title='bbox 318 3280 631 3351; x_wconf 80' lang='grc' dir='ltr'><strong>τολμηρὸν,</strong></span> <span class='ocrx_word' id='word_1_355' title='bbox 663 3280 828 3349; x_wconf 85' lang='grc' dir='ltr'><strong>μηδὲν</strong></span> <span class='ocrx_word' id='word_1_356' title='bbox 856 3279 1117 3348; x_wconf 84' lang='grc' dir='ltr'><strong>ἀπονενοη</strong></span> <span class='ocrx_word' id='word_1_357' title='bbox 1127 3278 1285 3347; x_wconf 85' lang='grc' dir='ltr'><strong>μένον</strong></span> <span class='ocrx_word' id='word_1_358' title='bbox 1324 3277 1690 3348; x_wconf 83' lang='grc' dir='ltr'><strong>φθεγγώμεθα</strong></span> <span class='ocrx_word' id='word_1_359' title='bbox 1710 3319 1725 3342; x_wconf 95' lang='grc'><strong>,</strong></span> <span class='ocrx_word' id='word_1_360' title='bbox 1764 3279 1900 3332; x_wconf 80' lang='grc' dir='ltr'><strong>ἀλλὰ</strong></span> <span class='ocrx_word' id='word_1_361' title='bbox 1932 3292 1939 3301; x_wconf 93' lang='grc'><strong>·</strong></span> 
     </span>
    </p>
   </div>
   <div class='ocr_carea' id='block_1_38' title="bbox 322 3361 1897 3435">
    <p class='ocr_par' dir='ltr' id='par_1_38' title="bbox 322 3361 1897 3435">
     <span class='ocr_line' id='line_1_38' title="bbox 322 3361 1897 3435; baseline -0.002 -18"><span class='ocrx_word' id='word_1_362' title='bbox 322 3364 468 3435; x_wconf 84' lang='grc' dir='ltr'><strong>μετά</strong></span> <span class='ocrx_word' id='word_1_363' title='bbox 513 3362 695 3426; x_wconf 87' lang='grc' dir='ltr'><strong>αἰδοῦς</strong></span> <span class='ocrx_word' id='word_1_364' title='bbox 726 3364 820 3416; x_wconf 71' lang='grc' dir='ltr'><strong>καὶ</strong></span> <span class='ocrx_word' id='word_1_365' title='bbox 855 3361 1139 3423; x_wconf 75' lang='grc' dir='ltr'><strong>εὐλαϐείας</strong></span> <span class='ocrx_word' id='word_1_366' title='bbox 1178 3361 1356 3413; x_wconf 86' lang='grc' dir='ltr'><strong>πάντα</strong></span> <span class='ocrx_word' id='word_1_367' title='bbox 1390 3362 1633 3432; x_wconf 89' lang='grc' dir='ltr'><strong>ποιῶμεν</strong></span> <span class='ocrx_word' id='word_1_368' title='bbox 1684 3364 1775 3415; x_wconf 67' lang='grc' dir='ltr'><strong>καὶ</strong></span> <span class='ocrx_word' id='word_1_369' title='bbox 1810 3362 1897 3415; x_wconf 85' lang='grc' dir='ltr'><strong>λέ-</strong></span> 
     </span>
    </p>
   </div>
   <div class='ocr_carea' id='block_1_39' title="bbox 318 3442 1897 3516">
    <p class='ocr_par' dir='ltr' id='par_1_39' title="bbox 318 3442 1897 3516">
     <span class='ocr_line' id='line_1_39' title="bbox 318 3442 1897 3516; baseline -0.003 -15"><span class='ocrx_word' id='word_1_370' title='bbox 318 3464 531 3516; x_wconf 85' lang='grc' dir='ltr'><strong>γωμεν.</strong></span> <span class='ocrx_word' id='word_1_371' title='bbox 572 3445 760 3499; x_wconf 88' lang='grc' dir='ltr'><strong>Ταῦτα</strong></span> <span class='ocrx_word' id='word_1_372' title='bbox 792 3444 938 3513; x_wconf 89' lang='grc' dir='ltr'><strong>λέγει</strong></span> <span class='ocrx_word' id='word_1_373' title='bbox 968 3445 1064 3513; x_wconf 79' lang='grc' dir='ltr'><strong>οὐχ</strong></span> <span class='ocrx_word' id='word_1_374' title='bbox 1098 3442 1316 3507; x_wconf 83' lang='grc' dir='ltr'><strong>ἁπλῶς,</strong></span> <span class='ocrx_word' id='word_1_375' title='bbox 1366 3442 1482 3495; x_wconf 82' lang='grc' dir='ltr'><strong>ἀλλ’</strong></span> <span class='ocrx_word' id='word_1_376' title='bbox 1526 3442 1678 3514; x_wconf 72' lang='lat'><strong>[305]</strong></span> <span class='ocrx_word' id='word_1_377' title='bbox 1711 3445 1897 3515; x_wconf 83' lang='grc' dir='ltr'><strong>ἐπειδὴ</strong></span> 
     </span>
    </p>
   </div>
   <div class='ocr_carea' id='block_1_40' title="bbox 319 3526 1898 3597">
    <p class='ocr_par' dir='ltr' id='par_1_40' title="bbox 319 3526 1898 3597">
     <span class='ocr_line' id='line_1_40' title="bbox 319 3526 1898 3597; baseline -0.002 -14"><span class='ocrx_word' id='word_1_378' title='bbox 319 3527 465 3583; x_wconf 81' lang='grc' dir='ltr'><strong>οἶδεν</strong></span> <span class='ocrx_word' id='word_1_379' title='bbox 494 3529 695 3590; x_wconf 75' lang='grc' dir='ltr'><strong>αὐτοὺς</strong></span> <span class='ocrx_word' id='word_1_380' title='bbox 738 3526 1085 3597; x_wconf 79' lang='grc' dir='ltr'><strong>θλιϐομένους</strong></span> <span class='ocrx_word' id='word_1_381' title='bbox 1110 3544 1123 3556; x_wconf 93' lang='grc'>·</span> <span class='ocrx_word' id='word_1_382' title='bbox 1157 3526 1301 3596; x_wconf 67' lang='grc' dir='ltr'><strong>ψυχὴ</strong></span> <span class='ocrx_word' id='word_1_383' title='bbox 1327 3527 1384 3580; x_wconf 83' lang='grc' dir='ltr'><strong>δὲ</strong></span> <span class='ocrx_word' id='word_1_384' title='bbox 1422 3530 1478 3580; x_wconf 82' lang='grc' dir='ltr'><strong>ἐν</strong></span> <span class='ocrx_word' id='word_1_385' title='bbox 1508 3530 1627 3590; x_wconf 82' lang='grc' dir='ltr'><strong>ταῖς</strong></span> <span class='ocrx_word' id='word_1_386' title='bbox 1657 3527 1898 3595; x_wconf 73' lang='grc' dir='ltr'><strong>θλίψεσιν</strong></span> 
     </span>
    </p>
   </div>
   <div class='ocr_carea' id='block_1_41' title="bbox 306 3608 1895 3679">
    <p class='ocr_par' dir='ltr' id='par_1_41' title="bbox 306 3608 1895 3679">
     <span class='ocr_line' id='line_1_41' title="bbox 306 3608 1895 3679; baseline -0.001 -18"><span class='ocrx_word' id='word_1_387' title='bbox 306 3611 696 3678; x_wconf 78' lang='grc' dir='ltr'><strong>,ἀπογινώσκει</strong></span> <span class='ocrx_word' id='word_1_388' title='bbox 744 3610 837 3662; x_wconf 62' lang='grc' dir='ltr'><strong>καὶ</strong></span> <span class='ocrx_word' id='word_1_389' title='bbox 881 3612 1328 3678; x_wconf 80' lang='grc' dir='ltr'><strong>ἀπαναισχυντεῖ.</strong></span> <span class='ocrx_word' id='word_1_390' title='bbox 1386 3608 1545 3661; x_wconf 85' lang='grc' dir='ltr'><strong>’Λλλά</strong></span> <span class='ocrx_word' id='word_1_391' title='bbox 1580 3610 1654 3679; x_wconf 81' lang='grc' dir='ltr'><strong>μὴ</strong></span> <span class='ocrx_word' id='word_1_392' title='bbox 1701 3612 1895 3679; x_wconf 80' lang='grc' dir='ltr'><strong>ἡμεῖς,</strong></span> 
     </span>
    </p>
   </div>
   <div class='ocr_carea' id='block_1_42' title="bbox 320 3686 1899 3763">
    <p class='ocr_par' dir='ltr' id='par_1_42' title="bbox 320 3686 1899 3763">
     <span class='ocr_line' id='line_1_42' title="bbox 320 3686 1899 3763; baseline -0.003 -17"><span class='ocrx_word' id='word_1_393' title='bbox 320 3693 513 3763; x_wconf 83' lang='grc' dir='ltr'><strong>φησίν.</strong></span> <span class='ocrx_word' id='word_1_394' title='bbox 566 3691 696 3746; x_wconf 77' lang='grc' dir='ltr'><strong>Ἰδοὺ</strong></span> <span class='ocrx_word' id='word_1_395' title='bbox 746 3691 906 3744; x_wconf 85' lang='grc' dir='ltr'><strong>πάλιν</strong></span> <span class='ocrx_word' id='word_1_396' title='bbox 947 3691 1008 3743; x_wconf 85' lang='grc' dir='ltr'><strong>τὸ</strong></span> <span class='ocrx_word' id='word_1_397' title='bbox 1050 3691 1181 3743; x_wconf 84' lang='grc' dir='ltr'><strong>αὐτὸ</strong></span> <span class='ocrx_word' id='word_1_398' title='bbox 1219 3686 1406 3752; x_wconf 85' lang='grc' dir='ltr'><strong>εἶπεν,</strong></span> <span class='ocrx_word' id='word_1_399' title='bbox 1460 3691 1597 3760; x_wconf 84' lang='grc' dir='ltr'><strong>ὅπερ</strong></span> <span class='ocrx_word' id='word_1_400' title='bbox 1643 3690 1899 3760; x_wconf 84' lang='grc' dir='ltr'><strong>ἀνωτέρω</strong></span> 
     </span>
    </p>
   </div>
   <div class='ocr_carea' id='block_1_43' title="bbox 319 3773 1900 3844">
    <p class='ocr_par' dir='ltr' id='par_1_43' title="bbox 319 3773 1900 3844">
     <span class='ocr_line' id='line_1_43' title="bbox 319 3773 1900 3844; baseline 0 -16"><span class='ocrx_word' id='word_1_401' title='bbox 319 3778 510 3843; x_wconf 80' lang='grc' dir='ltr'><strong>ἔλεγε·</strong></span> <span class='ocrx_word' id='word_1_402' title='bbox 559 3777 657 3842; x_wconf 78' lang='grc' dir='ltr'><strong>Μὴ</strong></span> <span class='ocrx_word' id='word_1_403' title='bbox 704 3774 1235 3844; x_wconf 71' lang='grc' dir='ltr'><strong>ἐγκαταλείποντες</strong></span> <span class='ocrx_word' id='word_1_404' title='bbox 1273 3773 1388 3840; x_wconf 81' lang='grc' dir='ltr'><strong>τὴν</strong></span> <span class='ocrx_word' id='word_1_405' title='bbox 1436 3774 1900 3842; x_wconf 74' lang='grc' dir='ltr'><strong>ἐπισυναγωγὴν</strong></span> 
     </span>
    </p>
   </div>
   <div class='ocr_carea' id='block_1_44' title="bbox 300 3854 1894 3927">
    <p class='ocr_par' dir='ltr' id='par_1_44' title="bbox 300 3854 1894 3927">
     <span class='ocr_line' id='line_1_44' title="bbox 300 3854 1894 3927; baseline -0.003 -14"><span class='ocrx_word' id='word_1_406' title='bbox 300 3860 459 3913; x_wconf 80' lang='grc' dir='ltr'><strong>-ἐαυτ</strong></span> <span class='ocrx_word' id='word_1_407' title='bbox 471 3858 574 3912; x_wconf 89' lang='grc' dir='ltr'><strong>ῶν.</strong></span> <span class='ocrx_word' id='word_1_408' title='bbox 602 3857 758 3911; x_wconf 76' lang='grc' dir='ltr'><strong>Οὕτω</strong></span> <span class='ocrx_word' id='word_1_409' title='bbox 778 3857 1121 3927; x_wconf 85' lang='grc' dir='ltr'><strong>δυνησόμεθα</strong></span> <span class='ocrx_word' id='word_1_410' title='bbox 1139 3855 1277 3925; x_wconf 85' lang='grc' dir='ltr'><strong>μετά</strong></span> <span class='ocrx_word' id='word_1_411' title='bbox 1294 3854 1474 3918; x_wconf 81' lang='grc' dir='ltr'><strong>αἰδοῦς</strong></span> <span class='ocrx_word' id='word_1_412' title='bbox 1496 3856 1670 3909; x_wconf 87' lang='grc' dir='ltr'><strong>πάντα</strong></span> <span class='ocrx_word' id='word_1_413' title='bbox 1688 3859 1862 3908; x_wconf 84' lang='grc' dir='ltr'><strong>ποιεῖν</strong></span> <span class='ocrx_word' id='word_1_414' title='bbox 1880 3873 1894 3887; x_wconf 73' lang='grc' dir='ltr'><strong>ο</strong></span> 
     </span>
    </p>
   </div>
   <div class='ocr_carea' id='block_1_45' title="bbox 318 3937 1899 4011">
    <p class='ocr_par' dir='ltr' id='par_1_45' title="bbox 318 3937 1899 4011">
     <span class='ocr_line' id='line_1_45' title="bbox 318 3937 1899 4011; baseline -0.003 -16"><span class='ocrx_word' id='word_1_415' title='bbox 318 3941 590 4003; x_wconf 81' lang='grc' dir='ltr'><strong>πολλάκις</strong></span> <span class='ocrx_word' id='word_1_416' title='bbox 633 3942 745 4011; x_wconf 85' lang='grc' dir='ltr'><strong>γὰρ</strong></span> <span class='ocrx_word' id='word_1_417' title='bbox 773 3939 868 3993; x_wconf 77' lang='grc' dir='ltr'><strong>καὶ</strong></span> <span class='ocrx_word' id='word_1_418' title='bbox 910 3937 1232 4008; x_wconf 84' lang='grc' dir='ltr'><strong>ἀνθρώπους</strong></span> <span class='ocrx_word' id='word_1_419' title='bbox 1273 3937 1652 4006; x_wconf 88' lang='grc' dir='ltr'><strong>αἰσχυνόμενοι</strong></span> <span class='ocrx_word' id='word_1_420' title='bbox 1677 3977 1691 4001; x_wconf 90' lang='grc'><strong>,</strong></span> <span class='ocrx_word' id='word_1_421' title='bbox 1729 3938 1899 3991; x_wconf 82' lang='grc' dir='ltr'><strong>πολλὰ</strong></span> 
     </span>
    </p>
   </div>
   <div class='ocr_carea' id='block_1_46' title="bbox 317 4018 1898 4095">
    <p class='ocr_par' dir='ltr' id='par_1_46' title="bbox 317 4018 1898 4095">
     <span class='ocr_line' id='line_1_46' title="bbox 317 4018 1898 4095; baseline -0.003 -18"><span class='ocrx_word' id='word_1_422' title='bbox 317 4026 383 4077; x_wconf 78' lang='grc' dir='ltr'><strong>οὐ</strong></span> <span class='ocrx_word' id='word_1_423' title='bbox 417 4025 730 4095; x_wconf 84' lang='grc' dir='ltr'><strong>πράττομεν</strong></span> <span class='ocrx_word' id='word_1_424' title='bbox 772 4021 879 4075; x_wconf 84' lang='grc' dir='ltr'><strong>τῶν</strong></span> <span class='ocrx_word' id='word_1_425' title='bbox 907 4021 1179 4090; x_wconf 81' lang='grc' dir='ltr'><strong>πονηρῶν.</strong></span> <span class='ocrx_word' id='word_1_426' title='bbox 1223 4019 1337 4085; x_wconf 88' lang='grc' dir='ltr'><strong>Τῆς</strong></span> <span class='ocrx_word' id='word_1_427' title='bbox 1375 4018 1443 4072; x_wconf 84' lang='grc' dir='ltr'><strong>δὲ</strong></span> <span class='ocrx_word' id='word_1_428' title='bbox 1484 4020 1755 4083; x_wconf 83' lang='grc' dir='ltr'><strong>εὐποιίας</strong></span> <span class='ocrx_word' id='word_1_429' title='bbox 1800 4020 1898 4073; x_wconf 76' lang='grc' dir='ltr'><strong>καί</strong></span> 
     </span>
    </p>
   </div>
   <div class='ocr_carea' id='block_1_47' title="bbox 300 4104 1262 4175">
    <p class='ocr_par' dir='ltr' id='par_1_47' title="bbox 300 4104 1262 4175">
     <span class='ocr_line' id='line_1_47' title="bbox 300 4104 1262 4175; baseline -0.002 -16"><span class='ocrx_word' id='word_1_430' title='bbox 300 4109 640 4171; x_wconf 56' lang='grc' dir='ltr'><strong>..κοινωνίας</strong></span> <span class='ocrx_word' id='word_1_431' title='bbox 661 4105 749 4175; x_wconf 81' lang='grc' dir='ltr'><strong>μὴ</strong></span> <span class='ocrx_word' id='word_1_432' title='bbox 772 4104 1262 4158; x_wconf 78' lang='grc' dir='ltr'><strong>ἐπιλανθάνεσθε.</strong></span> 
     </span>
    </p>
   </div>
   <div class='ocr_carea' id='block_1_48' title="bbox 392 4185 1895 4259">
    <p class='ocr_par' dir='ltr' id='par_1_48' title="bbox 392 4185 1895 4259">
     <span class='ocr_line' id='line_1_48' title="bbox 392 4185 1895 4259; baseline -0.003 -15"><span class='ocrx_word' id='word_1_433' title='bbox 392 4196 468 4259; x_wconf 81' lang='grc' dir='ltr'><strong>γ’.</strong></span> <span class='ocrx_word' id='word_1_434' title='bbox 482 4189 670 4243; x_wconf 87' lang='grc' dir='ltr'><strong>Ταῦτα</strong></span> <span class='ocrx_word' id='word_1_435' title='bbox 688 4189 807 4241; x_wconf 86' lang='grc' dir='ltr'><strong>τότε</strong></span> <span class='ocrx_word' id='word_1_436' title='bbox 828 4189 963 4256; x_wconf 84' lang='grc' dir='ltr'><strong>μὲνό</strong></span> <span class='ocrx_word' id='word_1_437' title='bbox 985 4186 1195 4249; x_wconf 78' lang='grc' dir='ltr'><strong>Παῦλος</strong></span> <span class='ocrx_word' id='word_1_438' title='bbox 1211 4186 1386 4254; x_wconf 76' lang='grc' dir='ltr'><strong>ἔλεγε,</strong></span> <span class='ocrx_word' id='word_1_439' title='bbox 1405 4186 1499 4239; x_wconf 88' lang='grc' dir='ltr'><strong>νῦν</strong></span> <span class='ocrx_word' id='word_1_440' title='bbox 1516 4188 1573 4241; x_wconf 80' lang='grc' dir='ltr'><strong>δὲ</strong></span> <span class='ocrx_word' id='word_1_441' title='bbox 1596 4185 1706 4255; x_wconf 87' lang='grc' dir='ltr'><strong>ἐγὼ</strong></span> <span class='ocrx_word' id='word_1_442' title='bbox 1732 4186 1895 4255; x_wconf 85' lang='grc' dir='ltr'><strong>λέγω·</strong></span> 
     </span>
    </p>
   </div>
   <div class='ocr_carea' id='block_1_49' title="bbox 304 4269 1900 4344">
    <p class='ocr_par' dir='ltr' id='par_1_49' title="bbox 304 4269 1900 4344">
     <span class='ocr_line' id='line_1_49' title="bbox 304 4269 1900 4344; baseline -0.003 -17"><span class='ocrx_word' id='word_1_443' title='bbox 304 4273 447 4344; x_wconf 74' lang='grc' dir='ltr'><strong>οὐχὶ</strong></span> <span class='ocrx_word' id='word_1_444' title='bbox 476 4273 614 4343; x_wconf 86' lang='grc' dir='ltr'><strong>πρὸς</strong></span> <span class='ocrx_word' id='word_1_445' title='bbox 637 4272 764 4333; x_wconf 76' lang='grc' dir='ltr'><strong>τοὺς</strong></span> <span class='ocrx_word' id='word_1_446' title='bbox 794 4270 1066 4342; x_wconf 87' lang='grc' dir='ltr'><strong>παρόντας</strong></span> <span class='ocrx_word' id='word_1_447' title='bbox 1098 4269 1259 4339; x_wconf 87' lang='grc' dir='ltr'><strong>μόνον</strong></span> <span class='ocrx_word' id='word_1_448' title='bbox 1291 4269 1551 4338; x_wconf 82' lang='grc' dir='ltr'><strong>ἀδελφοὺς</strong></span> <span class='ocrx_word' id='word_1_449' title='bbox 1573 4269 1629 4322; x_wconf 82' lang='grc' dir='ltr'><strong>δὲ</strong></span> <span class='ocrx_word' id='word_1_450' title='bbox 1662 4269 1729 4322; x_wconf 79' lang='grc' dir='ltr'><strong>τὰ</strong></span> <span class='ocrx_word' id='word_1_451' title='bbox 1758 4269 1900 4323; x_wconf 78' lang='grc' dir='ltr'><strong>αὐτά</strong></span> 
     </span>
    </p>
   </div>
   <div class='ocr_carea' id='block_1_50' title="bbox 315 4351 1898 4425">
    <p class='ocr_par' dir='ltr' id='par_1_50' title="bbox 315 4351 1898 4425">
     <span class='ocr_line' id='line_1_50' title="bbox 315 4351 1898 4425; baseline -0.002 -17"><span class='ocrx_word' id='word_1_452' title='bbox 315 4358 490 4425; x_wconf 87' lang='grc' dir='ltr'><strong>λέγω,</strong></span> <span class='ocrx_word' id='word_1_453' title='bbox 520 4354 656 4409; x_wconf 86' lang='grc' dir='ltr'><strong>ἀλλά</strong></span> <span class='ocrx_word' id='word_1_454' title='bbox 681 4353 934 4423; x_wconf 76' lang='grc' dir='ltr'><strong>καὶπρὸς</strong></span> <span class='ocrx_word' id='word_1_455' title='bbox 954 4354 1080 4415; x_wconf 76' lang='grc' dir='ltr'><strong>τοὺς</strong></span> <span class='ocrx_word' id='word_1_456' title='bbox 1114 4351 1372 4415; x_wconf 85' lang='grc' dir='ltr'><strong>ἀπόντας.</strong></span> <span class='ocrx_word' id='word_1_457' title='bbox 1409 4353 1596 4414; x_wconf 78' lang='grc' dir='ltr'><strong>Οὐδεὶς</strong></span> <span class='ocrx_word' id='word_1_458' title='bbox 1619 4352 1688 4405; x_wconf 82' lang='grc' dir='ltr'><strong>τὰ</strong></span> <span class='ocrx_word' id='word_1_459' title='bbox 1718 4353 1898 4424; x_wconf 79' lang='grc' dir='ltr'><strong>ὑπάρ-</strong></span> 
     </span>
    </p>
   </div>
   <div class='ocr_carea' id='block_1_51' title="bbox 317 4434 1897 4511">
    <p class='ocr_par' dir='ltr' id='par_1_51' title="bbox 317 4434 1897 4511">
     <span class='ocr_line' id='line_1_51' title="bbox 317 4434 1897 4511; baseline -0.003 -19"><span class='ocrx_word' id='word_1_460' title='bbox 317 4457 487 4511; x_wconf 84' lang='grc' dir='ltr'><strong>χοντα</strong></span> <span class='ocrx_word' id='word_1_461' title='bbox 518 4439 669 4509; x_wconf 88' lang='grc' dir='ltr'><strong>ὑμῶν</strong></span> <span class='ocrx_word' id='word_1_462' title='bbox 702 4438 951 4508; x_wconf 74' lang='grc' dir='ltr'><strong>ἣρπασεν</strong></span> <span class='ocrx_word' id='word_1_463' title='bbox 973 4451 986 4465; x_wconf 76' lang='grc'><strong><em>⁸</em></strong></span> <span class='ocrx_word' id='word_1_464' title='bbox 1021 4435 1068 4487; x_wconf 88' lang='grc' dir='ltr'><strong>εί</strong></span> <span class='ocrx_word' id='word_1_465' title='bbox 1090 4434 1148 4486; x_wconf 82' lang='grc' dir='ltr'><strong>δέ</strong></span> <span class='ocrx_word' id='word_1_466' title='bbox 1173 4451 1318 4497; x_wconf 87' lang='grc' dir='ltr'><strong>τινες</strong></span> <span class='ocrx_word' id='word_1_467' title='bbox 1344 4435 1437 4486; x_wconf 72' lang='grc' dir='ltr'><strong>καὶ</strong></span> <span class='ocrx_word' id='word_1_468' title='bbox 1469 4435 1803 4504; x_wconf 80' lang='grc' dir='ltr'><strong>ἡρπάκασιν,</strong></span> <span class='ocrx_word' id='word_1_469' title='bbox 1835 4438 1897 4488; x_wconf 81' lang='grc' dir='ltr'><strong>ἐκ</strong></span> 
     </span>
    </p>
   </div>
   <div class='ocr_carea' id='block_1_52' title="bbox 315 4516 1896 4589">
    <p class='ocr_par' dir='ltr' id='par_1_52' title="bbox 315 4516 1896 4589">
     <span class='ocr_line' id='line_1_52' title="bbox 315 4516 1896 4589; baseline -0.003 -15"><span class='ocrx_word' id='word_1_470' title='bbox 315 4521 432 4575; x_wconf 85' lang='grc' dir='ltr'><strong>τῶν</strong></span> <span class='ocrx_word' id='word_1_471' title='bbox 470 4522 697 4573; x_wconf 77' lang='grc' dir='ltr'><strong>ἐνόντων</strong></span> <span class='ocrx_word' id='word_1_472' title='bbox 731 4518 829 4589; x_wconf 84' lang='grc' dir='ltr'><strong>τὴν</strong></span> <span class='ocrx_word' id='word_1_473' title='bbox 867 4516 1170 4588; x_wconf 81' lang='grc' dir='ltr'><strong>φιλοξενίαν</strong></span> <span class='ocrx_word' id='word_1_474' title='bbox 1198 4516 1590 4571; x_wconf 85' lang='grc' dir='ltr'><strong>ὲπιδείκνυσθε.</strong></span> <span class='ocrx_word' id='word_1_475' title='bbox 1626 4516 1755 4569; x_wconf 88' lang='grc' dir='ltr'><strong>Τίνα</strong></span> <span class='ocrx_word' id='word_1_476' title='bbox 1789 4516 1896 4588; x_wconf 83' lang='grc' dir='ltr'><strong>γὰρ</strong></span> 
     </span>
    </p>
   </div>
   <div class='ocr_carea' id='block_1_53' title="bbox 317 4597 1896 4673">
    <p class='ocr_par' dir='ltr' id='par_1_53' title="bbox 317 4597 1896 4673">
     <span class='ocr_line' id='line_1_53' title="bbox 317 4597 1896 4673; baseline -0.003 -19"><span class='ocrx_word' id='word_1_477' title='bbox 317 4602 517 4671; x_wconf 72' lang='grc' dir='ltr'><strong>ἕξομεν</strong></span> <span class='ocrx_word' id='word_1_478' title='bbox 542 4604 706 4673; x_wconf 82' lang='grc' dir='ltr'><strong>ἡμεῖς</strong></span> <span class='ocrx_word' id='word_1_479' title='bbox 732 4601 1027 4668; x_wconf 82' lang='grc' dir='ltr'><strong>ἀπολογίαν</strong></span> <span class='ocrx_word' id='word_1_480' title='bbox 1050 4599 1255 4662; x_wconf 77' lang='grc' dir='ltr'><strong>λοιπὸν,</strong></span> <span class='ocrx_word' id='word_1_481' title='bbox 1286 4598 1491 4651; x_wconf 75' lang='grc' dir='ltr'><strong>τούτοιν</strong></span> <span class='ocrx_word' id='word_1_482' title='bbox 1508 4597 1603 4650; x_wconf 68' lang='grc' dir='ltr'><strong>καὶ</strong></span> <span class='ocrx_word' id='word_1_483' title='bbox 1631 4599 1770 4669; x_wconf 86' lang='grc' dir='ltr'><strong>μετά</strong></span> <span class='ocrx_word' id='word_1_484' title='bbox 1797 4599 1896 4667; x_wconf 80' lang='grc' dir='ltr'><strong>τὴν</strong></span> 
     </span>
    </p>
   </div>
   <div class='ocr_carea' id='block_1_54' title="bbox 321 4681 1896 4755">
    <p class='ocr_par' dir='ltr' id='par_1_54' title="bbox 321 4681 1896 4755">
     <span class='ocr_line' id='line_1_54' title="bbox 321 4681 1896 4755; baseline -0.003 -18"><span class='ocrx_word' id='word_1_485' title='bbox 321 4685 578 4755; x_wconf 79' lang='grc' dir='ltr'><strong>ἁρπαγὴν</strong></span> <span class='ocrx_word' id='word_1_486' title='bbox 622 4684 730 4737; x_wconf 85' lang='grc' dir='ltr'><strong>τῶν</strong></span> <span class='ocrx_word' id='word_1_487' title='bbox 770 4683 1123 4754; x_wconf 83' lang='grc' dir='ltr'><strong>ὑπαρχόντων</strong></span> <span class='ocrx_word' id='word_1_488' title='bbox 1173 4681 1345 4734; x_wconf 84' lang='grc' dir='ltr'><strong>ταῦτα</strong></span> <span class='ocrx_word' id='word_1_489' title='bbox 1395 4681 1735 4746; x_wconf 86' lang='grc' dir='ltr'><strong>ἀκουόντων,</strong></span> <span class='ocrx_word' id='word_1_490' title='bbox 1786 4681 1896 4732; x_wconf 74' lang='grc' dir='ltr'><strong>Καὶ</strong></span> 
     </span>
    </p>
   </div>
   <div class='ocr_carea' id='block_1_55' title="bbox 324 4762 1895 4837">
    <p class='ocr_par' dir='ltr' id='par_1_55' title="bbox 324 4762 1895 4837">
     <span class='ocr_line' id='line_1_55' title="bbox 324 4762 1895 4837; baseline -0.003 -18"><span class='ocrx_word' id='word_1_491' title='bbox 324 4766 431 4837; x_wconf 77' lang='grc' dir='ltr'><strong>ὅρα</strong></span> <span class='ocrx_word' id='word_1_492' title='bbox 452 4804 467 4829; x_wconf 91' lang='grc'><strong>,</strong></span> <span class='ocrx_word' id='word_1_493' title='bbox 507 4765 740 4820; x_wconf 81' lang='grc' dir='ltr'><strong>ἐνταῦθα</strong></span> <span class='ocrx_word' id='word_1_494' title='bbox 771 4766 957 4834; x_wconf 87' lang='grc' dir='ltr'><strong>λέγει,</strong></span> <span class='ocrx_word' id='word_1_495' title='bbox 1003 4765 1119 4833; x_wconf 84' lang='grc' dir='ltr'><strong>Τῆς</strong></span> <span class='ocrx_word' id='word_1_496' title='bbox 1154 4764 1423 4828; x_wconf 76' lang='grc' dir='ltr'><strong>εὐποιίας</strong></span> <span class='ocrx_word' id='word_1_497' title='bbox 1451 4765 1536 4831; x_wconf 78' lang='grc' dir='ltr'><strong>μὴ</strong></span> <span class='ocrx_word' id='word_1_498' title='bbox 1572 4762 1895 4816; x_wconf 84' lang='grc' dir='ltr'><strong>ἐπιλανθά-</strong></span> 
     </span>
    </p>
   </div>
   <div class='ocr_carea' id='block_1_56' title="bbox 320 4846 1895 4921">
    <p class='ocr_par' dir='ltr' id='par_1_56' title="bbox 320 4846 1895 4921">
     <span class='ocr_line' id='line_1_56' title="bbox 320 4846 1895 4921; baseline -0.004 -17"><span class='ocrx_word' id='word_1_499' title='bbox 320 4853 505 4906; x_wconf 81' lang='grc' dir='ltr'><strong>νεσθε</strong></span> <span class='ocrx_word' id='word_1_500' title='bbox 522 4893 536 4917; x_wconf 84' lang='grc'><strong>,</strong></span> <span class='ocrx_word' id='word_1_501' title='bbox 578 4849 748 4904; x_wconf 86' lang='grc' dir='ltr'><strong>είπὼν</strong></span> <span class='ocrx_word' id='word_1_502' title='bbox 774 4849 1062 4921; x_wconf 83' lang='grc' dir='ltr'><strong>ἀνωτέρω,</strong></span> <span class='ocrx_word' id='word_1_503' title='bbox 1096 4848 1210 4916; x_wconf 87' lang='grc' dir='ltr'><strong>Τῆς</strong></span> <span class='ocrx_word' id='word_1_504' title='bbox 1235 4847 1585 4916; x_wconf 68' lang='grc' dir='ltr'><strong>φιλοξενίας</strong></span> <span class='ocrx_word' id='word_1_505' title='bbox 1605 4863 1619 4876; x_wconf 77' lang='grc' dir='ltr'><strong><em>ο</em></strong></span> <span class='ocrx_word' id='word_1_506' title='bbox 1647 4847 1745 4899; x_wconf 72' lang='grc' dir='ltr'><strong>οὐκ</strong></span> <span class='ocrx_word' id='word_1_507' title='bbox 1770 4846 1895 4898; x_wconf 82' lang='grc' dir='ltr'><strong>ἄλλο</strong></span> 
     </span>
    </p>
   </div>
   <div class='ocr_carea' id='block_1_57' title="bbox 318 4929 1895 5003">
    <p class='ocr_par' dir='ltr' id='par_1_57' title="bbox 318 4929 1895 5003">
     <span class='ocr_line' id='line_1_57' title="bbox 318 4929 1895 5003; baseline -0.006 -14"><span class='ocrx_word' id='word_1_508' title='bbox 318 4933 421 4989; x_wconf 72' lang='grc' dir='ltr'><strong>καὶ</strong></span> <span class='ocrx_word' id='word_1_509' title='bbox 444 4932 568 4986; x_wconf 77' lang='grc' dir='ltr'><strong>ἄλλο</strong></span> <span class='ocrx_word' id='word_1_510' title='bbox 592 4933 770 5003; x_wconf 86' lang='grc' dir='ltr'><strong>δηλῶν</strong></span> <span class='ocrx_word' id='word_1_511' title='bbox 787 4971 803 4997; x_wconf 92' lang='grc'><strong>,</strong></span> <span class='ocrx_word' id='word_1_512' title='bbox 830 4932 965 4986; x_wconf 86' lang='grc' dir='ltr'><strong>ἀλλά</strong></span> <span class='ocrx_word' id='word_1_513' title='bbox 988 4932 1048 4985; x_wconf 85' lang='grc' dir='ltr'><strong>τὺ</strong></span> <span class='ocrx_word' id='word_1_514' title='bbox 1075 4931 1208 4984; x_wconf 80' lang='grc' dir='ltr'>αὐτὸ</span> <span class='ocrx_word' id='word_1_515' title='bbox 1229 4931 1294 4982; x_wconf 85' lang='grc' dir='ltr'><strong>δι’</strong></span> <span class='ocrx_word' id='word_1_516' title='bbox 1319 4930 1510 4999; x_wconf 82' lang='grc' dir='ltr'><strong>ἐτέρας</strong></span> <span class='ocrx_word' id='word_1_517' title='bbox 1535 4929 1754 4993; x_wconf 82' lang='grc' dir='ltr'><strong>λέξεως.</strong></span> <span class='ocrx_word' id='word_1_518' title='bbox 1784 4929 1895 4982; x_wconf 78' lang='grc' dir='ltr'><strong>Καὶ</strong></span> 
     </span>
    </p>
   </div>
   <div class='ocr_carea' id='block_1_58' title="bbox 306 5010 1891 5086">
    <p class='ocr_par' dir='ltr' id='par_1_58' title="bbox 306 5010 1891 5086">
     <span class='ocr_line' id='line_1_58' title="bbox 306 5010 1891 5086; baseline -0.005 -15"><span class='ocrx_word' id='word_1_519' title='bbox 306 5017 422 5071; x_wconf 81' lang='grc' dir='ltr'><strong>οὐκ</strong></span> <span class='ocrx_word' id='word_1_520' title='bbox 458 5012 598 5083; x_wconf 78' lang='grc' dir='ltr'><strong>εἷπε,</strong></span> <span class='ocrx_word' id='word_1_521' title='bbox 644 5016 756 5086; x_wconf 85' lang='grc' dir='ltr'><strong>Τῆς</strong></span> <span class='ocrx_word' id='word_1_522' title='bbox 788 5014 1093 5084; x_wconf 79' lang='grc' dir='ltr'><strong>ξενοδοχίας</strong></span> <span class='ocrx_word' id='word_1_523' title='bbox 1121 5011 1195 5082; x_wconf 81' lang='grc' dir='ltr'><strong>μὴ</strong></span> <span class='ocrx_word' id='word_1_524' title='bbox 1225 5010 1651 5064; x_wconf 80' lang='grc' dir='ltr'><strong>ἐπιλανθάνεσθε</strong></span> <span class='ocrx_word' id='word_1_525' title='bbox 1673 5052 1686 5075; x_wconf 90' lang='grc'><strong>,</strong></span> <span class='ocrx_word' id='word_1_526' title='bbox 1719 5010 1852 5064; x_wconf 83' lang='grc' dir='ltr'><strong>ἀλλά</strong></span> <span class='ocrx_word' id='word_1_527' title='bbox 1877 5052 1891 5077; x_wconf 91' lang='grc'><strong>,</strong></span> 
     </span>
    </p>
   </div>
   <div class='ocr_carea' id='block_1_59' title="bbox 316 5094 1891 5168">
    <p class='ocr_par' dir='ltr' id='par_1_59' title="bbox 316 5094 1891 5168">
     <span class='ocr_line' id='line_1_59' title="bbox 316 5094 1891 5168; baseline -0.004 -15"><span class='ocrx_word' id='word_1_528' title='bbox 316 5099 443 5167; x_wconf 86' lang='grc' dir='ltr'><strong>Τῆς</strong></span> <span class='ocrx_word' id='word_1_529' title='bbox 479 5099 859 5168; x_wconf 72' lang='grc' dir='ltr'><strong>φιλοξενίας·</strong></span> <span class='ocrx_word' id='word_1_530' title='bbox 894 5097 1175 5159; x_wconf 88' lang='grc' dir='ltr'><strong>τουτέστι,</strong></span> <span class='ocrx_word' id='word_1_531' title='bbox 1208 5095 1299 5163; x_wconf 79' lang='grc' dir='ltr'><strong>Μὴ</strong></span> <span class='ocrx_word' id='word_1_532' title='bbox 1336 5094 1521 5155; x_wconf 87' lang='grc' dir='ltr'><strong>ἁπλῶς</strong></span> <span class='ocrx_word' id='word_1_533' title='bbox 1548 5094 1891 5164; x_wconf 82' lang='grc' dir='ltr'><strong>ξενοδοχεῖτε,</strong></span> 
     </span>
    </p>
   </div>
   <div class='ocr_carea' id='block_1_60' title="bbox 304 5172 1894 5253">
    <p class='ocr_par' dir='ltr' id='par_1_60' title="bbox 304 5172 1894 5253">
     <span class='ocr_line' id='line_1_60' title="bbox 304 5172 1894 5253; baseline -0.006 -13"><span class='ocrx_word' id='word_1_534' title='bbox 304 5184 460 5240; x_wconf 84' lang='grc' dir='ltr'><strong>ἀλλά</strong></span> <span class='ocrx_word' id='word_1_535' title='bbox 488 5183 627 5253; x_wconf 87' lang='grc' dir='ltr'><strong>μετά</strong></span> <span class='ocrx_word' id='word_1_536' title='bbox 657 5182 752 5235; x_wconf 90' lang='grc' dir='ltr'><strong>τοῦ</strong></span> <span class='ocrx_word' id='word_1_537' title='bbox 784 5182 958 5251; x_wconf 84' lang='grc' dir='ltr'><strong>φιλεῖν</strong></span> <span class='ocrx_word' id='word_1_538' title='bbox 987 5181 1113 5242; x_wconf 78' lang='grc' dir='ltr'><strong>τοὺς</strong></span> <span class='ocrx_word' id='word_1_539' title='bbox 1143 5178 1347 5245; x_wconf 85' lang='grc' dir='ltr'><strong>ξένους.</strong></span> <span class='ocrx_word' id='word_1_540' title='bbox 1378 5178 1487 5230; x_wconf 53' lang='grc' dir='ltr'><strong>Καὶ⁵</strong></span> <span class='ocrx_word' id='word_1_541' title='bbox 1517 5178 1616 5231; x_wconf 81' lang='grc' dir='ltr'><strong>οὐκ</strong></span> <span class='ocrx_word' id='word_1_542' title='bbox 1643 5172 1764 5230; x_wconf 81' lang='grc' dir='ltr'><strong>εἷπε</strong></span> <span class='ocrx_word' id='word_1_543' title='bbox 1796 5180 1894 5248; x_wconf 77' lang='grc' dir='ltr'><strong>τὴν</strong></span> 
     </span>
    </p>
   </div>
   <div class='ocr_carea' id='block_1_61' title="bbox 308 5258 1895 5338">
    <p class='ocr_par' dir='ltr' id='par_1_61' title="bbox 308 5258 1895 5338">
     <span class='ocr_line' id='line_1_61' title="bbox 308 5258 1895 5338; baseline -0.004 -20"><span class='ocrx_word' id='word_1_544' title='bbox 308 5264 622 5338; x_wconf 68' lang='grc' dir='ltr'><strong>μέλλουσαν</strong></span> <span class='ocrx_word' id='word_1_545' title='bbox 661 5265 757 5319; x_wconf 77' lang='grc' dir='ltr'><strong>καὶ</strong></span> <span class='ocrx_word' id='word_1_546' title='bbox 802 5262 1172 5333; x_wconf 82' lang='grc' dir='ltr'><strong>ἀποκειμένην</strong></span> <span class='ocrx_word' id='word_1_547' title='bbox 1204 5260 1472 5330; x_wconf 73' lang='grc' dir='ltr'><strong>ἀμοιϐὴν,</strong></span> <span class='ocrx_word' id='word_1_548' title='bbox 1502 5258 1589 5313; x_wconf 83' lang='grc' dir='ltr'><strong>ἵνα</strong></span> <span class='ocrx_word' id='word_1_549' title='bbox 1623 5261 1697 5329; x_wconf 79' lang='grc' dir='ltr'><strong>μὴ</strong></span> <span class='ocrx_word' id='word_1_550' title='bbox 1736 5259 1895 5312; x_wconf 81' lang='grc' dir='ltr'><strong>πάλιν</strong></span> 
     </span>
    </p>
   </div>
   <div class='ocr_carea' id='block_1_62' title="bbox 302 5342 1896 5417">
    <p class='ocr_par' dir='ltr' id='par_1_62' title="bbox 302 5342 1896 5417">
     <span class='ocr_line' id='line_1_62' title="bbox 302 5342 1896 5417; baseline -0.005 -14"><span class='ocrx_word' id='word_1_551' title='bbox 302 5348 522 5410; x_wconf 79' lang='grc' dir='ltr'><strong>αὐτοὺς</strong></span> <span class='ocrx_word' id='word_1_552' title='bbox 557 5347 926 5417; x_wconf 83' lang='grc' dir='ltr'><strong>ὑπτιωτέρους</strong></span> <span class='ocrx_word' id='word_1_553' title='bbox 962 5347 1306 5415; x_wconf 81' lang='grc' dir='ltr'><strong>ἐργάσηται,</strong></span> <span class='ocrx_word' id='word_1_554' title='bbox 1339 5342 1476 5395; x_wconf 87' lang='grc' dir='ltr'><strong>ἀλλά</strong></span> <span class='ocrx_word' id='word_1_555' title='bbox 1528 5343 1626 5411; x_wconf 76' lang='grc' dir='ltr'><strong>τὴν</strong></span> <span class='ocrx_word' id='word_1_556' title='bbox 1674 5343 1772 5412; x_wconf 71' lang='grc' dir='ltr'><strong>ἤδη</strong></span> <span class='ocrx_word' id='word_1_557' title='bbox 1810 5344 1896 5395; x_wconf 79' lang='lat' dir='ltr'><strong>6o-</strong></span> 
     </span>
    </p>
   </div>
   <div class='ocr_carea' id='block_1_63' title="bbox 306 5424 1894 5500">
    <p class='ocr_par' dir='ltr' id='par_1_63' title="bbox 306 5424 1894 5500">
     <span class='ocr_line' id='line_1_63' title="bbox 306 5424 1894 5500; baseline -0.006 -13"><span class='ocrx_word' id='word_1_558' title='bbox 306 5434 509 5487; x_wconf 83' lang='grc' dir='ltr'><strong>θεῖσαν</strong></span> <span class='ocrx_word' id='word_1_559' title='bbox 531 5447 544 5460; x_wconf 89' lang='grc'><strong>·</strong></span> <span class='ocrx_word' id='word_1_560' title='bbox 572 5430 822 5500; x_wconf 83' lang='grc' dir='ltr'><strong>ἐπήγαγε</strong></span> <span class='ocrx_word' id='word_1_561' title='bbox 855 5428 994 5499; x_wconf 79' lang='grc' dir='ltr'><strong>γὰρ,</strong></span> <span class='ocrx_word' id='word_1_562' title='bbox 1036 5427 1117 5480; x_wconf 87' lang='grc' dir='ltr'><strong>Δι’</strong></span> <span class='ocrx_word' id='word_1_563' title='bbox 1144 5424 1335 5493; x_wconf 79' lang='grc' dir='ltr'><strong>αὐτῆς</strong></span> <span class='ocrx_word' id='word_1_564' title='bbox 1360 5425 1579 5479; x_wconf 82' lang='grc' dir='ltr'><strong>ἔλαθόν</strong></span> <span class='ocrx_word' id='word_1_565' title='bbox 1606 5442 1762 5490; x_wconf 88' lang='grc' dir='ltr'><strong>τινες</strong></span> <span class='ocrx_word' id='word_1_566' title='bbox 1798 5426 1894 5488; x_wconf 80' lang='grc' dir='ltr'><strong>ξε-</strong></span> 
     </span>
    </p>
   </div>
   <div class='ocr_carea' id='block_1_64' title="bbox 302 5506 1893 5581">
    <p class='ocr_par' dir='ltr' id='par_1_64' title="bbox 302 5506 1893 5581">
     <span class='ocr_line' id='line_1_64' title="bbox 302 5506 1893 5581; baseline -0.007 -14"><span class='ocrx_word' id='word_1_567' title='bbox 302 5515 606 5578; x_wconf 72' lang='grc' dir='ltr'><strong>νίσαντες</strong></span> <span class='ocrx_word' id='word_1_568' title='bbox 642 5513 958 5581; x_wconf 71' lang='grc' dir='ltr'><strong>ἀγγέλους.</strong></span> <span class='ocrx_word' id='word_1_569' title='bbox 997 5509 1137 5562; x_wconf 85' lang='grc' dir='ltr'><strong>Ἀλλ’</strong></span> <span class='ocrx_word' id='word_1_570' title='bbox 1169 5508 1367 5577; x_wconf 78' lang='grc' dir='ltr'><strong>ἴδωμεν</strong></span> <span class='ocrx_word' id='word_1_571' title='bbox 1403 5506 1607 5561; x_wconf 83' lang='grc' dir='ltr'><strong>ἀνωθεν</strong></span> <span class='ocrx_word' id='word_1_572' title='bbox 1636 5506 1705 5558; x_wconf 86' lang='grc' dir='ltr'><strong>τὰ</strong></span> <span class='ocrx_word' id='word_1_573' title='bbox 1739 5508 1893 5576; x_wconf 79' lang='grc' dir='ltr'><strong>εἰρη-</strong></span> 
     </span>
    </p>
   </div>
   <div class='ocr_carea' id='block_1_65' title="bbox 315 5589 1892 5668">
    <p class='ocr_par' dir='ltr' id='par_1_65' title="bbox 315 5589 1892 5668">
     <span class='ocr_line' id='line_1_65' title="bbox 315 5589 1892 5668; baseline -0.008 -17"><span class='ocrx_word' id='word_1_574' title='bbox 315 5599 483 5668; x_wconf 82' lang='grc' dir='ltr'><strong>μένα.</strong></span> <span class='ocrx_word' id='word_1_575' title='bbox 520 5597 714 5664; x_wconf 84' lang='grc' dir='ltr'><strong>Τίμιος</strong></span> <span class='ocrx_word' id='word_1_576' title='bbox 740 5597 773 5648; x_wconf 83' lang='grc' dir='ltr'><strong>ό</strong></span> <span class='ocrx_word' id='word_1_577' title='bbox 799 5594 1006 5663; x_wconf 81' lang='grc' dir='ltr'><strong>γάμος,</strong></span> <span class='ocrx_word' id='word_1_578' title='bbox 1038 5593 1221 5662; x_wconf 76' lang='grc' dir='ltr'><strong>φησὶν,</strong></span> <span class='ocrx_word' id='word_1_579' title='bbox 1245 5593 1313 5645; x_wconf 82' lang='grc' dir='ltr'><strong>ἐν</strong></span> <span class='ocrx_word' id='word_1_580' title='bbox 1333 5590 1503 5653; x_wconf 85' lang='grc' dir='ltr'><strong>πᾶσι,</strong></span> <span class='ocrx_word' id='word_1_581' title='bbox 1531 5590 1627 5642; x_wconf 79' lang='grc' dir='ltr'><strong>καὶ</strong></span> <span class='ocrx_word' id='word_1_582' title='bbox 1652 5590 1688 5654; x_wconf 75' lang='grc' dir='ltr'><strong>ἠ</strong></span> <span class='ocrx_word' id='word_1_583' title='bbox 1723 5589 1892 5656; x_wconf 84' lang='grc' dir='ltr'><strong>κοίτη</strong></span> 
     </span>
    </p>
   </div>
   <div class='ocr_carea' id='block_1_66' title="bbox 308 5674 1892 5747">
    <p class='ocr_par' dir='ltr' id='par_1_66' title="bbox 308 5674 1892 5747">
     <span class='ocr_line' id='line_1_66' title="bbox 308 5674 1892 5747; baseline -0.008 -13"><span class='ocrx_word' id='word_1_584' title='bbox 308 5679 631 5747; x_wconf 80' lang='grc' dir='ltr'><strong>ἀμίαντος.</strong></span> <span class='ocrx_word' id='word_1_585' title='bbox 689 5676 813 5740; x_wconf 88' lang='grc' dir='ltr'><strong>Πῶς</strong></span> <span class='ocrx_word' id='word_1_586' title='bbox 860 5677 1040 5746; x_wconf 88' lang='grc' dir='ltr'><strong>τίμιος</strong></span> <span class='ocrx_word' id='word_1_587' title='bbox 1087 5678 1114 5728; x_wconf 86' lang='grc' dir='ltr'>ὁ</span> <span class='ocrx_word' id='word_1_588' title='bbox 1158 5676 1369 5744; x_wconf 85' lang='grc' dir='ltr'><strong>γάμος;</strong></span> <span class='ocrx_word' id='word_1_589' title='bbox 1404 5674 1528 5727; x_wconf 73' lang='grc' dir='ltr'><strong>Ὀτι</strong></span> <span class='ocrx_word' id='word_1_590' title='bbox 1573 5674 1632 5723; x_wconf 80' lang='grc' dir='ltr'><strong>ἐν</strong></span> <span class='ocrx_word' id='word_1_591' title='bbox 1681 5688 1892 5740; x_wconf 85' lang='grc' dir='ltr'><strong>σωφρο-</strong></span> 
     </span>
    </p>
   </div>
   <div class='ocr_carea' id='block_1_67' title="bbox 320 5753 1887 5832">
    <p class='ocr_par' dir='ltr' id='par_1_67' title="bbox 320 5753 1887 5832">
     <span class='ocr_line' id='line_1_67' title="bbox 320 5753 1887 5832; baseline -0.004 -20"><span class='ocrx_word' id='word_1_592' title='bbox 320 5761 502 5832; x_wconf 77' lang='grc' dir='ltr'><strong>σύνῃ,</strong></span> <span class='ocrx_word' id='word_1_593' title='bbox 551 5759 717 5829; x_wconf 70' lang='grc' dir='ltr'><strong>φησὶ,</strong></span> <span class='ocrx_word' id='word_1_594' title='bbox 768 5758 1016 5830; x_wconf 83' lang='grc' dir='ltr'><strong>διατηρεῖ</strong></span> <span class='ocrx_word' id='word_1_595' title='bbox 1055 5757 1145 5811; x_wconf 80' lang='grc' dir='ltr'><strong>τὸν</strong></span> <span class='ocrx_word' id='word_1_596' title='bbox 1203 5757 1412 5811; x_wconf 85' lang='grc' dir='ltr'><strong>πιστόν.</strong></span> <span class='ocrx_word' id='word_1_597' title='bbox 1480 5753 1740 5809; x_wconf 84' lang='grc' dir='ltr'><strong>Ἐνταῦθα</strong></span> <span class='ocrx_word' id='word_1_598' title='bbox 1793 5755 1887 5808; x_wconf 70' lang='grc' dir='ltr'><strong>καὶ</strong></span> 
     </span>
    </p>
   </div>
   <div class='ocr_carea' id='block_1_68' title="bbox 2020 1289 3597 1373">
    <p class='ocr_par' dir='ltr' id='par_1_68' title="bbox 2020 1289 3597 1373">
     <span class='ocr_line' id='line_1_68' title="bbox 2020 1289 3597 1373; baseline 0.007 -27"><span class='ocrx_word' id='word_1_599' title='bbox 2020 1296 2211 1366; x_wconf 84' lang='grc' dir='ltr'><strong>χρείας</strong></span> <span class='ocrx_word' id='word_1_600' title='bbox 2254 1289 2406 1367; x_wconf 83' lang='grc' dir='ltr'><strong>ὦμεν</strong></span> <span class='ocrx_word' id='word_1_601' title='bbox 2436 1300 2531 1351; x_wconf 76' lang='grc' dir='ltr'><strong>καὶ</strong></span> <span class='ocrx_word' id='word_1_602' title='bbox 2567 1299 2677 1352; x_wconf 86' lang='grc' dir='ltr'><strong>τῶν</strong></span> <span class='ocrx_word' id='word_1_603' title='bbox 2720 1299 3053 1366; x_wconf 87' lang='grc' dir='ltr'><strong>ἀναγκαίων.</strong></span> <span class='ocrx_word' id='word_1_604' title='bbox 3104 1300 3168 1352; x_wconf 86' lang='grc' dir='ltr'><strong>Τί</strong></span> <span class='ocrx_word' id='word_1_605' title='bbox 3202 1301 3316 1365; x_wconf 80' lang='grc' dir='ltr'><strong>οὖν,</strong></span> <span class='ocrx_word' id='word_1_606' title='bbox 3346 1302 3413 1354; x_wconf 84' lang='grc' dir='ltr'><strong>ἂν</strong></span> <span class='ocrx_word' id='word_1_607' title='bbox 3462 1303 3597 1373; x_wconf 67' lang='grc' dir='ltr'><strong>μηδὲ</strong></span> 
     </span>
    </p>
   </div>
   <div class='ocr_carea' id='block_1_69' title="bbox 2019 1378 3596 1451">
    <p class='ocr_par' dir='ltr' id='par_1_69' title="bbox 2019 1378 3596 1451">
     <span class='ocr_line' id='line_1_69' title="bbox 2019 1378 3596 1451; baseline 0.004 -21"><span class='ocrx_word' id='word_1_608' title='bbox 2019 1378 2254 1443; x_wconf 81' lang='grc' dir='ltr'><strong>τούτων,</strong></span> <span class='ocrx_word' id='word_1_609' title='bbox 2301 1380 2501 1449; x_wconf 81' lang='grc' dir='ltr'><strong>φησὶν.</strong></span> <span class='ocrx_word' id='word_1_610' title='bbox 2546 1381 2909 1451; x_wconf 82' lang='grc' dir='ltr'><strong>εὐπορῶμεν;</strong></span> <span class='ocrx_word' id='word_1_611' title='bbox 2956 1383 3067 1434; x_wconf 84' lang='grc' dir='ltr'><strong>Οὐκ</strong></span> <span class='ocrx_word' id='word_1_612' title='bbox 3116 1382 3232 1435; x_wconf 79' lang='grc' dir='ltr'><strong>ἔστι</strong></span> <span class='ocrx_word' id='word_1_613' title='bbox 3260 1382 3458 1447; x_wconf 86' lang='grc' dir='ltr'><strong>τοῦτο,</strong></span> <span class='ocrx_word' id='word_1_614' title='bbox 3497 1386 3596 1438; x_wconf 82' lang='grc' dir='ltr'><strong>οὐκ</strong></span> 
     </span>
    </p>
   </div>
   <div class='ocr_carea' id='block_1_70' title="bbox 1983 1458 3594 1535">
    <p class='ocr_par' dir='ltr' id='par_1_70' title="bbox 1983 1458 3594 1535">
     <span class='ocr_line' id='line_1_70' title="bbox 1983 1458 3594 1535; baseline 0.003 -22"><span class='ocrx_word' id='word_1_615' title='bbox 1983 1510 1996 1519; x_wconf 85' lang='grc'><em>,</em></span> <span class='ocrx_word' id='word_1_616' title='bbox 2022 1458 2169 1531; x_wconf 83' lang='grc'>[506]</span> <span class='ocrx_word' id='word_1_617' title='bbox 2203 1461 2350 1514; x_wconf 77' lang='grc' dir='ltr'><strong>ἔστιν</strong></span> <span class='ocrx_word' id='word_1_618' title='bbox 2375 1480 2387 1491; x_wconf 96' lang='grc'><strong>·</strong></span> <span class='ocrx_word' id='word_1_619' title='bbox 2439 1463 2602 1527; x_wconf 77' lang='grc' dir='ltr'><strong>αὐτὸς</strong></span> <span class='ocrx_word' id='word_1_620' title='bbox 2636 1464 2745 1534; x_wconf 83' lang='grc' dir='ltr'><strong>γάρ</strong></span> <span class='ocrx_word' id='word_1_621' title='bbox 2781 1459 2923 1527; x_wconf 76' lang='grc' dir='ltr'><strong>εἷπε,</strong></span> <span class='ocrx_word' id='word_1_622' title='bbox 2968 1465 3062 1517; x_wconf 75' lang='grc' dir='ltr'><strong>καὶ</strong></span> <span class='ocrx_word' id='word_1_623' title='bbox 3089 1466 3149 1517; x_wconf 73' lang='grc' dir='ltr'><strong>οὐ</strong></span> <span class='ocrx_word' id='word_1_624' title='bbox 3184 1465 3461 1535; x_wconf 75' lang='grc' dir='ltr'><strong>ψεύδεται,</strong></span> <span class='ocrx_word' id='word_1_625' title='bbox 3512 1467 3594 1520; x_wconf 82' lang='grc' dir='ltr'><strong>ὅτι</strong></span> 
     </span>
    </p>
   </div>
   <div class='ocr_carea' id='block_1_71' title="bbox 2012 1544 3593 1615">
    <p class='ocr_par' dir='ltr' id='par_1_71' title="bbox 2012 1544 3593 1615">
     <span class='ocr_line' id='line_1_71' title="bbox 2012 1544 3593 1615; baseline 0.005 -21"><span class='ocrx_word' id='word_1_626' title='bbox 2012 1545 2095 1597; x_wconf 84' lang='grc' dir='ltr'><strong>Οὐ</strong></span> <span class='ocrx_word' id='word_1_627' title='bbox 2123 1544 2209 1612; x_wconf 83' lang='grc' dir='ltr'><strong>μή</strong></span> <span class='ocrx_word' id='word_1_628' title='bbox 2250 1562 2322 1599; x_wconf 86' lang='grc' dir='ltr'><strong>σε</strong></span> <span class='ocrx_word' id='word_1_629' title='bbox 2353 1545 2497 1612; x_wconf 82' lang='grc' dir='ltr'><strong>ἀνῶ,</strong></span> <span class='ocrx_word' id='word_1_630' title='bbox 2529 1546 2659 1599; x_wconf 78' lang='grc' dir='ltr'><strong>οὐδ’</strong></span> <span class='ocrx_word' id='word_1_631' title='bbox 2680 1548 2751 1599; x_wconf 84' lang='grc' dir='ltr'><strong>οὐ</strong></span> <span class='ocrx_word' id='word_1_632' title='bbox 2784 1550 2864 1615; x_wconf 82' lang='grc' dir='ltr'><strong>μή</strong></span> <span class='ocrx_word' id='word_1_633' title='bbox 2903 1564 2977 1599; x_wconf 85' lang='grc' dir='ltr'><strong>σε</strong></span> <span class='ocrx_word' id='word_1_634' title='bbox 3001 1548 3396 1615; x_wconf 75' lang='grc' dir='ltr'><strong>ἐγκαταλίπω.</strong></span> <span class='ocrx_word' id='word_1_635' title='bbox 3431 1549 3593 1601; x_wconf 82' lang='grc' dir='ltr'><strong>Ὥστε</strong></span> 
     </span>
    </p>
   </div>
   <div class='ocr_carea' id='block_1_72' title="bbox 2016 1624 3591 1698">
    <p class='ocr_par' dir='ltr' id='par_1_72' title="bbox 2016 1624 3591 1698">
     <span class='ocr_line' id='line_1_72' title="bbox 2016 1624 3591 1698; baseline 0.003 -21"><span class='ocrx_word' id='word_1_636' title='bbox 2016 1624 2356 1697; x_wconf 79' lang='grc' dir='ltr'><strong>θαρροῦντας</strong></span> <span class='ocrx_word' id='word_1_637' title='bbox 2385 1631 2533 1698; x_wconf 78' lang='grc' dir='ltr'><strong>ἡμᾶς</strong></span> <span class='ocrx_word' id='word_1_638' title='bbox 2561 1628 2740 1696; x_wconf 86' lang='grc' dir='ltr'><strong>λέγειν</strong></span> <span class='ocrx_word' id='word_1_639' title='bbox 2761 1643 2773 1657; x_wconf 77' lang='grc'><strong><em>⁸</em></strong></span> <span class='ocrx_word' id='word_1_640' title='bbox 2808 1629 3025 1695; x_wconf 75' lang='grc' dir='ltr'><strong>Κύριος</strong></span> <span class='ocrx_word' id='word_1_641' title='bbox 3050 1629 3177 1697; x_wconf 76' lang='grc' dir='ltr'><strong>ἐμοὶ</strong></span> <span class='ocrx_word' id='word_1_642' title='bbox 3210 1629 3457 1696; x_wconf 79' lang='grc' dir='ltr'><strong>βοηθὸς,</strong></span> <span class='ocrx_word' id='word_1_643' title='bbox 3492 1630 3591 1683; x_wconf 84' lang='grc' dir='ltr'><strong>καὶ</strong></span> 
     </span>
    </p>
   </div>
   <div class='ocr_carea' id='block_1_73' title="bbox 2014 1709 3592 1786">
    <p class='ocr_par' dir='ltr' id='par_1_73' title="bbox 2014 1709 3592 1786">
     <span class='ocr_line' id='line_1_73' title="bbox 2014 1709 3592 1786; baseline 0.003 -27"><span class='ocrx_word' id='word_1_644' title='bbox 2014 1709 2088 1760; x_wconf 89' lang='grc' dir='ltr'><strong>οὐ</strong></span> <span class='ocrx_word' id='word_1_645' title='bbox 2131 1709 2549 1786; x_wconf 72' lang='grc' dir='ltr'><strong>φοϐηθήσομαι</strong></span> <span class='ocrx_word' id='word_1_646' title='bbox 2584 1711 2640 1762; x_wconf 87' lang='grc' dir='ltr'><strong>τί</strong></span> <span class='ocrx_word' id='word_1_647' title='bbox 2671 1710 2910 1775; x_wconf 79' lang='grc' dir='ltr'><strong>ποιήσει</strong></span> <span class='ocrx_word' id='word_1_648' title='bbox 2935 1729 3036 1779; x_wconf 84' lang='grc' dir='ltr'><strong>μοι</strong></span> <span class='ocrx_word' id='word_1_649' title='bbox 3074 1712 3404 1778; x_wconf 79' lang='grc' dir='ltr'><strong>ἄνθρωπος.</strong></span> <span class='ocrx_word' id='word_1_650' title='bbox 3449 1712 3592 1765; x_wconf 82' lang='grc' dir='ltr'><strong>Ὠσεὶ</strong></span> 
     </span>
    </p>
   </div>
   <div class='ocr_carea' id='block_1_74' title="bbox 2015 1789 3589 1865">
    <p class='ocr_par' dir='ltr' id='par_1_74' title="bbox 2015 1789 3589 1865">
     <span class='ocr_line' id='line_1_74' title="bbox 2015 1789 3589 1865; baseline 0.004 -24"><span class='ocrx_word' id='word_1_651' title='bbox 2015 1789 2188 1857; x_wconf 81' lang='grc' dir='ltr'><strong>ἔλεγε,</strong></span> <span class='ocrx_word' id='word_1_652' title='bbox 2246 1792 2356 1861; x_wconf 82' lang='grc' dir='ltr'><strong>Τὴν</strong></span> <span class='ocrx_word' id='word_1_653' title='bbox 2409 1793 2701 1862; x_wconf 84' lang='grc' dir='ltr'><strong>ὑπόσχεσιν</strong></span> <span class='ocrx_word' id='word_1_654' title='bbox 2745 1792 2890 1862; x_wconf 76' lang='grc' dir='ltr'><strong>ἔχεις</strong></span> <span class='ocrx_word' id='word_1_655' title='bbox 2920 1793 3051 1864; x_wconf 86' lang='grc' dir='ltr'><strong>παρ’</strong></span> <span class='ocrx_word' id='word_1_656' title='bbox 3086 1793 3273 1856; x_wconf 86' lang='grc' dir='ltr'><strong>αὐτοῦ,</strong></span> <span class='ocrx_word' id='word_1_657' title='bbox 3314 1796 3387 1865; x_wconf 85' lang='grc' dir='ltr'><strong>μὴ</strong></span> <span class='ocrx_word' id='word_1_658' title='bbox 3416 1796 3589 1864; x_wconf 86' lang='grc' dir='ltr'><strong>ἀμφί-</strong></span> 
     </span>
    </p>
   </div>
   <div class='ocr_carea' id='block_1_75' title="bbox 2015 1872 3592 1948">
    <p class='ocr_par' dir='ltr' id='par_1_75' title="bbox 2015 1872 3592 1948">
     <span class='ocr_line' id='line_1_75' title="bbox 2015 1872 3592 1948; baseline 0.006 -24"><span class='ocrx_word' id='word_1_659' title='bbox 2015 1872 2175 1925; x_wconf 81' lang='grc' dir='ltr'><strong>ϐαλλε</strong></span> <span class='ocrx_word' id='word_1_660' title='bbox 2201 1874 2384 1927; x_wconf 89' lang='grc' dir='ltr'><strong>λοιπόν</strong></span> <span class='ocrx_word' id='word_1_661' title='bbox 2405 1890 2418 1901; x_wconf 88' lang='grc'><strong>·</strong></span> <span class='ocrx_word' id='word_1_662' title='bbox 2442 1876 2605 1937; x_wconf 84' lang='grc' dir='ltr'><strong>αὐτὸς</strong></span> <span class='ocrx_word' id='word_1_663' title='bbox 2631 1875 3014 1944; x_wconf 75' lang='grc' dir='ltr'><strong>ἐπηγγείλατο,</strong></span> <span class='ocrx_word' id='word_1_664' title='bbox 3043 1876 3117 1948; x_wconf 83' lang='grc' dir='ltr'><strong>μὴ</strong></span> <span class='ocrx_word' id='word_1_665' title='bbox 3135 1878 3490 1947; x_wconf 79' lang='grc' dir='ltr'><strong>ἀμφισϐήτει.</strong></span> <span class='ocrx_word' id='word_1_666' title='bbox 3517 1879 3592 1933; x_wconf 87' lang='grc' dir='ltr'><strong>Τὸ</strong></span> 
     </span>
    </p>
   </div>
   <div class='ocr_carea' id='block_1_76' title="bbox 2012 1955 3587 2029">
    <p class='ocr_par' dir='ltr' id='par_1_76' title="bbox 2012 1955 3587 2029">
     <span class='ocr_line' id='line_1_76' title="bbox 2012 1955 3587 2029; baseline 0.005 -23"><span class='ocrx_word' id='word_1_667' title='bbox 2012 1955 2070 2007; x_wconf 80' lang='grc' dir='ltr'><strong>δὲ</strong></span> <span class='ocrx_word' id='word_1_668' title='bbox 2093 1995 2107 2016; x_wconf 91' lang='grc'><strong>,</strong></span> <span class='ocrx_word' id='word_1_669' title='bbox 2131 1958 2213 2009; x_wconf 85' lang='grc' dir='ltr'><strong>Οὐ</strong></span> <span class='ocrx_word' id='word_1_670' title='bbox 2231 1955 2418 2025; x_wconf 84' lang='grc' dir='ltr'><strong>μή’σε</strong></span> <span class='ocrx_word' id='word_1_671' title='bbox 2446 1956 2570 2010; x_wconf 85' lang='grc' dir='ltr'><strong>ἀνῶ</strong></span> <span class='ocrx_word' id='word_1_672' title='bbox 2592 1996 2605 2019; x_wconf 93' lang='grc'><strong>,</strong></span> <span class='ocrx_word' id='word_1_673' title='bbox 2637 1959 2695 2009; x_wconf 77' lang='grc' dir='ltr'>οὐ</span> <span class='ocrx_word' id='word_1_674' title='bbox 2730 1959 2858 2027; x_wconf 80' lang='grc' dir='ltr'><strong>περὶ</strong></span> <span class='ocrx_word' id='word_1_675' title='bbox 2884 1959 3184 2027; x_wconf 86' lang='grc' dir='ltr'><strong>χρημάτων</strong></span> <span class='ocrx_word' id='word_1_676' title='bbox 3214 1959 3374 2028; x_wconf 84' lang='grc' dir='ltr'><strong>μόνον</strong></span> <span class='ocrx_word' id='word_1_677' title='bbox 3400 1960 3587 2029; x_wconf 79' lang='grc' dir='ltr'><strong>φησὶν,</strong></span> 
     </span>
    </p>
   </div>
   <div class='ocr_carea' id='block_1_77' title="bbox 2013 2038 3587 2110">
    <p class='ocr_par' dir='ltr' id='par_1_77' title="bbox 2013 2038 3587 2110">
     <span class='ocr_line' id='line_1_77' title="bbox 2013 2038 3587 2110; baseline 0.004 -19"><span class='ocrx_word' id='word_1_678' title='bbox 2013 2038 2149 2091; x_wconf 87' lang='grc' dir='ltr'><strong>ἀλλά</strong></span> <span class='ocrx_word' id='word_1_679' title='bbox 2173 2039 2268 2090; x_wconf 74' lang='grc' dir='ltr'><strong>καὶ</strong></span> <span class='ocrx_word' id='word_1_680' title='bbox 2306 2041 2431 2109; x_wconf 80' lang='grc' dir='ltr'><strong>περὶ</strong></span> <span class='ocrx_word' id='word_1_681' title='bbox 2474 2041 2581 2093; x_wconf 87' lang='grc' dir='ltr'><strong>τῶν</strong></span> <span class='ocrx_word' id='word_1_682' title='bbox 2619 2040 2793 2094; x_wconf 76' lang='grc' dir='ltr'><strong>ἄλλων</strong></span> <span class='ocrx_word' id='word_1_683' title='bbox 2836 2042 3090 2095; x_wconf 85' lang='grc' dir='ltr'><strong>ἁπάντων</strong></span> <span class='ocrx_word' id='word_1_684' title='bbox 3131 2041 3300 2109; x_wconf 84' lang='grc' dir='ltr'><strong>λέγει.</strong></span> <span class='ocrx_word' id='word_1_685' title='bbox 3370 2045 3587 2110; x_wconf 84' lang='grc' dir='ltr'><strong>Κύριος</strong></span> 
     </span>
    </p>
   </div>
   <div class='ocr_carea' id='block_1_78' title="bbox 2009 2121 3586 2193">
    <p class='ocr_par' dir='ltr' id='par_1_78' title="bbox 2009 2121 3586 2193">
     <span class='ocr_line' id='line_1_78' title="bbox 2009 2121 3586 2193; baseline 0.004 -20"><span class='ocrx_word' id='word_1_686' title='bbox 2009 2121 2137 2189; x_wconf 78' lang='grc' dir='ltr'><strong>ἐμοὶ</strong></span> <span class='ocrx_word' id='word_1_687' title='bbox 2162 2122 2411 2188; x_wconf 78' lang='grc' dir='ltr'><strong>βοηθὸς,</strong></span> <span class='ocrx_word' id='word_1_688' title='bbox 2445 2123 2543 2176; x_wconf 80' lang='grc' dir='ltr'><strong>καὶ</strong></span> <span class='ocrx_word' id='word_1_689' title='bbox 2571 2125 2643 2176; x_wconf 89' lang='grc' dir='ltr'><strong>οὐ</strong></span> <span class='ocrx_word' id='word_1_690' title='bbox 2677 2124 3095 2193; x_wconf 77' lang='grc' dir='ltr'><strong>φοϐηθήσομαι</strong></span> <span class='ocrx_word' id='word_1_691' title='bbox 3125 2129 3183 2177; x_wconf 88' lang='grc' dir='ltr'><strong>τί</strong></span> <span class='ocrx_word' id='word_1_692' title='bbox 3220 2123 3460 2191; x_wconf 82' lang='grc' dir='ltr'><strong>ποιήσει</strong></span> <span class='ocrx_word' id='word_1_693' title='bbox 3489 2144 3586 2192; x_wconf 82' lang='grc' dir='ltr'><strong>μοι</strong></span> 
     </span>
    </p>
   </div>
   <div class='ocr_carea' id='block_1_79' title="bbox 2010 2204 3586 2280">
    <p class='ocr_par' dir='ltr' id='par_1_79' title="bbox 2010 2204 3586 2280">
     <span class='ocr_line' id='line_1_79' title="bbox 2010 2204 3586 2280; baseline 0.004 -24"><span class='ocrx_word' id='word_1_694' title='bbox 2010 2204 2339 2272; x_wconf 83' lang='grc' dir='ltr'><strong>ἅνθρωπος.</strong></span> <span class='ocrx_word' id='word_1_695' title='bbox 2363 2207 2602 2268; x_wconf 76' lang='grc' dir='ltr'><strong>Εἰκότως</strong></span> <span class='ocrx_word' id='word_1_696' title='bbox 2627 2207 2685 2259; x_wconf 83' lang='grc' dir='ltr'><strong>τὸ</strong></span> <span class='ocrx_word' id='word_1_697' title='bbox 2710 2207 2803 2259; x_wconf 89' lang='grc' dir='ltr'><strong>τοῦ</strong></span> <span class='ocrx_word' id='word_1_698' title='bbox 2832 2210 3115 2278; x_wconf 78' lang='grc' dir='ltr'><strong>προφήτου</strong></span> <span class='ocrx_word' id='word_1_699' title='bbox 3139 2210 3441 2280; x_wconf 80' lang='grc' dir='ltr'><strong>ἐπήγαγεν,</strong></span> <span class='ocrx_word' id='word_1_700' title='bbox 3466 2211 3586 2263; x_wconf 70' lang='grc' dir='ltr'><strong>ἐπιε-</strong></span> 
     </span>
    </p>
   </div>
   <div class='ocr_carea' id='block_1_80' title="bbox 2011 2290 3586 2365">
    <p class='ocr_par' dir='ltr' id='par_1_80' title="bbox 2011 2290 3586 2365">
     <span class='ocr_line' id='line_1_80' title="bbox 2011 2290 3586 2365; baseline 0.003 -24"><span class='ocrx_word' id='word_1_701' title='bbox 2011 2290 2326 2360; x_wconf 78' lang='grc' dir='ltr'><strong>σφραγίζων</strong></span> <span class='ocrx_word' id='word_1_702' title='bbox 2346 2291 2521 2361; x_wconf 78' lang='grc' dir='ltr'><strong>τούτῳ</strong></span> <span class='ocrx_word' id='word_1_703' title='bbox 2544 2292 2633 2345; x_wconf 78' lang='grc' dir='ltr'><strong>τὸν</strong></span> <span class='ocrx_word' id='word_1_704' title='bbox 2654 2291 2845 2365; x_wconf 74' lang='grc' dir='ltr'><strong>λόγον,Δ</strong></span> <span class='ocrx_word' id='word_1_705' title='bbox 2863 2294 2956 2344; x_wconf 82' lang='grc' dir='ltr'><strong>καὶ</strong></span> <span class='ocrx_word' id='word_1_706' title='bbox 2983 2293 3424 2365; x_wconf 87' lang='grc' dir='ltr'><strong>προθυμοτέρους</strong></span> <span class='ocrx_word' id='word_1_707' title='bbox 3453 2294 3586 2363; x_wconf 67' lang='grc' dir='ltr'><strong>μᾶλα</strong></span> 
     </span>
    </p>
   </div>
   <div class='ocr_carea' id='block_1_81' title="bbox 2008 2361 3584 2444">
    <p class='ocr_par' dir='ltr' id='par_1_81' title="bbox 2008 2361 3584 2444">
     <span class='ocr_line' id='line_1_81' title="bbox 2008 2361 3584 2444; baseline 0.003 -22"><span class='ocrx_word' id='word_1_708' title='bbox 2008 2369 2328 2436; x_wconf 77' lang='grc' dir='ltr'><strong>λονποιῶν,</strong></span> <span class='ocrx_word' id='word_1_709' title='bbox 2372 2373 2514 2426; x_wconf 82' lang='grc' dir='ltr'><strong>ὥστε</strong></span> <span class='ocrx_word' id='word_1_710' title='bbox 2552 2374 2625 2442; x_wconf 85' lang='grc' dir='ltr'><strong>μὴ</strong></span> <span class='ocrx_word' id='word_1_711' title='bbox 2666 2361 3052 2444; x_wconf 74' lang='grc' dir='ltr'><strong>ἀπαγόρεύειν.</strong></span> <span class='ocrx_word' id='word_1_712' title='bbox 3082 2361 3251 2427; x_wconf 89' lang='grc' dir='ltr'><strong>Τοῦτο</strong></span> <span class='ocrx_word' id='word_1_713' title='bbox 3279 2361 3463 2427; x_wconf 75' lang='grc' dir='ltr'><strong>τοίνυν</strong></span> <span class='ocrx_word' id='word_1_714' title='bbox 3491 2377 3584 2429; x_wconf 82' lang='grc' dir='ltr'><strong>καὶ</strong></span> 
     </span>
    </p>
   </div>
   <div class='ocr_carea' id='block_1_82' title="bbox 2007 2454 3584 2526">
    <p class='ocr_par' dir='ltr' id='par_1_82' title="bbox 2007 2454 3584 2526">
     <span class='ocr_line' id='line_1_82' title="bbox 2007 2454 3584 2526; baseline 0.002 -20"><span class='ocrx_word' id='word_1_715' title='bbox 2007 2454 2164 2523; x_wconf 81' lang='grc' dir='ltr'><strong>ἡμεῖς</strong></span> <span class='ocrx_word' id='word_1_716' title='bbox 2194 2455 2251 2509; x_wconf 87' lang='grc' dir='ltr'><strong>ἐν</strong></span> <span class='ocrx_word' id='word_1_717' title='bbox 2291 2458 2421 2509; x_wconf 81' lang='grc' dir='ltr'><strong>πᾶσι</strong></span> <span class='ocrx_word' id='word_1_718' title='bbox 2467 2456 2717 2526; x_wconf 80' lang='grc' dir='ltr'><strong>λέγωμεν</strong></span> <span class='ocrx_word' id='word_1_719' title='bbox 2752 2458 2867 2519; x_wconf 86' lang='grc' dir='ltr'><strong>τοῖς</strong></span> <span class='ocrx_word' id='word_1_720' title='bbox 2902 2458 3252 2526; x_wconf 87' lang='grc' dir='ltr'><strong>πειρασμοῖς,</strong></span> <span class='ocrx_word' id='word_1_721' title='bbox 3288 2458 3381 2510; x_wconf 70' lang='grc' dir='ltr'><strong>καὶ</strong></span> <span class='ocrx_word' id='word_1_722' title='bbox 3410 2473 3584 2513; x_wconf 84' lang='grc' dir='ltr'><strong>κατα-</strong></span> 
     </span>
    </p>
   </div>
   <div class='ocr_carea' id='block_1_83' title="bbox 2004 2535 3584 2608">
    <p class='ocr_par' dir='ltr' id='par_1_83' title="bbox 2004 2535 3584 2608">
     <span class='ocr_line' id='line_1_83' title="bbox 2004 2535 3584 2608; baseline 0.003 -19"><span class='ocrx_word' id='word_1_723' title='bbox 2004 2535 2256 2607; x_wconf 84' lang='grc' dir='ltr'><strong>γελῶμεν</strong></span> <span class='ocrx_word' id='word_1_724' title='bbox 2277 2538 2386 2591; x_wconf 89' lang='grc' dir='ltr'><strong>τῶν</strong></span> <span class='ocrx_word' id='word_1_725' title='bbox 2416 2538 2774 2608; x_wconf 84' lang='grc' dir='ltr'><strong>ἀνθρωπίνων</strong></span> <span class='ocrx_word' id='word_1_726' title='bbox 2806 2539 3146 2607; x_wconf 84' lang='grc' dir='ltr'><strong>πραγμάτων</strong></span> <span class='ocrx_word' id='word_1_727' title='bbox 3170 2554 3183 2568; x_wconf 87' lang='grc'><strong>·</strong></span> <span class='ocrx_word' id='word_1_728' title='bbox 3218 2538 3322 2602; x_wconf 73' lang='grc' dir='ltr'><strong>ἕως</strong></span> <span class='ocrx_word' id='word_1_729' title='bbox 3350 2538 3416 2591; x_wconf 82' lang='grc' dir='ltr'><strong>ἂν</strong></span> <span class='ocrx_word' id='word_1_730' title='bbox 3447 2537 3584 2608; x_wconf 78' lang='grc' dir='ltr'><strong>ἔχω-</strong></span> 
     </span>
    </p>
   </div>
   <div class='ocr_carea' id='block_1_84' title="bbox 2009 2619 3578 2690">
    <p class='ocr_par' dir='ltr' id='par_1_84' title="bbox 2009 2619 3578 2690">
     <span class='ocr_line' id='line_1_84' title="bbox 2009 2619 3578 2690; baseline 0.003 -20"><span class='ocrx_word' id='word_1_731' title='bbox 2009 2635 2109 2687; x_wconf 91' lang='grc' dir='ltr'><strong>μεν</strong></span> <span class='ocrx_word' id='word_1_732' title='bbox 2137 2619 2227 2672; x_wconf 85' lang='grc' dir='ltr'><strong>τὸν</strong></span> <span class='ocrx_word' id='word_1_733' title='bbox 2262 2619 2395 2673; x_wconf 85' lang='grc' dir='ltr'><strong>Θεὸν</strong></span> <span class='ocrx_word' id='word_1_734' title='bbox 2424 2623 2556 2690; x_wconf 84' lang='grc' dir='ltr'><strong>ἡμῖν</strong></span> <span class='ocrx_word' id='word_1_735' title='bbox 2591 2622 2818 2689; x_wconf 82' lang='grc' dir='ltr'><strong>εὐμενῆ,</strong></span> <span class='ocrx_word' id='word_1_736' title='bbox 2856 2621 3029 2681; x_wconf 72' lang='grc' dir='ltr'><strong>οὐδεὶς</strong></span> <span class='ocrx_word' id='word_1_737' title='bbox 3064 2619 3223 2689; x_wconf 81' lang='grc' dir='ltr'><strong>ἡμῶν</strong></span> <span class='ocrx_word' id='word_1_738' title='bbox 3272 2620 3578 2690; x_wconf 77' lang='grc' dir='ltr'><strong>περιέσται.</strong></span> 
     </span>
    </p>
   </div>
   <div class='ocr_carea' id='block_1_85' title="bbox 2006 2701 3582 2774">
    <p class='ocr_par' dir='ltr' id='par_1_85' title="bbox 2006 2701 3582 2774">
     <span class='ocr_line' id='line_1_85' title="bbox 2006 2701 3582 2774; baseline 0.001 -20"><span class='ocrx_word' id='word_1_739' title='bbox 2006 2701 2219 2773; x_wconf 84' lang='grc' dir='ltr'><strong>Ὥσπερ</strong></span> <span class='ocrx_word' id='word_1_740' title='bbox 2252 2704 2362 2773; x_wconf 82' lang='grc' dir='ltr'><strong>γὰρ</strong></span> <span class='ocrx_word' id='word_1_741' title='bbox 2391 2704 2596 2756; x_wconf 82' lang='grc' dir='ltr'><strong>ἐκείνου</strong></span> <span class='ocrx_word' id='word_1_742' title='bbox 2630 2703 2826 2773; x_wconf 81' lang='grc' dir='ltr'><strong>ἐχθροῦ</strong></span> <span class='ocrx_word' id='word_1_743' title='bbox 2857 2704 3009 2766; x_wconf 74' lang='grc' dir='ltr'><strong>ὄντος</strong></span> <span class='ocrx_word' id='word_1_744' title='bbox 3030 2744 3044 2767; x_wconf 92' lang='grc'><strong>,</strong></span> <span class='ocrx_word' id='word_1_745' title='bbox 3081 2704 3185 2756; x_wconf 82' lang='grc' dir='ltr'><strong>κᾶν</strong></span> <span class='ocrx_word' id='word_1_746' title='bbox 3220 2703 3421 2766; x_wconf 82' lang='grc' dir='ltr'><strong>πάντες</strong></span> <span class='ocrx_word' id='word_1_747' title='bbox 3451 2706 3582 2774; x_wconf 81' lang='grc' dir='ltr'><strong>ἡμῖν</strong></span> 
     </span>
    </p>
   </div>
   <div class='ocr_carea' id='block_1_86' title="bbox 2002 2776 3577 2856">
    <p class='ocr_par' dir='ltr' id='par_1_86' title="bbox 2002 2776 3577 2856">
     <span class='ocr_line' id='line_1_86' title="bbox 2002 2776 3577 2856; baseline 0.001 -20"><span class='ocrx_word' id='word_1_748' title='bbox 2002 2776 2103 2838; x_wconf 81' lang='grc' dir='ltr'><strong>ὧσι</strong></span> <span class='ocrx_word' id='word_1_749' title='bbox 2135 2786 2300 2854; x_wconf 86' lang='grc' dir='ltr'><strong>φίλοι,</strong></span> <span class='ocrx_word' id='word_1_750' title='bbox 2350 2786 2538 2856; x_wconf 82' lang='grc' dir='ltr'><strong>κέρδος</strong></span> <span class='ocrx_word' id='word_1_751' title='bbox 2569 2786 2724 2838; x_wconf 70' lang='grc' dir='ltr'><strong>οὐδέν</strong></span> <span class='ocrx_word' id='word_1_752' title='bbox 2747 2803 2759 2814; x_wconf 91' lang='grc'>·</span> <span class='ocrx_word' id='word_1_753' title='bbox 2792 2784 2967 2848; x_wconf 72' lang='grc' dir='ltr'><strong>οὕτως</strong></span> <span class='ocrx_word' id='word_1_754' title='bbox 2998 2783 3163 2837; x_wconf 81' lang='grc' dir='ltr'><strong>αὐτοῦ</strong></span> <span class='ocrx_word' id='word_1_755' title='bbox 3192 2785 3347 2853; x_wconf 83' lang='grc' dir='ltr'><strong>φίλου</strong></span> <span class='ocrx_word' id='word_1_756' title='bbox 3392 2785 3577 2849; x_wconf 76' lang='grc' dir='ltr'><strong>δντος,</strong></span> 
     </span>
    </p>
   </div>
   <div class='ocr_carea' id='block_1_87' title="bbox 2002 2865 3581 2939">
    <p class='ocr_par' dir='ltr' id='par_1_87' title="bbox 2002 2865 3581 2939">
     <span class='ocr_line' id='line_1_87' title="bbox 2002 2865 3581 2939; baseline 0 -20"><span class='ocrx_word' id='word_1_757' title='bbox 2002 2867 2108 2921; x_wconf 78' lang='grc' dir='ltr'><strong>κᾶν</strong></span> <span class='ocrx_word' id='word_1_758' title='bbox 2142 2869 2381 2930; x_wconf 77' lang='grc' dir='ltr'><strong>ἅπαντες</strong></span> <span class='ocrx_word' id='word_1_759' title='bbox 2414 2870 2561 2937; x_wconf 77' lang='grc' dir='ltr'><strong>ἡμᾶς</strong></span> <span class='ocrx_word' id='word_1_760' title='bbox 2604 2866 2912 2936; x_wconf 80' lang='grc' dir='ltr'><strong>πολεμῶσιν</strong></span> <span class='ocrx_word' id='word_1_761' title='bbox 2934 2906 2947 2930; x_wconf 90' lang='grc'><strong>,</strong></span> <span class='ocrx_word' id='word_1_762' title='bbox 2986 2865 3213 2936; x_wconf 75' lang='grc' dir='ltr'><strong>οὐδεμία</strong></span> <span class='ocrx_word' id='word_1_763' title='bbox 3242 2867 3435 2939; x_wconf 75' lang='grc' dir='ltr'><strong>βλάϐη.</strong></span> <span class='ocrx_word' id='word_1_764' title='bbox 3480 2869 3581 2920; x_wconf 82' lang='grc' dir='ltr'><strong>Διά</strong></span> 
     </span>
    </p>
   </div>
   <div class='ocr_carea' id='block_1_88' title="bbox 1999 2949 3580 3021">
    <p class='ocr_par' dir='ltr' id='par_1_88' title="bbox 1999 2949 3580 3021">
     <span class='ocr_line' id='line_1_88' title="bbox 1999 2949 3580 3021; baseline 0.002 -19"><span class='ocrx_word' id='word_1_765' title='bbox 1999 2949 2158 3003; x_wconf 89' lang='grc' dir='ltr'><strong>τοῦτο</strong></span> <span class='ocrx_word' id='word_1_766' title='bbox 2203 2951 2424 3018; x_wconf 80' lang='grc' dir='ltr'><strong>ἔλεγεν,</strong></span> <span class='ocrx_word' id='word_1_767' title='bbox 2485 2952 2567 3003; x_wconf 83' lang='grc' dir='ltr'><em>Οὐ</em></span> <span class='ocrx_word' id='word_1_768' title='bbox 2607 2950 3024 3018; x_wconf 67' lang='grc' dir='ltr'><strong>φοϐηθήσομαι</strong></span> <span class='ocrx_word' id='word_1_769' title='bbox 3075 2951 3135 3003; x_wconf 87' lang='grc' dir='ltr'><strong>τί</strong></span> <span class='ocrx_word' id='word_1_770' title='bbox 3188 2952 3426 3017; x_wconf 83' lang='grc' dir='ltr'><strong>ποιήσει</strong></span> <span class='ocrx_word' id='word_1_771' title='bbox 3474 2969 3580 3021; x_wconf 81' lang='grc' dir='ltr'><strong>μοι</strong></span> 
     </span>
    </p>
   </div>
   <div class='ocr_carea' id='block_1_89' title="bbox 2000 3032 3577 3103">
    <p class='ocr_par' dir='ltr' id='par_1_89' title="bbox 2000 3032 3577 3103">
     <span class='ocr_line' id='line_1_89' title="bbox 2000 3032 3577 3103; baseline 0.015 -22"><span class='ocrx_word' id='word_1_772' title='bbox 2000 3032 2331 3100; x_wconf 80' lang='grc' dir='ltr'><strong>ἅνθρωπος.</strong></span> <span class='ocrx_word' id='word_1_773' title='bbox 2370 3034 2786 3101; x_wconf 82' lang='grc' dir='ltr'><strong>Μνημονεύετε</strong></span> <span class='ocrx_word' id='word_1_774' title='bbox 2823 3032 2943 3086; x_wconf 88' lang='grc' dir='ltr'><strong>τῶν</strong></span> <span class='ocrx_word' id='word_1_775' title='bbox 2991 3033 3343 3103; x_wconf 77' lang='grc' dir='ltr'><strong>ἡγουμένων</strong></span> <span class='ocrx_word' id='word_1_776' title='bbox 3374 3032 3577 3103; x_wconf 69' lang='grc' dir='ltr'><strong>ὑμῶν.</strong></span> 
     </span>
    </p>
   </div>
   <div class='ocr_carea' id='block_1_90' title="bbox 2000 3114 3577 3183">
    <p class='ocr_par' dir='ltr' id='par_1_90' title="bbox 2000 3114 3577 3183">
     <span class='ocr_line' id='line_1_90' title="bbox 2000 3114 3577 3183; baseline 0.001 -15"><span class='ocrx_word' id='word_1_777' title='bbox 2000 3115 2219 3180; x_wconf 82' lang='grc' dir='ltr'><strong>οἵτινες</strong></span> <span class='ocrx_word' id='word_1_778' title='bbox 2255 3114 2571 3180; x_wconf 77' lang='grc' dir='ltr'><strong>ἐλάλησαν</strong></span> <span class='ocrx_word' id='word_1_779' title='bbox 2591 3115 2734 3183; x_wconf 81' lang='grc' dir='ltr'><strong>ὑμῖν</strong></span> <span class='ocrx_word' id='word_1_780' title='bbox 2766 3115 2872 3168; x_wconf 82' lang='grc' dir='ltr'><strong>τὸν</strong></span> <span class='ocrx_word' id='word_1_781' title='bbox 2897 3118 3085 3183; x_wconf 73' lang='grc' dir='ltr'><strong>λόγον</strong></span> <span class='ocrx_word' id='word_1_782' title='bbox 3113 3116 3217 3169; x_wconf 88' lang='grc' dir='ltr'><strong>τοῦ</strong></span> <span class='ocrx_word' id='word_1_783' title='bbox 3243 3116 3412 3170; x_wconf 88' lang='grc' dir='ltr'><strong>Θεοῦ.</strong></span> <span class='ocrx_word' id='word_1_784' title='bbox 3458 3116 3577 3169; x_wconf 85' lang='grc' dir='ltr'><strong>Ἐν-</strong></span> 
     </span>
    </p>
   </div>
   <div class='ocr_carea' id='block_1_91' title="bbox 1998 3194 3576 3268">
    <p class='ocr_par' dir='ltr' id='par_1_91' title="bbox 1998 3194 3576 3268">
     <span class='ocr_line' id='line_1_91' title="bbox 1998 3194 3576 3268; baseline 0.002 -19"><span class='ocrx_word' id='word_1_785' title='bbox 1998 3196 2171 3250; x_wconf 87' lang='grc' dir='ltr'><strong>ταῦθα</strong></span> <span class='ocrx_word' id='word_1_786' title='bbox 2194 3213 2289 3250; x_wconf 89' lang='grc' dir='ltr'><strong>και</strong></span> <span class='ocrx_word' id='word_1_787' title='bbox 2312 3198 2440 3267; x_wconf 69' lang='grc' dir='ltr'><strong>περὶ</strong></span> <span class='ocrx_word' id='word_1_788' title='bbox 2459 3198 2779 3268; x_wconf 81' lang='grc' dir='ltr'><strong>ἐπικουρίας</strong></span> <span class='ocrx_word' id='word_1_789' title='bbox 2805 3197 2965 3250; x_wconf 76' lang='grc' dir='ltr'><strong>αὑτὸν</strong></span> <span class='ocrx_word' id='word_1_790' title='bbox 2986 3194 3139 3266; x_wconf 80' lang='grc' dir='ltr'><strong>οἶμαι</strong></span> <span class='ocrx_word' id='word_1_791' title='bbox 3168 3197 3348 3266; x_wconf 82' lang='grc' dir='ltr'><strong>λέγειν</strong></span> <span class='ocrx_word' id='word_1_792' title='bbox 3370 3214 3382 3226; x_wconf 80' lang='lat'><strong><em>°</em></strong></span> <span class='ocrx_word' id='word_1_793' title='bbox 3413 3198 3576 3252; x_wconf 89' lang='grc' dir='ltr'><strong>τοῦτο</strong></span> 
     </span>
    </p>
   </div>
   <div class='ocr_carea' id='block_1_92' title="bbox 1998 3278 3578 3350">
    <p class='ocr_par' dir='ltr' id='par_1_92' title="bbox 1998 3278 3578 3350">
     <span class='ocr_line' id='line_1_92' title="bbox 1998 3278 3578 3350; baseline 0.002 -19"><span class='ocrx_word' id='word_1_794' title='bbox 1998 3278 2107 3347; x_wconf 86' lang='grc' dir='ltr'><strong>γάρ</strong></span> <span class='ocrx_word' id='word_1_795' title='bbox 2138 3280 2255 3332; x_wconf 87' lang='grc' dir='ltr'><strong>ἐστι</strong></span> <span class='ocrx_word' id='word_1_796' title='bbox 2286 3280 2382 3343; x_wconf 82' lang='grc' dir='ltr'><strong>τὸ,</strong></span> <span class='ocrx_word' id='word_1_797' title='bbox 2425 3280 2651 3345; x_wconf 84' lang='grc' dir='ltr'><strong>Οῖτινες</strong></span> <span class='ocrx_word' id='word_1_798' title='bbox 2692 3278 3006 3346; x_wconf 73' lang='grc' dir='ltr'><strong>ἐλάλησαν</strong></span> <span class='ocrx_word' id='word_1_799' title='bbox 3055 3280 3198 3347; x_wconf 86' lang='grc' dir='ltr'><strong>ὑμῖν</strong></span> <span class='ocrx_word' id='word_1_800' title='bbox 3244 3280 3349 3333; x_wconf 84' lang='grc' dir='ltr'><strong>τόν</strong></span> <span class='ocrx_word' id='word_1_801' title='bbox 3391 3282 3578 3350; x_wconf 75' lang='grc' dir='ltr'><strong>λόγον</strong></span> 
     </span>
    </p>
   </div>
   <div class='ocr_carea' id='block_1_93' title="bbox 1998 3354 3576 3431">
    <p class='ocr_par' dir='ltr' id='par_1_93' title="bbox 1998 3354 3576 3431">
     <span class='ocr_line' id='line_1_93' title="bbox 1998 3354 3576 3431; baseline 0.006 -19"><span class='ocrx_word' id='word_1_802' title='bbox 1998 3361 2105 3414; x_wconf 89' lang='grc' dir='ltr'><strong>τοῦ</strong></span> <span class='ocrx_word' id='word_1_803' title='bbox 2156 3361 2324 3415; x_wconf 89' lang='grc' dir='ltr'><strong>Θεοῦ.</strong></span> <span class='ocrx_word' id='word_1_804' title='bbox 2372 3354 2481 3417; x_wconf 81' lang='grc' dir='ltr'><strong>Ὧν</strong></span> <span class='ocrx_word' id='word_1_805' title='bbox 2523 3362 3003 3429; x_wconf 81' lang='grc' dir='ltr'><strong>ἀναθεωροῦντες</strong></span> <span class='ocrx_word' id='word_1_806' title='bbox 3034 3363 3151 3428; x_wconf 78' lang='grc' dir='ltr'><strong>τὴν</strong></span> <span class='ocrx_word' id='word_1_807' title='bbox 3182 3361 3433 3420; x_wconf 80' lang='grc' dir='ltr'><strong>ἔκϐασιν</strong></span> <span class='ocrx_word' id='word_1_808' title='bbox 3466 3362 3576 3431; x_wconf 82' lang='grc' dir='ltr'><strong>τῆς</strong></span> 
     </span>
    </p>
   </div>
   <div class='ocr_carea' id='block_1_94' title="bbox 1996 3445 3578 3514">
    <p class='ocr_par' dir='ltr' id='par_1_94' title="bbox 1996 3445 3578 3514">
     <span class='ocr_line' id='line_1_94' title="bbox 1996 3445 3578 3514; baseline 0.001 -16"><span class='ocrx_word' id='word_1_809' title='bbox 1996 3445 2405 3513; x_wconf 85' lang='grc' dir='ltr'><strong>ἀναστροφῆς,</strong></span> <span class='ocrx_word' id='word_1_810' title='bbox 2426 3446 2701 3514; x_wconf 79' lang='grc' dir='ltr'><strong>μιμεῖσθε</strong></span> <span class='ocrx_word' id='word_1_811' title='bbox 2722 3451 2837 3513; x_wconf 82' lang='grc' dir='ltr'><strong>τὴν</strong></span> <span class='ocrx_word' id='word_1_812' title='bbox 2856 3448 3083 3499; x_wconf 83' lang='grc' dir='ltr'><strong>πίστιν.</strong></span> <span class='ocrx_word' id='word_1_813' title='bbox 3112 3446 3177 3498; x_wconf 85' lang='grc' dir='ltr'><strong>Τί</strong></span> <span class='ocrx_word' id='word_1_814' title='bbox 3201 3448 3368 3507; x_wconf 81' lang='grc' dir='ltr'><strong>ἐστιν,</strong></span> <span class='ocrx_word' id='word_1_815' title='bbox 3409 3448 3578 3500; x_wconf 76' lang='grc' dir='ltr'><strong>Ἀναο</strong></span> 
     </span>
    </p>
   </div>
   <div class='ocr_carea' id='block_1_95' title="bbox 1996 3528 3576 3599">
    <p class='ocr_par' dir='ltr' id='par_1_95' title="bbox 1996 3528 3576 3599">
     <span class='ocr_line' id='line_1_95' title="bbox 1996 3528 3576 3599; baseline 0.002 -20"><span class='ocrx_word' id='word_1_816' title='bbox 1996 3528 2397 3594; x_wconf 81' lang='grc' dir='ltr'><strong>θεωροῦντες;</strong></span> <span class='ocrx_word' id='word_1_817' title='bbox 2451 3528 2698 3597; x_wconf 86' lang='grc' dir='ltr'><strong>Συνεχῶς</strong></span> <span class='ocrx_word' id='word_1_818' title='bbox 2762 3529 3112 3597; x_wconf 81' lang='grc' dir='ltr'><strong>στρέφοντες,</strong></span> <span class='ocrx_word' id='word_1_819' title='bbox 3171 3528 3306 3599; x_wconf 86' lang='grc' dir='ltr'><strong>παρ’</strong></span> <span class='ocrx_word' id='word_1_820' title='bbox 3363 3530 3576 3594; x_wconf 77' lang='grc' dir='ltr'><strong>ἑαυτοῖς</strong></span> 
     </span>
    </p>
   </div>
   <div class='ocr_carea' id='block_1_96' title="bbox 1998 3606 3575 3680">
    <p class='ocr_par' dir='ltr' id='par_1_96' title="bbox 1998 3606 3575 3680">
     <span class='ocr_line' id='line_1_96' title="bbox 1998 3606 3575 3680; baseline 0.003 -21"><span class='ocrx_word' id='word_1_821' title='bbox 1998 3606 2374 3672; x_wconf 71' lang='grc' dir='ltr'><strong>ἐξετάζοντες,</strong></span> <span class='ocrx_word' id='word_1_822' title='bbox 2422 3608 2800 3679; x_wconf 76' lang='grc' dir='ltr'><strong>λογιζόμενοι,</strong></span> <span class='ocrx_word' id='word_1_823' title='bbox 2837 3609 3127 3678; x_wconf 78' lang='grc' dir='ltr'><strong>ζητοῦντες</strong></span> <span class='ocrx_word' id='word_1_824' title='bbox 3173 3611 3454 3680; x_wconf 76' lang='grc' dir='ltr'><strong>ἀκριϐῶς.</strong></span> <span class='ocrx_word' id='word_1_825' title='bbox 3498 3612 3575 3675; x_wconf 83' lang='grc' dir='ltr'><strong>ὡς</strong></span> 
     </span>
    </p>
   </div>
   <div class='ocr_carea' id='block_1_97' title="bbox 2001 3686 3575 3758">
    <p class='ocr_par' dir='ltr' id='par_1_97' title="bbox 2001 3686 3575 3758">
     <span class='ocr_line' id='line_1_97' title="bbox 2001 3686 3575 3758; baseline 0.003 -16"><span class='ocrx_word' id='word_1_826' title='bbox 2001 3689 2262 3758; x_wconf 80' lang='grc' dir='ltr'><strong>βούλεσθε</strong></span> <span class='ocrx_word' id='word_1_827' title='bbox 2303 3690 2704 3758; x_wconf 82' lang='grc' dir='ltr'><strong>βασανίζοντες.</strong></span> <span class='ocrx_word' id='word_1_828' title='bbox 2761 3691 2959 3754; x_wconf 84' lang='grc' dir='ltr'><strong>Καλῶς</strong></span> <span class='ocrx_word' id='word_1_829' title='bbox 2992 3686 3144 3753; x_wconf 78' lang='grc' dir='ltr'><strong>εἷπε,</strong></span> <span class='ocrx_word' id='word_1_830' title='bbox 3185 3691 3303 3757; x_wconf 81' lang='grc' dir='ltr'><strong>Τὴν</strong></span> <span class='ocrx_word' id='word_1_831' title='bbox 3326 3693 3575 3748; x_wconf 78' lang='grc' dir='ltr'><strong>ἑκϐασιν</strong></span> 
     </span>
    </p>
   </div>
   <div class='ocr_carea' id='block_1_98' title="bbox 1998 3771 3574 3844">
    <p class='ocr_par' dir='ltr' id='par_1_98' title="bbox 1998 3771 3574 3844">
     <span class='ocr_line' id='line_1_98' title="bbox 1998 3771 3574 3844; baseline 0.002 -19"><span class='ocrx_word' id='word_1_832' title='bbox 1998 3771 2109 3840; x_wconf 87' lang='grc' dir='ltr'><strong>τῆς</strong></span> <span class='ocrx_word' id='word_1_833' title='bbox 2144 3774 2564 3841; x_wconf 85' lang='grc' dir='ltr'><strong>ἀναστροφῆς·</strong></span> <span class='ocrx_word' id='word_1_834' title='bbox 2607 3774 2891 3839; x_wconf 87' lang='grc' dir='ltr'><strong>τουτέστι,</strong></span> <span class='ocrx_word' id='word_1_835' title='bbox 2929 3775 3027 3842; x_wconf 83' lang='grc' dir='ltr'><strong>τὴν</strong></span> <span class='ocrx_word' id='word_1_836' title='bbox 3065 3774 3229 3844; x_wconf 88' lang='grc' dir='ltr'><strong>μέχρι</strong></span> <span class='ocrx_word' id='word_1_837' title='bbox 3258 3775 3445 3837; x_wconf 87' lang='grc' dir='ltr'><strong>τέλους</strong></span> <span class='ocrx_word' id='word_1_838' title='bbox 3480 3792 3574 3829; x_wconf 85' lang='grc' dir='ltr'><strong>πο-</strong></span> 
     </span>
    </p>
   </div>
   <div class='ocr_carea' id='block_1_99' title="bbox 1996 3854 3571 3928">
    <p class='ocr_par' dir='ltr' id='par_1_99' title="bbox 1996 3854 3571 3928">
     <span class='ocr_line' id='line_1_99' title="bbox 1996 3854 3571 3928; baseline 0.004 -23"><span class='ocrx_word' id='word_1_839' title='bbox 1996 3854 2197 3906; x_wconf 89' lang='grc' dir='ltr'><strong>λιτείαν</strong></span> <span class='ocrx_word' id='word_1_840' title='bbox 2221 3869 2235 3884; x_wconf 77' lang='grc' dir='ltr'><strong>ο</strong></span> <span class='ocrx_word' id='word_1_841' title='bbox 2265 3855 2345 3907; x_wconf 85' lang='grc' dir='ltr'><strong>ὅτι</strong></span> <span class='ocrx_word' id='word_1_842' title='bbox 2373 3855 2527 3918; x_wconf 86' lang='grc' dir='ltr'><strong>τέλος</strong></span> <span class='ocrx_word' id='word_1_843' title='bbox 2554 3855 2678 3925; x_wconf 80' lang='grc' dir='ltr'><strong>ἔσχε</strong></span> <span class='ocrx_word' id='word_1_844' title='bbox 2701 3855 2938 3925; x_wconf 89' lang='grc' dir='ltr'><strong>χρηστὸν</strong></span> <span class='ocrx_word' id='word_1_845' title='bbox 2963 3854 3141 3909; x_wconf 79' lang='grc' dir='ltr'><strong>αὐτῶν</strong></span> <span class='ocrx_word' id='word_1_846' title='bbox 3169 3857 3200 3925; x_wconf 79' lang='grc' dir='ltr'>ὴ</span> <span class='ocrx_word' id='word_1_847' title='bbox 3230 3857 3571 3928; x_wconf 83' lang='grc' dir='ltr'><strong>ἀναστροφή.</strong></span> 
     </span>
    </p>
   </div>
   <div class='ocr_carea' id='block_1_100' title="bbox 2010 3936 3573 4007">
    <p class='ocr_par' dir='ltr' id='par_1_100' title="bbox 2010 3936 3573 4007">
     <span class='ocr_line' id='line_1_100' title="bbox 2010 3936 3573 4007; baseline 0.001 -19"><span class='ocrx_word' id='word_1_848' title='bbox 2010 3936 2247 4002; x_wconf 87' lang='grc' dir='ltr'><strong>Ἰησοῦς</strong></span> <span class='ocrx_word' id='word_1_849' title='bbox 2267 3976 2282 4002; x_wconf 94' lang='grc'><strong>,</strong></span> <span class='ocrx_word' id='word_1_850' title='bbox 2307 3937 2469 4007; x_wconf 80' lang='grc' dir='ltr'><strong>φησὶ,</strong></span> <span class='ocrx_word' id='word_1_851' title='bbox 2500 3938 2756 4004; x_wconf 89' lang='grc' dir='ltr'><strong>Χριστὸς</strong></span> <span class='ocrx_word' id='word_1_852' title='bbox 2782 3937 2923 4006; x_wconf 86' lang='grc' dir='ltr'><strong>χθὲς</strong></span> <span class='ocrx_word' id='word_1_853' title='bbox 2954 3937 3052 3990; x_wconf 80' lang='grc' dir='ltr'><strong>καί</strong></span> <span class='ocrx_word' id='word_1_854' title='bbox 3082 3937 3380 4005; x_wconf 80' lang='grc' dir='ltr'><strong>σήμερον,</strong></span> <span class='ocrx_word' id='word_1_855' title='bbox 3409 3942 3441 3993; x_wconf 86' lang='grc' dir='ltr'><strong>ό</strong></span> <span class='ocrx_word' id='word_1_856' title='bbox 3469 3943 3573 3993; x_wconf 79' lang='grc' dir='ltr'><strong>αι’·-</strong></span> 
     </span>
    </p>
   </div>
   <div class='ocr_carea' id='block_1_101' title="bbox 1996 4018 3573 4093">
    <p class='ocr_par' dir='ltr' id='par_1_101' title="bbox 1996 4018 3573 4093">
     <span class='ocr_line' id='line_1_101' title="bbox 1996 4018 3573 4093; baseline 0.003 -23"><span class='ocrx_word' id='word_1_857' title='bbox 1996 4019 2098 4084; x_wconf 81' lang='grc' dir='ltr'><strong>τὸς</strong></span> <span class='ocrx_word' id='word_1_858' title='bbox 2122 4019 2218 4071; x_wconf 80' lang='grc' dir='ltr'><strong>καὶ</strong></span> <span class='ocrx_word' id='word_1_859' title='bbox 2249 4021 2334 4083; x_wconf 85' lang='grc' dir='ltr'><strong>είς</strong></span> <span class='ocrx_word' id='word_1_860' title='bbox 2365 4019 2508 4085; x_wconf 88' lang='grc' dir='ltr'><strong>τοὺς</strong></span> <span class='ocrx_word' id='word_1_861' title='bbox 2538 4018 2777 4085; x_wconf 78' lang='grc' dir='ltr'><strong>αἰῶνας.</strong></span> <span class='ocrx_word' id='word_1_862' title='bbox 2819 4021 2884 4071; x_wconf 86' lang='grc' dir='ltr'><em>Ὃ</em></span> <span class='ocrx_word' id='word_1_863' title='bbox 2916 4019 3095 4087; x_wconf 84' lang='grc' dir='ltr'><strong>λέγει,</strong></span> <span class='ocrx_word' id='word_1_864' title='bbox 3120 4019 3277 4072; x_wconf 87' lang='grc' dir='ltr'><strong>τοῦτό</strong></span> <span class='ocrx_word' id='word_1_865' title='bbox 3300 4022 3449 4072; x_wconf 79' lang='grc' dir='ltr'><strong>ἐστι’</strong></span> <span class='ocrx_word' id='word_1_866' title='bbox 3481 4022 3573 4093; x_wconf 83' lang='grc' dir='ltr'><strong>Μὴ</strong></span> 
     </span>
    </p>
   </div>
   <div class='ocr_carea' id='block_1_102' title="bbox 1997 4100 3573 4171">
    <p class='ocr_par' dir='ltr' id='par_1_102' title="bbox 1997 4100 3573 4171">
     <span class='ocr_line' id='line_1_102' title="bbox 1997 4100 3573 4171; baseline 0.003 -19"><span class='ocrx_word' id='word_1_867' title='bbox 1997 4101 2256 4171; x_wconf 85' lang='grc' dir='ltr'><strong>νομίσητε</strong></span> <span class='ocrx_word' id='word_1_868' title='bbox 2299 4103 2378 4154; x_wconf 83' lang='grc' dir='ltr'><strong>ὅτι</strong></span> <span class='ocrx_word' id='word_1_869' title='bbox 2416 4103 2537 4154; x_wconf 87' lang='grc' dir='ltr'><strong>τότε</strong></span> <span class='ocrx_word' id='word_1_870' title='bbox 2569 4100 3056 4171; x_wconf 81' lang='grc' dir='ltr'><strong>ἐθαυματούργησε</strong></span> <span class='ocrx_word' id='word_1_871' title='bbox 3077 4140 3090 4165; x_wconf 91' lang='grc'><strong>,</strong></span> <span class='ocrx_word' id='word_1_872' title='bbox 3128 4101 3220 4153; x_wconf 86' lang='grc' dir='ltr'><strong>νῦν</strong></span> <span class='ocrx_word' id='word_1_873' title='bbox 3248 4103 3303 4155; x_wconf 85' lang='grc' dir='ltr'><strong>δὲ</strong></span> <span class='ocrx_word' id='word_1_874' title='bbox 3332 4105 3393 4155; x_wconf 81' lang='grc' dir='ltr'>οὐ</span> <span class='ocrx_word' id='word_1_875' title='bbox 3441 4104 3573 4158; x_wconf 89' lang='grc' dir='ltr'><strong>θαυ-</strong></span> 
     </span>
    </p>
   </div>
   <div class='ocr_carea' id='block_1_103' title="bbox 2001 4184 3570 4255">
    <p class='ocr_par' dir='ltr' id='par_1_103' title="bbox 2001 4184 3570 4255">
     <span class='ocr_line' id='line_1_103' title="bbox 2001 4184 3570 4255; baseline 0.001 -18"><span class='ocrx_word' id='word_1_876' title='bbox 2001 4187 2332 4255; x_wconf 86' lang='grc' dir='ltr'><strong>ματουργεῖ·</strong></span> <span class='ocrx_word' id='word_1_877' title='bbox 2374 4186 2402 4237; x_wconf 89' lang='grc' dir='ltr'>ὁ</span> <span class='ocrx_word' id='word_1_878' title='bbox 2442 4185 2605 4248; x_wconf 82' lang='grc' dir='ltr'><strong>αὐτός</strong></span> <span class='ocrx_word' id='word_1_879' title='bbox 2645 4187 2793 4247; x_wconf 88' lang='grc' dir='ltr'><strong>ἐστι,</strong></span> <span class='ocrx_word' id='word_1_880' title='bbox 2827 4186 2920 4237; x_wconf 81' lang='grc' dir='ltr'><strong>καὶ</strong></span> <span class='ocrx_word' id='word_1_881' title='bbox 2950 4185 3071 4236; x_wconf 77' lang='grc' dir='ltr'><strong>ἐπεὶ</strong></span> <span class='ocrx_word' id='word_1_882' title='bbox 3117 4184 3144 4236; x_wconf 86' lang='grc' dir='ltr'>ὁ</span> <span class='ocrx_word' id='word_1_883' title='bbox 3178 4185 3340 4246; x_wconf 84' lang='grc' dir='ltr'><strong>αὑτός</strong></span> <span class='ocrx_word' id='word_1_884' title='bbox 3387 4188 3570 4251; x_wconf 82' lang='grc' dir='ltr'><strong>ἐστιν,</strong></span> 
     </span>
    </p>
   </div>
   <div class='ocr_carea' id='block_1_104' title="bbox 1998 4265 3574 4338">
    <p class='ocr_par' dir='ltr' id='par_1_104' title="bbox 1998 4265 3574 4338">
     <span class='ocr_line' id='line_1_104' title="bbox 1998 4265 3574 4338; baseline 0.002 -20"><span class='ocrx_word' id='word_1_885' title='bbox 1998 4266 2096 4318; x_wconf 84' lang='grc' dir='ltr'><strong>οῦκ</strong></span> <span class='ocrx_word' id='word_1_886' title='bbox 2124 4267 2272 4319; x_wconf 85' lang='grc' dir='ltr'><strong>ἔστιν</strong></span> <span class='ocrx_word' id='word_1_887' title='bbox 2304 4267 2393 4319; x_wconf 81' lang='grc' dir='ltr'><strong>ὅτε</strong></span> <span class='ocrx_word' id='word_1_888' title='bbox 2440 4267 2514 4338; x_wconf 85' lang='grc' dir='ltr'><strong>μὴ</strong></span> <span class='ocrx_word' id='word_1_889' title='bbox 2562 4268 2785 4320; x_wconf 83' lang='grc' dir='ltr'><strong>δύναται</strong></span> <span class='ocrx_word' id='word_1_890' title='bbox 2822 4267 2889 4320; x_wconf 79' lang='grc' dir='ltr'><strong>τὰ</strong></span> <span class='ocrx_word' id='word_1_891' title='bbox 2934 4265 3075 4319; x_wconf 72' lang='grc' dir='ltr'><strong>αὒτά</strong></span> <span class='ocrx_word' id='word_1_892' title='bbox 3122 4267 3387 4337; x_wconf 83' lang='grc' dir='ltr'><strong>ἐνεργεῖν.</strong></span> <span class='ocrx_word' id='word_1_893' title='bbox 3420 4269 3574 4338; x_wconf 86' lang='grc' dir='ltr'><strong>Τάχα</strong></span> 
     </span>
    </p>
   </div>
   <div class='ocr_carea' id='block_1_105' title="bbox 1998 4347 3571 4420">
    <p class='ocr_par' dir='ltr' id='par_1_105' title="bbox 1998 4347 3571 4420">
     <span class='ocr_line' id='line_1_105' title="bbox 1998 4347 3571 4420; baseline 0.001 -17"><span class='ocrx_word' id='word_1_894' title='bbox 1998 4351 2132 4420; x_wconf 75' lang='grc' dir='ltr'><strong>πρὸς</strong></span> <span class='ocrx_word' id='word_1_895' title='bbox 2158 4350 2316 4403; x_wconf 88' lang='grc' dir='ltr'><strong>τοῦτο</strong></span> <span class='ocrx_word' id='word_1_896' title='bbox 2344 4351 2563 4420; x_wconf 84' lang='grc' dir='ltr'><strong>ἀφορῶν</strong></span> <span class='ocrx_word' id='word_1_897' title='bbox 2593 4347 2714 4403; x_wconf 75' lang='grc' dir='ltr'><strong>εἶπε</strong></span> <span class='ocrx_word' id='word_1_898' title='bbox 2735 4392 2748 4415; x_wconf 91' lang='grc'><strong>,</strong></span> <span class='ocrx_word' id='word_1_899' title='bbox 2783 4350 3197 4417; x_wconf 84' lang='grc' dir='ltr'><strong>Μνημονεύετε</strong></span> <span class='ocrx_word' id='word_1_900' title='bbox 3237 4348 3354 4402; x_wconf 87' lang='grc' dir='ltr'><strong>τῶν</strong></span> <span class='ocrx_word' id='word_1_901' title='bbox 3386 4350 3453 4419; x_wconf 71' lang='grc' dir='ltr'><strong>ἠγ</strong></span> <span class='ocrx_word' id='word_1_902' title='bbox 3467 4370 3571 4405; x_wconf 88' lang='grc' dir='ltr'><strong>ου-</strong></span> 
     </span>
    </p>
   </div>
   <div class='ocr_carea' id='block_1_106' title="bbox 1993 4422 3569 4502">
    <p class='ocr_par' dir='ltr' id='par_1_106' title="bbox 1993 4422 3569 4502">
     <span class='ocr_line' id='line_1_106' title="bbox 1993 4422 3569 4502; baseline -0.002 -18"><span class='ocrx_word' id='word_1_903' title='bbox 1993 4432 2192 4502; x_wconf 86' lang='grc' dir='ltr'><strong>μένων</strong></span> <span class='ocrx_word' id='word_1_904' title='bbox 2235 4431 2421 4500; x_wconf 82' lang='grc' dir='ltr'><strong>ὑμῶν.</strong></span> <span class='ocrx_word' id='word_1_905' title='bbox 2463 4422 2743 4499; x_wconf 77' lang='grc' dir='ltr'><strong>Διδαχὶιῖς</strong></span> <span class='ocrx_word' id='word_1_906' title='bbox 2776 4434 3077 4495; x_wconf 82' lang='grc' dir='ltr'><strong>ποικίλαις</strong></span> <span class='ocrx_word' id='word_1_907' title='bbox 3115 4431 3213 4485; x_wconf 77' lang='grc' dir='ltr'><strong>καί</strong></span> <span class='ocrx_word' id='word_1_908' title='bbox 3249 4431 3451 4495; x_wconf 78' lang='grc' dir='ltr'><strong>ξέναις</strong></span> <span class='ocrx_word' id='word_1_909' title='bbox 3483 4432 3569 4499; x_wconf 82' lang='grc' dir='ltr'><strong>μὴ</strong></span> 
     </span>
    </p>
   </div>
   <div class='ocr_carea' id='block_1_107' title="bbox 1998 4514 3571 4584">
    <p class='ocr_par' dir='ltr' id='par_1_107' title="bbox 1998 4514 3571 4584">
     <span class='ocr_line' id='line_1_107' title="bbox 1998 4514 3571 4584; baseline -0.001 -16"><span class='ocrx_word' id='word_1_910' title='bbox 1998 4514 2741 4584; x_wconf 80' lang='grc' dir='ltr'><strong>πιιραφέρεσθε.-Ξέναις,</strong></span> <span class='ocrx_word' id='word_1_911' title='bbox 2773 4516 3037 4579; x_wconf 84' lang='grc' dir='ltr'><strong>τουτέστι,</strong></span> <span class='ocrx_word' id='word_1_912' title='bbox 3065 4514 3201 4584; x_wconf 87' lang='grc' dir='ltr'><strong>Παρ’</strong></span> <span class='ocrx_word' id='word_1_913' title='bbox 3220 4515 3284 4576; x_wconf 81' lang='grc' dir='ltr'><strong>ἀς</strong></span> <span class='ocrx_word' id='word_1_914' title='bbox 3304 4514 3571 4582; x_wconf 74' lang='grc' dir='ltr'><strong>ἠκούσατε</strong></span> 
     </span>
    </p>
   </div>
   <div class='ocr_carea' id='block_1_108' title="bbox 1999 4595 3571 4668">
    <p class='ocr_par' dir='ltr' id='par_1_108' title="bbox 1999 4595 3571 4668">
     <span class='ocr_line' id='line_1_108' title="bbox 1999 4595 3571 4668; baseline -0.001 -17"><span class='ocrx_word' id='word_1_915' title='bbox 1999 4602 2126 4668; x_wconf 81' lang='grc' dir='ltr'><strong>παρ’</strong></span> <span class='ocrx_word' id='word_1_916' title='bbox 2160 4599 2314 4668; x_wconf 80' lang='grc' dir='ltr'><strong>ἡμῶν</strong></span> <span class='ocrx_word' id='word_1_917' title='bbox 2341 4617 2354 4629; x_wconf 77' lang='grc'><strong>“</strong></span> <span class='ocrx_word' id='word_1_918' title='bbox 2395 4601 2736 4663; x_wconf 85' lang='grc' dir='ltr'><strong>Ποικίλαις,</strong></span> <span class='ocrx_word' id='word_1_919' title='bbox 2787 4598 3158 4658; x_wconf 83' lang='grc' dir='ltr'><strong>παντοδαπαῖς</strong></span> <span class='ocrx_word' id='word_1_920' title='bbox 3181 4613 3194 4626; x_wconf 89' lang='grc'><strong>·</strong></span> <span class='ocrx_word' id='word_1_921' title='bbox 3229 4598 3285 4647; x_wconf 82' lang='grc' dir='ltr'><strong>αἱ</strong></span> <span class='ocrx_word' id='word_1_922' title='bbox 3324 4595 3571 4649; x_wconf 86' lang='grc' dir='ltr'><strong>τοιαῦται</strong></span> 
     </span>
    </p>
   </div>
   <div class='ocr_carea' id='block_1_109' title="bbox 1997 4677 3570 4752">
    <p class='ocr_par' dir='ltr' id='par_1_109' title="bbox 1997 4677 3570 4752">
     <span class='ocr_line' id='line_1_109' title="bbox 1997 4677 3570 4752; baseline -0.003 -19"><span class='ocrx_word' id='word_1_923' title='bbox 1997 4684 2106 4752; x_wconf 84' lang='grc' dir='ltr'><strong>γὰρ</strong></span> <span class='ocrx_word' id='word_1_924' title='bbox 2144 4682 2293 4733; x_wconf 77' lang='grc' dir='ltr'><strong>οὐδὲν</strong></span> <span class='ocrx_word' id='word_1_925' title='bbox 2338 4681 2553 4751; x_wconf 79' lang='grc' dir='ltr'><strong>βέϐαιον</strong></span> <span class='ocrx_word' id='word_1_926' title='bbox 2589 4680 2837 4752; x_wconf 70' lang='grc' dir='ltr'><strong>ἔχουσιν,</strong></span> <span class='ocrx_word' id='word_1_927' title='bbox 2875 4680 2989 4733; x_wconf 79' lang='grc' dir='ltr'><strong>ἀλλ’</strong></span> <span class='ocrx_word' id='word_1_928' title='bbox 3021 4680 3127 4730; x_wconf 75' lang='grc' dir='ltr'><strong>εἰσὶ</strong></span> <span class='ocrx_word' id='word_1_929' title='bbox 3157 4677 3402 4746; x_wconf 79' lang='grc' dir='ltr'><strong>διάφοροι</strong></span> <span class='ocrx_word' id='word_1_930' title='bbox 3423 4716 3436 4740; x_wconf 92' lang='grc'><strong>,</strong></span> <span class='ocrx_word' id='word_1_931' title='bbox 3468 4678 3570 4745; x_wconf 86' lang='grc' dir='ltr'><strong>μά-</strong></span> 
     </span>
    </p>
   </div>
   <div class='ocr_carea' id='block_1_110' title="bbox 1997 4758 3571 4833">
    <p class='ocr_par' dir='ltr' id='par_1_110' title="bbox 1997 4758 3571 4833">
     <span class='ocr_line' id='line_1_110' title="bbox 1997 4758 3571 4833; baseline -0.006 -16"><span class='ocrx_word' id='word_1_932' title='bbox 1997 4765 2155 4817; x_wconf 90' lang='grc' dir='ltr'><strong>λιστα</strong></span> <span class='ocrx_word' id='word_1_933' title='bbox 2185 4765 2241 4816; x_wconf 82' lang='grc' dir='ltr'><strong>δὲ</strong></span> <span class='ocrx_word' id='word_1_934' title='bbox 2268 4764 2329 4816; x_wconf 78' lang='grc' dir='ltr'><strong>τὸ</strong></span> <span class='ocrx_word' id='word_1_935' title='bbox 2375 4763 2485 4817; x_wconf 89' lang='grc' dir='ltr'><strong>τῶν</strong></span> <span class='ocrx_word' id='word_1_936' title='bbox 2537 4764 2838 4833; x_wconf 78' lang='grc' dir='ltr'><strong>βρωμάτων</strong></span> <span class='ocrx_word' id='word_1_937' title='bbox 2873 4763 3128 4830; x_wconf 83' lang='grc' dir='ltr'><strong>διάφορον</strong></span> <span class='ocrx_word' id='word_1_938' title='bbox 3154 4778 3167 4790; x_wconf 71' lang='grc'><strong>⁸</strong></span> <span class='ocrx_word' id='word_1_939' title='bbox 3203 4760 3280 4812; x_wconf 87' lang='grc' dir='ltr'><strong>διὸ</strong></span> <span class='ocrx_word' id='word_1_940' title='bbox 3311 4759 3403 4811; x_wconf 69' lang='grc' dir='ltr'><strong>καὶ</strong></span> <span class='ocrx_word' id='word_1_941' title='bbox 3436 4758 3571 4827; x_wconf 74' lang='grc' dir='ltr'><strong>πρὸς</strong></span> 
     </span>
    </p>
   </div>
   <div class='ocr_carea' id='block_1_111' title="bbox 1996 4842 3571 4916">
    <p class='ocr_par' dir='ltr' id='par_1_111' title="bbox 1996 4842 3571 4916">
     <span class='ocr_line' id='line_1_111' title="bbox 1996 4842 3571 4916; baseline -0.005 -16"><span class='ocrx_word' id='word_1_942' title='bbox 1996 4848 2152 4900; x_wconf 88' lang='grc' dir='ltr'><strong>τοῦτο</strong></span> <span class='ocrx_word' id='word_1_943' title='bbox 2210 4848 2496 4916; x_wconf 85' lang='grc' dir='ltr'><strong>ἱστάμενος</strong></span> <span class='ocrx_word' id='word_1_944' title='bbox 2536 4847 2764 4913; x_wconf 82' lang='grc' dir='ltr'><strong>ἐπάγει,</strong></span> <span class='ocrx_word' id='word_1_945' title='bbox 2824 4846 3028 4897; x_wconf 82' lang='grc' dir='ltr'><strong>Καλὸν</strong></span> <span class='ocrx_word' id='word_1_946' title='bbox 3076 4844 3186 4910; x_wconf 75' lang='grc' dir='ltr'><strong>γὰρ</strong></span> <span class='ocrx_word' id='word_1_947' title='bbox 3232 4842 3425 4910; x_wconf 83' lang='grc' dir='ltr'><strong>χάριτι</strong></span> <span class='ocrx_word' id='word_1_948' title='bbox 3464 4842 3571 4904; x_wconf 77' lang='grc' dir='ltr'><strong>βεο</strong></span> 
     </span>
    </p>
   </div>
   <div class='ocr_carea' id='block_1_112' title="bbox 1996 4923 3569 4996">
    <p class='ocr_par' dir='ltr' id='par_1_112' title="bbox 1996 4923 3569 4996">
     <span class='ocr_line' id='line_1_112' title="bbox 1996 4923 3569 4996; baseline -0.008 -11"><span class='ocrx_word' id='word_1_949' title='bbox 1996 4931 2304 4985; x_wconf 73' lang='grc' dir='ltr'><strong>ϐαιοῦσθαι</strong></span> <span class='ocrx_word' id='word_1_950' title='bbox 2330 4930 2442 4996; x_wconf 75' lang='grc' dir='ltr'><strong>τὴν</strong></span> <span class='ocrx_word' id='word_1_951' title='bbox 2469 4928 2742 4995; x_wconf 81' lang='grc' dir='ltr'><strong>καρδίαν,</strong></span> <span class='ocrx_word' id='word_1_952' title='bbox 2772 4930 2841 4979; x_wconf 85' lang='grc' dir='ltr'><strong>οὺ</strong></span> <span class='ocrx_word' id='word_1_953' title='bbox 2858 4926 3191 4993; x_wconf 81' lang='grc' dir='ltr'><strong>βρώμασιν.</strong></span> <span class='ocrx_word' id='word_1_954' title='bbox 3233 4925 3299 4976; x_wconf 84' lang='grc' dir='ltr'><strong>Αἱ</strong></span> <span class='ocrx_word' id='word_1_955' title='bbox 3326 4923 3569 4975; x_wconf 86' lang='grc' dir='ltr'><strong>ποικίλαι</strong></span> 
     </span>
    </p>
   </div>
   <div class='ocr_carea' id='block_1_113' title="bbox 1995 5005 3570 5075">
    <p class='ocr_par' dir='ltr' id='par_1_113' title="bbox 1995 5005 3570 5075">
     <span class='ocr_line' id='line_1_113' title="bbox 1995 5005 3570 5075; baseline -0.006 -9"><span class='ocrx_word' id='word_1_956' title='bbox 1995 5006 2191 5075; x_wconf 73' lang='grc' dir='ltr'><strong>αὗται,</strong></span> <span class='ocrx_word' id='word_1_957' title='bbox 2224 5013 2277 5065; x_wconf 78' lang='grc' dir='ltr'><strong>αἱ</strong></span> <span class='ocrx_word' id='word_1_958' title='bbox 2314 5011 2461 5075; x_wconf 84' lang='grc' dir='ltr'><strong>ξέναι</strong></span> <span class='ocrx_word' id='word_1_959' title='bbox 2504 5005 2687 5064; x_wconf 79' lang='grc' dir='ltr'><strong>αῦται.</strong></span> <span class='ocrx_word' id='word_1_960' title='bbox 2751 5008 3014 5063; x_wconf 86' lang='grc' dir='ltr'><strong>Ἐνταῦθα</strong></span> <span class='ocrx_word' id='word_1_961' title='bbox 3066 5008 3145 5068; x_wconf 80' lang='grc' dir='ltr'><strong>είς</strong></span> <span class='ocrx_word' id='word_1_962' title='bbox 3185 5006 3570 5075; x_wconf 82' lang='grc' dir='ltr'><strong>παρατήρησιν</strong></span> 
     </span>
    </p>
   </div>
   <div class='ocr_carea' id='block_1_114' title="bbox 1996 5085 3571 5165">
    <p class='ocr_par' dir='ltr' id='par_1_114' title="bbox 1996 5085 3571 5165">
     <span class='ocr_line' id='line_1_114' title="bbox 1996 5085 3571 5165; baseline -0.006 -18"><span class='ocrx_word' id='word_1_963' title='bbox 1996 5094 2301 5165; x_wconf 85' lang='grc' dir='ltr'><strong>βρωμάτων</strong></span> <span class='ocrx_word' id='word_1_964' title='bbox 2341 5094 2537 5156; x_wconf 77' lang='grc' dir='ltr'><strong>αὐτοὺς</strong></span> <span class='ocrx_word' id='word_1_965' title='bbox 2572 5092 2859 5162; x_wconf 84' lang='grc' dir='ltr'><strong>κωμῳδεῖ·</strong></span> <span class='ocrx_word' id='word_1_966' title='bbox 2908 5089 3147 5142; x_wconf 83' lang='grc' dir='ltr'><strong>δείκνυσι</strong></span> <span class='ocrx_word' id='word_1_967' title='bbox 3192 5088 3299 5157; x_wconf 82' lang='grc' dir='ltr'><strong>γὰρ</strong></span> <span class='ocrx_word' id='word_1_968' title='bbox 3332 5088 3415 5140; x_wconf 86' lang='grc' dir='ltr'><strong>ὃτι</strong></span> <span class='ocrx_word' id='word_1_969' title='bbox 3461 5085 3571 5138; x_wconf 86' lang='grc' dir='ltr'><strong>ἀπδ</strong></span> 
     </span>
    </p>
   </div>
   <div class='ocr_carea' id='block_1_115' title="bbox 1993 5169 3571 5247">
    <p class='ocr_par' dir='ltr' id='par_1_115' title="bbox 1993 5169 3571 5247">
     <span class='ocr_line' id='line_1_115' title="bbox 1993 5169 3571 5247; baseline -0.007 -17"><span class='ocrx_word' id='word_1_970' title='bbox 1993 5179 2090 5247; x_wconf 81' lang='grc' dir='ltr'><strong>τῆς</strong></span> <span class='ocrx_word' id='word_1_971' title='bbox 2120 5177 2225 5229; x_wconf 88' lang='grc' dir='ltr'><strong>τῶν</strong></span> <span class='ocrx_word' id='word_1_972' title='bbox 2264 5176 2568 5247; x_wconf 86' lang='grc' dir='ltr'><strong>βρωμάτων</strong></span> <span class='ocrx_word' id='word_1_973' title='bbox 2602 5173 3038 5244; x_wconf 81' lang='grc' dir='ltr'><strong>παρατηρήσεως</strong></span> <span class='ocrx_word' id='word_1_974' title='bbox 3069 5172 3148 5233; x_wconf 88' lang='grc' dir='ltr'><strong>είς</strong></span> <span class='ocrx_word' id='word_1_975' title='bbox 3175 5170 3235 5221; x_wconf 80' lang='grc' dir='ltr'><strong>τὸ</strong></span> <span class='ocrx_word' id='word_1_976' title='bbox 3271 5169 3571 5239; x_wconf 75' lang='grc' dir='ltr'><strong>ἑτεροδιδα-</strong></span> 
     </span>
    </p>
   </div>
   <div class='ocr_carea' id='block_1_116' title="bbox 1996 5251 3569 5325">
    <p class='ocr_par' dir='ltr' id='par_1_116' title="bbox 1996 5251 3569 5325">
     <span class='ocr_line' id='line_1_116' title="bbox 1996 5251 3569 5325; baseline -0.008 -11"><span class='ocrx_word' id='word_1_977' title='bbox 1996 5261 2214 5314; x_wconf 85' lang='grc' dir='ltr'><strong>σκαλεῖν</strong></span> <span class='ocrx_word' id='word_1_978' title='bbox 2256 5260 2512 5325; x_wconf 81' lang='grc' dir='ltr'><strong>ἐξέπεσον</strong></span> <span class='ocrx_word' id='word_1_979' title='bbox 2535 5299 2548 5323; x_wconf 93' lang='grc'><strong>,</strong></span> <span class='ocrx_word' id='word_1_980' title='bbox 2588 5260 2681 5311; x_wconf 74' lang='grc' dir='ltr'><strong>καὶ</strong></span> <span class='ocrx_word' id='word_1_981' title='bbox 2713 5256 2818 5309; x_wconf 78' lang='grc' dir='ltr'><strong>ἀπὸ</strong></span> <span class='ocrx_word' id='word_1_982' title='bbox 2851 5255 3056 5308; x_wconf 82' lang='grc' dir='ltr'><strong>τούτων</strong></span> <span class='ocrx_word' id='word_1_983' title='bbox 3090 5253 3224 5322; x_wconf 78' lang='grc' dir='ltr'><strong>πρὸς</strong></span> <span class='ocrx_word' id='word_1_984' title='bbox 3256 5251 3353 5314; x_wconf 85' lang='grc' dir='ltr'><strong>τὰς</strong></span> <span class='ocrx_word' id='word_1_985' title='bbox 3389 5252 3569 5303; x_wconf 84' lang='grc' dir='ltr'><strong>ποικί-</strong></span> 
     </span>
    </p>
   </div>
   <div class='ocr_carea' id='block_1_117' title="bbox 1994 5333 3569 5413">
    <p class='ocr_par' dir='ltr' id='par_1_117' title="bbox 1994 5333 3569 5413">
     <span class='ocr_line' id='line_1_117' title="bbox 1994 5333 3569 5413; baseline -0.006 -20"><span class='ocrx_word' id='word_1_986' title='bbox 1994 5342 2090 5405; x_wconf 85' lang='grc' dir='ltr'><strong>λας</strong></span> <span class='ocrx_word' id='word_1_987' title='bbox 2124 5343 2216 5394; x_wconf 68' lang='grc' dir='ltr'><strong>καὶ</strong></span> <span class='ocrx_word' id='word_1_988' title='bbox 2258 5341 2409 5413; x_wconf 77' lang='lat'><strong>[507]</strong></span> <span class='ocrx_word' id='word_1_989' title='bbox 2450 5342 2603 5406; x_wconf 83' lang='grc' dir='ltr'><strong>ξένας</strong></span> <span class='ocrx_word' id='word_1_990' title='bbox 2635 5338 2855 5408; x_wconf 82' lang='grc' dir='ltr'><strong>διδαχάς</strong></span> <span class='ocrx_word' id='word_1_991' title='bbox 2901 5335 3288 5405; x_wconf 78' lang='grc' dir='ltr'><strong>ἐξηνέχθησαν.</strong></span> <span class='ocrx_word' id='word_1_992' title='bbox 3331 5333 3438 5385; x_wconf 70' lang='grc' dir='ltr'><strong>Καὶ</strong></span> <span class='ocrx_word' id='word_1_993' title='bbox 3468 5334 3569 5401; x_wconf 80' lang='grc' dir='ltr'><strong>ὅρα</strong></span> 
     </span>
    </p>
   </div>
   <div class='ocr_carea' id='block_1_118' title="bbox 1993 5414 3567 5494">
    <p class='ocr_par' dir='ltr' id='par_1_118' title="bbox 1993 5414 3567 5494">
     <span class='ocr_line' id='line_1_118' title="bbox 1993 5414 3567 5494; baseline -0.01 -16"><span class='ocrx_word' id='word_1_994' title='bbox 1993 5426 2156 5478; x_wconf 71' lang='grc' dir='ltr'><strong>αὐτὸν</strong></span> <span class='ocrx_word' id='word_1_995' title='bbox 2183 5426 2243 5477; x_wconf 84' lang='grc' dir='ltr'><strong>οὺ</strong></span> <span class='ocrx_word' id='word_1_996' title='bbox 2274 5424 2559 5494; x_wconf 85' lang='grc' dir='ltr'><strong>τολμῶντα</strong></span> <span class='ocrx_word' id='word_1_997' title='bbox 2585 5422 2837 5492; x_wconf 83' lang='grc' dir='ltr'><strong>φανερῶς</strong></span> <span class='ocrx_word' id='word_1_998' title='bbox 2866 5421 3037 5472; x_wconf 83' lang='grc' dir='ltr'><strong>εἰπεῖν</strong></span> <span class='ocrx_word' id='word_1_999' title='bbox 3069 5417 3247 5480; x_wconf 86' lang='grc' dir='ltr'><strong>τοῦτο,</strong></span> <span class='ocrx_word' id='word_1_1000' title='bbox 3274 5416 3387 5468; x_wconf 77' lang='grc' dir='ltr'><strong>ἀλλ’</strong></span> <span class='ocrx_word' id='word_1_1001' title='bbox 3410 5414 3484 5476; x_wconf 85' lang='grc' dir='ltr'><strong>ὡς</strong></span> <span class='ocrx_word' id='word_1_1002' title='bbox 3510 5416 3567 5464; x_wconf 85' lang='grc' dir='ltr'><strong>ὲν</strong></span> 
     </span>
    </p>
   </div>
   <div class='ocr_carea' id='block_1_119' title="bbox 1994 5495 3569 5577">
    <p class='ocr_par' dir='ltr' id='par_1_119' title="bbox 1994 5495 3569 5577">
     <span class='ocr_line' id='line_1_119' title="bbox 1994 5495 3569 5577; baseline -0.008 -18"><span class='ocrx_word' id='word_1_1003' title='bbox 1994 5508 2311 5576; x_wconf 72' lang='grc' dir='ltr'><strong>αἰνίγματιν</strong></span> <span class='ocrx_word' id='word_1_1004' title='bbox 2366 5507 2443 5577; x_wconf 78' lang='grc' dir='ltr'>τῷ</span> <span class='ocrx_word' id='word_1_1005' title='bbox 2473 5507 2579 5576; x_wconf 84' lang='grc' dir='ltr'><strong>γὰρ</strong></span> <span class='ocrx_word' id='word_1_1006' title='bbox 2622 5507 2828 5566; x_wconf 79' lang='grc' dir='ltr'><strong>εἰπεῖν,</strong></span> <span class='ocrx_word' id='word_1_1007' title='bbox 2883 5502 3193 5562; x_wconf 77' lang='grc' dir='ltr'><strong>Ποικίλαις</strong></span> <span class='ocrx_word' id='word_1_1008' title='bbox 3228 5499 3322 5550; x_wconf 78' lang='grc' dir='ltr'><strong>καὶ</strong></span> <span class='ocrx_word' id='word_1_1009' title='bbox 3366 5495 3569 5560; x_wconf 76' lang='grc' dir='ltr'><strong>ξέναις</strong></span> 
     </span>
    </p>
   </div>
   <div class='ocr_carea' id='block_1_120' title="bbox 1993 5578 3567 5658">
    <p class='ocr_par' dir='ltr' id='par_1_120' title="bbox 1993 5578 3567 5658">
     <span class='ocr_line' id='line_1_120' title="bbox 1993 5578 3567 5658; baseline -0.008 -17"><span class='ocrx_word' id='word_1_1010' title='bbox 1993 5590 2264 5658; x_wconf 78' lang='grc' dir='ltr'><strong>διδαχαῖς</strong></span> <span class='ocrx_word' id='word_1_1011' title='bbox 2288 5589 2373 5658; x_wconf 81' lang='grc' dir='ltr'><strong>μὴ</strong></span> <span class='ocrx_word' id='word_1_1012' title='bbox 2404 5587 2838 5655; x_wconf 76' lang='grc' dir='ltr'><strong>παραφέρεσθε,</strong></span> <span class='ocrx_word' id='word_1_1013' title='bbox 2874 5585 2986 5645; x_wconf 72' lang='grc' dir='ltr'><strong>καὶ,</strong></span> <span class='ocrx_word' id='word_1_1014' title='bbox 3020 5582 3221 5635; x_wconf 77' lang='grc' dir='ltr'><strong>Καλόν</strong></span> <span class='ocrx_word' id='word_1_1015' title='bbox 3242 5580 3432 5649; x_wconf 86' lang='grc' dir='ltr'><strong>χάριτι</strong></span> <span class='ocrx_word' id='word_1_1016' title='bbox 3458 5578 3567 5640; x_wconf 79' lang='grc' dir='ltr'><strong>,βε-</strong></span> 
     </span>
    </p>
   </div>
   <div class='ocr_carea' id='block_1_121' title="bbox 1994 5659 3568 5740">
    <p class='ocr_par' dir='ltr' id='par_1_121' title="bbox 1994 5659 3568 5740">
     <span class='ocr_line' id='line_1_121' title="bbox 1994 5659 3568 5740; baseline -0.01 -13"><span class='ocrx_word' id='word_1_1017' title='bbox 1994 5674 2304 5727; x_wconf 75' lang='grc' dir='ltr'><strong>ϐαιοῦσθαι</strong></span> <span class='ocrx_word' id='word_1_1018' title='bbox 2334 5672 2448 5740; x_wconf 81' lang='grc' dir='ltr'><strong>τὴν</strong></span> <span class='ocrx_word' id='word_1_1019' title='bbox 2477 5669 2746 5736; x_wconf 75' lang='grc' dir='ltr'><strong>καρδίαν,</strong></span> <span class='ocrx_word' id='word_1_1020' title='bbox 2777 5670 2847 5720; x_wconf 78' lang='grc' dir='ltr'><strong>οὺ</strong></span> <span class='ocrx_word' id='word_1_1021' title='bbox 2871 5664 3167 5734; x_wconf 75' lang='grc' dir='ltr'><strong>βρώμασι,</strong></span> <span class='ocrx_word' id='word_1_1022' title='bbox 3201 5662 3480 5733; x_wconf 70' lang='grc' dir='ltr'><strong>μονονουχὶ</strong></span> <span class='ocrx_word' id='word_1_1023' title='bbox 3507 5659 3568 5712; x_wconf 83' lang='grc' dir='ltr'><strong>τὸ</strong></span> 
     </span>
    </p>
   </div>
   <div class='ocr_carea' id='block_1_122' title="bbox 1999 5745 3564 5823">
    <p class='ocr_par' dir='ltr' id='par_1_122' title="bbox 1999 5745 3564 5823">
     <span class='ocr_line' id='line_1_122' title="bbox 1999 5745 3564 5823; baseline -0.009 -15"><span class='ocrx_word' id='word_1_1024' title='bbox 1999 5756 2091 5808; x_wconf 83' lang='grc' dir='ltr'><strong>τοῦ</strong></span> <span class='ocrx_word' id='word_1_1025' title='bbox 2140 5753 2372 5823; x_wconf 78' lang='grc' dir='ltr'><strong>Χριστοῦ</strong></span> <span class='ocrx_word' id='word_1_1026' title='bbox 2407 5753 2574 5818; x_wconf 75' lang='grc' dir='ltr'><strong>λέγει,</strong></span> <span class='ocrx_word' id='word_1_1027' title='bbox 2615 5754 2669 5805; x_wconf 83' lang='grc' dir='ltr'><strong>ἐν</strong></span> <span class='ocrx_word' id='word_1_1028' title='bbox 2709 5747 2788 5811; x_wconf 68' lang='grc' dir='ltr'><strong>οἷς</strong></span> <span class='ocrx_word' id='word_1_1029' title='bbox 2829 5748 3013 5815; x_wconf 78' lang='grc' dir='ltr'><strong>ἔλεγεν</strong></span> <span class='ocrx_word' id='word_1_1030' title='bbox 3037 5763 3051 5777; x_wconf 91' lang='grc'><strong>·</strong></span> <span class='ocrx_word' id='word_1_1031' title='bbox 3090 5749 3170 5800; x_wconf 88' lang='grc' dir='ltr'><strong>Οὐ</strong></span> <span class='ocrx_word' id='word_1_1032' title='bbox 3201 5747 3267 5799; x_wconf 86' lang='grc' dir='ltr'><strong>τὸ</strong></span> <span class='ocrx_word' id='word_1_1033' title='bbox 3299 5745 3564 5810; x_wconf 75' lang='grc' dir='ltr'><strong>εἰσερχό-</strong></span> 
     </span>
    </p>
   </div>
  </div>
