3970 6152
337 359 445 417 2‘29

346 473 468 508 num
483 456 614 508 enim
626 463 696 508 est
711 454 876 524 gratia
895 454 1110 508 stabiliri
1132 471 1236 519 cor,
1256 471 1356 532 non
1385 457 1506 510 escis
1525 471 1543 518 ;
1561 453 1786 524 idipsutu
1810 456 1918 512 fere

345 546 473 599 dicit
492 545 631 614 quod
645 544 905 609 Christus,
926 543 1044 598 Non
1065 546 1197 612 quod
1212 546 1364 598 intrat
1391 546 1618 614 inquinat
1644 546 1917 611 hominem,

342 640 429 687 sed
453 645 586 701 quoa
606 633 857 704 egreditur
882 631 1094 703 (Matth.
1121 635 1208 689 15.
1238 634 1361 704 Il);
1389 635 1727 703 ostenditque
1751 644 1928 690 totqu-

344 739 464 778 esse
488 724 647 777 fidem
672 739 686 777 :
712 725 757 777 si
790 725 899 791 ipsa
927 739 1025 776 nos
1051 724 1351 789 stabilierit,
1383 738 1477 778 cor
1505 732 1612 778 stat
1639 724 1690 777 in
1717 732 1852 777 tuto.

419 813 569 868 Fides
593 825 664 868 est
694 815 950 868 contraria
977 813 1261 868 ratiocinio.
1286 843 1360 854 —
1384 813 1542 868 Fides
1569 828 1698 884 ergo
1717 814 1917 868 confir-

345 916 455 962 mat
480 918 536 961 et
575 905 802 971 stabilit,
844 909 1079 959 rationes
1109 919 1238 958 vero
1265 904 1619 968 labefaciunt;
1648 906 1920 960 contraria

343 997 485 1052 cnim
512 1004 598 1051 est
627 996 759 1050 fides
782 996 1081 1050 ratiocinio.
1110 996 1234 1062 Qua:
1255 1012 1354 1048 non
1378 1000 1697 1066 profuerunt,
1730 997 1917 1066 inquit,

347 1087 716 1143 ambulantibus
757 1088 810 1140 in
838 1087 929 1140 eis.
960 1086 1096 1154 Quid
1124 1087 1264 1140 enim
1296 1087 1448 1153 lucri,
1475 1088 1563 1142 dic
1592 1105 1790 1158 quaeso,
1826 1104 1920 1143 ca-

346 1181 488 1249 pitur
528 1195 594 1233 ex
623 1179 1036 1233 observatione?
1065 1193 1243 1232 annon
1289 1178 1456 1248 magis
1485 1179 1702 1249 perdit?
1742 1194 1919 1234 annon

346 1286 466 1325 eum
492 1273 580 1339 qui
607 1279 690 1324 est
714 1270 1016 1338 hujusmodi
1041 1271 1228 1323 statuit
1249 1272 1346 1324 sub
1370 1271 1620 1338 peccato?
1645 1271 1700 1325 Si
1731 1271 1919 1327 obser-

345 1363 576 1416 vandum
602 1371 700 1426 est,
744 1362 1134 1416 observandum
1179 1371 1262 1418 est
1293 1364 1378 1418 ubi
1424 1363 1548 1419 hinc
1594 1364 1798 1420 lucrum
1826 1365 1923 1417 ob-

344 1456 680 1510 servantibus
724 1454 958 1508 obvenit.
1009 1455 1153 1509 Bona
1203 1455 1637 1511 observatio-est
1682 1456 1920 1511 amolitio

344 1549 625 1616 nequitiae,
652 1563 743 1602 eor
782 1556 1010 1614 rectum,
1045 1549 1214 1618 pietas
1259 1549 1310 1602 in
1352 1548 1536 1613 Deum,
1571 1559 1715 1603 recta
1765 1548 1918 1603 fides.

343 1640 474 1706 Qui:
495 1656 599 1692 non
621 1643 948 1709 profuerunt,
989 1639 1179 1708 inquit,
1209 1638 1578 1693 ambulantibus
1603 1641 1656 1693 in
1681 1640 1786 1702 eis;
1819 1638 1922 1694 hoc

340 1739 443 1791 est,
478 1729 543 1783 iis
566 1730 653 1798 qui
682 1745 742 1783 ea
774 1737 1031 1798 perpetuo
1056 1729 1381 1784 custodiunt.
1411 1729 1524 1785 Una
1553 1739 1635 1784 est
1661 1731 1921 1785 observa-

341 1822 415 1876 tio
441 1821 714 1875 ahstinerc
734 1837 763 1874 a
793 1830 1033 1889 peccato.
1056 1821 1192 1888 Quid
1219 1821 1361 1876 enim
1392 1820 1634 1890 prodest,
1667 1838 1787 1876 cum
1813 1825 1920 1876 sint

341 1913 578 1967 nonnulli
599 1912 732 1966 adeo
759 1913 1001 1966 scelerati
1021 1923 1075 1966 et
1098 1927 1248 1967 exsec
1259 1913 1434 1977 randi,
1454 1923 1510 1967 ut
1537 1913 1917 1967 sacrificiorum

347 2018 447 2056 non
465 2002 669 2071 possint
690 2017 808 2056 esse
835 2002 1518 2072 participes?Quamobrem
1541 2003 1667 2056 nihil
1683 2019 1774 2057 eos
1794 2004 1917 2058 red-

345 2095 500 2149 debat
517 2095 716 2160 salvos,
733 2097 972 2164 quamvis
988 2097 1218 2150 studium
1245 2107 1502 2166 ponerent
1525 2098 1575 2151 in
1592 2099 1920 2153 observatio-

344 2185 526 2249 nibus;
561 2185 678 2250 scd,
700 2187 948 2254 quoniam
983 2187 1137 2240 fidem
1170 2203 1275 2241 non
1303 2188 1588 2255 habebant,
1613 2205 1678 2243 ne
1709 2190 1784 2243 sic
1798 2190 1915 2259 qui-

344 2276 459 2330 dem
483 2277 559 2330 eis
580 2275 914 2345 profuerunt.
935 2277 1132 2333 Deinde
1149 2295 1210 2333 ex
1235 2280 1399 2347 figura
1420 2281 1554 2333 tollit
1575 2281 1910 2347 sacrificium,

345 2375 394 2418 et
413 2366 477 2418 ad
501 2367 778 2434 exemplar
794 2367 1114 2434 primitivum
1134 2367 1348 2422 deducit
1368 2369 1683 2436 orationem,
1699 2370 1912 2425 dicens:

346 2458 571 2521 Quorum
601 2458 734 2511 enim
761 2458 1054 2510 animalium
1094 2459 1310 2527 infertur
1337 2461 1543 2531 sanguis
1585 2479 1676 2526 pro
1717 2471 1915 2532 peccato

340 2550 393 2600 in
422 2559 598 2601 sancta
625 2566 713 2619 per
741 2552 1047 2618 ponti/irem,
1079 2550 1257 2603 horum
1283 2567 1497 2620 corpora
1522 2564 1806 2608 cremantur
1829 2572 1914 2610 ea:-

341 2649 417 2692 tra
444 2649 635 2694 castra.
673 2639 926 2706 Quccirca
949 2638 985 2692 Ι
991 2655 1101 2694 esus
1141 2652 1282 2694 extra
1309 2653 1508 2712 portam
1538 2661 1717 2714 passus
1741 2655 1832 2712 est,
1860 2657 1916 2702 ut

340 2732 677 2800 sancti/icaret
707 2731 955 2798 populum
989 2733 1198 2801 praprio
1233 2735 1496 2804 sanguine.
1537 2734 1624 2790 Illa
1661 2752 1790 2806 ergo
1820 2740 1917 2793 bo-

336 2837 452 2876 rum
478 2831 637 2876 erant
660 2821 851 2892 flgura,
871 2829 923 2877 et
942 2825 1022 2879 sic
1044 2825 1226 2878 omnia
1251 2824 1495 2896 implevit
1517 2825 1768 2884 Christus
1793 2846 1922 2901 pas-

335 2934 430 2974 sus
458 2928 635 2974 extra.
671 2917 768 2974 llic
801 2921 961 2974 etiam
993 2921 1263 2990 significat
1292 2937 1416 2976 eum
1449 2939 1546 2978 sua
1577 2936 1772 2994 sponte
1801 2943 1922 2984 esse

334 3026 688 3086 perpessum;
722 3012 1020 3068 ostendens
1048 3014 1194 3083 quod
1220 3029 1395 3085 neque
1427 3016 1515 3070 illa
1551 3024 1752 3072 temere
1778 3017 1918 3075 facta

333 3119 477 3174 sunt,
497 3112 590 3166 sed
613 3111 778 3182 ﬁgura
802 3116 1039 3183 quietiam
1063 3127 1288 3174 erantet
1311 3120 1419 3189 ipsa
1450 3122 1774 3192 dispensatio
1801 3137 1904 3178 non

335 3198 466 3254 foris
479 3204 744 3271 passionis
766 3215 898 3272 erat,
914 3207 1007 3262 sed
1030 3211 1243 3279 sanguis
1265 3211 1316 3264 in
1336 3212 1522 3266 caelum
1547 3223 1627 3268 est
1645 3216 1904 3272 sublatus.

405 3293 459 3346 4.
507 3293 665 3348 Vides
690 3309 816 3365 ergo
844 3298 981 3366 quod
1004 3314 1186 3354 smnus
1213 3302 1494 3372 participes
1520 3307 1790 3376 sanguinis
1817 3310 1908 3378 qui

336 3379 669 3438 inferebatur
718 3385 772 3440 in
819 3399 1038 3454 sancta,
1085 3403 1265 3446 sancta
1305 3410 1468 3460 vera;
1517 3397 1760 3452 sacrificii
1805 3414 1910 3469 quo

334 3473 450 3526 solo
481 3475 754 3531 fruebatur
781 3481 1048 3534 Sacerdos.
1083 3482 1190 3537 Nos
1237 3500 1365 3554 ergo
1419 3488 1658 3541 veritatis
1694 3490 1909 3558 partici-

337 3577 430 3632 pes
451 3567 718 3620 sumus.Si
741 3583 867 3638 ergo
889 3586 991 3624 nou
1019 3573 1346 3642 imprOpcrii,
1367 3576 1457 3630 sed
1479 3579 1912 3636 sanctificationis

335 3667 521 3706 sumus
551 3656 837 3726 participes
865 3698 879 3723 ,
923 3661 1305 3730 itnproperium
1334 3675 1446 3718 erat
1476 3681 1636 3721 causa
1668 3670 1907 3723 sanctifi-

333 3743 562 3797 cationis
595 3761 608 3798 :
643 3762 761 3799 nam
795 3758 849 3801 ut
883 3750 993 3817 ipse
1036 3751 1131 3804 fuit
1181 3754 1374 3820 probro
1417 3755 1639 3810 affectus
1665 3800 1678 3823 ,
1713 3759 1782 3812 ita
1814 3774 1910 3814 nos

333 3846 564 3902 quoque.
598 3832 650 3888 Si
679 3849 806 3906 ergo
830 3839 1131 3903 exierimus,
1153 3857 1270 3894 cum
1299 3859 1363 3897 eo
1383 3846 1581 3899 erimus
1602 3849 1905 3918 participes.

405 3923 618 3978 Crucem
647 3927 780 3996 ferre
805 3930 1038 3985 debemus
1073 3943 1125 3985 ut
1155 3932 1383 3989 Christus
1415 3939 1548 3991 tulit.
1575 3969 1646 3978 —
1669 3941 1800 4006 Quid
1828 3952 1908 3996 est

332 4026 514 4071 autem
539 4058 555 4083 ,
603 4016 855 4075 Exeamus
891 4024 960 4076 ad
997 4025 1208 4091 ipsum?
1253 4025 1429 4083 Simus
1473 4033 1753 4101 participes
1795 4035 1910 4102 ejus

331 4108 764 4175 perpessiouum,
793 4111 1023 4170 feramus
1051 4115 1164 4185 ejus
1194 4117 1572 4188 improperium
1600 4141 1613 4175 :
1640 4140 1742 4178 non
1767 4128 1909 4180 enim

330 4197 450 4250 sine
471 4213 634 4252 causa
666 4215 851 4270 passus
880 4214 956 4258 cst
990 4217 1136 4260 extra
1167 4218 1393 4276 portam,
1418 4211 1510 4265 sed
1543 4224 1597 4267 ut
1626 4229 1721 4268 nos
1749 4217 1909 4271 etiam

331 4301 546 4342 crucem
603 4290 721 4358 ejus
768 4291 1031 4362 feramus,
1087 4304 1140 4350 et
1197 4315 1502 4354 maneamus
1555 4314 1700 4357 extra
1754 4322 1910 4361 mun-

333 4377 458 4430 dmn
483 4420 499 4444 ,
528 4389 583 4433 et
612 4380 682 4433 ibi
707 4396 1020 4450 permanere
1045 4386 1374 4444 Studeamus.
1405 4393 1554 4446 Sicut
1584 4394 1673 4449 ille
1702 4397 1911 4464 probris

335 4471 687 4538 appetebatur
717 4481 984 4544 tamquam
1012 4478 1420 4545 catuleuinatus,
1452 4483 1520 4536 ita
1551 4499 1647 4539 nos
1674 4502 1904 4556 quoque.

333 4560 401 4613 Et
453 4580 541 4630 per
591 4565 758 4633 ipsum
805 4565 1076 4631 o/feramus
1129 4570 1235 4623 Deo
1274 4574 1597 4641 sacriﬁcium.
1631 4575 1907 4642 Quodnam

336 4650 455 4705 dit-it
481 4654 843 4709 Sacrificium?
869 4657 984 4725 Ipse
1007 4657 1386 4728 interpretatus
1407 4674 1490 4718 est
1514 4665 1717 4732 dicens,
1747 4667 1910 4722 Fruc-

341 4753 442 4795 tum
467 4745 711 4800 labiorum
739 4750 1086 4816 conﬁtentium
1117 4754 1308 4807 nomini
1338 4756 1447 4825 ejus
1473 4798 1488 4823 ,
1520 4759 1619 4813 hoc
1648 4770 1748 4827 est,
1784 4776 1907 4831 pre-

335 4847 426 4888 ces
449 4877 462 4899 ,
510 4835 740 4908 hymnos
765 4880 780 4906 ,
828 4841 1116 4908 gratiarum
1148 4844 1412 4899 actionem
1439 4863 1453 4909 ;
1505 4848 1590 4901 illa
1619 4852 1758 4904 enim
1787 4862 1910 4907 sunt

333 4923 536 4978 fruetus
567 4926 858 4982 labioruut.
898 4928 975 4982 llli
1000 4930 1294 4988 offerebant
1320 4951 1468 4999 oves,
1506 4936 1667 4992 boves
1695 4949 1747 4993 et
1777 4942 1910 4994 vitu-

329 5013 442 5075 los,
487 5029 543 5069 et
581 5017 781 5070 dabant
808 5020 1116 5074 sacerdoti:
1166 5038 1263 5076 nos
1307 5035 1483 5080 autem
1529 5029 1660 5082 nihil
1712 5030 1903 5086 horum

332 5106 620 5161 offeramus
646 5149 660 5169 ,
692 5109 785 5162 sed
816 5111 1105 5178 gratiarum
1134 5117 1419 5182 actionem,
1455 5127 1506 5171 et
1533 5118 1586 5173 iu
1619 5123 1864 5178 omnibus
1891 5167 1906 5190 ,

334 5199 504 5266 quoad
549 5199 665 5254 fieri
695 5210 908 5269 potest,
937 5202 1131 5258 Christi
1163 5204 1506 5263 imitationem
1538 5228 1549 5263 :
1583 5211 1684 5266 hoc
1712 5217 1907 5284 germi-

333 5300 456 5343 ncut
491 5291 639 5344 labra
669 5300 870 5345 nostra.
922 5292 1274 5362 Beneﬁcentia:
1310 5308 1353 5350 et
1383 5303 1787 5368 participationis
1814 5325 1908 5360 ne—

331 5382 416 5433 lite
469 5383 700 5435 oblivisci
751 5399 769 5436 :
815 5384 999 5438 talibus
1053 5387 1186 5440 enim
1239 5389 1415 5443 liostiis
1471 5395 1701 5460 placatur
1747 5397 1906 5452 Deus.

333 5472 524 5526 Demus
547 5473 594 5526 ei
617 5473 718 5527 hoc
745 5474 1084 5540 sacrificium,
1115 5486 1172 5530 ut
1192 5479 1378 5534 offerat
1401 5482 1539 5536 Patri
1567 5502 1579 5538 :
1605 5486 1738 5540 alias
1765 5491 1904 5544 enim

334 5578 433 5615 non
463 5565 770 5619 offeruntur
794 5607 808 5629 ,
846 5565 945 5620 nisi
972 5584 1064 5636 per
1095 5567 1286 5624 Filium
1313 5610 1329 5635 ,
1363 5572 1445 5626 vel
1480 5578 1655 5644 potius
1684 5593 1778 5646 per
1815 5595 1909 5635 cor

329 5659 642 5710 contritum.
697 5653 823 5711 Ilaec
863 5659 1042 5711 omnia
1084 5661 1160 5715 sic
1203 5661 1343 5716 dixit
1371 5675 1587 5734 propter
1615 5669 1910 5726 imbecillos

336 5747 602 5802 auditores
626 5768 640 5799 ε
665 5758 747 5801 est
768 5749 911 5802 enim
937 5751 1278 5821 perSpicuum
1302 5756 1441 5822 quod
1467 5755 1583 5813 Filii
1615 5762 1683 5814 sit
1707 5763 1903 5830 gratia:

339 5837 564 5909 Ilioquia
599 5839 741 5892 enim
771 5841 1040 5909 quomodo
1067 5852 1144 5896 est
1193 5844 1364 5900 honor
1394 5850 1654 5917 aequalis?
1701 5852 1768 5908 Ut
1795 5872 1904 5909 om-

612 5938 886 6000 PATROL.
933 5940 1047 6002 Gn.
1090 5943 1305 6009 LXIII.

1064 351 1128 407 IN
1167 347 1380 406 EPIST.
1424 346 1513 400 AD
1578 338 1935 397 IIEBREOS.
1981 334 2133 390 CAP.
2175 333 2315 390 XIII.
2359 333 2591 393 IIOMIL.
2635 332 2877 391 XXXIII.

3506 329 3609 387 εἷέο

2022 468 2130 516 nos,
2166 450 2380 521 inquit,
2413 451 2658 502 honorent
2690 447 2886 499 Filium
2912 487 2926 511 ,
2965 445 3089 496 sicut
3119 444 3370 496 honorant
3403 441 3608 493 Patrem

2022 541 2224 608 (Joan.
2259 541 2311 596 5.
2345 541 2415 594 25
2437 542 2478 609 ).
2528 539 2641 593 Nisi
2667 536 2966 608 glorificato
3014 536 3173 590 Patre
3201 533 3532 605 glorificetur
3554 522 3622 587 et.

2022 632 2210 694 Filius,
2242 631 2332 684 ubi
2375 641 2456 685 est
2512 629 2684 684 honor
2723 628 2944 698 mqualis
2971 629 2993 679 ‘t
3017 627 3150 694 Quia
3205 626 3408 681 fructus
3441 625 3609 679 labio-

2021 739 2141 778 rum
2186 722 2556 777 confitentiqu
2590 721 2792 775 nomini
2852 720 2970 789 ejus
3016 730 3101 774 est
3147 720 3439 791 gratiarum
3466 718 3608 773 actio

2021 825 2242 886 pr0ptcr
2257 815 2434 871 omnia
2453 825 2508 870 et
2535 829 2597 870 ea
2627 830 2746 885 quae
2770 829 2867 883 pro
2887 813 3043 867 nobis
3061 827 3250 883 passus
3271 820 3354 868 est
3385 829 3398 865 :
3426 811 3605 866 omnia

2019 903 2250 960 feramus
2273 915 2427 975 grato
2455 906 2657 966 animo,
2700 904 2814 958 sive
2844 904 2914 958 sit
2947 912 3232 973 paupertas
3261 945 3277 970 ,
3324 905 3438 957 sive
3463 917 3607 956 mor-

2019 993 2120 1054 bus
2143 1039 2159 1063 ,
2194 997 2308 1051 sive
2349 995 2558 1067 quidvis
2603 994 2747 1049 aliud
2783 1013 2797 1048 :
2833 1010 2952 1048 nam
2989 1011 3110 1065 qua:
3140 994 3292 1050 nobis
3321 991 3607 1048 conferunt

2017 1087 2134 1160 ipse
2157 1090 2257 1144 scit
2283 1091 2450 1143 solus.
2485 1087 2624 1154 Quid
2649 1088 2782 1140 enim
2811 1103 3035 1153 oremus,
3068 1087 3262 1157 inquit,
3294 1087 3421 1141 sicut
3445 1103 3602 1156 opor-

2015 1191 2084 1238 tet
2112 1225 2128 1250 ,
2158 1183 2406 1238 nescimus
2439 1181 2457 1252 (
2492 1181 2643 1236 Rom.
2695 1181 2751 1236 8.
2800 1178 2932 1252 26).
2963 1180 3062 1246 Qui
3116 1195 3245 1249 ergo
3291 1195 3359 1235 ne
3406 1180 3604 1235 scimus

2013 1276 2228 1347 quidem
2273 1283 2456 1345 petere
2499 1272 2641 1343 quod
2689 1280 2944 1343 Oportet,
2992 1271 3093 1325 nisi
3124 1271 3370 1340 spiritum
3414 1286 3604 1341 appre-

2013 1369 2311 1426 hendatnus
2337 1411 2352 1434 ,
2402 1367 2679 1439 quomodo
2711 1382 2770 1420 ea
2798 1383 2916 1437 qme
2945 1365 3100 1420 nobis
3128 1365 3413 1420 conferunt
3458 1365 3601 1420 scia-

2011 1460 2172 1514 mus?
2197 1459 2521 1514 Studeamus
2547 1473 2674 1528 ergo
2697 1473 2793 1527 pro
2810 1457 3059 1512 omnibus
3085 1456 3280 1511 offerre
3306 1457 3599 1526 gratiarum

2010 1551 2634 1620 actionem,omniaque
2691 1550 2812 1604 forti
2860 1549 3040 1602 animo
3095 1547 3351 1602 feramus.
3404 1548 3600 1602 Sumus

2012 1643 2064 1696 in
2117 1650 2681 1713 paupertate,sumus
2731 1640 2784 1694 in
2842 1639 3052 1705 morbo,
3106 1639 3307 1709 gratias
3345 1654 3596 1709 agamus:

2008 1749 2129 1789 cum
2174 1734 2456 1788 calumniis
2500 1732 2840 1802 appetimur,
2883 1730 3097 1800 quando
3141 1729 3284 1786 male
3325 1730 3595 1799 Patimur,

2009 1841 2229 1896 agamus
2273 1825 2474 1894 gratias
2514 1841 2528 1878 :
2557 1822 2662 1880 hoc
2690 1822 2834 1878 enim
2876 1820 3004 1876 facit
3029 1828 3088 1874 ut
3133 1819 3300 1877 simus
3334 1821 3441 1874 Deo
3473 1835 3598 1890 pro-

2012 1920 2186 1988 pinqui
2223 1957 2239 1984 ,
2297 1928 2423 1971 tunc
2488 1917 2651 1971 etiam
2721 1915 2886 1970 Deum
2955 1912 3216 1967 habemus
3274 1911 3593 1965 debitorem.

2009 2009 2235 2077 Quando
2277 2019 2452 2062 autem
2481 2015 2603 2061 sunt
2650 2005 2802 2060 nobis
2846 2018 2931 2058 res
2963 2003 3215 2058 secunda:
3243 2011 3294 2054 et
3323 1998 3596 2054 beneficiis

2007 2103 2289 2165 :iffieimur,
2323 2103 2432 2156 Deo
2457 2115 2643 2155 sumus
2670 2098 2947 2154 debitores
2980 2114 2995 2150 :
3023 2095 3262 2160 alioquin
3289 2095 3448 2148 etiam
3481 2093 3597 2146 harc

2007 2209 2150 2262 εςιοιιο
2180 2206 2299 2248 sunt
2332 2195 2484 2246 nobis
2514 2194 2564 2244 in
2604 2175 2866 2260 judicium
2896 2230 2910 2250 ,
2959 2189 3046 2242 illa
3086 2202 3213 2240 vero
3241 2186 3303 2239 ad
3337 2185 3595 2240 cluentlas

2009 2301 2191 2355 pmuas
2234 2294 2596 2354 peccatorum.
2662 2281 2753 2335 Illa
2804 2279 3082 2334 attrahunt
3125 2276 3548 2332 misericordiam
3577 2319 3590 2338 ,

2008 2376 2095 2430 illa
2125 2377 2505 2446 benignitatem
2547 2384 2602 2429 et
2628 2372 2970 2427 clementiam
3013 2388 3027 2424 :
3073 2369 3187 2424 hinc
3212 2379 3391 2422 autem
3419 2369 3594 2422 extol-

2005 2466 2122 2523 Iunt
2145 2467 2305 2522 etiam
2334 2467 2399 2520 ad
2430 2465 2790 2536 arrogantiam
2820 2505 2833 2528 ,
2866 2461 3142 2516 deducunt
3167 2461 3231 2514 ad
3260 2461 3591 2522 socordiam,

2007 2569 2066 2620 ει
2106 2559 2344 2615 efficiunt
2375 2570 2430 2614 ut
2461 2574 2528 2613 ex
2561 2556 2838 2627 phantasia
2869 2555 2935 2610 de
2965 2554 3120 2608 nobis
3171 2568 3360 2623 magna
3402 2568 3594 2623 appre-

2009 2653 2304 2708 hendamus
2355 2668 2368 2703 :
2422 2651 2536 2704 base
2574 2664 2673 2703 nos
2718 2654 2998 2702 enervant.
3047 2647 3334 2713 Propterea
3382 2643 3594 2698 dicebat

2007 2745 2170 2800 etiam
2203 2741 2466 2810 Propheta
2493 2759 2505 2794 :
2538 2738 2739 2793 Bonum
2771 2737 2895 2791 milii
2925 2739 3044 2804 quia
3071 2736 3353 2789 luuniliasti
3380 2752 3456 2788 me
3485 2776 3498 2799 ,
3533 2745 3590 2788 ut

2005 2837 2198 2890 discam
2208 2833 2605 2905 justi/icationes
2634 2831 2931 2903 tuas(Psal.
2961 2830 3082 2884 II8.
3114 2831 3170 2883 7f
3189 2833 3226 2898 ).
3253 2829 3479 2897 Quando
3502 2831 3591 2885 he-

2007 2928 2198 2981 neficio
2229 2925 2452 2979 allectus
2473 2934 2525 2978 et
2546 2938 2575 2976 a
2616 2923 2770 2976 malis
2800 2921 3054 2975 liberatus
3086 2919 3178 2974 fuit
3209 2919 3462 2973 Ezechias
3488 2961 3500 2982 ,
3538 2922 3589 2975 iu

2007 3017 2398 3074 altumvelatum
2450 3023 2532 3069 est
2575 3028 2668 3068 cor
2693 3012 2809 3081 ejus
2849 3027 2863 3064 :
2905 3011 3118 3080 quando
3160 3018 3336 3064 autem
3364 3019 3590 3079 a'grota-

2007 3111 2078 3162 vit
2105 3152 2119 3172 ,
2151 3121 2276 3164 tunc
2313 3120 2395 3163 est
2417 3106 2727 3161 humiliatus
2752 3146 2766 3169 ,
2799 3114 2926 3158 tunc
2951 3103 3049 3156 fuit
3082 3104 3192 3157 Deo
3234 3103 3585 3174 prepinquus.

2008 3202 2224 3266 Quando
2250 3244 2264 3267 ,
2300 3201 2465 3270 inquit
2494 3242 2508 3266 ,
2539 3200 2793 3254 occidebat
2818 3213 2900 3253 eos
2925 3240 2940 3264 ,
2972 3209 3092 3252 tunc
3121 3201 3409 3267 qnwrcbant
3441 3213 3487 3248 τι
3509 3212 3579 3257 nr,

1998 3301 2044 3346 et
2089 3291 2503 3344 convertebantur
2550 3302 2596 3343 et
2645 3307 2791 3344 mane
2833 3291 3098 3343 veniebant
3141 3289 3208 3341 ad
3238 3305 3353 3341 eum
3402 3285 3579 3355 (Psnl.

1999 3385 2085 3438 77.
2119 3385 2224 3451 54)
2248 3400 2262 3448 ;
2296 3392 2352 3436 ct
2377 3397 2562 3437 rursus
2587 3423 2602 3447 ,
2637 3382 2853 3447 Quando
2887 3391 2960 3435 est
2981 3383 3289 3434 incrassatus
3311 3388 3356 3432 et
3382 3381 3574 3448 impin-

1997 3484 2196 3546 guatus,
2231 3474 2569 3528 recalcitravit
2599 3473 2814 3526 dilectus
2845 3473 2863 3542 (
2889 3471 3042 3524 Deut.
3077 3471 3167 3524 3?...
3205 3472 3272 3525 15
3302 3471 3342 3538 ).
3373 3469 3579 3538 Cogno-

1997 3567 2154 3620 scitur
2184 3567 2316 3618 enim
2345 3564 2592 3617 Dominus
2614 3563 2814 3632 judicia
2846 3564 3058 3631 faciens.
3095 3562 3340 3630 Magnum
3376 3561 3577 3614 bonum

1997 3669 2075 3714 est
2105 3660 2340 3712 afflictio.
2365 3659 2523 3712 Arcta
2553 3657 2693 3711 enim
2727 3665 2808 3710 est
2837 3657 2921 3708 via
2945 3672 2960 3710 :
2989 3655 3335 3725 quamobrem
3358 3653 3583 3708 afflictio

1998 3764 2096 3802 nos
2128 3749 2286 3803 tradit
2318 3749 2368 3802 in
2417 3756 2641 3802 arctam.
2675 3747 2773 3813 Qui
2805 3760 2910 3799 non
2959 3745 3231 3812 aflligitur,
3267 3760 3372 3797 non
3404 3754 3583 3814 potest

1999 3841 2215 3894 intrare.
2236 3839 2332 3907 Qui
2353 3839 2496 3894 enim
2517 3840 2565 3892 iu
2590 3848 2736 3891 arcta
2765 3837 2997 3906 seipsmn
3029 3835 3283 3906 amigttet
3307 3837 3519 3906 premit,
3541 3839 3584 3893 is

1998 3941 2080 3984 est
2098 3930 2260 3984 etiam
2285 3930 2371 3998 qui
2399 3929 2590 3982 fruitur
2615 3929 2798 3996 requie
2825 3944 2837 3979 :
2863 3929 2950 3996 qui
2977 3938 3152 3981 autem
3183 3929 3416 3996 seipsum
3445 3928 3582 3982 dila-

2000 4033 2094 4088 tat,
2117 4037 2287 4093 neque
2316 4021 2628 4092 ingreditur,
2646 4031 2697 4074 et
2718 4024 2977 4089 premitur
2997 4030 3262 4090 tamquam
3283 4035 3504 4083 cuneus,
3528 4032 3584 4074 ut

1999 4117 2072 4170 ita
2100 4116 2293 4182 dicam,
2323 4117 2526 4184 pulsus.
2562 4112 2699 4166 Audi
2733 4112 3004 4182 quomodo
3037 4113 3174 4167 hanc
3203 4124 3407 4166 arctam
3442 4115 3579 4168 viain

1999 4208 2272 4278 ingressus
2318 4215 2401 4259 est
2435 4204 2651 4260 Paulus.
2697 4203 2902 4272 (instiga
2933 4219 3118 4272 corp-us
3150 4221 3312 4256 meum
3335 4246 3348 4267 ,
3375 4205 3545 4271 inquit
3568 4248 3584 4272 ,

1999 4311 2045 4353 et
2086 4301 2138 4352 in
2182 4297 2465 4351 servitutem
2514 4295 2689 4365 redigo
2717 4295 2734 4363 (
2761 4296 2811 4348 l.
2846 4293 2962 4347 Cor.
3013 4294 3068 4349 9.
3111 4294 3180 4348 27
3203 4298 3246 4365 ).
3281 4297 3589 4369 Castigabat

1999 4405 2229 4461 corpus,
2283 4398 2339 4443 ut
2371 4399 2549 4459 posset
2593 4387 2796 4441 intrare
2849 4404 2862 4439 τ
2917 4396 3195 4454 propterea
3239 4389 3289 4440 in
3337 4389 3588 4442 omnibus

1999 4483 2376 4539 afflictionibus
2409 4481 2518 4534 Deo
2549 4488 2810 4549 perpetuo
2851 4479 3042 4547 agebat
3071 4479 3288 4546 gratias.
3338 4480 3586 4534 Pecuniis

1999 4591 2058 4631 es
2107 4573 2401 4629 multatus?
2451 4571 2550 4625 hoc
2583 4569 2882 4623 latitudinis
2914 4569 3138 4622 multum
3173 4570 3262 4621 tibi
3304 4572 3498 4623 attulit.
3543 4582 3582 4624 Α

1998 4667 2164 4738 gloria
2197 4663 2484 4720 excidisti?
2513 4663 2614 4717 alia
2645 4665 2757 4718 haec
2809 4663 3054 4716 latitudo.
3078 4662 3374 4716 Caltuuuiis
3405 4680 3462 4716 es
3490 4679 3586 4732 ap-

2002 4759 2231 4831 petitus?
2254 4759 2451 4814 crcdita
2473 4757 2621 4812 fuere
2638 4772 2755 4827 qua:
2779 4756 3035 4810 adversus
3059 4764 3108 4809 te
3133 4765 3254 4809 sunt
3272 4756 3432 4820 dicta,
3451 4772 3587 4822 quo—

2003 4871 2119 4908 rmn
2169 4867 2273 4906 non
2305 4867 2422 4904 eras
2463 4850 2553 4904 tibi
2586 4848 2859 4902 conscius?
2891 4849 3069 4901 lauare
3096 4857 3150 4900 et
3180 4847 3408 4906 exsulta.
3443 4847 3587 4898 Beati

2001 4948 2165 5009 enim,
2195 4945 2382 5013 inquit,
2415 4943 2550 5006 estis,
2584 4941 2788 5010 quando
2809 4957 2894 4994 vos
2928 4941 3123 5008 probris
3139 4938 3397 5004 affecerint
3425 4941 3588 4991 Immi-

2001 5054 2106 5102 nes,
2133 5046 2176 5088 et
2199 5034 2413 5088 dixerint
2437 5049 2581 5086 omne
2601 5034 2792 5085 malum
2814 5040 2989 5084 contra
3015 5047 3122 5093 vos,
3145 5031 3436 5082 mentientes
3464 5047 3589 5099 pro..-

2004 5140 2112 5198 pter
2146 5143 2242 5180 me.
2275 5125 2502 5180 Gaudete
2525 5134 2570 5177 et
2595 5124 2842 5177 exsultate
2865 5164 2879 5186 ,
2907 5121 3146 5190 quoniam
3192 5136 3380 5173 meras
3427 5132 3588 5173 vestra

2002 5223 2206 5292 capiosa
2231 5231 2301 5274 est
2333 5221 2384 5272 in
2407 5220 2543 5274 caelis
2567 5217 2781 5287 (Matth.
2802 5217 2852 5270 5.
2874 5216 2959 5269 II.
2993 5215 3104 5284 I2).
3138 5213 3274 5280 Quid
3306 5213 3516 5268 miraris
3545 5217 3590 5269 si

2007 5317 2216 5369 tristitia
2267 5311 2542 5374 afficeris,
2593 5320 2647 5364 et
2691 5311 2772 5363 vis
2821 5309 3030 5362 liberari
3076 5323 3105 5360 a
3167 5307 3593 5365 tentationibus?

2007 5406 2198 5460 Paulus
2229 5404 2393 5456 voluit.
2424 5402 2671 5466 liberari,
2723 5410 2778 5454 et
2807 5413 2950 5468 smpc
2984 5399 3150 5452 Deum
3194 5398 3440 5468 rogavit,
3488 5415 3588 5452 nec

2007 5496 2310 5565 impetravit
2342 5512 2354 5547 :
2390 5493 2516 5547 illud
2544 5491 2723 5556 enim,
2757 5500 2849 5552 ter,
2883 5503 3026 5555 satpe
3053 5487 3336 5558 significat.
3375 5489 3595 5552 Promu-

2004 5588 2139 5658 quod
2167 5597 2240 5641 ter
2264 5585 2562 5649 Dominum,
2589 5584 2777 5652 inquit,
2811 5582 2984 5653 rogavi
3013 5597 3033 5634 .'
3063 5593 3110 5634 et
3132 5582 3260 5635 dixit
3290 5582 3434 5647 mihi,
3464 5584 3590 5654 Suf—

2008 5683 2114 5751 ﬁcit
2146 5679 2235 5732 tibi
2265 5676 2432 5749 gratia
2458 5691 2569 5728 mea
2617 5689 2636 5728 :
2680 5675 2837 5727 virtus
2881 5672 3013 5728 enim
3061 5689 3171 5727 mea
3209 5674 3259 5727 in
3297 5674 3591 5742 inﬁrmitate-

2011 5778 2266 5848 per/icitur
2298 5775 2393 5845 (ΕΣ.
2431 5771 2549 5826 Cor.
2586 5771 2668 5824 12.
2703 5770 2752 5822 8.
2787 5767 2880 5834 9).
2917 5766 3286 5824 Infirmitatem
3335 5769 3422 5823 hic
3469 5769 3600 5824 dicit

2011 5870 2342 5925 aliiicaioues.
2375 5864 2508 5933 Quid
2544 5861 2717 5918 vero?
2745 5858 3006 5926 Quoniam
3041 5861 3153 5916 lnec
3183 5862 3402 5929 audivit,
3436 5873 3592 5933 grato

3156 5954 3226 6015 '15
