  <div class='ocr_page' id='page_1' title='image "/cluster/home/n/w/nwhite01/storage/ocr_20150623/63/mdp.39015008641394/235.png"; bbox 0 0 3970 6152; ppageno 0'>
   <div class='ocr_carea' id='block_1_1' title="bbox 382 317 473 374">
    <p class='ocr_par' dir='ltr' id='par_1_1' title="bbox 382 317 473 374">
     <span class='ocr_line' id='line_1_1' title="bbox 382 317 473 374; baseline 0 0"><span class='ocrx_word' id='word_1_1' title='bbox 382 317 473 374; x_wconf 78' lang='grc'><strong>231</strong></span> 
     </span>
    </p>
   </div>
   <div class='ocr_carea' id='block_1_2' title="bbox 385 407 1968 480">
    <p class='ocr_par' dir='ltr' id='par_1_2' title="bbox 385 407 1968 480">
     <span class='ocr_line' id='line_1_2' title="bbox 385 407 1968 480; baseline -0.003 -11"><span class='ocrx_word' id='word_1_2' title='bbox 385 415 566 469; x_wconf 81' lang='lat' dir='ltr'><strong>animo</strong></span> <span class='ocrx_word' id='word_1_3' title='bbox 611 411 725 466; x_wconf 60' lang='lat' dir='ltr'><strong>hinc</strong></span> <span class='ocrx_word' id='word_1_4' title='bbox 775 410 935 475; x_wconf 93' lang='lat' dir='ltr'><strong>tulit,</strong></span> <span class='ocrx_word' id='word_1_5' title='bbox 976 416 1029 462; x_wconf 89' lang='lat' dir='ltr'><strong>ct</strong></span> <span class='ocrx_word' id='word_1_6' title='bbox 1069 409 1239 462; x_wconf 88' lang='lat' dir='ltr'><strong>dicit:</strong></span> <span class='ocrx_word' id='word_1_7' title='bbox 1277 407 1552 479; x_wconf 73' lang='lat' dir='ltr'><strong>Propterea</strong></span> <span class='ocrx_word' id='word_1_8' title='bbox 1593 410 1787 480; x_wconf 71' lang='lat' dir='ltr'><strong>glorior</strong></span> <span class='ocrx_word' id='word_1_9' title='bbox 1813 410 1864 463; x_wconf 84' lang='lat' dir='ltr'><strong>tn</strong></span> <span class='ocrx_word' id='word_1_10' title='bbox 1885 409 1968 465; x_wconf 60' lang='lat' dir='ltr'><strong>ina-</strong></span> 
     </span>
    </p>
   </div>
   <div class='ocr_carea' id='block_1_3' title="bbox 388 500 1965 578">
    <p class='ocr_par' dir='ltr' id='par_1_3' title="bbox 388 500 1965 578">
     <span class='ocr_line' id='line_1_3' title="bbox 388 500 1965 578; baseline -0.002 -19"><span class='ocrx_word' id='word_1_11' title='bbox 388 505 714 578; x_wconf 63' lang='lat' dir='ltr'><strong>ﬁrntitatibtts</strong></span> <span class='ocrx_word' id='word_1_12' title='bbox 745 503 865 556; x_wconf 76' lang='lat' dir='ltr'><strong>meis</strong></span> <span class='ocrx_word' id='word_1_13' title='bbox 896 500 1019 572; x_wconf 83' lang='lat' dir='ltr'><strong>(Ib.</strong></span> <span class='ocrx_word' id='word_1_14' title='bbox 1054 517 1103 555; x_wconf 91' lang='lat' dir='ltr'><strong>v.</strong></span> <span class='ocrx_word' id='word_1_15' title='bbox 1156 500 1299 569; x_wconf 78' lang='lat'><strong>10);</strong></span> <span class='ocrx_word' id='word_1_16' title='bbox 1339 501 1441 557; x_wconf 88' lang='lat' dir='ltr'><strong>hoc</strong></span> <span class='ocrx_word' id='word_1_17' title='bbox 1465 511 1543 556; x_wconf 85' lang='lat' dir='ltr'><strong>est</strong></span> <span class='ocrx_word' id='word_1_18' title='bbox 1568 544 1582 565; x_wconf 91' lang='lat'><strong>,</strong></span> <span class='ocrx_word' id='word_1_19' title='bbox 1617 501 1746 556; x_wconf 86' lang='lat' dir='ltr'><strong>mihi</strong></span> <span class='ocrx_word' id='word_1_20' title='bbox 1779 502 1965 572; x_wconf 88' lang='lat' dir='ltr'><strong>placeo</strong></span> 
     </span>
    </p>
   </div>
   <div class='ocr_carea' id='block_1_4' title="bbox 383 590 1962 666">
    <p class='ocr_par' dir='ltr' id='par_1_4' title="bbox 383 590 1962 666">
     <span class='ocr_line' id='line_1_4' title="bbox 383 590 1962 666; baseline -0.006 -13"><span class='ocrx_word' id='word_1_21' title='bbox 383 600 439 653; x_wconf 86' lang='lat' dir='ltr'><strong>et</strong></span> <span class='ocrx_word' id='word_1_22' title='bbox 466 598 681 666; x_wconf 81' lang='lat' dir='ltr'><strong>quiesco</strong></span> <span class='ocrx_word' id='word_1_23' title='bbox 708 594 761 649; x_wconf 90' lang='lat' dir='ltr'><strong>in</strong></span> <span class='ocrx_word' id='word_1_24' title='bbox 789 590 1196 649; x_wconf 73' lang='lat' dir='ltr'><strong>afﬂictionibus.</strong></span> <span class='ocrx_word' id='word_1_25' title='bbox 1245 592 1351 648; x_wconf 85' lang='lat' dir='ltr'><strong>Pro</strong></span> <span class='ocrx_word' id='word_1_26' title='bbox 1392 593 1642 648; x_wconf 82' lang='lat' dir='ltr'><strong>omnibus</strong></span> <span class='ocrx_word' id='word_1_27' title='bbox 1667 600 1794 663; x_wconf 73' lang='lat' dir='ltr'><strong>ergo</strong></span> <span class='ocrx_word' id='word_1_28' title='bbox 1835 602 1962 663; x_wconf 77' lang='lat' dir='ltr'><strong>aga-</strong></span> 
     </span>
    </p>
   </div>
   <div class='ocr_carea' id='block_1_5' title="bbox 384 682 1961 756">
    <p class='ocr_par' dir='ltr' id='par_1_5' title="bbox 384 682 1961 756">
     <span class='ocr_line' id='line_1_5' title="bbox 384 682 1961 756; baseline -0.003 -14"><span class='ocrx_word' id='word_1_29' title='bbox 384 698 503 742; x_wconf 85' lang='lat' dir='ltr'><strong>mus</strong></span> <span class='ocrx_word' id='word_1_30' title='bbox 526 682 745 756; x_wconf 81' lang='lat' dir='ltr'><strong>gratias,</strong></span> <span class='ocrx_word' id='word_1_31' title='bbox 770 690 867 753; x_wconf 82' lang='lat' dir='ltr'><strong>pro</strong></span> <span class='ocrx_word' id='word_1_32' title='bbox 893 682 1052 738; x_wconf 80' lang='lat' dir='ltr'><strong>rebus</strong></span> <span class='ocrx_word' id='word_1_33' title='bbox 1073 682 1325 755; x_wconf 74' lang='lat' dir='ltr'><strong>seCundis</strong></span> <span class='ocrx_word' id='word_1_34' title='bbox 1350 693 1404 738; x_wconf 83' lang='lat' dir='ltr'><strong>et</strong></span> <span class='ocrx_word' id='word_1_35' title='bbox 1429 698 1524 753; x_wconf 88' lang='lat' dir='ltr'><strong>pro</strong></span> <span class='ocrx_word' id='word_1_36' title='bbox 1551 683 1961 739; x_wconf 75' lang='lat' dir='ltr'><strong>afﬂictionibus:</strong></span> 
     </span>
    </p>
   </div>
   <div class='ocr_carea' id='block_1_6' title="bbox 383 772 1964 845">
    <p class='ocr_par' dir='ltr' id='par_1_6' title="bbox 383 772 1964 845">
     <span class='ocr_line' id='line_1_6' title="bbox 383 772 1964 845; baseline -0.003 -14"><span class='ocrx_word' id='word_1_37' title='bbox 383 787 451 831; x_wconf 85' lang='lat' dir='ltr'><strong>ne</strong></span> <span class='ocrx_word' id='word_1_38' title='bbox 482 780 898 839; x_wconf 70' lang='lat' dir='ltr'><strong>murmur-emus,</strong></span> <span class='ocrx_word' id='word_1_39' title='bbox 923 786 991 830; x_wconf 90' lang='lat' dir='ltr'><strong>ne</strong></span> <span class='ocrx_word' id='word_1_40' title='bbox 1014 774 1416 845; x_wconf 80' lang='lat' dir='ltr'><strong>simusingrati.</strong></span> <span class='ocrx_word' id='word_1_41' title='bbox 1450 775 1544 828; x_wconf 87' lang='lat' dir='ltr'><strong>Dic</strong></span> <span class='ocrx_word' id='word_1_42' title='bbox 1564 784 1619 829; x_wconf 89' lang='lat' dir='ltr'><strong>et</strong></span> <span class='ocrx_word' id='word_1_43' title='bbox 1648 782 1704 827; x_wconf 90' lang='lat' dir='ltr'><strong>tu</strong></span> <span class='ocrx_word' id='word_1_44' title='bbox 1731 790 1746 827; x_wconf 90' lang='lat'><strong>:</strong></span> <span class='ocrx_word' id='word_1_45' title='bbox 1777 772 1964 827; x_wconf 76' lang='lat' dir='ltr'><strong>Nudus</strong></span> 
     </span>
    </p>
   </div>
   <div class='ocr_carea' id='block_1_7' title="bbox 381 865 1959 933">
    <p class='ocr_par' dir='ltr' id='par_1_7' title="bbox 381 865 1959 933">
     <span class='ocr_line' id='line_1_7' title="bbox 381 865 1959 933; baseline -0.002 -11"><span class='ocrx_word' id='word_1_46' title='bbox 381 869 512 922; x_wconf 75' lang='lat' dir='ltr'><strong>exivi</strong></span> <span class='ocrx_word' id='word_1_47' title='bbox 541 869 602 920; x_wconf 85' lang='lat' dir='ltr'><strong>de</strong></span> <span class='ocrx_word' id='word_1_48' title='bbox 620 874 791 921; x_wconf 77' lang='lat' dir='ltr'><strong>ventre</strong></span> <span class='ocrx_word' id='word_1_49' title='bbox 833 867 1010 920; x_wconf 76' lang='lat' dir='ltr'><strong>aratris</strong></span> <span class='ocrx_word' id='word_1_50' title='bbox 1039 878 1164 921; x_wconf 78' lang='lat' dir='ltr'><strong>mete</strong></span> <span class='ocrx_word' id='word_1_51' title='bbox 1187 907 1202 933; x_wconf 90' lang='lat'><strong>,</strong></span> <span class='ocrx_word' id='word_1_52' title='bbox 1242 877 1289 920; x_wconf 84' lang='lat' dir='ltr'><strong>et</strong></span> <span class='ocrx_word' id='word_1_53' title='bbox 1331 865 1499 920; x_wconf 78' lang='lat' dir='ltr'><strong>nudus</strong></span> <span class='ocrx_word' id='word_1_54' title='bbox 1539 866 1773 921; x_wconf 69' lang='lat' dir='ltr'><strong>excedam</strong></span> <span class='ocrx_word' id='word_1_55' title='bbox 1800 867 1817 929; x_wconf 87' lang='lat'><strong>(</strong></span> <span class='ocrx_word' id='word_1_56' title='bbox 1841 865 1959 919; x_wconf 79' lang='lat' dir='ltr'><strong>Iob.</strong></span> 
     </span>
    </p>
   </div>
   <div class='ocr_carea' id='block_1_8' title="bbox 382 952 1962 1030">
    <p class='ocr_par' dir='ltr' id='par_1_8' title="bbox 382 952 1962 1030">
     <span class='ocr_line' id='line_1_8' title="bbox 382 952 1962 1030; baseline -0.004 -17"><span class='ocrx_word' id='word_1_57' title='bbox 382 958 573 1030; x_wconf 60' lang='grc'><strong>[21).</strong></span> <span class='ocrx_word' id='word_1_58' title='bbox 606 952 720 1012; x_wconf 83' lang='lat' dir='ltr'><strong>Non</strong></span> <span class='ocrx_word' id='word_1_59' title='bbox 750 957 1041 1027; x_wconf 75' lang='lat' dir='ltr'><strong>provenisti</strong></span> <span class='ocrx_word' id='word_1_60' title='bbox 1064 957 1233 1026; x_wconf 80' lang='lat' dir='ltr'><strong>gloria</strong></span> <span class='ocrx_word' id='word_1_61' title='bbox 1262 955 1506 1027; x_wconf 74' lang='lat' dir='ltr'><strong>insignis;</strong></span> <span class='ocrx_word' id='word_1_62' title='bbox 1539 972 1606 1011; x_wconf 89' lang='lat' dir='ltr'><strong>ne</strong></span> <span class='ocrx_word' id='word_1_63' title='bbox 1625 966 1834 1027; x_wconf 66' lang='lat' dir='ltr'><strong>quarras</strong></span> <span class='ocrx_word' id='word_1_64' title='bbox 1849 956 1962 1026; x_wconf 86' lang='lat' dir='ltr'><strong>glo-</strong></span> 
     </span>
    </p>
   </div>
   <div class='ocr_carea' id='block_1_9' title="bbox 383 1042 1964 1116">
    <p class='ocr_par' dir='ltr' id='par_1_9' title="bbox 383 1042 1964 1116">
     <span class='ocr_line' id='line_1_9' title="bbox 383 1042 1964 1116; baseline -0.003 -12"><span class='ocrx_word' id='word_1_65' title='bbox 383 1050 540 1104; x_wconf 83' lang='lat' dir='ltr'><strong>riam.</strong></span> <span class='ocrx_word' id='word_1_66' title='bbox 589 1042 774 1104; x_wconf 76' lang='lat' dir='ltr'><strong>Nndus</strong></span> <span class='ocrx_word' id='word_1_67' title='bbox 805 1055 910 1103; x_wconf 78' lang='lat' dir='ltr'><strong>neu</strong></span> <span class='ocrx_word' id='word_1_68' title='bbox 942 1049 1116 1102; x_wconf 82' lang='lat' dir='ltr'><strong>Solum</strong></span> <span class='ocrx_word' id='word_1_69' title='bbox 1150 1049 1389 1116; x_wconf 86' lang='lat' dir='ltr'><strong>pecuniis</strong></span> <span class='ocrx_word' id='word_1_70' title='bbox 1412 1090 1427 1110; x_wconf 91' lang='lat'><strong>,</strong></span> <span class='ocrx_word' id='word_1_71' title='bbox 1477 1047 1570 1101; x_wconf 79' lang='lat' dir='ltr'><strong>sed</strong></span> <span class='ocrx_word' id='word_1_72' title='bbox 1602 1048 1764 1102; x_wconf 90' lang='lat' dir='ltr'><strong>etiam</strong></span> <span class='ocrx_word' id='word_1_73' title='bbox 1794 1046 1964 1114; x_wconf 78' lang='lat' dir='ltr'><strong>gloria</strong></span> 
     </span>
    </p>
   </div>
   <div class='ocr_carea' id='block_1_10' title="bbox 388 1139 1888 1210">
    <p class='ocr_par' dir='ltr' id='par_1_10' title="bbox 388 1139 1888 1210">
     <span class='ocr_line' id='line_1_10' title="bbox 388 1139 1888 1210; baseline -0.002 -14"><span class='ocrx_word' id='word_1_74' title='bbox 388 1148 444 1196; x_wconf 84' lang='lat' dir='ltr'><strong>et</strong></span> <span class='ocrx_word' id='word_1_75' title='bbox 477 1142 615 1197; x_wconf 84' lang='lat' dir='ltr'><strong>bona</strong></span> <span class='ocrx_word' id='word_1_76' title='bbox 647 1141 1042 1196; x_wconf 77' lang='lat' dir='ltr'><strong>existimatioiie</strong></span> <span class='ocrx_word' id='word_1_77' title='bbox 1070 1144 1342 1210; x_wconf 84' lang='lat' dir='ltr'><strong>ingressus</strong></span> <span class='ocrx_word' id='word_1_78' title='bbox 1370 1148 1430 1194; x_wconf 87' lang='lat' dir='ltr'><strong>es</strong></span> <span class='ocrx_word' id='word_1_79' title='bbox 1458 1139 1509 1193; x_wconf 89' lang='lat' dir='ltr'><strong>in</strong></span> <span class='ocrx_word' id='word_1_80' title='bbox 1541 1139 1678 1194; x_wconf 87' lang='lat' dir='ltr'><strong>hanc</strong></span> <span class='ocrx_word' id='word_1_81' title='bbox 1702 1139 1888 1193; x_wconf 83' lang='lat' dir='ltr'><strong>vitam.</strong></span> 
     </span>
    </p>
   </div>
   <div class='ocr_carea' id='block_1_11' title="bbox 453 1229 1966 1302">
    <p class='ocr_par' dir='ltr' id='par_1_11' title="bbox 453 1229 1966 1302">
     <span class='ocr_line' id='line_1_11' title="bbox 453 1229 1966 1302; baseline -0.001 -16"><span class='ocrx_word' id='word_1_82' title='bbox 453 1229 660 1287; x_wconf 75' lang='lat' dir='ltr'><strong>Dibitite</strong></span> <span class='ocrx_word' id='word_1_83' title='bbox 695 1232 1110 1302; x_wconf 76' lang='lat' dir='ltr'><strong>impedimentum</strong></span> <span class='ocrx_word' id='word_1_84' title='bbox 1151 1230 1220 1283; x_wconf 77' lang='lat' dir='ltr'><strong>ad</strong></span> <span class='ocrx_word' id='word_1_85' title='bbox 1258 1233 1493 1285; x_wconf 71' lang='lat' dir='ltr'><strong>salutem.</strong></span> <span class='ocrx_word' id='word_1_86' title='bbox 1521 1260 1591 1272; x_wconf 90' lang='lat'><strong><em>—</em></strong></span> <span class='ocrx_word' id='word_1_87' title='bbox 1618 1231 1802 1301; x_wconf 83' lang='lat' dir='ltr'><strong>Cogita</strong></span> <span class='ocrx_word' id='word_1_88' title='bbox 1833 1239 1966 1299; x_wconf 85' lang='lat' dir='ltr'><strong>quot</strong></span> 
     </span>
    </p>
   </div>
   <div class='ocr_carea' id='block_1_12' title="bbox 383 1321 1963 1393">
    <p class='ocr_par' dir='ltr' id='par_1_12' title="bbox 383 1321 1963 1393">
     <span class='ocr_line' id='line_1_12' title="bbox 383 1321 1963 1393; baseline -0.001 -15"><span class='ocrx_word' id='word_1_89' title='bbox 383 1324 526 1378; x_wconf 78' lang='lat' dir='ltr'><strong>mala</strong></span> <span class='ocrx_word' id='word_1_90' title='bbox 566 1337 711 1392; x_wconf 70' lang='lat' dir='ltr'><strong>saepe</strong></span> <span class='ocrx_word' id='word_1_91' title='bbox 754 1332 874 1377; x_wconf 87' lang='lat' dir='ltr'><strong>orta</strong></span> <span class='ocrx_word' id='word_1_92' title='bbox 914 1331 1043 1376; x_wconf 86' lang='lat' dir='ltr'><strong>sunt</strong></span> <span class='ocrx_word' id='word_1_93' title='bbox 1084 1337 1147 1376; x_wconf 77' lang='lat' dir='ltr'><strong>ex</strong></span> <span class='ocrx_word' id='word_1_94' title='bbox 1191 1322 1468 1392; x_wconf 84' lang='lat' dir='ltr'><strong>pecuniis;</strong></span> <span class='ocrx_word' id='word_1_95' title='bbox 1501 1323 1608 1377; x_wconf 91' lang='lat' dir='ltr'><strong>imo</strong></span> <span class='ocrx_word' id='word_1_96' title='bbox 1638 1323 1815 1393; x_wconf 82' lang='lat' dir='ltr'><strong>potius</strong></span> <span class='ocrx_word' id='word_1_97' title='bbox 1841 1321 1963 1376; x_wconf 84' lang='lat' dir='ltr'><strong>audi</strong></span> 
     </span>
    </p>
   </div>
   <div class='ocr_carea' id='block_1_13' title="bbox 383 1408 1966 1486">
    <p class='ocr_par' dir='ltr' id='par_1_13' title="bbox 383 1408 1966 1486">
     <span class='ocr_line' id='line_1_13' title="bbox 383 1408 1966 1486; baseline 0 -17"><span class='ocrx_word' id='word_1_98' title='bbox 383 1415 512 1486; x_wconf 80' lang='lat' dir='ltr'><strong>quid</strong></span> <span class='ocrx_word' id='word_1_99' title='bbox 538 1414 681 1470; x_wconf 88' lang='lat' dir='ltr'><strong>dicat</strong></span> <span class='ocrx_word' id='word_1_100' title='bbox 704 1415 949 1470; x_wconf 82' lang='lat' dir='ltr'><strong>Christus</strong></span> <span class='ocrx_word' id='word_1_101' title='bbox 971 1431 984 1468; x_wconf 90' lang='lat'>:</span> <span class='ocrx_word' id='word_1_102' title='bbox 1010 1408 1241 1468; x_wconf 81' lang='lat' dir='ltr'><strong>Facilius</strong></span> <span class='ocrx_word' id='word_1_103' title='bbox 1266 1424 1360 1482; x_wconf 79' lang='lat' dir='ltr'><strong>est,</strong></span> <span class='ocrx_word' id='word_1_104' title='bbox 1394 1415 1585 1485; x_wconf 84' lang='lat' dir='ltr'><strong>inquit,</strong></span> <span class='ocrx_word' id='word_1_105' title='bbox 1616 1416 1861 1469; x_wconf 76' lang='lat' dir='ltr'><strong>cautelam</strong></span> <span class='ocrx_word' id='word_1_106' title='bbox 1885 1416 1966 1469; x_wconf 88' lang='lat' dir='ltr'><strong>in-</strong></span> 
     </span>
    </p>
   </div>
   <div class='ocr_carea' id='block_1_14' title="bbox 386 1506 1966 1579">
    <p class='ocr_par' dir='ltr' id='par_1_14' title="bbox 386 1506 1966 1579">
     <span class='ocr_line' id='line_1_14' title="bbox 386 1506 1966 1579; baseline 0 -17"><span class='ocrx_word' id='word_1_107' title='bbox 386 1518 523 1562; x_wconf 77' lang='lat' dir='ltr'><strong>trare</strong></span> <span class='ocrx_word' id='word_1_108' title='bbox 549 1524 635 1577; x_wconf 84' lang='lat' dir='ltr'><strong>per</strong></span> <span class='ocrx_word' id='word_1_109' title='bbox 660 1510 889 1579; x_wconf 76' lang='lat' dir='ltr'><strong>foramen</strong></span> <span class='ocrx_word' id='word_1_110' title='bbox 911 1521 1054 1570; x_wconf 74' lang='lat' dir='ltr'><strong>acus,</strong></span> <span class='ocrx_word' id='word_1_111' title='bbox 1076 1522 1226 1575; x_wconf 82' lang='lat' dir='ltr'><strong>quant</strong></span> <span class='ocrx_word' id='word_1_112' title='bbox 1249 1506 1449 1560; x_wconf 77' lang='lat' dir='ltr'><strong>divitem</strong></span> <span class='ocrx_word' id='word_1_113' title='bbox 1468 1507 1663 1562; x_wconf 80' lang='lat' dir='ltr'><strong>intrare</strong></span> <span class='ocrx_word' id='word_1_114' title='bbox 1682 1508 1734 1560; x_wconf 89' lang='lat' dir='ltr'><strong>in</strong></span> <span class='ocrx_word' id='word_1_115' title='bbox 1753 1516 1966 1577; x_wconf 75' lang='lat' dir='ltr'><strong>regnum</strong></span> 
     </span>
    </p>
   </div>
   <div class='ocr_carea' id='block_1_15' title="bbox 383 1592 1966 1669">
    <p class='ocr_par' dir='ltr' id='par_1_15' title="bbox 383 1592 1966 1669">
     <span class='ocr_line' id='line_1_15' title="bbox 383 1592 1966 1669; baseline -0.001 -16"><span class='ocrx_word' id='word_1_116' title='bbox 383 1598 624 1653; x_wconf 66' lang='lat' dir='ltr'><strong>«ciorum</strong></span> <span class='ocrx_word' id='word_1_117' title='bbox 652 1596 866 1669; x_wconf 76' lang='lat' dir='ltr'><strong>(Matth.</strong></span> <span class='ocrx_word' id='word_1_118' title='bbox 904 1597 989 1653; x_wconf 82' lang='lat' dir='ltr'><strong>l9.</strong></span> <span class='ocrx_word' id='word_1_119' title='bbox 1013 1592 1129 1665; x_wconf 53' lang='grc' dir='ltr'><strong>ΞΛ).</strong></span> <span class='ocrx_word' id='word_1_120' title='bbox 1159 1597 1321 1652; x_wconf 82' lang='lat' dir='ltr'><strong>Vides</strong></span> <span class='ocrx_word' id='word_1_121' title='bbox 1351 1605 1480 1668; x_wconf 82' lang='lat' dir='ltr'><strong>quot</strong></span> <span class='ocrx_word' id='word_1_122' title='bbox 1511 1599 1770 1653; x_wconf 85' lang='lat' dir='ltr'><strong>bonorum</strong></span> <span class='ocrx_word' id='word_1_123' title='bbox 1800 1600 1966 1669; x_wconf 84' lang='lat' dir='ltr'><strong>impe-</strong></span> 
     </span>
    </p>
   </div>
   <div class='ocr_carea' id='block_1_16' title="bbox 384 1689 1967 1761">
    <p class='ocr_par' dir='ltr' id='par_1_16' title="bbox 384 1689 1967 1761">
     <span class='ocr_line' id='line_1_16' title="bbox 384 1689 1967 1761; baseline 0.001 -16"><span class='ocrx_word' id='word_1_124' title='bbox 384 1691 680 1746; x_wconf 85' lang='lat' dir='ltr'><strong>dimentum</strong></span> <span class='ocrx_word' id='word_1_125' title='bbox 724 1694 851 1744; x_wconf 81' lang='lat' dir='ltr'><strong>sunt</strong></span> <span class='ocrx_word' id='word_1_126' title='bbox 879 1689 1080 1745; x_wconf 66' lang='lat' dir='ltr'><strong>divitiae</strong></span> <span class='ocrx_word' id='word_1_127' title='bbox 1100 1732 1114 1754; x_wconf 93' lang='lat'><strong>,</strong></span> <span class='ocrx_word' id='word_1_128' title='bbox 1146 1701 1201 1745; x_wconf 90' lang='lat' dir='ltr'><strong>et</strong></span> <span class='ocrx_word' id='word_1_129' title='bbox 1229 1698 1283 1744; x_wconf 88' lang='lat' dir='ltr'><strong>tu</strong></span> <span class='ocrx_word' id='word_1_130' title='bbox 1314 1694 1511 1761; x_wconf 68' lang='lat' dir='ltr'><strong>quaeris</strong></span> <span class='ocrx_word' id='word_1_131' title='bbox 1543 1691 1806 1746; x_wconf 88' lang='lat' dir='ltr'><strong>ditescere</strong></span> <span class='ocrx_word' id='word_1_132' title='bbox 1831 1709 1843 1744; x_wconf 92' lang='lat'><strong>:</strong></span> <span class='ocrx_word' id='word_1_133' title='bbox 1868 1706 1967 1747; x_wconf 85' lang='lat' dir='ltr'><strong>nec</strong></span> 
     </span>
    </p>
   </div>
   <div class='ocr_carea' id='block_1_17' title="bbox 383 1781 1966 1853">
    <p class='ocr_par' dir='ltr' id='par_1_17' title="bbox 383 1781 1966 1853">
     <span class='ocr_line' id='line_1_17' title="bbox 383 1781 1966 1853; baseline -0.001 -14"><span class='ocrx_word' id='word_1_134' title='bbox 383 1785 438 1839; x_wconf 86' lang='lat' dir='ltr'><strong>in</strong></span> <span class='ocrx_word' id='word_1_135' title='bbox 469 1790 779 1853; x_wconf 79' lang='lat' dir='ltr'><strong>paupertate</strong></span> <span class='ocrx_word' id='word_1_136' title='bbox 808 1781 1037 1853; x_wconf 82' lang='lat' dir='ltr'><strong>gaudes,</strong></span> <span class='ocrx_word' id='word_1_137' title='bbox 1070 1782 1210 1852; x_wconf 82' lang='lat' dir='ltr'><strong>quod</strong></span> <span class='ocrx_word' id='word_1_138' title='bbox 1241 1782 1310 1836; x_wconf 86' lang='lat' dir='ltr'><strong>sit</strong></span> <span class='ocrx_word' id='word_1_139' title='bbox 1337 1790 1580 1837; x_wconf 81' lang='lat' dir='ltr'><strong>eversum</strong></span> <span class='ocrx_word' id='word_1_140' title='bbox 1612 1782 1966 1853; x_wconf 84' lang='lat' dir='ltr'><strong>impedimen-</strong></span> 
     </span>
    </p>
   </div>
   <div class='ocr_carea' id='block_1_18' title="bbox 294 1874 1962 1947">
    <p class='ocr_par' dir='ltr' id='par_1_18' title="bbox 294 1874 1962 1947">
     <span class='ocr_line' id='line_1_18' title="bbox 294 1874 1962 1947; baseline -0.001 -16"><span class='ocrx_word' id='word_1_141' title='bbox 294 1912 301 1917; x_wconf 84' lang='lat'><strong>-</strong></span> <span class='ocrx_word' id='word_1_142' title='bbox 381 1876 531 1931; x_wconf 85' lang='lat' dir='ltr'><strong>tum?</strong></span> <span class='ocrx_word' id='word_1_143' title='bbox 561 1875 711 1932; x_wconf 75' lang='lat' dir='ltr'><strong>Adeo</strong></span> <span class='ocrx_word' id='word_1_144' title='bbox 737 1882 818 1930; x_wconf 89' lang='lat' dir='ltr'><strong>est</strong></span> <span class='ocrx_word' id='word_1_145' title='bbox 847 1884 1070 1945; x_wconf 84' lang='lat' dir='ltr'><strong>angusta</strong></span> <span class='ocrx_word' id='word_1_146' title='bbox 1110 1875 1191 1929; x_wconf 66' lang='lat' dir='ltr'><strong>Via</strong></span> <span class='ocrx_word' id='word_1_147' title='bbox 1237 1891 1356 1945; x_wconf 72' lang='lat' dir='ltr'><strong>qua:</strong></span> <span class='ocrx_word' id='word_1_148' title='bbox 1402 1874 1551 1930; x_wconf 84' lang='lat' dir='ltr'><strong>ducit</strong></span> <span class='ocrx_word' id='word_1_149' title='bbox 1594 1875 1660 1931; x_wconf 81' lang='lat' dir='ltr'><strong>ad</strong></span> <span class='ocrx_word' id='word_1_150' title='bbox 1701 1886 1962 1947; x_wconf 76' lang='lat' dir='ltr'><strong>regnum:</strong></span> 
     </span>
    </p>
   </div>
   <div class='ocr_carea' id='block_1_19' title="bbox 377 1967 1963 2038">
    <p class='ocr_par' dir='ltr' id='par_1_19' title="bbox 377 1967 1963 2038">
     <span class='ocr_line' id='line_1_19' title="bbox 377 1967 1963 2038; baseline 0.001 -16"><span class='ocrx_word' id='word_1_151' title='bbox 377 1969 514 2022; x_wconf 67' lang='lat' dir='ltr'><strong>adeo</strong></span> <span class='ocrx_word' id='word_1_152' title='bbox 553 1968 674 2023; x_wconf 65' lang='lat' dir='ltr'><strong>latae</strong></span> <span class='ocrx_word' id='word_1_153' title='bbox 714 1977 841 2022; x_wconf 87' lang='lat' dir='ltr'><strong>sunt</strong></span> <span class='ocrx_word' id='word_1_154' title='bbox 868 1967 1069 2023; x_wconf 63' lang='lat' dir='ltr'><strong>divitia:</strong></span> <span class='ocrx_word' id='word_1_155' title='bbox 1092 2010 1108 2033; x_wconf 92' lang='lat'><strong>,</strong></span> <span class='ocrx_word' id='word_1_156' title='bbox 1141 1968 1393 2038; x_wconf 84' lang='lat' dir='ltr'><strong>maleque</strong></span> <span class='ocrx_word' id='word_1_157' title='bbox 1430 1967 1605 2037; x_wconf 79' lang='lat' dir='ltr'><strong>pleme</strong></span> <span class='ocrx_word' id='word_1_158' title='bbox 1636 1970 1963 2024; x_wconf 54' lang='lat' dir='ltr'><strong>ac‘tomore.</strong></span> 
     </span>
    </p>
   </div>
   <div class='ocr_carea' id='block_1_20' title="bbox 1110 302 2919 367">
    <p class='ocr_par' dir='ltr' id='par_1_20' title="bbox 1110 302 2919 367">
     <span class='ocr_line' id='line_1_20' title="bbox 1110 302 2919 367; baseline -0.003 0"><span class='ocrx_word' id='word_1_159' title='bbox 1110 317 1163 367; x_wconf 74' lang='lat' dir='ltr'><strong>S.</strong></span> <span class='ocrx_word' id='word_1_160' title='bbox 1207 311 1481 367; x_wconf 82' lang='lat' dir='ltr'><strong>J()\NNlS</strong></span> <span class='ocrx_word' id='word_1_161' title='bbox 1516 302 1988 366; x_wconf 73' lang='lat' dir='ltr'><strong>CIIRVSOSTOMI</strong></span> <span class='ocrx_word' id='word_1_162' title='bbox 2029 304 2341 365; x_wconf 70' lang='lat' dir='ltr'><strong>ARCHIEP.</strong></span> <span class='ocrx_word' id='word_1_163' title='bbox 2381 304 2919 365; x_wconf 71' lang='lat' dir='ltr'><strong>CONSTANTINOP.</strong></span> 
     </span>
    </p>
   </div>
   <div class='ocr_carea' id='block_1_21' title="bbox 3558 305 3666 364">
    <p class='ocr_par' dir='ltr' id='par_1_21' title="bbox 3558 305 3666 364">
     <span class='ocr_line' id='line_1_21' title="bbox 3558 305 3666 364; baseline -0.019 -1"><span class='ocrx_word' id='word_1_164' title='bbox 3558 305 3666 364; x_wconf 69' lang='lat'><strong>232</strong></span> 
     </span>
    </p>
   </div>
   <div class='ocr_carea' id='block_1_22' title="bbox 2073 407 3645 486">
    <p class='ocr_par' dir='ltr' id='par_1_22' title="bbox 2073 407 3645 486">
     <span class='ocr_line' id='line_1_22' title="bbox 2073 407 3645 486; baseline 0.005 -20"><span class='ocrx_word' id='word_1_165' title='bbox 2073 408 2359 479; x_wconf 72' lang='lat' dir='ltr'><strong>Propterea</strong></span> <span class='ocrx_word' id='word_1_166' title='bbox 2384 407 2533 476; x_wconf 83' lang='lat' dir='ltr'><strong>dicit,</strong></span> <span class='ocrx_word' id='word_1_167' title='bbox 2565 408 2735 465; x_wconf 78' lang='lat' dir='ltr'><strong>Vende</strong></span> <span class='ocrx_word' id='word_1_168' title='bbox 2745 428 2858 480; x_wconf 68' lang='lat' dir='ltr'><strong>qm:</strong></span> <span class='ocrx_word' id='word_1_169' title='bbox 2872 410 3244 481; x_wconf 70' lang='lat' dir='ltr'><strong>habeswttttit.</strong></span> <span class='ocrx_word' id='word_1_170' title='bbox 3261 412 3536 486; x_wconf 78' lang='lat' dir='ltr'><strong>t9.2l),ut</strong></span> <span class='ocrx_word' id='word_1_171' title='bbox 3556 418 3645 475; x_wconf 72' lang='lat' dir='ltr'><strong>illa</strong></span> 
     </span>
    </p>
   </div>
   <div class='ocr_carea' id='block_1_23' title="bbox 2070 501 3647 574">
    <p class='ocr_par' dir='ltr' id='par_1_23' title="bbox 2070 501 3647 574">
     <span class='ocr_line' id='line_1_23' title="bbox 2070 501 3647 574; baseline 0.006 -19"><span class='ocrx_word' id='word_1_172' title='bbox 2070 502 2152 556; x_wconf 83' lang='lat' dir='ltr'><strong>via</strong></span> <span class='ocrx_word' id='word_1_173' title='bbox 2191 509 2243 557; x_wconf 87' lang='lat' dir='ltr'><strong>te</strong></span> <span class='ocrx_word' id='word_1_174' title='bbox 2269 502 2549 572; x_wconf 70' lang='lat' dir='ltr'><strong>suaclpiat.</strong></span> <span class='ocrx_word' id='word_1_175' title='bbox 2580 501 2690 557; x_wconf 82' lang='lat' dir='ltr'><strong>Cur</strong></span> <span class='ocrx_word' id='word_1_176' title='bbox 2714 504 2866 571; x_wconf 86' lang='lat' dir='ltr'><strong>cupis</strong></span> <span class='ocrx_word' id='word_1_177' title='bbox 2912 503 3208 572; x_wconf 79' lang='lat' dir='ltr'><strong>pecunias?</strong></span> <span class='ocrx_word' id='word_1_178' title='bbox 3239 512 3520 574; x_wconf 75' lang='lat' dir='ltr'><strong>propterea</strong></span> <span class='ocrx_word' id='word_1_179' title='bbox 3555 521 3647 565; x_wconf 77' lang='lat' dir='ltr'><strong>eas</strong></span> 
     </span>
    </p>
   </div>
   <div class='ocr_carea' id='block_1_24' title="bbox 2071 592 3647 665">
    <p class='ocr_par' dir='ltr' id='par_1_24' title="bbox 2071 592 3647 665">
     <span class='ocr_line' id='line_1_24' title="bbox 2071 592 3647 665; baseline 0.004 -19"><span class='ocrx_word' id='word_1_180' title='bbox 2071 593 2163 646; x_wconf 83' lang='lat' dir='ltr'><strong>tibi</strong></span> <span class='ocrx_word' id='word_1_181' title='bbox 2188 592 2431 659; x_wconf 71' lang='lat' dir='ltr'><strong>abstuiit,</strong></span> <span class='ocrx_word' id='word_1_182' title='bbox 2458 604 2517 646; x_wconf 90' lang='lat' dir='ltr'><strong>ut</strong></span> <span class='ocrx_word' id='word_1_183' title='bbox 2545 599 2598 647; x_wconf 89' lang='lat' dir='ltr'><strong>te</strong></span> <span class='ocrx_word' id='word_1_184' title='bbox 2629 592 2818 648; x_wconf 82' lang='lat' dir='ltr'><strong>liberet</strong></span> <span class='ocrx_word' id='word_1_185' title='bbox 2845 607 2873 644; x_wconf 87' lang='lat' dir='ltr'><strong>a</strong></span> <span class='ocrx_word' id='word_1_186' title='bbox 2905 593 3183 648; x_wconf 81' lang='lat' dir='ltr'><strong>servitute.</strong></span> <span class='ocrx_word' id='word_1_187' title='bbox 3212 593 3346 650; x_wconf 74' lang='lat' dir='ltr'><strong>Nam</strong></span> <span class='ocrx_word' id='word_1_188' title='bbox 3375 597 3488 651; x_wconf 81' lang='lat' dir='ltr'><strong>veri</strong></span> <span class='ocrx_word' id='word_1_189' title='bbox 3514 610 3647 665; x_wconf 80' lang='lat' dir='ltr'><strong>quo-</strong></span> 
     </span>
    </p>
   </div>
   <div class='ocr_carea' id='block_1_25' title="bbox 2068 685 3646 756">
    <p class='ocr_par' dir='ltr' id='par_1_25' title="bbox 2068 685 3646 756">
     <span class='ocr_line' id='line_1_25' title="bbox 2068 685 3646 756; baseline 0.006 -19"><span class='ocrx_word' id='word_1_190' title='bbox 2068 700 2174 755; x_wconf 89' lang='lat' dir='ltr'><strong>que</strong></span> <span class='ocrx_word' id='word_1_191' title='bbox 2201 695 2415 754; x_wconf 85' lang='lat' dir='ltr'><strong>patres,</strong></span> <span class='ocrx_word' id='word_1_192' title='bbox 2446 698 2569 740; x_wconf 85' lang='lat' dir='ltr'><strong>eum</strong></span> <span class='ocrx_word' id='word_1_193' title='bbox 2620 686 2763 740; x_wconf 81' lang='lat' dir='ltr'><strong>ﬁlius</strong></span> <span class='ocrx_word' id='word_1_194' title='bbox 2818 685 2980 740; x_wconf 86' lang='lat' dir='ltr'><strong>fuerit</strong></span> <span class='ocrx_word' id='word_1_195' title='bbox 3025 697 3310 756; x_wconf 81' lang='lat' dir='ltr'><strong>corruptus</strong></span> <span class='ocrx_word' id='word_1_196' title='bbox 3359 701 3646 746; x_wconf 79' lang='lat' dir='ltr'><strong>consuetu-</strong></span> 
     </span>
    </p>
   </div>
   <div class='ocr_carea' id='block_1_26' title="bbox 2068 775 3646 846">
    <p class='ocr_par' dir='ltr' id='par_1_26' title="bbox 2068 775 3646 846">
     <span class='ocr_line' id='line_1_26' title="bbox 2068 775 3646 846; baseline 0.006 -19"><span class='ocrx_word' id='word_1_197' title='bbox 2068 776 2194 830; x_wconf 84' lang='lat' dir='ltr'><strong>diue</strong></span> <span class='ocrx_word' id='word_1_198' title='bbox 2237 775 2462 845; x_wconf 82' lang='lat' dir='ltr'><strong>alicujus</strong></span> <span class='ocrx_word' id='word_1_199' title='bbox 2508 777 2825 838; x_wconf 78' lang='lat' dir='ltr'><strong>meretricis.</strong></span> <span class='ocrx_word' id='word_1_200' title='bbox 2858 787 2911 832; x_wconf 91' lang='lat' dir='ltr'><strong>et</strong></span> <span class='ocrx_word' id='word_1_201' title='bbox 2959 777 3005 832; x_wconf 90' lang='lat' dir='ltr'><strong>ei</strong></span> <span class='ocrx_word' id='word_1_202' title='bbox 3036 793 3178 846; x_wconf 80' lang='lat' dir='ltr'><strong>smpe</strong></span> <span class='ocrx_word' id='word_1_203' title='bbox 3221 778 3499 835; x_wconf 76' lang='lat' dir='ltr'><strong>admonito</strong></span> <span class='ocrx_word' id='word_1_204' title='bbox 3544 799 3646 837; x_wconf 86' lang='lat' dir='ltr'><strong>non</strong></span> 
     </span>
    </p>
   </div>
   <div class='ocr_carea' id='block_1_27' title="bbox 2068 868 3649 941">
    <p class='ocr_par' dir='ltr' id='par_1_27' title="bbox 2068 868 3649 941">
     <span class='ocr_line' id='line_1_27' title="bbox 2068 868 3649 941; baseline 0.004 -20"><span class='ocrx_word' id='word_1_205' title='bbox 2068 871 2397 934; x_wconf 82' lang='lat' dir='ltr'><strong>persuaserit</strong></span> <span class='ocrx_word' id='word_1_206' title='bbox 2438 877 2495 921; x_wconf 86' lang='lat' dir='ltr'><strong>ut</strong></span> <span class='ocrx_word' id='word_1_207' title='bbox 2534 868 2603 922; x_wconf 92' lang='lat' dir='ltr'><strong>ab</strong></span> <span class='ocrx_word' id='word_1_208' title='bbox 2643 883 2707 922; x_wconf 87' lang='lat' dir='ltr'><strong>ea</strong></span> <span class='ocrx_word' id='word_1_209' title='bbox 2756 868 3026 932; x_wconf 81' lang='lat' dir='ltr'><strong>discedat,</strong></span> <span class='ocrx_word' id='word_1_210' title='bbox 3087 871 3422 926; x_wconf 83' lang='lat' dir='ltr'><strong>meretricem</strong></span> <span class='ocrx_word' id='word_1_211' title='bbox 3468 874 3649 941; x_wconf 74' lang='lat' dir='ltr'><strong>procut</strong></span> 
     </span>
    </p>
   </div>
   <div class='ocr_carea' id='block_1_28' title="bbox 2067 958 3650 1030">
    <p class='ocr_par' dir='ltr' id='par_1_28' title="bbox 2067 958 3650 1030">
     <span class='ocr_line' id='line_1_28' title="bbox 2067 958 3650 1030; baseline 0.005 -19"><span class='ocrx_word' id='word_1_212' title='bbox 2067 959 2377 1013; x_wconf 82' lang='lat' dir='ltr'><strong>ainandant.</strong></span> <span class='ocrx_word' id='word_1_213' title='bbox 2422 958 2569 1013; x_wconf 83' lang='lat' dir='ltr'><strong>Talis</strong></span> <span class='ocrx_word' id='word_1_214' title='bbox 2615 970 2698 1013; x_wconf 88' lang='lat' dir='ltr'><strong>est</strong></span> <span class='ocrx_word' id='word_1_215' title='bbox 2736 960 2895 1014; x_wconf 85' lang='lat' dir='ltr'><strong>etiam</strong></span> <span class='ocrx_word' id='word_1_216' title='bbox 2949 960 3102 1030; x_wconf 84' lang='lat' dir='ltr'><strong>copia</strong></span> <span class='ocrx_word' id='word_1_217' title='bbox 3155 962 3421 1030; x_wconf 68' lang='lat' dir='ltr'><strong>pecunias.</strong></span> <span class='ocrx_word' id='word_1_218' title='bbox 3471 962 3650 1018; x_wconf 78' lang='lat' dir='ltr'><strong>Nostri</strong></span> 
     </span>
    </p>
   </div>
   <div class='ocr_carea' id='block_1_29' title="bbox 2069 1051 3653 1123">
    <p class='ocr_par' dir='ltr' id='par_1_29' title="bbox 2069 1051 3653 1123">
     <span class='ocr_line' id='line_1_29' title="bbox 2069 1051 3653 1123; baseline 0.004 -19"><span class='ocrx_word' id='word_1_219' title='bbox 2069 1051 2247 1121; x_wconf 76' lang='lat' dir='ltr'><strong>itaque</strong></span> <span class='ocrx_word' id='word_1_220' title='bbox 2298 1062 2481 1105; x_wconf 80' lang='lat' dir='ltr'><strong>curam</strong></span> <span class='ocrx_word' id='word_1_221' title='bbox 2534 1062 2726 1120; x_wconf 79' lang='lat' dir='ltr'><strong>gerens</strong></span> <span class='ocrx_word' id='word_1_222' title='bbox 2756 1051 3047 1116; x_wconf 80' lang='lat' dir='ltr'><strong>Dominus,</strong></span> <span class='ocrx_word' id='word_1_223' title='bbox 3079 1061 3134 1106; x_wconf 89' lang='lat' dir='ltr'><strong>et</strong></span> <span class='ocrx_word' id='word_1_224' title='bbox 3162 1067 3193 1106; x_wconf 78' lang='grc' dir='ltr'><strong>α</strong></span> <span class='ocrx_word' id='word_1_225' title='bbox 3218 1065 3357 1107; x_wconf 75' lang='lat' dir='ltr'><strong>non</strong></span> <span class='ocrx_word' id='word_1_226' title='bbox 3378 1066 3500 1123; x_wconf 65' lang='lat' dir='ltr'><strong>qua:</strong></span> <span class='ocrx_word' id='word_1_227' title='bbox 3529 1055 3653 1110; x_wconf 72' lang='lat' dir='ltr'><strong>inde</strong></span> 
     </span>
    </p>
   </div>
   <div class='ocr_carea' id='block_1_30' title="bbox 2067 1142 3654 1214">
    <p class='ocr_par' dir='ltr' id='par_1_30' title="bbox 2067 1142 3654 1214">
     <span class='ocr_line' id='line_1_30' title="bbox 2067 1142 3654 1214; baseline 0.003 -17"><span class='ocrx_word' id='word_1_228' title='bbox 2067 1143 2326 1212; x_wconf 79' lang='lat' dir='ltr'><strong>accipitur</strong></span> <span class='ocrx_word' id='word_1_229' title='bbox 2364 1151 2461 1197; x_wconf 87' lang='lat' dir='ltr'><strong>nos</strong></span> <span class='ocrx_word' id='word_1_230' title='bbox 2506 1142 2779 1208; x_wconf 82' lang='lat' dir='ltr'><strong>liberans,</strong></span> <span class='ocrx_word' id='word_1_231' title='bbox 2812 1142 2990 1197; x_wconf 80' lang='lat' dir='ltr'><strong>aufert</strong></span> <span class='ocrx_word' id='word_1_232' title='bbox 3030 1149 3245 1210; x_wconf 80' lang='lat' dir='ltr'><strong>nostras</strong></span> <span class='ocrx_word' id='word_1_233' title='bbox 3271 1146 3548 1214; x_wconf 78' lang='lat' dir='ltr'><strong>pecunias.</strong></span> <span class='ocrx_word' id='word_1_234' title='bbox 3577 1145 3654 1201; x_wconf 76' lang='lat' dir='ltr'><strong>Ne</strong></span> 
     </span>
    </p>
   </div>
   <div class='ocr_carea' id='block_1_31' title="bbox 2068 1235 3650 1306">
    <p class='ocr_par' dir='ltr' id='par_1_31' title="bbox 2068 1235 3650 1306">
     <span class='ocr_line' id='line_1_31' title="bbox 2068 1235 3650 1306; baseline 0.001 -17"><span class='ocrx_word' id='word_1_235' title='bbox 2068 1235 2437 1289; x_wconf 74' lang='lat' dir='ltr'><strong>existimemus</strong></span> <span class='ocrx_word' id='word_1_236' title='bbox 2461 1243 2590 1304; x_wconf 80' lang='lat' dir='ltr'><strong>ergo</strong></span> <span class='ocrx_word' id='word_1_237' title='bbox 2618 1242 2984 1304; x_wconf 78' lang='lat' dir='ltr'><strong>paupertatem</strong></span> <span class='ocrx_word' id='word_1_238' title='bbox 3021 1248 3142 1288; x_wconf 88' lang='lat' dir='ltr'><strong>esse</strong></span> <span class='ocrx_word' id='word_1_239' title='bbox 3182 1235 3379 1288; x_wconf 79' lang='lat' dir='ltr'><strong>malum</strong></span> <span class='ocrx_word' id='word_1_240' title='bbox 3411 1252 3423 1288; x_wconf 93' lang='lat'><strong>:</strong></span> <span class='ocrx_word' id='word_1_241' title='bbox 3457 1248 3650 1306; x_wconf 61' lang='lat' dir='ltr'><strong>pecca~</strong></span> 
     </span>
    </p>
   </div>
   <div class='ocr_carea' id='block_1_32' title="bbox 2071 1322 3652 1395">
    <p class='ocr_par' dir='ltr' id='par_1_32' title="bbox 2071 1322 3652 1395">
     <span class='ocr_line' id='line_1_32' title="bbox 2071 1322 3652 1395; baseline 0.001 -17"><span class='ocrx_word' id='word_1_242' title='bbox 2071 1333 2178 1378; x_wconf 90' lang='lat' dir='ltr'><strong>tum</strong></span> <span class='ocrx_word' id='word_1_243' title='bbox 2203 1323 2373 1377; x_wconf 84' lang='lat' dir='ltr'><strong>solum</strong></span> <span class='ocrx_word' id='word_1_244' title='bbox 2396 1332 2479 1378; x_wconf 88' lang='lat' dir='ltr'><strong>est</strong></span> <span class='ocrx_word' id='word_1_245' title='bbox 2498 1325 2719 1381; x_wconf 86' lang='lat' dir='ltr'><strong>malum.</strong></span> <span class='ocrx_word' id='word_1_246' title='bbox 2742 1322 2923 1394; x_wconf 82' lang='lat' dir='ltr'><strong>Neque</strong></span> <span class='ocrx_word' id='word_1_247' title='bbox 2945 1324 3084 1379; x_wconf 90' lang='lat' dir='ltr'><strong>enim</strong></span> <span class='ocrx_word' id='word_1_248' title='bbox 3106 1324 3306 1379; x_wconf 62' lang='lat' dir='ltr'><strong>divitia:</strong></span> <span class='ocrx_word' id='word_1_249' title='bbox 3330 1335 3427 1395; x_wconf 82' lang='lat' dir='ltr'><strong>per</strong></span> <span class='ocrx_word' id='word_1_250' title='bbox 3447 1340 3505 1379; x_wconf 84' lang='lat' dir='ltr'><strong>se</strong></span> <span class='ocrx_word' id='word_1_251' title='bbox 3528 1337 3652 1380; x_wconf 86' lang='lat' dir='ltr'><strong>sunt</strong></span> 
     </span>
    </p>
   </div>
   <div class='ocr_carea' id='block_1_33' title="bbox 2070 1413 3653 1484">
    <p class='ocr_par' dir='ltr' id='par_1_33' title="bbox 2070 1413 3653 1484">
     <span class='ocr_line' id='line_1_33' title="bbox 2070 1413 3653 1484; baseline 0.001 -16"><span class='ocrx_word' id='word_1_252' title='bbox 2070 1415 2267 1468; x_wconf 86' lang='lat' dir='ltr'><strong>bonum</strong></span> <span class='ocrx_word' id='word_1_253' title='bbox 2294 1432 2306 1467; x_wconf 89' lang='lat'><strong>:</strong></span> <span class='ocrx_word' id='word_1_254' title='bbox 2331 1415 2504 1469; x_wconf 83' lang='lat' dir='ltr'><strong>solum</strong></span> <span class='ocrx_word' id='word_1_255' title='bbox 2535 1413 2648 1469; x_wconf 85' lang='lat' dir='ltr'><strong>Deo</strong></span> <span class='ocrx_word' id='word_1_256' title='bbox 2676 1414 2893 1484; x_wconf 76' lang='lat' dir='ltr'><strong>placere</strong></span> <span class='ocrx_word' id='word_1_257' title='bbox 2918 1417 3000 1469; x_wconf 85' lang='lat' dir='ltr'><strong>est</strong></span> <span class='ocrx_word' id='word_1_258' title='bbox 3028 1415 3248 1469; x_wconf 87' lang='lat' dir='ltr'><strong>bonum.</strong></span> <span class='ocrx_word' id='word_1_259' title='bbox 3277 1413 3653 1484; x_wconf 83' lang='lat' dir='ltr'><strong>Paupertatem</strong></span> 
     </span>
    </p>
   </div>
   <div class='ocr_carea' id='block_1_34' title="bbox 2069 1505 3656 1577">
    <p class='ocr_par' dir='ltr' id='par_1_34' title="bbox 2069 1505 3656 1577">
     <span class='ocr_line' id='line_1_34' title="bbox 2069 1505 3656 1577; baseline -0.001 -15"><span class='ocrx_word' id='word_1_260' title='bbox 2069 1512 2199 1577; x_wconf 79' lang='lat' dir='ltr'><strong>ergo</strong></span> <span class='ocrx_word' id='word_1_261' title='bbox 2218 1514 2546 1576; x_wconf 69' lang='lat' dir='ltr'><strong>quan-amns,</strong></span> <span class='ocrx_word' id='word_1_262' title='bbox 2567 1505 2704 1560; x_wconf 82' lang='lat' dir='ltr'><strong>hanc</strong></span> <span class='ocrx_word' id='word_1_263' title='bbox 2724 1515 2993 1560; x_wconf 83' lang='lat' dir='ltr'><strong>sectemur</strong></span> <span class='ocrx_word' id='word_1_264' title='bbox 3015 1523 3029 1561; x_wconf 90' lang='lat'><strong>:</strong></span> <span class='ocrx_word' id='word_1_265' title='bbox 3050 1506 3120 1560; x_wconf 90' lang='lat' dir='ltr'><strong>ita</strong></span> <span class='ocrx_word' id='word_1_266' title='bbox 3142 1506 3334 1561; x_wconf 73' lang='lat' dir='ltr'><strong>caelum</strong></span> <span class='ocrx_word' id='word_1_267' title='bbox 3350 1509 3656 1577; x_wconf 80' lang='lat' dir='ltr'><strong>apprehen-</strong></span> 
     </span>
    </p>
   </div>
   <div class='ocr_carea' id='block_1_35' title="bbox 2070 1598 3658 1676">
    <p class='ocr_par' dir='ltr' id='par_1_35' title="bbox 2070 1598 3658 1676">
     <span class='ocr_line' id='line_1_35' title="bbox 2070 1598 3658 1676; baseline 0 -22"><span class='ocrx_word' id='word_1_268' title='bbox 2070 1600 2282 1665; x_wconf 82' lang='lat' dir='ltr'><strong>demns,</strong></span> <span class='ocrx_word' id='word_1_269' title='bbox 2317 1599 2403 1675; x_wconf 84' lang='lat' dir='ltr'><strong>ita</strong></span> <span class='ocrx_word' id='word_1_270' title='bbox 2445 1599 2680 1653; x_wconf 63' lang='lat' dir='ltr'><strong>celestis</strong></span> <span class='ocrx_word' id='word_1_271' title='bbox 2720 1598 2859 1653; x_wconf 86' lang='lat' dir='ltr'><strong>bona</strong></span> <span class='ocrx_word' id='word_1_272' title='bbox 2901 1610 3474 1676; x_wconf 69' lang='lat' dir='ltr'><strong>consequemur:q.utc</strong></span> <span class='ocrx_word' id='word_1_273' title='bbox 3498 1598 3658 1654; x_wconf 77' lang='lat' dir='ltr'><strong>detur</strong></span> 
     </span>
    </p>
   </div>
   <div class='ocr_carea' id='block_1_36' title="bbox 2070 1688 3657 1762">
    <p class='ocr_par' dir='ltr' id='par_1_36' title="bbox 2070 1688 3657 1762">
     <span class='ocr_line' id='line_1_36' title="bbox 2070 1688 3657 1762; baseline -0.001 -16"><span class='ocrx_word' id='word_1_274' title='bbox 2070 1691 2226 1746; x_wconf 84' lang='lat' dir='ltr'><strong>nobis</strong></span> <span class='ocrx_word' id='word_1_275' title='bbox 2250 1691 2503 1745; x_wconf 86' lang='lat' dir='ltr'><strong>omnibus</strong></span> <span class='ocrx_word' id='word_1_276' title='bbox 2523 1688 2803 1761; x_wconf 77' lang='lat' dir='ltr'><strong>consequi,</strong></span> <span class='ocrx_word' id='word_1_277' title='bbox 2828 1692 2995 1760; x_wconf 78' lang='lat' dir='ltr'><strong>gratia</strong></span> <span class='ocrx_word' id='word_1_278' title='bbox 3018 1700 3074 1746; x_wconf 85' lang='lat' dir='ltr'><strong>et</strong></span> <span class='ocrx_word' id='word_1_279' title='bbox 3095 1691 3421 1762; x_wconf 73' lang='lat' dir='ltr'><strong>benignitate</strong></span> <span class='ocrx_word' id='word_1_280' title='bbox 3444 1691 3657 1745; x_wconf 83' lang='lat' dir='ltr'><strong>Domini</strong></span> 
     </span>
    </p>
   </div>
   <div class='ocr_carea' id='block_1_37' title="bbox 2072 1780 3656 1852">
    <p class='ocr_par' dir='ltr' id='par_1_37' title="bbox 2072 1780 3656 1852">
     <span class='ocr_line' id='line_1_37' title="bbox 2072 1780 3656 1852; baseline 0.001 -17"><span class='ocrx_word' id='word_1_281' title='bbox 2072 1783 2237 1836; x_wconf 65' lang='grc' dir='ltr'>ιιοδινὶ</span> <span class='ocrx_word' id='word_1_282' title='bbox 2267 1781 2394 1836; x_wconf 71' lang='lat' dir='ltr'><strong>testi</strong></span> <span class='ocrx_word' id='word_1_283' title='bbox 2433 1780 2630 1836; x_wconf 81' lang='lat' dir='ltr'><strong>Christi</strong></span> <span class='ocrx_word' id='word_1_284' title='bbox 2657 1818 2674 1845; x_wconf 93' lang='lat'><strong>,</strong></span> <span class='ocrx_word' id='word_1_285' title='bbox 2706 1792 2827 1836; x_wconf 88' lang='lat' dir='ltr'><strong>cum</strong></span> <span class='ocrx_word' id='word_1_286' title='bbox 2866 1792 2973 1852; x_wconf 89' lang='lat' dir='ltr'><strong>quo</strong></span> <span class='ocrx_word' id='word_1_287' title='bbox 3002 1781 3147 1836; x_wconf 80' lang='lat' dir='ltr'><strong>Patri</strong></span> <span class='ocrx_word' id='word_1_288' title='bbox 3179 1796 3283 1836; x_wconf 86' lang='lat' dir='ltr'><strong>una</strong></span> <span class='ocrx_word' id='word_1_289' title='bbox 3310 1796 3435 1837; x_wconf 91' lang='lat' dir='ltr'><strong>cum</strong></span> <span class='ocrx_word' id='word_1_290' title='bbox 3466 1792 3656 1836; x_wconf 81' lang='lat' dir='ltr'><strong>sancte</strong></span> 
     </span>
    </p>
   </div>
   <div class='ocr_carea' id='block_1_38' title="bbox 2071 1870 3653 1943">
    <p class='ocr_par' dir='ltr' id='par_1_38' title="bbox 2071 1870 3653 1943">
     <span class='ocr_line' id='line_1_38' title="bbox 2071 1870 3653 1943; baseline -0.001 -16"><span class='ocrx_word' id='word_1_291' title='bbox 2071 1871 2273 1941; x_wconf 87' lang='lat' dir='ltr'><strong>Spiritu</strong></span> <span class='ocrx_word' id='word_1_292' title='bbox 2303 1872 2373 1927; x_wconf 89' lang='lat' dir='ltr'><strong>sit</strong></span> <span class='ocrx_word' id='word_1_293' title='bbox 2391 1871 2584 1942; x_wconf 86' lang='lat' dir='ltr'><strong>gloria,</strong></span> <span class='ocrx_word' id='word_1_294' title='bbox 2617 1871 2922 1942; x_wconf 86' lang='lat' dir='ltr'><strong>imperium,</strong></span> <span class='ocrx_word' id='word_1_295' title='bbox 2951 1870 3145 1939; x_wconf 80' lang='lat' dir='ltr'><strong>honor,</strong></span> <span class='ocrx_word' id='word_1_296' title='bbox 3174 1887 3317 1927; x_wconf 77' lang='lat' dir='ltr'><strong>nunc</strong></span> <span class='ocrx_word' id='word_1_297' title='bbox 3341 1878 3397 1928; x_wconf 82' lang='lat' dir='ltr'><strong>et</strong></span> <span class='ocrx_word' id='word_1_298' title='bbox 3420 1882 3653 1943; x_wconf 80' lang='lat' dir='ltr'><strong>setttpcr,</strong></span> 
     </span>
    </p>
   </div>
   <div class='ocr_carea' id='block_1_39' title="bbox 2074 1963 3019 2021">
    <p class='ocr_par' dir='ltr' id='par_1_39' title="bbox 2074 1963 3019 2021">
     <span class='ocr_line' id='line_1_39' title="bbox 2074 1963 3019 2021; baseline -0.002 -1"><span class='ocrx_word' id='word_1_299' title='bbox 2074 1973 2130 2021; x_wconf 88' lang='lat' dir='ltr'><strong>et</strong></span> <span class='ocrx_word' id='word_1_300' title='bbox 2151 1965 2203 2020; x_wconf 92' lang='lat' dir='ltr'><strong>in</strong></span> <span class='ocrx_word' id='word_1_301' title='bbox 2229 1965 2425 2020; x_wconf 59' lang='lat' dir='ltr'><strong>sarcula</strong></span> <span class='ocrx_word' id='word_1_302' title='bbox 2450 1963 2794 2019; x_wconf 66' lang='lat' dir='ltr'><strong>saeculorum.</strong></span> <span class='ocrx_word' id='word_1_303' title='bbox 2825 1964 3019 2019; x_wconf 82' lang='lat' dir='ltr'><strong>Amen.</strong></span> 
     </span>
    </p>
   </div>
   <div class='ocr_carea' id='block_1_40' title="bbox 1685 2113 2376 2175">
    <p class='ocr_par' dir='ltr' id='par_1_40' title="bbox 1685 2113 2376 2175">
     <span class='ocr_line' id='line_1_40' title="bbox 1685 2113 2376 2175; baseline 0.004 -3"><span class='ocrx_word' id='word_1_304' title='bbox 1685 2113 2029 2173; x_wconf 79' lang='lat' dir='ltr'><strong>HOMILIA</strong></span> <span class='ocrx_word' id='word_1_305' title='bbox 2076 2114 2376 2175; x_wconf 76' lang='lat' dir='ltr'><strong>XXXIV.</strong></span> 
     </span>
    </p>
   </div>
   <div class='ocr_carea' id='block_1_41' title="bbox 374 2212 1956 2285">
    <p class='ocr_par' dir='ltr' id='par_1_41' title="bbox 374 2212 1956 2285">
     <span class='ocr_line' id='line_1_41' title="bbox 374 2212 1956 2285; baseline -0.003 -15"><span class='ocrx_word' id='word_1_306' title='bbox 374 2215 504 2271; x_wconf 67' lang='lat' dir='ltr'><strong>Car.</strong></span> <span class='ocrx_word' id='word_1_307' title='bbox 535 2216 621 2271; x_wconf 78' lang='lat' dir='ltr'><strong>i3.</strong></span> <span class='ocrx_word' id='word_1_308' title='bbox 650 2230 708 2269; x_wconf 71' lang='grc' dir='ltr'><strong>ν.</strong></span> <span class='ocrx_word' id='word_1_309' title='bbox 738 2216 824 2269; x_wconf 75' lang='lat' dir='ltr'><strong>i7.</strong></span> <span class='ocrx_word' id='word_1_310' title='bbox 858 2214 1065 2269; x_wconf 82' lang='lat' dir='ltr'><strong>Obedite</strong></span> <span class='ocrx_word' id='word_1_311' title='bbox 1095 2213 1378 2285; x_wconf 66' lang='lat' dir='ltr'><strong>praepositis</strong></span> <span class='ocrx_word' id='word_1_312' title='bbox 1405 2212 1604 2279; x_wconf 79' lang='lat' dir='ltr'><strong>vestris,</strong></span> <span class='ocrx_word' id='word_1_313' title='bbox 1636 2223 1681 2266; x_wconf 87' lang='lat' dir='ltr'><strong>et</strong></span> <span class='ocrx_word' id='word_1_314' title='bbox 1706 2214 1956 2283; x_wconf 80' lang='lat' dir='ltr'><strong>sttbjacete</strong></span> 
     </span>
    </p>
   </div>
   <div class='ocr_carea' id='block_1_42' title="bbox 449 2304 1962 2377">
    <p class='ocr_par' dir='ltr' id='par_1_42' title="bbox 449 2304 1962 2377">
     <span class='ocr_line' id='line_1_42' title="bbox 449 2304 1962 2377; baseline -0.004 -16"><span class='ocrx_word' id='word_1_315' title='bbox 449 2306 523 2361; x_wconf 74' lang='lat' dir='ltr'><strong>eis</strong></span> <span class='ocrx_word' id='word_1_316' title='bbox 550 2321 570 2360; x_wconf 90' lang='lat'><strong><em>:</em></strong></span> <span class='ocrx_word' id='word_1_317' title='bbox 588 2306 688 2377; x_wconf 83' lang='lat' dir='ltr'><strong>ipsi</strong></span> <span class='ocrx_word' id='word_1_318' title='bbox 712 2306 844 2359; x_wconf 88' lang='lat' dir='ltr'><strong>enim</strong></span> <span class='ocrx_word' id='word_1_319' title='bbox 872 2305 1172 2375; x_wconf 74' lang='lat' dir='ltr'><strong>pervigilant</strong></span> <span class='ocrx_word' id='word_1_320' title='bbox 1195 2304 1340 2375; x_wconf 79' lang='lat' dir='ltr'><strong>quasi</strong></span> <span class='ocrx_word' id='word_1_321' title='bbox 1366 2304 1614 2357; x_wconf 86' lang='lat' dir='ltr'><strong>rationem</strong></span> <span class='ocrx_word' id='word_1_322' title='bbox 1641 2320 1733 2374; x_wconf 88' lang='lat' dir='ltr'><strong>pro</strong></span> <span class='ocrx_word' id='word_1_323' title='bbox 1766 2304 1962 2356; x_wconf 81' lang='lat' dir='ltr'><strong>aninm—</strong></span> 
     </span>
    </p>
   </div>
   <div class='ocr_carea' id='block_1_43' title="bbox 451 2394 1962 2466">
    <p class='ocr_par' dir='ltr' id='par_1_43' title="bbox 451 2394 1962 2466">
     <span class='ocr_line' id='line_1_43' title="bbox 451 2394 1962 2466; baseline -0.004 -14"><span class='ocrx_word' id='word_1_324' title='bbox 451 2399 543 2452; x_wconf 81' lang='lat' dir='ltr'><strong>btts</strong></span> <span class='ocrx_word' id='word_1_325' title='bbox 576 2399 752 2452; x_wconf 71' lang='lat' dir='ltr'><strong>vestris</strong></span> <span class='ocrx_word' id='word_1_326' title='bbox 779 2398 1027 2451; x_wconf 75' lang='lat' dir='ltr'><strong>reddituri</strong></span> <span class='ocrx_word' id='word_1_327' title='bbox 1046 2406 1134 2450; x_wconf 83' lang='lat' dir='ltr'><strong>:ut</strong></span> <span class='ocrx_word' id='word_1_328' title='bbox 1161 2412 1274 2449; x_wconf 86' lang='lat' dir='ltr'><strong>cum</strong></span> <span class='ocrx_word' id='word_1_329' title='bbox 1304 2395 1491 2466; x_wconf 76' lang='lat' dir='ltr'><strong>gaudio</strong></span> <span class='ocrx_word' id='word_1_330' title='bbox 1534 2395 1628 2447; x_wconf 89' lang='lat' dir='ltr'><strong>hoc</strong></span> <span class='ocrx_word' id='word_1_331' title='bbox 1666 2394 1889 2465; x_wconf 77' lang='lat' dir='ltr'><strong>faciant,</strong></span> <span class='ocrx_word' id='word_1_332' title='bbox 1917 2403 1962 2446; x_wconf 76' lang='lat' dir='ltr'><strong>et</strong></span> 
     </span>
    </p>
   </div>
   <div class='ocr_carea' id='block_1_44' title="bbox 446 2486 1677 2558">
    <p class='ocr_par' dir='ltr' id='par_1_44' title="bbox 446 2486 1677 2558">
     <span class='ocr_line' id='line_1_44' title="bbox 446 2486 1677 2558; baseline -0.002 -16"><span class='ocrx_word' id='word_1_333' title='bbox 446 2505 547 2543; x_wconf 83' lang='lat' dir='ltr'><strong>non</strong></span> <span class='ocrx_word' id='word_1_334' title='bbox 573 2497 822 2558; x_wconf 77' lang='lat' dir='ltr'><strong>gementes</strong></span> <span class='ocrx_word' id='word_1_335' title='bbox 845 2503 864 2541; x_wconf 92' lang='lat'><strong><em>:</em></strong></span> <span class='ocrx_word' id='word_1_336' title='bbox 885 2488 979 2542; x_wconf 84' lang='lat' dir='ltr'><strong>hoc</strong></span> <span class='ocrx_word' id='word_1_337' title='bbox 1005 2488 1139 2541; x_wconf 89' lang='lat' dir='ltr'><strong>enim</strong></span> <span class='ocrx_word' id='word_1_338' title='bbox 1164 2503 1263 2541; x_wconf 82' lang='lat' dir='ltr'><strong>non</strong></span> <span class='ocrx_word' id='word_1_339' title='bbox 1290 2486 1494 2556; x_wconf 71' lang='lat' dir='ltr'><strong>expedit</strong></span> <span class='ocrx_word' id='word_1_340' title='bbox 1522 2486 1677 2540; x_wconf 82' lang='lat' dir='ltr'><strong>vobis.</strong></span> 
     </span>
    </p>
   </div>
   <div class='ocr_carea' id='block_1_45' title="bbox 406 2581 1960 2652">
    <p class='ocr_par' dir='ltr' id='par_1_45' title="bbox 406 2581 1960 2652">
     <span class='ocr_line' id='line_1_45' title="bbox 406 2581 1960 2652; baseline -0.001 -15"><span class='ocrx_word' id='word_1_341' title='bbox 406 2636 413 2645; x_wconf 28' lang='grc' dir='ltr'><strong>κ</strong></span> <span class='ocrx_word' id='word_1_342' title='bbox 452 2585 504 2637; x_wconf 84' lang='grc'><strong>1.</strong></span> <span class='ocrx_word' id='word_1_343' title='bbox 533 2582 898 2652; x_wconf 80' lang='lat' dir='ltr'><strong>Magistratum</strong></span> <span class='ocrx_word' id='word_1_344' title='bbox 925 2590 981 2637; x_wconf 87' lang='lat' dir='ltr'><strong>et</strong></span> <span class='ocrx_word' id='word_1_345' title='bbox 1000 2594 1266 2639; x_wconf 85' lang='lat' dir='ltr'><strong>rectorem</strong></span> <span class='ocrx_word' id='word_1_346' title='bbox 1296 2598 1399 2636; x_wconf 92' lang='lat' dir='ltr'><strong>non</strong></span> <span class='ocrx_word' id='word_1_347' title='bbox 1421 2582 1620 2637; x_wconf 85' lang='lat' dir='ltr'><strong>habere</strong></span> <span class='ocrx_word' id='word_1_348' title='bbox 1636 2581 1831 2636; x_wconf 86' lang='lat' dir='ltr'><strong>malum</strong></span> <span class='ocrx_word' id='word_1_349' title='bbox 1856 2591 1960 2649; x_wconf 88' lang='lat' dir='ltr'><strong>est,</strong></span> 
     </span>
    </p>
   </div>
   <div class='ocr_carea' id='block_1_46' title="bbox 375 2673 1958 2743">
    <p class='ocr_par' dir='ltr' id='par_1_46' title="bbox 375 2673 1958 2743">
     <span class='ocr_line' id='line_1_46' title="bbox 375 2673 1958 2743; baseline -0.001 -15"><span class='ocrx_word' id='word_1_350' title='bbox 375 2682 429 2728; x_wconf 90' lang='lat' dir='ltr'><strong>ct</strong></span> <span class='ocrx_word' id='word_1_351' title='bbox 447 2680 817 2743; x_wconf 85' lang='lat' dir='ltr'><strong>argumentum</strong></span> <span class='ocrx_word' id='word_1_352' title='bbox 844 2674 1131 2728; x_wconf 82' lang='lat' dir='ltr'><strong>multarum</strong></span> <span class='ocrx_word' id='word_1_353' title='bbox 1160 2674 1544 2739; x_wconf 81' lang='lat' dir='ltr'><strong>calamitatum,</strong></span> <span class='ocrx_word' id='word_1_354' title='bbox 1563 2688 1627 2727; x_wconf 86' lang='lat' dir='ltr'><strong>ac</strong></span> <span class='ocrx_word' id='word_1_355' title='bbox 1643 2673 1958 2742; x_wconf 83' lang='lat' dir='ltr'><strong>principium</strong></span> 
     </span>
    </p>
   </div>
   <div class='ocr_carea' id='block_1_47' title="bbox 374 2763 1965 2831">
    <p class='ocr_par' dir='ltr' id='par_1_47' title="bbox 374 2763 1965 2831">
     <span class='ocr_line' id='line_1_47' title="bbox 374 2763 1965 2831; baseline 0.002 -15"><span class='ocrx_word' id='word_1_356' title='bbox 374 2763 793 2831; x_wconf 74' lang='lat' dir='ltr'><strong>perturbationis</strong></span> <span class='ocrx_word' id='word_1_357' title='bbox 832 2776 896 2819; x_wconf 81' lang='lat' dir='ltr'><strong>ac</strong></span> <span class='ocrx_word' id='word_1_358' title='bbox 945 2764 1275 2819; x_wconf 84' lang='lat' dir='ltr'><strong>confusionis</strong></span> <span class='ocrx_word' id='word_1_359' title='bbox 1306 2782 1321 2818; x_wconf 89' lang='lat'><strong>:</strong></span> <span class='ocrx_word' id='word_1_360' title='bbox 1351 2766 1583 2820; x_wconf 76' lang='lat' dir='ltr'><strong>maxime</strong></span> <span class='ocrx_word' id='word_1_361' title='bbox 1614 2779 1740 2819; x_wconf 81' lang='lat' dir='ltr'><strong>vero</strong></span> <span class='ocrx_word' id='word_1_362' title='bbox 1772 2764 1823 2818; x_wconf 90' lang='lat' dir='ltr'><strong>in</strong></span> <span class='ocrx_word' id='word_1_363' title='bbox 1862 2768 1965 2819; x_wconf 77' lang='lat' dir='ltr'><strong>Ec-</strong></span> 
     </span>
    </p>
   </div>
   <div class='ocr_carea' id='block_1_48' title="bbox 371 2852 1967 2926">
    <p class='ocr_par' dir='ltr' id='par_1_48' title="bbox 371 2852 1967 2926">
     <span class='ocr_line' id='line_1_48' title="bbox 371 2852 1967 2926; baseline 0.003 -20"><span class='ocrx_word' id='word_1_364' title='bbox 371 2852 533 2906; x_wconf 81' lang='lat' dir='ltr'><strong>clesia</strong></span> <span class='ocrx_word' id='word_1_365' title='bbox 562 2852 612 2907; x_wconf 91' lang='lat' dir='ltr'><strong>id</strong></span> <span class='ocrx_word' id='word_1_366' title='bbox 642 2860 793 2907; x_wconf 85' lang='lat' dir='ltr'><strong>tanto</strong></span> <span class='ocrx_word' id='word_1_367' title='bbox 831 2853 1186 2924; x_wconf 83' lang='lat' dir='ltr'><strong>perniciosius</strong></span> <span class='ocrx_word' id='word_1_368' title='bbox 1234 2864 1354 2921; x_wconf 88' lang='lat' dir='ltr'><strong>est,</strong></span> <span class='ocrx_word' id='word_1_369' title='bbox 1384 2865 1584 2926; x_wconf 89' lang='lat' dir='ltr'><strong>quanto</strong></span> <span class='ocrx_word' id='word_1_370' title='bbox 1641 2855 1967 2925; x_wconf 78' lang='lat' dir='ltr'><strong>principatus</strong></span> 
     </span>
    </p>
   </div>
   <div class='ocr_carea' id='block_1_49' title="bbox 373 2943 1961 3016">
    <p class='ocr_par' dir='ltr' id='par_1_49' title="bbox 373 2943 1961 3016">
     <span class='ocr_line' id='line_1_49' title="bbox 373 2943 1961 3016; baseline 0.001 -20"><span class='ocrx_word' id='word_1_371' title='bbox 373 2943 491 3013; x_wconf 85' lang='lat' dir='ltr'><strong>ejus</strong></span> <span class='ocrx_word' id='word_1_372' title='bbox 518 2946 688 3013; x_wconf 89' lang='lat' dir='ltr'><strong>major</strong></span> <span class='ocrx_word' id='word_1_373' title='bbox 713 2951 876 2999; x_wconf 87' lang='lat' dir='ltr'><strong>estet</strong></span> <span class='ocrx_word' id='word_1_374' title='bbox 900 2943 1200 3000; x_wconf 83' lang='lat' dir='ltr'><strong>sublimior.</strong></span> <span class='ocrx_word' id='word_1_375' title='bbox 1227 2945 1359 3000; x_wconf 82' lang='lat' dir='ltr'><strong>Nam</strong></span> <span class='ocrx_word' id='word_1_376' title='bbox 1388 2946 1524 3001; x_wconf 83' lang='lat' dir='ltr'><strong>sicut</strong></span> <span class='ocrx_word' id='word_1_377' title='bbox 1548 2946 1592 3000; x_wconf 90' lang='lat' dir='ltr'><strong>si</strong></span> <span class='ocrx_word' id='word_1_378' title='bbox 1621 2945 1771 3000; x_wconf 87' lang='lat' dir='ltr'><strong>chori</strong></span> <span class='ocrx_word' id='word_1_379' title='bbox 1803 2960 1961 3016; x_wconf 84' lang='lat' dir='ltr'><strong>cory-</strong></span> 
     </span>
    </p>
   </div>
   <div class='ocr_carea' id='block_1_50' title="bbox 376 3038 1961 3108">
    <p class='ocr_par' dir='ltr' id='par_1_50' title="bbox 376 3038 1961 3108">
     <span class='ocr_line' id='line_1_50' title="bbox 376 3038 1961 3108; baseline 0.001 -16"><span class='ocrx_word' id='word_1_380' title='bbox 376 3040 587 3105; x_wconf 73' lang='lat' dir='ltr'><strong>plia-nm</strong></span> <span class='ocrx_word' id='word_1_381' title='bbox 616 3047 669 3093; x_wconf 88' lang='lat' dir='ltr'><strong>et</strong></span> <span class='ocrx_word' id='word_1_382' title='bbox 696 3038 889 3094; x_wconf 88' lang='lat' dir='ltr'><strong>ducem</strong></span> <span class='ocrx_word' id='word_1_383' title='bbox 918 3038 1215 3100; x_wconf 80' lang='lat' dir='ltr'><strong>sustuleris,</strong></span> <span class='ocrx_word' id='word_1_384' title='bbox 1245 3053 1350 3092; x_wconf 86' lang='lat' dir='ltr'><strong>non</strong></span> <span class='ocrx_word' id='word_1_385' title='bbox 1376 3039 1479 3093; x_wconf 84' lang='lat' dir='ltr'><strong>erit</strong></span> <span class='ocrx_word' id='word_1_386' title='bbox 1498 3039 1725 3108; x_wconf 83' lang='lat' dir='ltr'><strong>amplius</strong></span> <span class='ocrx_word' id='word_1_387' title='bbox 1765 3038 1961 3093; x_wconf 82' lang='lat' dir='ltr'><strong>chorus</strong></span> 
     </span>
    </p>
   </div>
   <div class='ocr_carea' id='block_1_51' title="bbox 375 3128 1957 3199">
    <p class='ocr_par' dir='ltr' id='par_1_51' title="bbox 375 3128 1957 3199">
     <span class='ocr_line' id='line_1_51' title="bbox 375 3128 1957 3199; baseline 0 -19"><span class='ocrx_word' id='word_1_388' title='bbox 375 3142 641 3198; x_wconf 82' lang='lat' dir='ltr'><strong>congruus</strong></span> <span class='ocrx_word' id='word_1_389' title='bbox 655 3137 707 3182; x_wconf 90' lang='lat' dir='ltr'><strong>et</strong></span> <span class='ocrx_word' id='word_1_390' title='bbox 728 3129 999 3182; x_wconf 87' lang='lat' dir='ltr'><strong>ordinatus</strong></span> <span class='ocrx_word' id='word_1_391' title='bbox 1016 3145 1030 3191; x_wconf 89' lang='lat'><strong>;</strong></span> <span class='ocrx_word' id='word_1_392' title='bbox 1050 3138 1102 3182; x_wconf 88' lang='lat' dir='ltr'><strong>et</strong></span> <span class='ocrx_word' id='word_1_393' title='bbox 1123 3129 1211 3181; x_wconf 88' lang='lat' dir='ltr'><strong>sia</strong></span> <span class='ocrx_word' id='word_1_394' title='bbox 1237 3128 1499 3199; x_wconf 75' lang='lat' dir='ltr'><strong>phalange</strong></span> <span class='ocrx_word' id='word_1_395' title='bbox 1522 3128 1786 3183; x_wconf 81' lang='lat' dir='ltr'><strong>exercitus</strong></span> <span class='ocrx_word' id='word_1_396' title='bbox 1808 3145 1957 3182; x_wconf 79' lang='lat' dir='ltr'><strong>aniu-</strong></span> 
     </span>
    </p>
   </div>
   <div class='ocr_carea' id='block_1_52' title="bbox 377 3220 1957 3289">
    <p class='ocr_par' dir='ltr' id='par_1_52' title="bbox 377 3220 1957 3289">
     <span class='ocr_line' id='line_1_52' title="bbox 377 3220 1957 3289; baseline -0.001 -14"><span class='ocrx_word' id='word_1_397' title='bbox 377 3221 517 3275; x_wconf 92' lang='lat' dir='ltr'><strong>vcris</strong></span> <span class='ocrx_word' id='word_1_398' title='bbox 534 3222 930 3289; x_wconf 84' lang='lat' dir='ltr'><strong>imperatorem,</strong></span> <span class='ocrx_word' id='word_1_399' title='bbox 953 3234 1054 3274; x_wconf 93' lang='lat' dir='ltr'><strong>non</strong></span> <span class='ocrx_word' id='word_1_400' title='bbox 1072 3221 1173 3274; x_wconf 85' lang='lat' dir='ltr'><strong>erit</strong></span> <span class='ocrx_word' id='word_1_401' title='bbox 1194 3220 1423 3289; x_wconf 87' lang='lat' dir='ltr'><strong>ampiius</strong></span> <span class='ocrx_word' id='word_1_402' title='bbox 1442 3221 1683 3274; x_wconf 78' lang='lat' dir='ltr'><strong>ordinata</strong></span> <span class='ocrx_word' id='word_1_403' title='bbox 1710 3221 1854 3274; x_wconf 86' lang='lat' dir='ltr'><strong>acies</strong></span> <span class='ocrx_word' id='word_1_404' title='bbox 1876 3237 1889 3285; x_wconf 93' lang='lat'><strong>;</strong></span> <span class='ocrx_word' id='word_1_405' title='bbox 1910 3234 1957 3273; x_wconf 79' lang='lat' dir='ltr'><strong>et</strong></span> 
     </span>
    </p>
   </div>
   <div class='ocr_carea' id='block_1_53' title="bbox 373 3312 1957 3384">
    <p class='ocr_par' dir='ltr' id='par_1_53' title="bbox 373 3312 1957 3384">
     <span class='ocr_line' id='line_1_53' title="bbox 373 3312 1957 3384; baseline 0 -17"><span class='ocrx_word' id='word_1_406' title='bbox 373 3315 416 3367; x_wconf 83' lang='lat' dir='ltr'><strong>si</strong></span> <span class='ocrx_word' id='word_1_407' title='bbox 441 3313 651 3384; x_wconf 80' lang='lat' dir='ltr'><strong>navigio</strong></span> <span class='ocrx_word' id='word_1_408' title='bbox 681 3313 949 3367; x_wconf 82' lang='lat' dir='ltr'><strong>ademeris</strong></span> <span class='ocrx_word' id='word_1_409' title='bbox 965 3313 1402 3381; x_wconf 80' lang='lat' dir='ltr'><strong>gubernatorem,</strong></span> <span class='ocrx_word' id='word_1_410' title='bbox 1425 3328 1611 3366; x_wconf 86' lang='lat' dir='ltr'><strong>navem</strong></span> <span class='ocrx_word' id='word_1_411' title='bbox 1638 3312 1919 3382; x_wconf 80' lang='lat' dir='ltr'><strong>demerges</strong></span> <span class='ocrx_word' id='word_1_412' title='bbox 1945 3332 1957 3367; x_wconf 91' lang='lat'><strong>:</strong></span> 
     </span>
    </p>
   </div>
   <div class='ocr_carea' id='block_1_54' title="bbox 381 3403 1954 3474">
    <p class='ocr_par' dir='ltr' id='par_1_54' title="bbox 381 3403 1954 3474">
     <span class='ocr_line' id='line_1_54' title="bbox 381 3403 1954 3474; baseline 0 -17"><span class='ocrx_word' id='word_1_413' title='bbox 381 3405 447 3458; x_wconf 88' lang='lat' dir='ltr'><strong>ita</strong></span> <span class='ocrx_word' id='word_1_414' title='bbox 474 3404 656 3468; x_wconf 87' lang='lat' dir='ltr'><strong>etiam,</strong></span> <span class='ocrx_word' id='word_1_415' title='bbox 676 3404 720 3457; x_wconf 88' lang='lat' dir='ltr'><strong>si</strong></span> <span class='ocrx_word' id='word_1_416' title='bbox 740 3415 772 3457; x_wconf 87' lang='lat' dir='ltr'><strong>&#39;a</strong></span> <span class='ocrx_word' id='word_1_417' title='bbox 795 3417 954 3474; x_wconf 77' lang='lat' dir='ltr'><strong>grege</strong></span> <span class='ocrx_word' id='word_1_418' title='bbox 972 3413 1242 3472; x_wconf 82' lang='lat' dir='ltr'><strong>pastorem</strong></span> <span class='ocrx_word' id='word_1_419' title='bbox 1266 3403 1573 3466; x_wconf 71' lang='lat' dir='ltr'><strong>abstuleris,</strong></span> <span class='ocrx_word' id='word_1_420' title='bbox 1598 3404 1772 3457; x_wconf 88' lang='lat' dir='ltr'><strong>omnia</strong></span> <span class='ocrx_word' id='word_1_421' title='bbox 1805 3419 1954 3458; x_wconf 76' lang='lat' dir='ltr'><strong>cvrr-</strong></span> 
     </span>
    </p>
   </div>
   <div class='ocr_carea' id='block_1_55' title="bbox 378 3492 1961 3562">
    <p class='ocr_par' dir='ltr' id='par_1_55' title="bbox 378 3492 1961 3562">
     <span class='ocr_line' id='line_1_55' title="bbox 378 3492 1961 3562; baseline 0.001 -17"><span class='ocrx_word' id='word_1_422' title='bbox 378 3494 506 3548; x_wconf 89' lang='lat' dir='ltr'><strong>tisti.</strong></span> <span class='ocrx_word' id='word_1_423' title='bbox 529 3494 701 3562; x_wconf 74' lang='lat' dir='ltr'><strong>Attptc</strong></span> <span class='ocrx_word' id='word_1_424' title='bbox 728 3494 925 3546; x_wconf 86' lang='lat' dir='ltr'><strong>malum</strong></span> <span class='ocrx_word' id='word_1_425' title='bbox 952 3492 1164 3562; x_wconf 83' lang='lat' dir='ltr'><strong>quidem</strong></span> <span class='ocrx_word' id='word_1_426' title='bbox 1193 3501 1277 3546; x_wconf 86' lang='lat' dir='ltr'><strong>est</strong></span> <span class='ocrx_word' id='word_1_427' title='bbox 1298 3492 1641 3561; x_wconf 77' lang='lat' dir='ltr'><strong>magistratus</strong></span> <span class='ocrx_word' id='word_1_428' title='bbox 1663 3499 1718 3546; x_wconf 90' lang='lat' dir='ltr'><strong>et</strong></span> <span class='ocrx_word' id='word_1_429' title='bbox 1739 3493 1961 3546; x_wconf 78' lang='lat' dir='ltr'><strong>rectoris</strong></span> 
     </span>
    </p>
   </div>
   <div class='ocr_carea' id='block_1_56' title="bbox 375 3583 1955 3647">
    <p class='ocr_par' dir='ltr' id='par_1_56' title="bbox 375 3583 1955 3647">
     <span class='ocr_line' id='line_1_56' title="bbox 375 3583 1955 3647; baseline 0.002 -12"><span class='ocrx_word' id='word_1_430' title='bbox 375 3585 648 3647; x_wconf 80' lang='lat' dir='ltr'><strong>defectus,</strong></span> <span class='ocrx_word' id='word_1_431' title='bbox 678 3595 736 3639; x_wconf 84' lang='lat' dir='ltr'><strong>et</strong></span> <span class='ocrx_word' id='word_1_432' title='bbox 765 3585 980 3638; x_wconf 80' lang='lat' dir='ltr'><strong>occasio</strong></span> <span class='ocrx_word' id='word_1_433' title='bbox 1023 3583 1353 3647; x_wconf 76' lang='lat' dir='ltr'><strong>eversionis;</strong></span> <span class='ocrx_word' id='word_1_434' title='bbox 1398 3598 1504 3636; x_wconf 91' lang='lat' dir='ltr'><strong>non</strong></span> <span class='ocrx_word' id='word_1_435' title='bbox 1551 3583 1728 3637; x_wconf 84' lang='lat' dir='ltr'><strong>minus</strong></span> <span class='ocrx_word' id='word_1_436' title='bbox 1776 3594 1955 3638; x_wconf 86' lang='lat' dir='ltr'><strong>autem</strong></span> 
     </span>
    </p>
   </div>
   <div class='ocr_carea' id='block_1_57' title="bbox 377 3673 1961 3743">
    <p class='ocr_par' dir='ltr' id='par_1_57' title="bbox 377 3673 1961 3743">
     <span class='ocr_line' id='line_1_57' title="bbox 377 3673 1961 3743; baseline -0.001 -14"><span class='ocrx_word' id='word_1_437' title='bbox 377 3675 577 3729; x_wconf 85' lang='lat' dir='ltr'><strong>malum</strong></span> <span class='ocrx_word' id='word_1_438' title='bbox 608 3685 691 3730; x_wconf 90' lang='lat' dir='ltr'><strong>est</strong></span> <span class='ocrx_word' id='word_1_439' title='bbox 734 3674 894 3729; x_wconf 86' lang='lat' dir='ltr'><strong>etiam</strong></span> <span class='ocrx_word' id='word_1_440' title='bbox 942 3673 1306 3730; x_wconf 87' lang='lat' dir='ltr'><strong>inohedientia</strong></span> <span class='ocrx_word' id='word_1_441' title='bbox 1349 3688 1534 3727; x_wconf 88' lang='lat' dir='ltr'><strong>eorum</strong></span> <span class='ocrx_word' id='word_1_442' title='bbox 1575 3673 1665 3743; x_wconf 87' lang='lat' dir='ltr'><strong>qui</strong></span> <span class='ocrx_word' id='word_1_443' title='bbox 1713 3674 1797 3728; x_wconf 89' lang='lat' dir='ltr'><strong>eis</strong></span> <span class='ocrx_word' id='word_1_444' title='bbox 1837 3684 1961 3727; x_wconf 89' lang='lat' dir='ltr'><strong>sunt</strong></span> 
     </span>
    </p>
   </div>
   <div class='ocr_carea' id='block_1_58' title="bbox 378 3761 1959 3833">
    <p class='ocr_par' dir='ltr' id='par_1_58' title="bbox 378 3761 1959 3833">
     <span class='ocr_line' id='line_1_58' title="bbox 378 3761 1959 3833; baseline -0.002 -15"><span class='ocrx_word' id='word_1_445' title='bbox 378 3764 602 3833; x_wconf 79' lang='lat' dir='ltr'><strong>subjecti</strong></span> <span class='ocrx_word' id='word_1_446' title='bbox 629 3781 642 3817; x_wconf 89' lang='lat'><strong>:</strong></span> <span class='ocrx_word' id='word_1_447' title='bbox 670 3780 789 3818; x_wconf 78' lang='lat' dir='ltr'><strong>nam</strong></span> <span class='ocrx_word' id='word_1_448' title='bbox 812 3763 951 3818; x_wconf 88' lang='lat' dir='ltr'><strong>idem</strong></span> <span class='ocrx_word' id='word_1_449' title='bbox 981 3777 1165 3819; x_wconf 89' lang='lat' dir='ltr'><strong>rursus</strong></span> <span class='ocrx_word' id='word_1_450' title='bbox 1185 3762 1401 3818; x_wconf 83' lang='lat' dir='ltr'><strong>accidit.</strong></span> <span class='ocrx_word' id='word_1_451' title='bbox 1426 3761 1659 3833; x_wconf 84' lang='lat' dir='ltr'><strong>Populus</strong></span> <span class='ocrx_word' id='word_1_452' title='bbox 1681 3762 1823 3818; x_wconf 90' lang='lat' dir='ltr'><strong>enim</strong></span> <span class='ocrx_word' id='word_1_453' title='bbox 1855 3778 1959 3816; x_wconf 74' lang='lat' dir='ltr'><strong>non</strong></span> 
     </span>
    </p>
   </div>
   <div class='ocr_carea' id='block_1_59' title="bbox 382 3856 1959 3932">
    <p class='ocr_par' dir='ltr' id='par_1_59' title="bbox 382 3856 1959 3932">
     <span class='ocr_line' id='line_1_59' title="bbox 382 3856 1959 3932; baseline -0.004 -18"><span class='ocrx_word' id='word_1_454' title='bbox 382 3872 570 3915; x_wconf 64' lang='lat' dir='ltr'><strong>carens</strong></span> <span class='ocrx_word' id='word_1_455' title='bbox 587 3861 781 3917; x_wconf 84' lang='lat' dir='ltr'><strong>rectori</strong></span> <span class='ocrx_word' id='word_1_456' title='bbox 796 3876 861 3916; x_wconf 85' lang='lat' dir='ltr'><strong>ac</strong></span> <span class='ocrx_word' id='word_1_457' title='bbox 874 3861 1226 3932; x_wconf 78' lang='lat' dir='ltr'><strong>magistratui,</strong></span> <span class='ocrx_word' id='word_1_458' title='bbox 1244 3869 1329 3915; x_wconf 88' lang='lat' dir='ltr'><strong>est</strong></span> <span class='ocrx_word' id='word_1_459' title='bbox 1345 3859 1535 3913; x_wconf 86' lang='lat' dir='ltr'><strong>similis</strong></span> <span class='ocrx_word' id='word_1_460' title='bbox 1549 3860 1597 3913; x_wconf 84' lang='lat' dir='ltr'><strong>ei</strong></span> <span class='ocrx_word' id='word_1_461' title='bbox 1622 3858 1714 3928; x_wconf 85' lang='lat' dir='ltr'><strong>qui</strong></span> <span class='ocrx_word' id='word_1_462' title='bbox 1739 3872 1846 3911; x_wconf 88' lang='lat' dir='ltr'><strong>non</strong></span> <span class='ocrx_word' id='word_1_463' title='bbox 1864 3856 1959 3909; x_wconf 86' lang='lat' dir='ltr'><strong>ha-</strong></span> 
     </span>
    </p>
   </div>
   <div class='ocr_carea' id='block_1_60' title="bbox 382 3946 1958 4018">
    <p class='ocr_par' dir='ltr' id='par_1_60' title="bbox 382 3946 1958 4018">
     <span class='ocr_line' id='line_1_60' title="bbox 382 3946 1958 4018; baseline -0.005 -11"><span class='ocrx_word' id='word_1_464' title='bbox 382 3956 486 4017; x_wconf 72' lang='lat' dir='ltr'><strong>bet,</strong></span> <span class='ocrx_word' id='word_1_465' title='bbox 501 3962 555 4006; x_wconf 86' lang='lat' dir='ltr'><strong>et</strong></span> <span class='ocrx_word' id='word_1_466' title='bbox 570 3951 706 4009; x_wconf 90' lang='lat' dir='ltr'><strong>forte</strong></span> <span class='ocrx_word' id='word_1_467' title='bbox 720 3953 881 4008; x_wconf 83' lang='lat' dir='ltr'><strong>etiam</strong></span> <span class='ocrx_word' id='word_1_468' title='bbox 901 3952 1166 4008; x_wconf 84' lang='lat' dir='ltr'><strong>deterior:</strong></span> <span class='ocrx_word' id='word_1_469' title='bbox 1192 3966 1313 4005; x_wconf 86' lang='lat' dir='ltr'><strong>nam</strong></span> <span class='ocrx_word' id='word_1_470' title='bbox 1332 3950 1441 4005; x_wconf 91' lang='lat' dir='ltr'><strong>illic</strong></span> <span class='ocrx_word' id='word_1_471' title='bbox 1456 3947 1672 4018; x_wconf 81' lang='lat' dir='ltr'><strong>quidem</strong></span> <span class='ocrx_word' id='word_1_472' title='bbox 1695 3947 1854 4003; x_wconf 87' lang='lat' dir='ltr'><strong>etiam</strong></span> <span class='ocrx_word' id='word_1_473' title='bbox 1878 3946 1958 4000; x_wconf 89' lang='lat' dir='ltr'><strong>eis</strong></span> 
     </span>
    </p>
   </div>
   <div class='ocr_carea' id='block_1_61' title="bbox 375 4036 1957 4108">
    <p class='ocr_par' dir='ltr' id='par_1_61' title="bbox 375 4036 1957 4108">
     <span class='ocr_line' id='line_1_61' title="bbox 375 4036 1957 4108; baseline -0.005 -11"><span class='ocrx_word' id='word_1_474' title='bbox 375 4046 534 4099; x_wconf 84' lang='lat' dir='ltr'><strong>datur</strong></span> <span class='ocrx_word' id='word_1_475' title='bbox 561 4047 735 4108; x_wconf 85' lang='lat' dir='ltr'><strong>venia,</strong></span> <span class='ocrx_word' id='word_1_476' title='bbox 754 4047 798 4099; x_wconf 87' lang='lat' dir='ltr'><strong>si</strong></span> <span class='ocrx_word' id='word_1_477' title='bbox 821 4045 954 4098; x_wconf 87' lang='lat' dir='ltr'><strong>ordo</strong></span> <span class='ocrx_word' id='word_1_478' title='bbox 977 4054 1028 4099; x_wconf 90' lang='lat' dir='ltr'><strong>et</strong></span> <span class='ocrx_word' id='word_1_479' title='bbox 1045 4042 1343 4099; x_wconf 84' lang='lat' dir='ltr'><strong>moderatio</strong></span> <span class='ocrx_word' id='word_1_480' title='bbox 1370 4056 1474 4094; x_wconf 88' lang='lat' dir='ltr'><strong>non</strong></span> <span class='ocrx_word' id='word_1_481' title='bbox 1496 4039 1846 4097; x_wconf 88' lang='lat' dir='ltr'><strong>observetur;</strong></span> <span class='ocrx_word' id='word_1_482' title='bbox 1870 4036 1957 4091; x_wconf 89' lang='lat' dir='ltr'><strong>hic</strong></span> 
     </span>
    </p>
   </div>
   <div class='ocr_carea' id='block_1_62' title="bbox 375 4130 1957 4203">
    <p class='ocr_par' dir='ltr' id='par_1_62' title="bbox 375 4130 1957 4203">
     <span class='ocr_line' id='line_1_62' title="bbox 375 4130 1957 4203; baseline -0.005 -13"><span class='ocrx_word' id='word_1_483' title='bbox 375 4145 552 4192; x_wconf 84' lang='lat' dir='ltr'><strong>autem</strong></span> <span class='ocrx_word' id='word_1_484' title='bbox 577 4151 681 4190; x_wconf 90' lang='lat' dir='ltr'><strong>non</strong></span> <span class='ocrx_word' id='word_1_485' title='bbox 701 4138 799 4201; x_wconf 85' lang='lat' dir='ltr'><strong>ita,</strong></span> <span class='ocrx_word' id='word_1_486' title='bbox 825 4135 920 4190; x_wconf 85' lang='lat' dir='ltr'><strong>sed</strong></span> <span class='ocrx_word' id='word_1_487' title='bbox 948 4137 1106 4190; x_wconf 88' lang='lat' dir='ltr'><strong>etiam</strong></span> <span class='ocrx_word' id='word_1_488' title='bbox 1136 4139 1445 4203; x_wconf 87' lang='lat' dir='ltr'><strong>puniuntur.</strong></span> <span class='ocrx_word' id='word_1_489' title='bbox 1468 4130 1539 4185; x_wconf 79' lang='lat' dir='ltr'><strong>At</strong></span> <span class='ocrx_word' id='word_1_490' title='bbox 1563 4130 1705 4184; x_wconf 86' lang='lat' dir='ltr'><strong>dicet</strong></span> <span class='ocrx_word' id='word_1_491' title='bbox 1733 4135 1957 4183; x_wconf 88' lang='lat' dir='ltr'><strong>l&#39;ortasse</strong></span> 
     </span>
    </p>
   </div>
   <div class='ocr_carea' id='block_1_63' title="bbox 374 4220 1952 4297">
    <p class='ocr_par' dir='ltr' id='par_1_63' title="bbox 374 4220 1952 4297">
     <span class='ocr_line' id='line_1_63' title="bbox 374 4220 1952 4297; baseline -0.005 -17"><span class='ocrx_word' id='word_1_492' title='bbox 374 4226 661 4297; x_wconf 83' lang='lat' dir='ltr'><strong>quispiam,</strong></span> <span class='ocrx_word' id='word_1_493' title='bbox 692 4226 910 4279; x_wconf 86' lang='lat' dir='ltr'><strong>tertium</strong></span> <span class='ocrx_word' id='word_1_494' title='bbox 942 4239 1064 4280; x_wconf 88' lang='lat' dir='ltr'><strong>esse</strong></span> <span class='ocrx_word' id='word_1_495' title='bbox 1093 4224 1313 4290; x_wconf 84' lang='lat' dir='ltr'><strong>malum,</strong></span> <span class='ocrx_word' id='word_1_496' title='bbox 1332 4236 1454 4277; x_wconf 89' lang='lat' dir='ltr'><strong>cum</strong></span> <span class='ocrx_word' id='word_1_497' title='bbox 1486 4220 1658 4276; x_wconf 89' lang='lat' dir='ltr'><strong>malus</strong></span> <span class='ocrx_word' id='word_1_498' title='bbox 1673 4221 1952 4276; x_wconf 88' lang='lat' dir='ltr'><strong>sitrector.</strong></span> 
     </span>
    </p>
   </div>
   <div class='ocr_carea' id='block_1_64' title="bbox 378 4311 1953 4385">
    <p class='ocr_par' dir='ltr' id='par_1_64' title="bbox 378 4311 1953 4385">
     <span class='ocr_line' id='line_1_64' title="bbox 378 4311 1953 4385; baseline -0.004 -14"><span class='ocrx_word' id='word_1_499' title='bbox 378 4318 489 4385; x_wconf 81' lang='lat' dir='ltr'><strong>Ego</strong></span> <span class='ocrx_word' id='word_1_500' title='bbox 514 4330 727 4385; x_wconf 81' lang='lat' dir='ltr'><strong>quoque</strong></span> <span class='ocrx_word' id='word_1_501' title='bbox 758 4316 807 4370; x_wconf 90' lang='lat' dir='ltr'><strong>id</strong></span> <span class='ocrx_word' id='word_1_502' title='bbox 836 4315 969 4379; x_wconf 86' lang='lat' dir='ltr'><strong>scio,</strong></span> <span class='ocrx_word' id='word_1_503' title='bbox 1000 4323 1057 4370; x_wconf 87' lang='lat' dir='ltr'><strong>et</strong></span> <span class='ocrx_word' id='word_1_504' title='bbox 1086 4330 1189 4369; x_wconf 93' lang='lat' dir='ltr'><strong>non</strong></span> <span class='ocrx_word' id='word_1_505' title='bbox 1216 4329 1438 4385; x_wconf 86' lang='lat' dir='ltr'><strong>parvum</strong></span> <span class='ocrx_word' id='word_1_506' title='bbox 1468 4313 1574 4368; x_wconf 87' lang='lat' dir='ltr'><strong>hoc</strong></span> <span class='ocrx_word' id='word_1_507' title='bbox 1599 4313 1795 4368; x_wconf 89' lang='lat' dir='ltr'><strong>malum</strong></span> <span class='ocrx_word' id='word_1_508' title='bbox 1815 4352 1830 4377; x_wconf 91' lang='lat'><strong>,</strong></span> <span class='ocrx_word' id='word_1_509' title='bbox 1861 4311 1953 4366; x_wconf 87' lang='lat' dir='ltr'><strong>sed</strong></span> 
     </span>
    </p>
   </div>
   <div class='ocr_carea' id='block_1_65' title="bbox 376 4403 1958 4476">
    <p class='ocr_par' dir='ltr' id='par_1_65' title="bbox 376 4403 1958 4476">
     <span class='ocr_line' id='line_1_65' title="bbox 376 4403 1958 4476; baseline -0.003 -14"><span class='ocrx_word' id='word_1_510' title='bbox 376 4409 538 4462; x_wconf 83' lang='lat' dir='ltr'><strong>etiam</strong></span> <span class='ocrx_word' id='word_1_511' title='bbox 558 4407 712 4476; x_wconf 81' lang='lat' dir='ltr'><strong>longe</strong></span> <span class='ocrx_word' id='word_1_512' title='bbox 724 4406 879 4476; x_wconf 87' lang='lat' dir='ltr'><strong>pejus</strong></span> <span class='ocrx_word' id='word_1_513' title='bbox 898 4403 1108 4461; x_wconf 82' lang='lat' dir='ltr'><strong>defectu</strong></span> <span class='ocrx_word' id='word_1_514' title='bbox 1126 4406 1350 4460; x_wconf 88' lang='lat' dir='ltr'><strong>rectoris</strong></span> <span class='ocrx_word' id='word_1_515' title='bbox 1372 4420 1434 4460; x_wconf 86' lang='lat' dir='ltr'><strong>ac</strong></span> <span class='ocrx_word' id='word_1_516' title='bbox 1452 4405 1791 4475; x_wconf 78' lang='lat' dir='ltr'><strong>magistratus</strong></span> <span class='ocrx_word' id='word_1_517' title='bbox 1811 4420 1824 4457; x_wconf 92' lang='lat'>:</span> <span class='ocrx_word' id='word_1_518' title='bbox 1846 4417 1958 4457; x_wconf 81' lang='lat' dir='ltr'><strong>me-</strong></span> 
     </span>
    </p>
   </div>
   <div class='ocr_carea' id='block_1_66' title="bbox 379 4494 1957 4568">
    <p class='ocr_par' dir='ltr' id='par_1_66' title="bbox 379 4494 1957 4568">
     <span class='ocr_line' id='line_1_66' title="bbox 379 4494 1957 4568; baseline -0.003 -16"><span class='ocrx_word' id='word_1_519' title='bbox 379 4501 481 4554; x_wconf 91' lang='lat' dir='ltr'><strong>lius</strong></span> <span class='ocrx_word' id='word_1_520' title='bbox 501 4508 582 4554; x_wconf 81' lang='lat' dir='ltr'><strong>est</strong></span> <span class='ocrx_word' id='word_1_521' title='bbox 599 4500 742 4554; x_wconf 86' lang='lat' dir='ltr'><strong>enim</strong></span> <span class='ocrx_word' id='word_1_522' title='bbox 772 4513 801 4550; x_wconf 89' lang='lat' dir='ltr'><strong>a</strong></span> <span class='ocrx_word' id='word_1_523' title='bbox 831 4498 977 4552; x_wconf 90' lang='lat' dir='ltr'><strong>nullo</strong></span> <span class='ocrx_word' id='word_1_524' title='bbox 992 4499 1309 4568; x_wconf 83' lang='lat' dir='ltr'><strong>duci,quam</strong></span> <span class='ocrx_word' id='word_1_525' title='bbox 1328 4497 1450 4552; x_wconf 91' lang='lat' dir='ltr'><strong>duci</strong></span> <span class='ocrx_word' id='word_1_526' title='bbox 1479 4513 1509 4550; x_wconf 89' lang='lat' dir='ltr'><strong>a</strong></span> <span class='ocrx_word' id='word_1_527' title='bbox 1536 4496 1848 4551; x_wconf 70' lang='lat' dir='ltr'><strong>ntalo.Nam</strong></span> <span class='ocrx_word' id='word_1_528' title='bbox 1867 4494 1957 4550; x_wconf 89' lang='lat' dir='ltr'><strong>ille</strong></span> 
     </span>
    </p>
   </div>
   <div class='ocr_carea' id='block_1_67' title="bbox 372 4587 1955 4661">
    <p class='ocr_par' dir='ltr' id='par_1_67' title="bbox 372 4587 1955 4661">
     <span class='ocr_line' id='line_1_67' title="bbox 372 4587 1955 4661; baseline -0.003 -17"><span class='ocrx_word' id='word_1_529' title='bbox 372 4591 588 4661; x_wconf 80' lang='lat' dir='ltr'><strong>quidem</strong></span> <span class='ocrx_word' id='word_1_530' title='bbox 616 4606 760 4661; x_wconf 67' lang='lat' dir='ltr'><strong>sa&#39;pe</strong></span> <span class='ocrx_word' id='word_1_531' title='bbox 787 4590 956 4644; x_wconf 81' lang='lat' dir='ltr'><strong>evasit</strong></span> <span class='ocrx_word' id='word_1_532' title='bbox 980 4588 1178 4655; x_wconf 83' lang='lat' dir='ltr'><strong>salvus,</strong></span> <span class='ocrx_word' id='word_1_533' title='bbox 1197 4603 1342 4658; x_wconf 72' lang='lat' dir='ltr'><strong>Sat-pe</strong></span> <span class='ocrx_word' id='word_1_534' title='bbox 1361 4588 1522 4643; x_wconf 82' lang='lat' dir='ltr'><strong>etiam</strong></span> <span class='ocrx_word' id='word_1_535' title='bbox 1555 4589 1701 4641; x_wconf 86' lang='lat' dir='ltr'><strong>venit</strong></span> <span class='ocrx_word' id='word_1_536' title='bbox 1730 4588 1782 4642; x_wconf 89' lang='lat' dir='ltr'><strong>in</strong></span> <span class='ocrx_word' id='word_1_537' title='bbox 1816 4587 1955 4657; x_wconf 86' lang='lat' dir='ltr'><strong>peri-</strong></span> 
     </span>
    </p>
   </div>
   <div class='ocr_carea' id='block_1_68' title="bbox 371 4676 1958 4747">
    <p class='ocr_par' dir='ltr' id='par_1_68' title="bbox 371 4676 1958 4747">
     <span class='ocr_line' id='line_1_68' title="bbox 371 4676 1958 4747; baseline 0.001 -17"><span class='ocrx_word' id='word_1_538' title='bbox 371 4682 549 4736; x_wconf 81' lang='lat' dir='ltr'><strong>eulum</strong></span> <span class='ocrx_word' id='word_1_539' title='bbox 570 4699 584 4745; x_wconf 87' lang='lat'><strong>;</strong></span> <span class='ocrx_word' id='word_1_540' title='bbox 606 4681 690 4736; x_wconf 90' lang='lat' dir='ltr'><strong>hic</strong></span> <span class='ocrx_word' id='word_1_541' title='bbox 719 4689 897 4735; x_wconf 81' lang='lat' dir='ltr'><strong>autem</strong></span> <span class='ocrx_word' id='word_1_542' title='bbox 925 4681 1146 4735; x_wconf 87' lang='lat' dir='ltr'><strong>omnino</strong></span> <span class='ocrx_word' id='word_1_543' title='bbox 1173 4678 1420 4735; x_wconf 83' lang='lat' dir='ltr'><strong>venietin</strong></span> <span class='ocrx_word' id='word_1_544' title='bbox 1442 4677 1758 4747; x_wconf 86' lang='lat' dir='ltr'><strong>periculum,</strong></span> <span class='ocrx_word' id='word_1_545' title='bbox 1778 4691 1845 4731; x_wconf 91' lang='lat' dir='ltr'><strong>ne</strong></span> <span class='ocrx_word' id='word_1_546' title='bbox 1863 4676 1958 4731; x_wconf 85' lang='lat' dir='ltr'><strong>ab-</strong></span> 
     </span>
    </p>
   </div>
   <div class='ocr_carea' id='block_1_69' title="bbox 372 4769 1957 4843">
    <p class='ocr_par' dir='ltr' id='par_1_69' title="bbox 372 4769 1957 4843">
     <span class='ocr_line' id='line_1_69' title="bbox 372 4769 1957 4843; baseline -0.003 -16"><span class='ocrx_word' id='word_1_547' title='bbox 372 4774 599 4829; x_wconf 84' lang='lat' dir='ltr'><strong>ducatnr</strong></span> <span class='ocrx_word' id='word_1_548' title='bbox 619 4774 670 4829; x_wconf 91' lang='lat' dir='ltr'><strong>in</strong></span> <span class='ocrx_word' id='word_1_549' title='bbox 687 4772 995 4828; x_wconf 80' lang='lat' dir='ltr'><strong>barathrum</strong></span> <span class='ocrx_word' id='word_1_550' title='bbox 1013 4770 1511 4843; x_wconf 79' lang='lat' dir='ltr'><strong>agetur.Quomodo</strong></span> <span class='ocrx_word' id='word_1_551' title='bbox 1526 4785 1655 4840; x_wconf 86' lang='lat' dir='ltr'><strong>ergo</strong></span> <span class='ocrx_word' id='word_1_552' title='bbox 1672 4770 1799 4825; x_wconf 89' lang='lat' dir='ltr'><strong>dicit</strong></span> <span class='ocrx_word' id='word_1_553' title='bbox 1820 4769 1957 4824; x_wconf 79' lang='lat' dir='ltr'><strong>Pau-</strong></span> 
     </span>
    </p>
   </div>
   <div class='ocr_carea' id='block_1_70' title="bbox 374 4861 1956 4937">
    <p class='ocr_par' dir='ltr' id='par_1_70' title="bbox 374 4861 1956 4937">
     <span class='ocr_line' id='line_1_70' title="bbox 374 4861 1956 4937; baseline -0.004 -16"><span class='ocrx_word' id='word_1_554' title='bbox 374 4868 457 4922; x_wconf 82' lang='lat' dir='ltr'><strong>los</strong></span> <span class='ocrx_word' id='word_1_555' title='bbox 475 4883 487 4920; x_wconf 95' lang='lat'>:</span> <span class='ocrx_word' id='word_1_556' title='bbox 510 4865 722 4922; x_wconf 79' lang='lat' dir='ltr'><strong>Obedite</strong></span> <span class='ocrx_word' id='word_1_557' title='bbox 741 4866 1024 4937; x_wconf 55' lang='lat' dir='ltr'><strong>praepositis</strong></span> <span class='ocrx_word' id='word_1_558' title='bbox 1039 4865 1232 4929; x_wconf 76' lang='lat' dir='ltr'><strong>vestris,</strong></span> <span class='ocrx_word' id='word_1_559' title='bbox 1253 4873 1300 4918; x_wconf 87' lang='lat' dir='ltr'><strong>et</strong></span> <span class='ocrx_word' id='word_1_560' title='bbox 1316 4863 1566 4935; x_wconf 78' lang='lat' dir='ltr'><strong>subjacete</strong></span> <span class='ocrx_word' id='word_1_561' title='bbox 1582 4869 1652 4916; x_wconf 75' lang='lat' dir='ltr'><strong>ets</strong></span> <span class='ocrx_word' id='word_1_562' title='bbox 1665 4861 1692 4916; x_wconf 78' lang='lat'><strong><em>?</em></strong></span> <span class='ocrx_word' id='word_1_563' title='bbox 1703 4861 1835 4916; x_wconf 84' lang='lat' dir='ltr'><strong>Cum</strong></span> <span class='ocrx_word' id='word_1_564' title='bbox 1865 4875 1956 4915; x_wconf 85' lang='lat' dir='ltr'><strong>su-</strong></span> 
     </span>
    </p>
   </div>
   <div class='ocr_carea' id='block_1_71' title="bbox 373 4953 1951 5025">
    <p class='ocr_par' dir='ltr' id='par_1_71' title="bbox 373 4953 1951 5025">
     <span class='ocr_line' id='line_1_71' title="bbox 373 4953 1951 5025; baseline -0.004 -14"><span class='ocrx_word' id='word_1_565' title='bbox 373 4958 554 5025; x_wconf 87' lang='lat' dir='ltr'><strong>perius</strong></span> <span class='ocrx_word' id='word_1_566' title='bbox 568 4956 764 5011; x_wconf 81' lang='lat' dir='ltr'><strong>dixerit</strong></span> <span class='ocrx_word' id='word_1_567' title='bbox 778 4975 792 5011; x_wconf 87' lang='lat'><strong>:</strong></span> <span class='ocrx_word' id='word_1_568' title='bbox 810 4955 1040 5023; x_wconf 82' lang='lat' dir='ltr'><strong>Quorum</strong></span> <span class='ocrx_word' id='word_1_569' title='bbox 1066 4956 1313 5009; x_wconf 78' lang='lat' dir='ltr'><strong>intuentes</strong></span> <span class='ocrx_word' id='word_1_570' title='bbox 1336 4953 1524 5007; x_wconf 72' lang='lat' dir='ltr'><strong>exitum</strong></span> <span class='ocrx_word' id='word_1_571' title='bbox 1539 4954 1951 5018; x_wconf 78' lang='lat' dir='ltr'><strong>conversationis,</strong></span> 
     </span>
    </p>
   </div>
   <div class='ocr_carea' id='block_1_72' title="bbox 370 5044 1951 5117">
    <p class='ocr_par' dir='ltr' id='par_1_72' title="bbox 370 5044 1951 5117">
     <span class='ocr_line' id='line_1_72' title="bbox 370 5044 1951 5117; baseline -0.003 -16"><span class='ocrx_word' id='word_1_572' title='bbox 370 5049 638 5102; x_wconf 68' lang='lat' dir='ltr'><strong>imitamini</strong></span> <span class='ocrx_word' id='word_1_573' title='bbox 662 5047 853 5117; x_wconf 75' lang='lat' dir='ltr'><strong>ﬁdem;</strong></span> <span class='ocrx_word' id='word_1_574' title='bbox 883 5055 1007 5102; x_wconf 89' lang='lat' dir='ltr'><strong>tunc</strong></span> <span class='ocrx_word' id='word_1_575' title='bbox 1023 5046 1175 5110; x_wconf 81' lang='lat' dir='ltr'><strong>dixit,</strong></span> <span class='ocrx_word' id='word_1_576' title='bbox 1204 5045 1412 5099; x_wconf 80' lang='lat' dir='ltr'><strong>Ubedite</strong></span> <span class='ocrx_word' id='word_1_577' title='bbox 1440 5044 1725 5116; x_wconf 69' lang='lat' dir='ltr'><strong>pra’post&#39;tt&#39;s</strong></span> <span class='ocrx_word' id='word_1_578' title='bbox 1756 5049 1951 5109; x_wconf 80' lang='lat' dir='ltr'><strong>vestris,</strong></span> 
     </span>
    </p>
   </div>
   <div class='ocr_carea' id='block_1_73' title="bbox 375 5134 1956 5209">
    <p class='ocr_par' dir='ltr' id='par_1_73' title="bbox 375 5134 1956 5209">
     <span class='ocr_line' id='line_1_73' title="bbox 375 5134 1956 5209; baseline -0.003 -15"><span class='ocrx_word' id='word_1_579' title='bbox 375 5150 422 5194; x_wconf 83' lang='lat' dir='ltr'><strong>et</strong></span> <span class='ocrx_word' id='word_1_580' title='bbox 443 5142 714 5209; x_wconf 81' lang='lat' dir='ltr'><strong>subjacete.</strong></span> <span class='ocrx_word' id='word_1_581' title='bbox 743 5138 880 5204; x_wconf 88' lang='lat' dir='ltr'><strong>Quid</strong></span> <span class='ocrx_word' id='word_1_582' title='bbox 905 5153 1056 5207; x_wconf 75' lang='lat' dir='ltr'><strong>etgo,</strong></span> <span class='ocrx_word' id='word_1_583' title='bbox 1072 5137 1264 5208; x_wconf 84' lang='lat' dir='ltr'><strong>inquit,</strong></span> <span class='ocrx_word' id='word_1_584' title='bbox 1279 5134 1492 5207; x_wconf 85' lang='lat' dir='ltr'><strong>quando</strong></span> <span class='ocrx_word' id='word_1_585' title='bbox 1510 5135 1669 5191; x_wconf 87' lang='lat' dir='ltr'><strong>fuerit</strong></span> <span class='ocrx_word' id='word_1_586' title='bbox 1693 5134 1884 5198; x_wconf 80' lang='lat' dir='ltr'><strong>malus,</strong></span> <span class='ocrx_word' id='word_1_587' title='bbox 1901 5143 1956 5189; x_wconf 90' lang='lat' dir='ltr'><strong>et</strong></span> 
     </span>
    </p>
   </div>
   <div class='ocr_carea' id='block_1_74' title="bbox 372 5227 1955 5300">
    <p class='ocr_par' dir='ltr' id='par_1_74' title="bbox 372 5227 1955 5300">
     <span class='ocr_line' id='line_1_74' title="bbox 372 5227 1955 5300; baseline -0.004 -13"><span class='ocrx_word' id='word_1_588' title='bbox 372 5249 477 5289; x_wconf 80' lang='lat' dir='ltr'><strong>non</strong></span> <span class='ocrx_word' id='word_1_589' title='bbox 507 5232 821 5288; x_wconf 85' lang='lat' dir='ltr'><strong>obcdiemus</strong></span> <span class='ocrx_word' id='word_1_590' title='bbox 843 5230 893 5286; x_wconf 90' lang='lat' dir='ltr'><strong>ei</strong></span> <span class='ocrx_word' id='word_1_591' title='bbox 910 5230 933 5283; x_wconf 87' lang='lat'><strong>?</strong></span> <span class='ocrx_word' id='word_1_592' title='bbox 953 5230 1141 5296; x_wconf 73' lang='lat' dir='ltr'><strong>Malus,</strong></span> <span class='ocrx_word' id='word_1_593' title='bbox 1172 5227 1442 5300; x_wconf 88' lang='lat' dir='ltr'><strong>quomodo</strong></span> <span class='ocrx_word' id='word_1_594' title='bbox 1466 5227 1643 5284; x_wconf 87' lang='lat' dir='ltr'><strong>dicis?</strong></span> <span class='ocrx_word' id='word_1_595' title='bbox 1664 5228 1708 5281; x_wconf 89' lang='lat' dir='ltr'><strong>si</strong></span> <span class='ocrx_word' id='word_1_596' title='bbox 1738 5237 1955 5295; x_wconf 83' lang='lat' dir='ltr'><strong>propter</strong></span> 
     </span>
    </p>
   </div>
   <div class='ocr_carea' id='block_1_75' title="bbox 374 5319 1956 5395">
    <p class='ocr_par' dir='ltr' id='par_1_75' title="bbox 374 5319 1956 5395">
     <span class='ocr_line' id='line_1_75' title="bbox 374 5319 1956 5395; baseline -0.004 -17"><span class='ocrx_word' id='word_1_597' title='bbox 374 5324 529 5380; x_wconf 82' lang='lat' dir='ltr'><strong>fidem</strong></span> <span class='ocrx_word' id='word_1_598' title='bbox 562 5324 776 5395; x_wconf 85' lang='lat' dir='ltr'><strong>quidem</strong></span> <span class='ocrx_word' id='word_1_599' title='bbox 799 5364 813 5386; x_wconf 87' lang='lat'><strong>,</strong></span> <span class='ocrx_word' id='word_1_600' title='bbox 858 5320 984 5393; x_wconf 84' lang='lat' dir='ltr'><strong>fuge</strong></span> <span class='ocrx_word' id='word_1_601' title='bbox 1012 5336 1136 5376; x_wconf 88' lang='lat' dir='ltr'><strong>eum</strong></span> <span class='ocrx_word' id='word_1_602' title='bbox 1160 5329 1216 5377; x_wconf 91' lang='lat' dir='ltr'><strong>et</strong></span> <span class='ocrx_word' id='word_1_603' title='bbox 1241 5321 1379 5376; x_wconf 88' lang='lat' dir='ltr'><strong>evita</strong></span> <span class='ocrx_word' id='word_1_604' title='bbox 1401 5361 1417 5385; x_wconf 92' lang='lat'><strong>,</strong></span> <span class='ocrx_word' id='word_1_605' title='bbox 1456 5336 1560 5375; x_wconf 83' lang='lat' dir='ltr'><strong>non</strong></span> <span class='ocrx_word' id='word_1_606' title='bbox 1607 5319 1780 5375; x_wconf 83' lang='lat' dir='ltr'><strong>solum</strong></span> <span class='ocrx_word' id='word_1_607' title='bbox 1809 5320 1851 5373; x_wconf 88' lang='lat' dir='ltr'><strong>si</strong></span> <span class='ocrx_word' id='word_1_608' title='bbox 1884 5319 1956 5372; x_wconf 90' lang='lat' dir='ltr'><strong>sit</strong></span> 
     </span>
    </p>
   </div>
   <div class='ocr_carea' id='block_1_76' title="bbox 373 5411 1951 5483">
    <p class='ocr_par' dir='ltr' id='par_1_76' title="bbox 373 5411 1951 5483">
     <span class='ocr_line' id='line_1_76' title="bbox 373 5411 1951 5483; baseline -0.004 -14"><span class='ocrx_word' id='word_1_609' title='bbox 373 5415 533 5472; x_wconf 90' lang='lat' dir='ltr'><strong>homo</strong></span> <span class='ocrx_word' id='word_1_610' title='bbox 557 5456 572 5482; x_wconf 95' lang='lat'><strong>,</strong></span> <span class='ocrx_word' id='word_1_611' title='bbox 605 5415 702 5471; x_wconf 87' lang='lat' dir='ltr'><strong>sed</strong></span> <span class='ocrx_word' id='word_1_612' title='bbox 744 5415 904 5470; x_wconf 81' lang='lat' dir='ltr'><strong>etiam</strong></span> <span class='ocrx_word' id='word_1_613' title='bbox 933 5413 978 5468; x_wconf 89' lang='lat' dir='ltr'><strong>si</strong></span> <span class='ocrx_word' id='word_1_614' title='bbox 1007 5412 1232 5483; x_wconf 76' lang='lat' dir='ltr'><strong>angelus</strong></span> <span class='ocrx_word' id='word_1_615' title='bbox 1261 5413 1595 5468; x_wconf 85' lang='lat' dir='ltr'><strong>descendens</strong></span> <span class='ocrx_word' id='word_1_616' title='bbox 1616 5429 1648 5468; x_wconf 86' lang='lat' dir='ltr'><strong>e</strong></span> <span class='ocrx_word' id='word_1_617' title='bbox 1670 5411 1805 5467; x_wconf 78' lang='lat' dir='ltr'><strong>cado</strong></span> <span class='ocrx_word' id='word_1_618' title='bbox 1831 5429 1843 5464; x_wconf 89' lang='lat'><strong>:</strong></span> <span class='ocrx_word' id='word_1_619' title='bbox 1867 5426 1951 5466; x_wconf 79' lang='lat' dir='ltr'><strong>sin</strong></span> 
     </span>
    </p>
   </div>
   <div class='ocr_carea' id='block_1_77' title="bbox 368 5500 1953 5575">
    <p class='ocr_par' dir='ltr' id='par_1_77' title="bbox 368 5500 1953 5575">
     <span class='ocr_line' id='line_1_77' title="bbox 368 5500 1953 5575; baseline -0.001 -17"><span class='ocrx_word' id='word_1_620' title='bbox 368 5517 545 5560; x_wconf 84' lang='lat' dir='ltr'><strong>autem</strong></span> <span class='ocrx_word' id='word_1_621' title='bbox 576 5517 794 5575; x_wconf 83' lang='lat' dir='ltr'><strong>propter</strong></span> <span class='ocrx_word' id='word_1_622' title='bbox 823 5504 1007 5569; x_wconf 67' lang='lat' dir='ltr'><strong>vitatu,</strong></span> <span class='ocrx_word' id='word_1_623' title='bbox 1040 5518 1107 5558; x_wconf 90' lang='lat' dir='ltr'><strong>ne</strong></span> <span class='ocrx_word' id='word_1_624' title='bbox 1132 5503 1206 5558; x_wconf 88' lang='lat' dir='ltr'><strong>sis</strong></span> <span class='ocrx_word' id='word_1_625' title='bbox 1233 5504 1394 5559; x_wconf 84' lang='lat' dir='ltr'><strong>nimis</strong></span> <span class='ocrx_word' id='word_1_626' title='bbox 1423 5504 1689 5558; x_wconf 80' lang='lat' dir='ltr'><strong>curiosus.</strong></span> <span class='ocrx_word' id='word_1_627' title='bbox 1717 5501 1825 5555; x_wconf 88' lang='lat' dir='ltr'><strong>Nec</strong></span> <span class='ocrx_word' id='word_1_628' title='bbox 1854 5500 1953 5556; x_wconf 89' lang='lat' dir='ltr'><strong>hoc</strong></span> 
     </span>
    </p>
   </div>
   <div class='ocr_carea' id='block_1_78' title="bbox 370 5596 1948 5669">
    <p class='ocr_par' dir='ltr' id='par_1_78' title="bbox 370 5596 1948 5669">
     <span class='ocr_line' id='line_1_78' title="bbox 370 5596 1948 5669; baseline 0 -18"><span class='ocrx_word' id='word_1_629' title='bbox 370 5599 670 5669; x_wconf 74' lang='lat' dir='ltr'><strong>exemplum</strong></span> <span class='ocrx_word' id='word_1_630' title='bbox 693 5615 759 5655; x_wconf 75' lang='lat' dir='ltr'><strong>ex</strong></span> <span class='ocrx_word' id='word_1_631' title='bbox 778 5617 859 5656; x_wconf 91' lang='lat' dir='ltr'><strong>me</strong></span> <span class='ocrx_word' id='word_1_632' title='bbox 875 5601 1095 5657; x_wconf 84' lang='lat' dir='ltr'><strong>allatum</strong></span> <span class='ocrx_word' id='word_1_633' title='bbox 1124 5598 1265 5665; x_wconf 90' lang='lat' dir='ltr'><strong>dico,</strong></span> <span class='ocrx_word' id='word_1_634' title='bbox 1281 5598 1374 5654; x_wconf 87' lang='lat' dir='ltr'><strong>sed</strong></span> <span class='ocrx_word' id='word_1_635' title='bbox 1401 5614 1430 5653; x_wconf 84' lang='lat' dir='ltr'><strong>a</strong></span> <span class='ocrx_word' id='word_1_636' title='bbox 1461 5598 1636 5654; x_wconf 86' lang='lat' dir='ltr'><strong>divina</strong></span> <span class='ocrx_word' id='word_1_637' title='bbox 1652 5596 1948 5666; x_wconf 87' lang='lat' dir='ltr'><strong>Scriptura.</strong></span> 
     </span>
    </p>
   </div>
   <div class='ocr_carea' id='block_1_79' title="bbox 371 5685 1955 5759">
    <p class='ocr_par' dir='ltr' id='par_1_79' title="bbox 371 5685 1955 5759">
     <span class='ocr_line' id='line_1_79' title="bbox 371 5685 1955 5759; baseline 0 -19"><span class='ocrx_word' id='word_1_638' title='bbox 371 5690 507 5743; x_wconf 79' lang='lat' dir='ltr'><strong>Audi</strong></span> <span class='ocrx_word' id='word_1_639' title='bbox 528 5690 669 5743; x_wconf 83' lang='lat' dir='ltr'><strong>enim</strong></span> <span class='ocrx_word' id='word_1_640' title='bbox 679 5685 946 5745; x_wconf 82' lang='lat' dir='ltr'><strong>Christum</strong></span> <span class='ocrx_word' id='word_1_641' title='bbox 967 5690 1236 5745; x_wconf 85' lang='lat' dir='ltr'><strong>dicentem</strong></span> <span class='ocrx_word' id='word_1_642' title='bbox 1258 5706 1272 5743; x_wconf 89' lang='lat'><strong>:</strong></span> <span class='ocrx_word' id='word_1_643' title='bbox 1297 5689 1467 5759; x_wconf 78' lang='lat' dir='ltr'><strong>Super</strong></span> <span class='ocrx_word' id='word_1_644' title='bbox 1486 5689 1777 5743; x_wconf 79' lang='lat' dir='ltr'><strong>cathedram</strong></span> <span class='ocrx_word' id='word_1_645' title='bbox 1804 5687 1955 5758; x_wconf 76' lang='lat' dir='ltr'><strong>Moy-</strong></span> 
     </span>
    </p>
   </div>
   <div class='ocr_carea' id='block_1_80' title="bbox 372 5775 1949 5850">
    <p class='ocr_par' dir='ltr' id='par_1_80' title="bbox 372 5775 1949 5850">
     <span class='ocr_line' id='line_1_80' title="bbox 372 5775 1949 5850; baseline 0.003 -23"><span class='ocrx_word' id='word_1_646' title='bbox 372 5777 436 5827; x_wconf 75' lang='lat' dir='ltr'><strong>sis</strong></span> <span class='ocrx_word' id='word_1_647' title='bbox 459 5777 694 5830; x_wconf 77' lang='lat' dir='ltr'><strong>sederunt</strong></span> <span class='ocrx_word' id='word_1_648' title='bbox 721 5780 894 5832; x_wconf 68' lang='lat' dir='ltr'><strong>scribae</strong></span> <span class='ocrx_word' id='word_1_649' title='bbox 918 5790 963 5833; x_wconf 88' lang='lat' dir='ltr'><strong>et</strong></span> <span class='ocrx_word' id='word_1_650' title='bbox 995 5779 1248 5833; x_wconf 64' lang='lat' dir='ltr'><strong>Pharisaei</strong></span> <span class='ocrx_word' id='word_1_651' title='bbox 1270 5776 1484 5850; x_wconf 77' lang='lat' dir='ltr'><strong>(Matth.</strong></span> <span class='ocrx_word' id='word_1_652' title='bbox 1512 5776 1601 5834; x_wconf 77' lang='lat'><strong>25.</strong></span> <span class='ocrx_word' id='word_1_653' title='bbox 1619 5777 1684 5831; x_wconf 68' lang='grc' dir='ltr'><strong>τὶ.</strong></span> <span class='ocrx_word' id='word_1_654' title='bbox 1715 5776 1793 5845; x_wconf 84' lang='grc'><strong>5).</strong></span> <span class='ocrx_word' id='word_1_655' title='bbox 1815 5775 1949 5832; x_wconf 84' lang='lat' dir='ltr'><strong>Cum</strong></span> 
     </span>
    </p>
   </div>
   <div class='ocr_carea' id='block_1_81' title="bbox 2061 2212 3643 2286">
    <p class='ocr_par' dir='ltr' id='par_1_81' title="bbox 2061 2212 3643 2286">
     <span class='ocr_line' id='line_1_81' title="bbox 2061 2212 3643 2286; baseline 0.003 -20"><span class='ocrx_word' id='word_1_656' title='bbox 2061 2212 2126 2266; x_wconf 77' lang='lat' dir='ltr'><strong>de</strong></span> <span class='ocrx_word' id='word_1_657' title='bbox 2155 2212 2218 2266; x_wconf 84' lang='lat' dir='ltr'><strong>iis</strong></span> <span class='ocrx_word' id='word_1_658' title='bbox 2244 2215 2390 2282; x_wconf 89' lang='lat' dir='ltr'><strong>prius</strong></span> <span class='ocrx_word' id='word_1_659' title='bbox 2417 2213 2578 2267; x_wconf 88' lang='lat' dir='ltr'><strong>multa</strong></span> <span class='ocrx_word' id='word_1_660' title='bbox 2602 2213 2829 2268; x_wconf 70' lang='lat' dir='ltr'><strong>dixisset</strong></span> <span class='ocrx_word' id='word_1_661' title='bbox 2861 2216 3061 2284; x_wconf 81' lang='lat' dir='ltr'><strong>gravia,</strong></span> <span class='ocrx_word' id='word_1_662' title='bbox 3104 2222 3229 2269; x_wconf 90' lang='lat' dir='ltr'><strong>tunc</strong></span> <span class='ocrx_word' id='word_1_663' title='bbox 3268 2216 3398 2269; x_wconf 84' lang='lat' dir='ltr'><strong>dicit</strong></span> <span class='ocrx_word' id='word_1_664' title='bbox 3428 2232 3440 2267; x_wconf 95' lang='lat'>:</span> <span class='ocrx_word' id='word_1_665' title='bbox 3471 2215 3643 2286; x_wconf 79' lang='lat' dir='ltr'><strong>Super</strong></span> 
     </span>
    </p>
   </div>
   <div class='ocr_carea' id='block_1_82' title="bbox 2062 2304 3639 2377">
    <p class='ocr_par' dir='ltr' id='par_1_82' title="bbox 2062 2304 3639 2377">
     <span class='ocr_line' id='line_1_82' title="bbox 2062 2304 3639 2377; baseline 0.001 -18"><span class='ocrx_word' id='word_1_666' title='bbox 2062 2304 2353 2359; x_wconf 77' lang='lat' dir='ltr'><strong>cathedram</strong></span> <span class='ocrx_word' id='word_1_667' title='bbox 2376 2304 2428 2358; x_wconf 82' lang='grc' dir='ltr'><em>Μ</em></span> <span class='ocrx_word' id='word_1_668' title='bbox 2436 2306 2572 2375; x_wconf 72' lang='lat' dir='ltr'><strong>oysis</strong></span> <span class='ocrx_word' id='word_1_669' title='bbox 2597 2307 2852 2359; x_wconf 78' lang='lat' dir='ltr'><strong>sederunt.</strong></span> <span class='ocrx_word' id='word_1_670' title='bbox 2873 2307 3212 2377; x_wconf 65' lang='lat' dir='ltr'><strong>Quintumque</strong></span> <span class='ocrx_word' id='word_1_671' title='bbox 3240 2306 3377 2362; x_wconf 76' lang='lat' dir='ltr'><strong>vobis</strong></span> <span class='ocrx_word' id='word_1_672' title='bbox 3397 2306 3639 2372; x_wconf 71' lang='lat' dir='ltr'><strong>dixerint,</strong></span> 
     </span>
    </p>
   </div>
   <div class='ocr_carea' id='block_1_83' title="bbox 2060 2396 3641 2472">
    <p class='ocr_par' dir='ltr' id='par_1_83' title="bbox 2060 2396 3641 2472">
     <span class='ocr_line' id='line_1_83' title="bbox 2060 2396 3641 2472; baseline 0.006 -25"><span class='ocrx_word' id='word_1_673' title='bbox 2060 2396 2215 2466; x_wconf 80' lang='lat' dir='ltr'><strong>facile</strong></span> <span class='ocrx_word' id='word_1_674' title='bbox 2231 2410 2249 2449; x_wconf 92' lang='lat'><strong><em>:</em></strong></span> <span class='ocrx_word' id='word_1_675' title='bbox 2267 2411 2590 2467; x_wconf 70' lang='lat' dir='ltr'><strong>quazcmnqne</strong></span> <span class='ocrx_word' id='word_1_676' title='bbox 2606 2408 2773 2451; x_wconf 84' lang='lat' dir='ltr'><strong>autent</strong></span> <span class='ocrx_word' id='word_1_677' title='bbox 2791 2399 3021 2469; x_wconf 74' lang='lat' dir='ltr'><strong>fecerint,</strong></span> <span class='ocrx_word' id='word_1_678' title='bbox 3040 2399 3195 2454; x_wconf 79' lang='lat' dir='ltr'><strong>nolite</strong></span> <span class='ocrx_word' id='word_1_679' title='bbox 3209 2401 3397 2472; x_wconf 74' lang='lat' dir='ltr'><strong>facere.</strong></span> <span class='ocrx_word' id='word_1_680' title='bbox 3411 2400 3641 2470; x_wconf 84' lang='lat' dir='ltr'><strong>Habent,</strong></span> 
     </span>
    </p>
   </div>
   <div class='ocr_carea' id='block_1_84' title="bbox 2063 2485 3639 2557">
    <p class='ocr_par' dir='ltr' id='par_1_84' title="bbox 2063 2485 3639 2557">
     <span class='ocr_line' id='line_1_84' title="bbox 2063 2485 3639 2557; baseline 0.008 -19"><span class='ocrx_word' id='word_1_681' title='bbox 2063 2485 2268 2555; x_wconf 89' lang='lat' dir='ltr'><strong>inquit,</strong></span> <span class='ocrx_word' id='word_1_682' title='bbox 2301 2486 2650 2557; x_wconf 87' lang='lat' dir='ltr'><strong>dignitatem,</strong></span> <span class='ocrx_word' id='word_1_683' title='bbox 2678 2488 2773 2543; x_wconf 88' lang='lat' dir='ltr'><strong>sed</strong></span> <span class='ocrx_word' id='word_1_684' title='bbox 2803 2491 2925 2544; x_wconf 80' lang='lat' dir='ltr'><strong>vita:</strong></span> <span class='ocrx_word' id='word_1_685' title='bbox 2948 2498 3072 2544; x_wconf 88' lang='lat' dir='ltr'><strong>sunt</strong></span> <span class='ocrx_word' id='word_1_686' title='bbox 3098 2490 3406 2548; x_wconf 64' lang='lat' dir='ltr'><strong>immundae.</strong></span> <span class='ocrx_word' id='word_1_687' title='bbox 3434 2493 3506 2549; x_wconf 85' lang='lat' dir='ltr'><strong>At</strong></span> <span class='ocrx_word' id='word_1_688' title='bbox 3534 2509 3639 2550; x_wconf 87' lang='lat' dir='ltr'><strong>non</strong></span> 
     </span>
    </p>
   </div>
   <div class='ocr_carea' id='block_1_85' title="bbox 2063 2578 3642 2657">
    <p class='ocr_par' dir='ltr' id='par_1_85' title="bbox 2063 2578 3642 2657">
     <span class='ocr_line' id='line_1_85' title="bbox 2063 2578 3642 2657; baseline 0.007 -26"><span class='ocrx_word' id='word_1_689' title='bbox 2063 2578 2248 2643; x_wconf 82' lang='lat' dir='ltr'><strong>vitam,</strong></span> <span class='ocrx_word' id='word_1_690' title='bbox 2279 2578 2375 2633; x_wconf 87' lang='lat' dir='ltr'><strong>sed</strong></span> <span class='ocrx_word' id='word_1_691' title='bbox 2406 2578 2566 2633; x_wconf 81' lang='lat' dir='ltr'><strong>verba</strong></span> <span class='ocrx_word' id='word_1_692' title='bbox 2597 2581 2855 2636; x_wconf 84' lang='lat' dir='ltr'><strong>attendite</strong></span> <span class='ocrx_word' id='word_1_693' title='bbox 2880 2599 2892 2635; x_wconf 91' lang='lat'>:</span> <span class='ocrx_word' id='word_1_694' title='bbox 2919 2597 3040 2636; x_wconf 82' lang='lat' dir='ltr'><strong>nam</strong></span> <span class='ocrx_word' id='word_1_695' title='bbox 3071 2592 3293 2654; x_wconf 83' lang='lat' dir='ltr'><strong>propter</strong></span> <span class='ocrx_word' id='word_1_696' title='bbox 3320 2599 3500 2642; x_wconf 88' lang='lat' dir='ltr'><strong>mores</strong></span> <span class='ocrx_word' id='word_1_697' title='bbox 3523 2588 3642 2657; x_wconf 83' lang='lat' dir='ltr'><strong>qui-</strong></span> 
     </span>
    </p>
   </div>
   <div class='ocr_carea' id='block_1_86' title="bbox 2058 2666 3638 2743">
    <p class='ocr_par' dir='ltr' id='par_1_86' title="bbox 2058 2666 3638 2743">
     <span class='ocr_line' id='line_1_86' title="bbox 2058 2666 3638 2743; baseline 0.008 -21"><span class='ocrx_word' id='word_1_698' title='bbox 2058 2666 2180 2724; x_wconf 83' lang='lat' dir='ltr'><strong>dem</strong></span> <span class='ocrx_word' id='word_1_699' title='bbox 2208 2670 2384 2725; x_wconf 88' lang='lat' dir='ltr'><strong>nullus</strong></span> <span class='ocrx_word' id='word_1_700' title='bbox 2403 2669 2656 2725; x_wconf 80' lang='lat' dir='ltr'><strong>damnum</strong></span> <span class='ocrx_word' id='word_1_701' title='bbox 2687 2675 2975 2743; x_wconf 81' lang='lat' dir='ltr'><strong>acceperit.</strong></span> <span class='ocrx_word' id='word_1_702' title='bbox 2994 2673 3210 2740; x_wconf 80' lang='lat' dir='ltr'><strong>Quare?</strong></span> <span class='ocrx_word' id='word_1_703' title='bbox 3233 2675 3494 2743; x_wconf 78' lang='lat' dir='ltr'><strong>Quoniam</strong></span> <span class='ocrx_word' id='word_1_704' title='bbox 3519 2689 3576 2734; x_wconf 90' lang='lat' dir='ltr'><strong>et</strong></span> <span class='ocrx_word' id='word_1_705' title='bbox 3603 2680 3638 2734; x_wconf 91' lang='lat' dir='ltr'><strong>ii</strong></span> 
     </span>
    </p>
   </div>
   <div class='ocr_carea' id='block_1_87' title="bbox 2058 2760 3639 2836">
    <p class='ocr_par' dir='ltr' id='par_1_87' title="bbox 2058 2760 3639 2836">
     <span class='ocr_line' id='line_1_87' title="bbox 2058 2760 3639 2836; baseline 0.008 -21"><span class='ocrx_word' id='word_1_706' title='bbox 2058 2769 2183 2816; x_wconf 85' lang='lat' dir='ltr'><strong>sunt</strong></span> <span class='ocrx_word' id='word_1_707' title='bbox 2209 2760 2459 2817; x_wconf 83' lang='lat' dir='ltr'><strong>omnibus</strong></span> <span class='ocrx_word' id='word_1_708' title='bbox 2490 2761 2794 2829; x_wconf 86' lang='lat' dir='ltr'><strong>manifesti;</strong></span> <span class='ocrx_word' id='word_1_709' title='bbox 2817 2774 2873 2819; x_wconf 87' lang='lat' dir='ltr'><strong>et</strong></span> <span class='ocrx_word' id='word_1_710' title='bbox 2902 2780 3001 2819; x_wconf 88' lang='lat' dir='ltr'><strong>nec</strong></span> <span class='ocrx_word' id='word_1_711' title='bbox 3031 2766 3144 2836; x_wconf 85' lang='lat' dir='ltr'><strong>ipse</strong></span> <span class='ocrx_word' id='word_1_712' title='bbox 3164 2805 3181 2833; x_wconf 92' lang='lat'><strong>,</strong></span> <span class='ocrx_word' id='word_1_713' title='bbox 3205 2767 3414 2824; x_wconf 82' lang='lat' dir='ltr'><strong>etiamsi</strong></span> <span class='ocrx_word' id='word_1_714' title='bbox 3444 2770 3639 2827; x_wconf 78' lang='lat' dir='ltr'><strong>millics</strong></span> 
     </span>
    </p>
   </div>
   <div class='ocr_carea' id='block_1_88' title="bbox 2058 2853 3638 2929">
    <p class='ocr_par' dir='ltr' id='par_1_88' title="bbox 2058 2853 3638 2929">
     <span class='ocr_line' id='line_1_88' title="bbox 2058 2853 3638 2929; baseline 0.006 -22"><span class='ocrx_word' id='word_1_715' title='bbox 2058 2853 2128 2907; x_wconf 85' lang='lat' dir='ltr'><strong>sit</strong></span> <span class='ocrx_word' id='word_1_716' title='bbox 2152 2854 2322 2908; x_wconf 88' lang='lat' dir='ltr'><strong>malus</strong></span> <span class='ocrx_word' id='word_1_717' title='bbox 2342 2894 2357 2918; x_wconf 90' lang='lat'><strong>,</strong></span> <span class='ocrx_word' id='word_1_718' title='bbox 2390 2854 2529 2908; x_wconf 87' lang='lat' dir='ltr'><strong>mala</strong></span> <span class='ocrx_word' id='word_1_719' title='bbox 2552 2870 2803 2925; x_wconf 77' lang='lat' dir='ltr'><strong>umquam</strong></span> <span class='ocrx_word' id='word_1_720' title='bbox 2830 2855 3067 2912; x_wconf 85' lang='lat' dir='ltr'><strong>docebit.</strong></span> <span class='ocrx_word' id='word_1_721' title='bbox 3096 2857 3202 2914; x_wconf 87' lang='lat' dir='ltr'><strong>Sed</strong></span> <span class='ocrx_word' id='word_1_722' title='bbox 3221 2868 3437 2929; x_wconf 64' lang='lat' dir='ltr'><strong>promer</strong></span> <span class='ocrx_word' id='word_1_723' title='bbox 3452 2861 3638 2917; x_wconf 80' lang='lat' dir='ltr'><strong>tidem.</strong></span> 
     </span>
    </p>
   </div>
   <div class='ocr_carea' id='block_1_89' title="bbox 2059 2944 3638 3023">
    <p class='ocr_par' dir='ltr' id='par_1_89' title="bbox 2059 2944 3638 3023">
     <span class='ocr_line' id='line_1_89' title="bbox 2059 2944 3638 3023; baseline 0.007 -27"><span class='ocrx_word' id='word_1_724' title='bbox 2059 2944 2244 3013; x_wconf 80' lang='lat' dir='ltr'><strong>Neque</strong></span> <span class='ocrx_word' id='word_1_725' title='bbox 2273 2946 2416 3000; x_wconf 89' lang='lat' dir='ltr'><strong>enim</strong></span> <span class='ocrx_word' id='word_1_726' title='bbox 2441 2954 2523 3000; x_wconf 88' lang='lat' dir='ltr'><strong>est</strong></span> <span class='ocrx_word' id='word_1_727' title='bbox 2553 2945 2603 3000; x_wconf 90' lang='lat' dir='ltr'><strong>id</strong></span> <span class='ocrx_word' id='word_1_728' title='bbox 2627 2948 2875 3002; x_wconf 86' lang='lat' dir='ltr'><strong>omnibus</strong></span> <span class='ocrx_word' id='word_1_729' title='bbox 2918 2948 3289 3015; x_wconf 87' lang='lat' dir='ltr'><strong>manifestum;</strong></span> <span class='ocrx_word' id='word_1_730' title='bbox 3316 2965 3494 3023; x_wconf 85' lang='lat' dir='ltr'><strong>neque</strong></span> <span class='ocrx_word' id='word_1_731' title='bbox 3523 2967 3638 3007; x_wconf 82' lang='lat' dir='ltr'><strong>ma-</strong></span> 
     </span>
    </p>
   </div>
   <div class='ocr_carea' id='block_1_90' title="bbox 2058 3028 3631 3108">
    <p class='ocr_par' dir='ltr' id='par_1_90' title="bbox 2058 3028 3631 3108">
     <span class='ocr_line' id='line_1_90' title="bbox 2058 3028 3631 3108; baseline 0.008 -25"><span class='ocrx_word' id='word_1_732' title='bbox 2058 3028 2144 3085; x_wconf 92' lang='lat' dir='ltr'><strong>lus</strong></span> <span class='ocrx_word' id='word_1_733' title='bbox 2174 3031 2444 3088; x_wconf 84' lang='lat' dir='ltr'><strong>recusabit</strong></span> <span class='ocrx_word' id='word_1_734' title='bbox 2459 3032 2759 3090; x_wconf 85' lang='lat' dir='ltr'><strong>doctrinam</strong></span> <span class='ocrx_word' id='word_1_735' title='bbox 2782 3035 2977 3092; x_wconf 87' lang='lat' dir='ltr'><strong>docere</strong></span> <span class='ocrx_word' id='word_1_736' title='bbox 2999 3053 3331 3108; x_wconf 86' lang='lat' dir='ltr'><strong>perversam.</strong></span> <span class='ocrx_word' id='word_1_737' title='bbox 3353 3036 3485 3095; x_wconf 66' lang='grc' dir='ltr'><strong>Ναιιί</strong></span> <span class='ocrx_word' id='word_1_738' title='bbox 3508 3044 3631 3097; x_wconf 83' lang='lat' dir='ltr'><strong>illud</strong></span> 
     </span>
    </p>
   </div>
   <div class='ocr_carea' id='block_1_91' title="bbox 2054 3120 3632 3204">
    <p class='ocr_par' dir='ltr' id='par_1_91' title="bbox 2054 3120 3632 3204">
     <span class='ocr_line' id='line_1_91' title="bbox 2054 3120 3632 3204; baseline 0.01 -31"><span class='ocrx_word' id='word_1_739' title='bbox 2054 3135 2287 3192; x_wconf 82' lang='lat' dir='ltr'><strong>qucque,</strong></span> <span class='ocrx_word' id='word_1_740' title='bbox 2312 3120 2484 3178; x_wconf 84' lang='lat' dir='ltr'><strong>Nolite</strong></span> <span class='ocrx_word' id='word_1_741' title='bbox 2492 3125 2753 3197; x_wconf 85' lang='lat' dir='ltr'><strong>judicare,</strong></span> <span class='ocrx_word' id='word_1_742' title='bbox 2771 3137 2825 3181; x_wconf 84' lang='lat' dir='ltr'><strong>ut</strong></span> <span class='ocrx_word' id='word_1_743' title='bbox 2845 3144 2943 3181; x_wconf 84' lang='lat' dir='ltr'><strong>non</strong></span> <span class='ocrx_word' id='word_1_744' title='bbox 2956 3129 3261 3199; x_wconf 81' lang='lat' dir='ltr'><strong>judicetttini</strong></span> <span class='ocrx_word' id='word_1_745' title='bbox 3274 3128 3547 3203; x_wconf 71' lang='lat' dir='ltr'><strong>(MatthJ.</strong></span> <span class='ocrx_word' id='word_1_746' title='bbox 3561 3135 3576 3187; x_wconf 86' lang='grc' dir='ltr'><strong>Ι</strong></span> <span class='ocrx_word' id='word_1_747' title='bbox 3592 3136 3632 3204; x_wconf 84' lang='grc'><strong>),</strong></span> 
     </span>
    </p>
   </div>
   <div class='ocr_carea' id='block_1_92' title="bbox 2055 3208 3632 3294">
    <p class='ocr_par' dir='ltr' id='par_1_92' title="bbox 2055 3208 3632 3294">
     <span class='ocr_line' id='line_1_92' title="bbox 2055 3208 3632 3294; baseline 0.009 -29"><span class='ocrx_word' id='word_1_748' title='bbox 2055 3210 2124 3265; x_wconf 89' lang='lat' dir='ltr'><strong>de</strong></span> <span class='ocrx_word' id='word_1_749' title='bbox 2147 3211 2251 3266; x_wconf 89' lang='lat' dir='ltr'><strong>vita</strong></span> <span class='ocrx_word' id='word_1_750' title='bbox 2274 3208 2473 3268; x_wconf 88' lang='lat' dir='ltr'><strong>dictum</strong></span> <span class='ocrx_word' id='word_1_751' title='bbox 2497 3225 2600 3280; x_wconf 87' lang='lat' dir='ltr'><strong>est,</strong></span> <span class='ocrx_word' id='word_1_752' title='bbox 2620 3232 2722 3270; x_wconf 89' lang='lat' dir='ltr'><strong>non</strong></span> <span class='ocrx_word' id='word_1_753' title='bbox 2755 3218 2821 3273; x_wconf 87' lang='lat' dir='ltr'><strong>de</strong></span> <span class='ocrx_word' id='word_1_754' title='bbox 2844 3214 2980 3274; x_wconf 84' lang='lat' dir='ltr'><strong>ﬁde:</strong></span> <span class='ocrx_word' id='word_1_755' title='bbox 3007 3219 3058 3275; x_wconf 88' lang='lat' dir='ltr'><strong>[d</strong></span> <span class='ocrx_word' id='word_1_756' title='bbox 3081 3220 3294 3290; x_wconf 84' lang='lat' dir='ltr'><strong>quidem</strong></span> <span class='ocrx_word' id='word_1_757' title='bbox 3315 3232 3465 3279; x_wconf 88' lang='lat' dir='ltr'><strong>certe</strong></span> <span class='ocrx_word' id='word_1_758' title='bbox 3490 3226 3632 3294; x_wconf 84' lang='lat' dir='ltr'><strong>quod</strong></span> 
     </span>
    </p>
   </div>
   <div class='ocr_carea' id='block_1_93' title="bbox 2055 3302 3636 3387">
    <p class='ocr_par' dir='ltr' id='par_1_93' title="bbox 2055 3302 3636 3387">
     <span class='ocr_line' id='line_1_93' title="bbox 2055 3302 3636 3387; baseline 0.009 -31"><span class='ocrx_word' id='word_1_759' title='bbox 2055 3302 2414 3373; x_wconf 83' lang='lat' dir='ltr'><strong>subjungilur,</strong></span> <span class='ocrx_word' id='word_1_760' title='bbox 2449 3306 2547 3360; x_wconf 88' lang='lat' dir='ltr'><strong>hoc</strong></span> <span class='ocrx_word' id='word_1_761' title='bbox 2569 3309 2822 3363; x_wconf 79' lang='lat' dir='ltr'><strong>OSIendit.</strong></span> <span class='ocrx_word' id='word_1_762' title='bbox 2851 3308 2988 3377; x_wconf 81' lang='lat' dir='ltr'><strong>Quid</strong></span> <span class='ocrx_word' id='word_1_763' title='bbox 3009 3312 3141 3365; x_wconf 85' lang='lat' dir='ltr'><strong>enim</strong></span> <span class='ocrx_word' id='word_1_764' title='bbox 3169 3313 3327 3381; x_wconf 82' lang='lat' dir='ltr'><strong>vides,</strong></span> <span class='ocrx_word' id='word_1_765' title='bbox 3350 3316 3540 3386; x_wconf 88' lang='lat' dir='ltr'><strong>inquit,</strong></span> <span class='ocrx_word' id='word_1_766' title='bbox 3561 3320 3636 3387; x_wconf 73' lang='lat' dir='ltr'><strong>[eo</strong></span> 
     </span>
    </p>
   </div>
   <div class='ocr_carea' id='block_1_94' title="bbox 2054 3397 3633 3467">
    <p class='ocr_par' dir='ltr' id='par_1_94' title="bbox 2054 3397 3633 3467">
     <span class='ocr_line' id='line_1_94' title="bbox 2054 3397 3633 3467; baseline 0.011 -19"><span class='ocrx_word' id='word_1_767' title='bbox 2054 3405 2243 3448; x_wconf 72' lang='lat' dir='ltr'><strong>vincam</strong></span> <span class='ocrx_word' id='word_1_768' title='bbox 2261 3397 2312 3449; x_wconf 87' lang='lat' dir='ltr'><strong>in</strong></span> <span class='ocrx_word' id='word_1_769' title='bbox 2333 3398 2479 3451; x_wconf 82' lang='lat' dir='ltr'><strong>oculo</strong></span> <span class='ocrx_word' id='word_1_770' title='bbox 2508 3397 2786 3467; x_wconf 75' lang='lat' dir='ltr'><strong>fratristni,</strong></span> <span class='ocrx_word' id='word_1_771' title='bbox 2803 3402 3168 3459; x_wconf 81' lang='lat' dir='ltr'><strong>trabeatautem</strong></span> <span class='ocrx_word' id='word_1_772' title='bbox 3190 3406 3243 3460; x_wconf 84' lang='lat' dir='ltr'><strong>in</strong></span> <span class='ocrx_word' id='word_1_773' title='bbox 3255 3409 3400 3463; x_wconf 80' lang='lat' dir='ltr'><strong>oculo</strong></span> <span class='ocrx_word' id='word_1_774' title='bbox 3422 3419 3508 3463; x_wconf 82' lang='lat' dir='ltr'><strong>tuo</strong></span> <span class='ocrx_word' id='word_1_775' title='bbox 3531 3428 3633 3466; x_wconf 75' lang='lat' dir='ltr'><strong>non</strong></span> 
     </span>
    </p>
   </div>
   <div class='ocr_carea' id='block_1_95' title="bbox 2053 3486 3633 3570">
    <p class='ocr_par' dir='ltr' id='par_1_95' title="bbox 2053 3486 3633 3570">
     <span class='ocr_line' id='line_1_95' title="bbox 2053 3486 3633 3570; baseline 0.013 -34"><span class='ocrx_word' id='word_1_776' title='bbox 2053 3486 2412 3541; x_wconf 82' lang='lat' dir='ltr'><strong>animadvertis</strong></span> <span class='ocrx_word' id='word_1_777' title='bbox 2432 3486 2591 3559; x_wconf 84' lang='lat' dir='ltr'><strong>(Ibid.</strong></span> <span class='ocrx_word' id='word_1_778' title='bbox 2605 3507 2630 3545; x_wconf 79' lang='grc' dir='ltr'><strong>ιι</strong></span> <span class='ocrx_word' id='word_1_779' title='bbox 2639 3532 2652 3545; x_wconf 93' lang='grc'><strong>.</strong></span> <span class='ocrx_word' id='word_1_780' title='bbox 2669 3493 2749 3558; x_wconf 79' lang='lat'><strong>3)?</strong></span> <span class='ocrx_word' id='word_1_781' title='bbox 2760 3493 3241 3570; x_wconf 72' lang='lat' dir='ltr'><strong>Quwcnmqueergo</strong></span> <span class='ocrx_word' id='word_1_782' title='bbox 3250 3498 3470 3555; x_wconf 77' lang='lat' dir='ltr'><strong>dixerint</strong></span> <span class='ocrx_word' id='word_1_783' title='bbox 3497 3504 3633 3558; x_wconf 80' lang='lat' dir='ltr'><strong>vobis</strong></span> 
     </span>
    </p>
   </div>
   <div class='ocr_carea' id='block_1_96' title="bbox 2056 3576 3632 3657">
    <p class='ocr_par' dir='ltr' id='par_1_96' title="bbox 2056 3576 3632 3657">
     <span class='ocr_line' id='line_1_96' title="bbox 2056 3576 3632 3657; baseline 0.016 -29"><span class='ocrx_word' id='word_1_784' title='bbox 2056 3588 2109 3629; x_wconf 85' lang='lat' dir='ltr'><strong>nt</strong></span> <span class='ocrx_word' id='word_1_785' title='bbox 2135 3576 2357 3647; x_wconf 77' lang='lat' dir='ltr'><strong>faciatis,</strong></span> <span class='ocrx_word' id='word_1_786' title='bbox 2383 3578 2749 3651; x_wconf 80' lang='lat' dir='ltr'><strong>facite(facerc</strong></span> <span class='ocrx_word' id='word_1_787' title='bbox 2768 3592 2946 3640; x_wconf 88' lang='lat' dir='ltr'><strong>autem</strong></span> <span class='ocrx_word' id='word_1_788' title='bbox 2965 3599 3042 3640; x_wconf 85' lang='lat' dir='ltr'><strong>est</strong></span> <span class='ocrx_word' id='word_1_789' title='bbox 3059 3589 3274 3657; x_wconf 79' lang='lat' dir='ltr'><strong>operis,</strong></span> <span class='ocrx_word' id='word_1_790' title='bbox 3302 3605 3409 3645; x_wconf 91' lang='lat' dir='ltr'><strong>non</strong></span> <span class='ocrx_word' id='word_1_791' title='bbox 3442 3592 3587 3653; x_wconf 88' lang='lat' dir='ltr'><strong>lidcil</strong></span> <span class='ocrx_word' id='word_1_792' title='bbox 3616 3608 3632 3657; x_wconf 85' lang='lat'><strong>;</strong></span> 
     </span>
    </p>
   </div>
   <div class='ocr_carea' id='block_1_97' title="bbox 2053 3667 3629 3751">
    <p class='ocr_par' dir='ltr' id='par_1_97' title="bbox 2053 3667 3629 3751">
     <span class='ocr_line' id='line_1_97' title="bbox 2053 3667 3629 3751; baseline 0.013 -33"><span class='ocrx_word' id='word_1_793' title='bbox 2053 3667 2326 3722; x_wconf 77' lang='lat' dir='ltr'><strong>secundum</strong></span> <span class='ocrx_word' id='word_1_794' title='bbox 2346 3679 2514 3724; x_wconf 87' lang='lat' dir='ltr'><strong>autem</strong></span> <span class='ocrx_word' id='word_1_795' title='bbox 2535 3687 2689 3742; x_wconf 87' lang='lat' dir='ltr'><strong>opera</strong></span> <span class='ocrx_word' id='word_1_796' title='bbox 2712 3689 2884 3728; x_wconf 84' lang='lat' dir='ltr'><strong>eorum</strong></span> <span class='ocrx_word' id='word_1_797' title='bbox 2910 3676 3065 3732; x_wconf 82' lang='lat' dir='ltr'><strong>nolite</strong></span> <span class='ocrx_word' id='word_1_798' title='bbox 3090 3679 3278 3747; x_wconf 79' lang='lat' dir='ltr'><strong>facere.</strong></span> <span class='ocrx_word' id='word_1_799' title='bbox 3306 3680 3470 3737; x_wconf 80' lang='lat' dir='ltr'><strong>Vides</strong></span> <span class='ocrx_word' id='word_1_800' title='bbox 3490 3685 3629 3751; x_wconf 86' lang='lat' dir='ltr'><strong>quod</strong></span> 
     </span>
    </p>
   </div>
   <div class='ocr_carea' id='block_1_98' title="bbox 2053 3759 3631 3841">
    <p class='ocr_par' dir='ltr' id='par_1_98' title="bbox 2053 3759 3631 3841">
     <span class='ocr_line' id='line_1_98' title="bbox 2053 3759 3631 3841; baseline 0.014 -33"><span class='ocrx_word' id='word_1_801' title='bbox 2053 3771 2157 3810; x_wconf 87' lang='lat' dir='ltr'><strong>non</strong></span> <span class='ocrx_word' id='word_1_802' title='bbox 2186 3768 2308 3829; x_wconf 82' lang='lat' dir='ltr'><strong>agat</strong></span> <span class='ocrx_word' id='word_1_803' title='bbox 2331 3759 2398 3815; x_wconf 91' lang='lat' dir='ltr'><strong>de</strong></span> <span class='ocrx_word' id='word_1_804' title='bbox 2423 3760 2783 3832; x_wconf 75' lang='lat' dir='ltr'><strong>dogmatibus,</strong></span> <span class='ocrx_word' id='word_1_805' title='bbox 2807 3765 2901 3821; x_wconf 91' lang='lat' dir='ltr'><strong>sed</strong></span> <span class='ocrx_word' id='word_1_806' title='bbox 2928 3766 2995 3823; x_wconf 93' lang='lat' dir='ltr'><strong>de</strong></span> <span class='ocrx_word' id='word_1_807' title='bbox 3016 3769 3121 3824; x_wconf 82' lang='lat' dir='ltr'><strong>vita</strong></span> <span class='ocrx_word' id='word_1_808' title='bbox 3145 3778 3197 3824; x_wconf 92' lang='lat' dir='ltr'><strong>et</strong></span> <span class='ocrx_word' id='word_1_809' title='bbox 3217 3771 3508 3841; x_wconf 78' lang='lat' dir='ltr'><strong>operibus?</strong></span> <span class='ocrx_word' id='word_1_810' title='bbox 3529 3776 3631 3830; x_wconf 77' lang='lat' dir='ltr'><strong>Sed</strong></span> 
     </span>
    </p>
   </div>
   <div class='ocr_carea' id='block_1_99' title="bbox 2055 3847 3635 3923">
    <p class='ocr_par' dir='ltr' id='par_1_99' title="bbox 2055 3847 3635 3923">
     <span class='ocr_line' id='line_1_99' title="bbox 2055 3847 3635 3923; baseline 0.011 -23"><span class='ocrx_word' id='word_1_811' title='bbox 2055 3847 2246 3903; x_wconf 76' lang='lat' dir='ltr'><strong>Paulus</strong></span> <span class='ocrx_word' id='word_1_812' title='bbox 2275 3866 2371 3906; x_wconf 88' lang='lat' dir='ltr'><strong>eos</strong></span> <span class='ocrx_word' id='word_1_813' title='bbox 2397 3853 2622 3921; x_wconf 83' lang='lat' dir='ltr'><strong>primum</strong></span> <span class='ocrx_word' id='word_1_814' title='bbox 2645 3857 3061 3923; x_wconf 81' lang='lat' dir='ltr'><strong>commendavit,</strong></span> <span class='ocrx_word' id='word_1_815' title='bbox 3087 3873 3140 3914; x_wconf 85' lang='lat' dir='ltr'><strong>et</strong></span> <span class='ocrx_word' id='word_1_816' title='bbox 3164 3869 3288 3915; x_wconf 88' lang='lat' dir='ltr'><strong>tunc</strong></span> <span class='ocrx_word' id='word_1_817' title='bbox 3308 3862 3437 3918; x_wconf 89' lang='lat' dir='ltr'><strong>dicit</strong></span> <span class='ocrx_word' id='word_1_818' title='bbox 3461 3881 3474 3916; x_wconf 86' lang='lat'>:</span> <span class='ocrx_word' id='word_1_819' title='bbox 3504 3864 3635 3918; x_wconf 73' lang='lat' dir='ltr'><strong>Obe-</strong></span> 
     </span>
    </p>
   </div>
   <div class='ocr_carea' id='block_1_100' title="bbox 2053 3940 3635 4024">
    <p class='ocr_par' dir='ltr' id='par_1_100' title="bbox 2053 3940 3635 4024">
     <span class='ocr_line' id='line_1_100' title="bbox 2053 3940 3635 4024; baseline 0.011 -32"><span class='ocrx_word' id='word_1_820' title='bbox 2053 3940 2155 3994; x_wconf 87' lang='lat' dir='ltr'><strong>dite</strong></span> <span class='ocrx_word' id='word_1_821' title='bbox 2180 3944 2467 4013; x_wconf 67' lang='lat' dir='ltr'><strong>pra’posflis</strong></span> <span class='ocrx_word' id='word_1_822' title='bbox 2496 3947 2690 4013; x_wconf 77' lang='lat' dir='ltr'><strong>vestris,</strong></span> <span class='ocrx_word' id='word_1_823' title='bbox 2724 3956 2772 4001; x_wconf 84' lang='lat' dir='ltr'><strong>et</strong></span> <span class='ocrx_word' id='word_1_824' title='bbox 2804 3948 3017 4018; x_wconf 81' lang='lat' dir='ltr'><strong>subjecti</strong></span> <span class='ocrx_word' id='word_1_825' title='bbox 3047 3960 3199 4006; x_wconf 80' lang='lat' dir='ltr'><strong>estote</strong></span> <span class='ocrx_word' id='word_1_826' title='bbox 3224 3968 3244 4007; x_wconf 90' lang='lat'><strong><em>:</em></strong></span> <span class='ocrx_word' id='word_1_827' title='bbox 3269 3953 3369 4024; x_wconf 75' lang='lat' dir='ltr'><strong>ipsi</strong></span> <span class='ocrx_word' id='word_1_828' title='bbox 3395 3955 3525 4007; x_wconf 88' lang='lat' dir='ltr'><strong>enim</strong></span> <span class='ocrx_word' id='word_1_829' title='bbox 3558 3956 3635 4009; x_wconf 81' lang='lat' dir='ltr'><strong>vi-</strong></span> 
     </span>
    </p>
   </div>
   <div class='ocr_carea' id='block_1_101' title="bbox 2051 4032 3635 4113">
    <p class='ocr_par' dir='ltr' id='par_1_101' title="bbox 2051 4032 3635 4113">
     <span class='ocr_line' id='line_1_101' title="bbox 2051 4032 3635 4113; baseline 0.011 -30"><span class='ocrx_word' id='word_1_830' title='bbox 2051 4032 2213 4102; x_wconf 82' lang='lat' dir='ltr'><strong>gilant</strong></span> <span class='ocrx_word' id='word_1_831' title='bbox 2234 4048 2327 4103; x_wconf 88' lang='lat' dir='ltr'><strong>pro</strong></span> <span class='ocrx_word' id='word_1_832' title='bbox 2348 4036 2610 4091; x_wconf 80' lang='lat' dir='ltr'><strong>animabus</strong></span> <span class='ocrx_word' id='word_1_833' title='bbox 2632 4039 2806 4091; x_wconf 79' lang='lat' dir='ltr'><strong>vestris</strong></span> <span class='ocrx_word' id='word_1_834' title='bbox 2829 4050 3083 4113; x_wconf 84' lang='lat' dir='ltr'><strong>tamquam</strong></span> <span class='ocrx_word' id='word_1_835' title='bbox 3101 4043 3347 4097; x_wconf 78' lang='lat' dir='ltr'><strong>rationem</strong></span> <span class='ocrx_word' id='word_1_836' title='bbox 3362 4046 3635 4100; x_wconf 81' lang='lat' dir='ltr'><strong>reddituri.</strong></span> 
     </span>
    </p>
   </div>
   <div class='ocr_carea' id='block_1_102' title="bbox 2053 4121 3634 4205">
    <p class='ocr_par' dir='ltr' id='par_1_102' title="bbox 2053 4121 3634 4205">
     <span class='ocr_line' id='line_1_102' title="bbox 2053 4121 3634 4205; baseline 0.009 -30"><span class='ocrx_word' id='word_1_837' title='bbox 2053 4121 2287 4176; x_wconf 88' lang='lat' dir='ltr'><strong>Audiaut</strong></span> <span class='ocrx_word' id='word_1_838' title='bbox 2307 4124 2468 4178; x_wconf 89' lang='lat' dir='ltr'><strong>etiam</strong></span> <span class='ocrx_word' id='word_1_839' title='bbox 2501 4128 2589 4195; x_wconf 89' lang='lat' dir='ltr'><strong>qui</strong></span> <span class='ocrx_word' id='word_1_840' title='bbox 2611 4139 2819 4197; x_wconf 85' lang='lat' dir='ltr'><strong>regunt,</strong></span> <span class='ocrx_word' id='word_1_841' title='bbox 2846 4146 2948 4184; x_wconf 88' lang='lat' dir='ltr'><strong>non</strong></span> <span class='ocrx_word' id='word_1_842' title='bbox 2973 4132 3144 4185; x_wconf 87' lang='lat' dir='ltr'><strong>solum</strong></span> <span class='ocrx_word' id='word_1_843' title='bbox 3177 4133 3212 4187; x_wconf 92' lang='lat' dir='ltr'><strong>ii</strong></span> <span class='ocrx_word' id='word_1_844' title='bbox 3238 4135 3325 4204; x_wconf 91' lang='lat' dir='ltr'><strong>qui</strong></span> <span class='ocrx_word' id='word_1_845' title='bbox 3356 4146 3634 4205; x_wconf 84' lang='lat' dir='ltr'><strong>reguntur,</strong></span> 
     </span>
    </p>
   </div>
   <div class='ocr_carea' id='block_1_103' title="bbox 2051 4214 3634 4294">
    <p class='ocr_par' dir='ltr' id='par_1_103' title="bbox 2051 4214 3634 4294">
     <span class='ocr_line' id='line_1_103' title="bbox 2051 4214 3634 4294; baseline 0.011 -28"><span class='ocrx_word' id='word_1_846' title='bbox 2051 4214 2194 4281; x_wconf 88' lang='lat' dir='ltr'><strong>quod</strong></span> <span class='ocrx_word' id='word_1_847' title='bbox 2225 4216 2675 4285; x_wconf 85' lang='lat' dir='ltr'><strong>quemadmodum</strong></span> <span class='ocrx_word' id='word_1_848' title='bbox 2707 4219 2862 4274; x_wconf 89' lang='lat' dir='ltr'><strong>decet</strong></span> <span class='ocrx_word' id='word_1_849' title='bbox 2890 4222 3132 4278; x_wconf 89' lang='lat' dir='ltr'><strong>subditos</strong></span> <span class='ocrx_word' id='word_1_850' title='bbox 3153 4237 3277 4280; x_wconf 84' lang='lat' dir='ltr'><strong>esse</strong></span> <span class='ocrx_word' id='word_1_851' title='bbox 3296 4225 3634 4294; x_wconf 85' lang='lat' dir='ltr'><strong>obedientes,</strong></span> 
     </span>
    </p>
   </div>
   <div class='ocr_carea' id='block_1_104' title="bbox 2054 4304 3638 4387">
    <p class='ocr_par' dir='ltr' id='par_1_104' title="bbox 2054 4304 3638 4387">
     <span class='ocr_line' id='line_1_104' title="bbox 2054 4304 3638 4387; baseline 0.011 -29"><span class='ocrx_word' id='word_1_852' title='bbox 2054 4304 2125 4358; x_wconf 89' lang='lat' dir='ltr'><strong>ita</strong></span> <span class='ocrx_word' id='word_1_853' title='bbox 2148 4317 2361 4376; x_wconf 86' lang='lat' dir='ltr'><strong>oportet</strong></span> <span class='ocrx_word' id='word_1_854' title='bbox 2392 4309 2688 4378; x_wconf 85' lang='lat' dir='ltr'><strong>principes,</strong></span> <span class='ocrx_word' id='word_1_855' title='bbox 2721 4325 2839 4365; x_wconf 76' lang='lat' dir='ltr'><strong>eSse</strong></span> <span class='ocrx_word' id='word_1_856' title='bbox 2866 4308 3145 4384; x_wconf 85' lang='lat' dir='ltr'><strong>vigilantes</strong></span> <span class='ocrx_word' id='word_1_857' title='bbox 3168 4326 3223 4370; x_wconf 91' lang='lat' dir='ltr'><strong>et</strong></span> <span class='ocrx_word' id='word_1_858' title='bbox 3242 4316 3472 4373; x_wconf 84' lang='lat' dir='ltr'><strong>sobrios.</strong></span> <span class='ocrx_word' id='word_1_859' title='bbox 3498 4319 3638 4387; x_wconf 79' lang='lat' dir='ltr'><strong>Quid</strong></span> 
     </span>
    </p>
   </div>
   <div class='ocr_carea' id='block_1_105' title="bbox 2051 4395 3638 4477">
    <p class='ocr_par' dir='ltr' id='par_1_105' title="bbox 2051 4395 3638 4477">
     <span class='ocr_line' id='line_1_105' title="bbox 2051 4395 3638 4477; baseline 0.008 -27"><span class='ocrx_word' id='word_1_860' title='bbox 2051 4395 2224 4452; x_wconf 85' lang='lat' dir='ltr'><strong>dicis?</strong></span> <span class='ocrx_word' id='word_1_861' title='bbox 2249 4398 2450 4469; x_wconf 83' lang='lat' dir='ltr'><strong>vigilat,</strong></span> <span class='ocrx_word' id='word_1_862' title='bbox 2473 4399 2714 4455; x_wconf 88' lang='lat' dir='ltr'><strong>imminet</strong></span> <span class='ocrx_word' id='word_1_863' title='bbox 2734 4404 3032 4471; x_wconf 86' lang='lat' dir='ltr'><strong>periculum</strong></span> <span class='ocrx_word' id='word_1_864' title='bbox 3063 4405 3179 4474; x_wconf 90' lang='lat' dir='ltr'><strong>ejus</strong></span> <span class='ocrx_word' id='word_1_865' title='bbox 3206 4406 3388 4477; x_wconf 73' lang='lat' dir='ltr'><strong>capiti.</strong></span> <span class='ocrx_word' id='word_1_866' title='bbox 3414 4408 3638 4477; x_wconf 74' lang='lat' dir='ltr'><strong>subjici-</strong></span> 
     </span>
    </p>
   </div>
   <div class='ocr_carea' id='block_1_106' title="bbox 2052 4487 3639 4567">
    <p class='ocr_par' dir='ltr' id='par_1_106' title="bbox 2052 4487 3639 4567">
     <span class='ocr_line' id='line_1_106' title="bbox 2052 4487 3639 4567; baseline 0.009 -26"><span class='ocrx_word' id='word_1_867' title='bbox 2052 4495 2141 4542; x_wconf 91' lang='lat' dir='ltr'><strong>tur</strong></span> <span class='ocrx_word' id='word_1_868' title='bbox 2174 4487 2358 4558; x_wconf 76' lang='lat' dir='ltr'><strong>ptenis</strong></span> <span class='ocrx_word' id='word_1_869' title='bbox 2407 4499 2752 4560; x_wconf 84' lang='lat' dir='ltr'><strong>peccatorum</strong></span> <span class='ocrx_word' id='word_1_870' title='bbox 2808 4500 3047 4560; x_wconf 90' lang='lat' dir='ltr'><strong>tuorum,</strong></span> <span class='ocrx_word' id='word_1_871' title='bbox 3093 4506 3148 4550; x_wconf 87' lang='lat' dir='ltr'><strong>et</strong></span> <span class='ocrx_word' id='word_1_872' title='bbox 3190 4508 3411 4567; x_wconf 87' lang='lat' dir='ltr'><strong>pr0pter</strong></span> <span class='ocrx_word' id='word_1_873' title='bbox 3457 4508 3510 4555; x_wconf 90' lang='lat' dir='ltr'><strong>te</strong></span> <span class='ocrx_word' id='word_1_874' title='bbox 3557 4511 3639 4556; x_wconf 73' lang='lat' dir='ltr'><strong>est</strong></span> 
     </span>
    </p>
   </div>
   <div class='ocr_carea' id='block_1_107' title="bbox 2056 4579 3639 4658">
    <p class='ocr_par' dir='ltr' id='par_1_107' title="bbox 2056 4579 3639 4658">
     <span class='ocr_line' id='line_1_107' title="bbox 2056 4579 3639 4658; baseline 0.008 -26"><span class='ocrx_word' id='word_1_875' title='bbox 2056 4588 2203 4634; x_wconf 85' lang='lat' dir='ltr'><strong>tanto</strong></span> <span class='ocrx_word' id='word_1_876' title='bbox 2232 4579 2495 4636; x_wconf 80' lang='lat' dir='ltr'><strong>obnoxius</strong></span> <span class='ocrx_word' id='word_1_877' title='bbox 2523 4581 2735 4648; x_wconf 90' lang='lat' dir='ltr'><strong>timori,</strong></span> <span class='ocrx_word' id='word_1_878' title='bbox 2764 4592 2821 4636; x_wconf 89' lang='lat' dir='ltr'><strong>et</strong></span> <span class='ocrx_word' id='word_1_879' title='bbox 2853 4592 2907 4636; x_wconf 92' lang='lat' dir='ltr'><strong>tu</strong></span> <span class='ocrx_word' id='word_1_880' title='bbox 2930 4597 2989 4637; x_wconf 89' lang='lat' dir='ltr'><strong>es</strong></span> <span class='ocrx_word' id='word_1_881' title='bbox 3015 4585 3162 4655; x_wconf 89' lang='lat' dir='ltr'><strong>piger</strong></span> <span class='ocrx_word' id='word_1_882' title='bbox 3189 4595 3243 4640; x_wconf 91' lang='lat' dir='ltr'><strong>et</strong></span> <span class='ocrx_word' id='word_1_883' title='bbox 3266 4587 3507 4658; x_wconf 85' lang='lat' dir='ltr'><strong>ignavos.</strong></span> <span class='ocrx_word' id='word_1_884' title='bbox 3532 4602 3639 4644; x_wconf 76' lang='lat' dir='ltr'><strong>tor-</strong></span> 
     </span>
    </p>
   </div>
   <div class='ocr_carea' id='block_1_108' title="bbox 2051 4671 3639 4752">
    <p class='ocr_par' dir='ltr' id='par_1_108' title="bbox 2051 4671 3639 4752">
     <span class='ocr_line' id='line_1_108' title="bbox 2051 4671 3639 4752; baseline 0.006 -26"><span class='ocrx_word' id='word_1_885' title='bbox 2051 4685 2254 4741; x_wconf 87' lang='lat' dir='ltr'><strong>pesque</strong></span> <span class='ocrx_word' id='word_1_886' title='bbox 2280 4680 2415 4727; x_wconf 88' lang='lat' dir='ltr'><strong>etes</strong></span> <span class='ocrx_word' id='word_1_887' title='bbox 2441 4671 2710 4738; x_wconf 90' lang='lat' dir='ltr'><strong>sordidus,</strong></span> <span class='ocrx_word' id='word_1_888' title='bbox 2737 4688 2837 4728; x_wconf 90' lang='lat' dir='ltr'><strong>nec</strong></span> <span class='ocrx_word' id='word_1_889' title='bbox 2863 4675 2943 4728; x_wconf 90' lang='lat' dir='ltr'><strong>vis</strong></span> <span class='ocrx_word' id='word_1_890' title='bbox 2969 4676 3234 4746; x_wconf 82' lang='lat' dir='ltr'><strong>obsequi?</strong></span> <span class='ocrx_word' id='word_1_891' title='bbox 3263 4677 3388 4735; x_wconf 83' lang='lat' dir='ltr'><strong>ideo</strong></span> <span class='ocrx_word' id='word_1_892' title='bbox 3413 4683 3639 4752; x_wconf 85' lang='lat' dir='ltr'><strong>subjun-</strong></span> 
     </span>
    </p>
   </div>
   <div class='ocr_carea' id='block_1_109' title="bbox 2049 4760 3639 4842">
    <p class='ocr_par' dir='ltr' id='par_1_109' title="bbox 2049 4760 3639 4842">
     <span class='ocr_line' id='line_1_109' title="bbox 2049 4760 3639 4842; baseline 0.006 -24"><span class='ocrx_word' id='word_1_893' title='bbox 2049 4766 2126 4834; x_wconf 86' lang='lat' dir='ltr'><strong>git</strong></span> <span class='ocrx_word' id='word_1_894' title='bbox 2144 4764 2328 4819; x_wconf 86' lang='lat' dir='ltr'><strong>dicens</strong></span> <span class='ocrx_word' id='word_1_895' title='bbox 2345 4782 2358 4819; x_wconf 91' lang='lat'>:</span> <span class='ocrx_word' id='word_1_896' title='bbox 2378 4760 2445 4819; x_wconf 87' lang='lat' dir='ltr'><strong>Ut</strong></span> <span class='ocrx_word' id='word_1_897' title='bbox 2463 4781 2575 4818; x_wconf 87' lang='lat' dir='ltr'><strong>cum</strong></span> <span class='ocrx_word' id='word_1_898' title='bbox 2592 4765 2783 4835; x_wconf 83' lang='lat' dir='ltr'><strong>gaudio</strong></span> <span class='ocrx_word' id='word_1_899' title='bbox 2810 4766 2904 4819; x_wconf 88' lang='lat' dir='ltr'><strong>hoc</strong></span> <span class='ocrx_word' id='word_1_900' title='bbox 2926 4767 3140 4839; x_wconf 81' lang='lat' dir='ltr'><strong>faciant,</strong></span> <span class='ocrx_word' id='word_1_901' title='bbox 3161 4780 3205 4824; x_wconf 89' lang='lat' dir='ltr'><strong>ct</strong></span> <span class='ocrx_word' id='word_1_902' title='bbox 3228 4786 3330 4825; x_wconf 85' lang='lat' dir='ltr'><strong>non</strong></span> <span class='ocrx_word' id='word_1_903' title='bbox 3348 4783 3599 4842; x_wconf 78' lang='lat' dir='ltr'><strong>gementes</strong></span> <span class='ocrx_word' id='word_1_904' title='bbox 3617 4788 3639 4828; x_wconf 88' lang='lat'><strong><em>:</em></strong></span> 
     </span>
    </p>
   </div>
   <div class='ocr_carea' id='block_1_110' title="bbox 2052 4857 3633 4934">
    <p class='ocr_par' dir='ltr' id='par_1_110' title="bbox 2052 4857 3633 4934">
     <span class='ocr_line' id='line_1_110' title="bbox 2052 4857 3633 4934; baseline 0.005 -24"><span class='ocrx_word' id='word_1_905' title='bbox 2052 4857 2148 4910; x_wconf 83' lang='lat' dir='ltr'><strong>hoc</strong></span> <span class='ocrx_word' id='word_1_906' title='bbox 2182 4858 2315 4910; x_wconf 85' lang='lat' dir='ltr'><strong>enim</strong></span> <span class='ocrx_word' id='word_1_907' title='bbox 2353 4874 2453 4911; x_wconf 87' lang='lat' dir='ltr'><strong>non</strong></span> <span class='ocrx_word' id='word_1_908' title='bbox 2492 4857 2693 4928; x_wconf 78' lang='lat' dir='ltr'><strong>expedit</strong></span> <span class='ocrx_word' id='word_1_909' title='bbox 2735 4857 2895 4912; x_wconf 81' lang='lat' dir='ltr'><strong>vobis.</strong></span> <span class='ocrx_word' id='word_1_910' title='bbox 2928 4858 3094 4914; x_wconf 81' lang='lat' dir='ltr'><strong>Vides</strong></span> <span class='ocrx_word' id='word_1_911' title='bbox 3124 4861 3266 4930; x_wconf 89' lang='lat' dir='ltr'><strong>quod</strong></span> <span class='ocrx_word' id='word_1_912' title='bbox 3312 4863 3561 4934; x_wconf 82' lang='lat' dir='ltr'><strong>princeps</strong></span> <span class='ocrx_word' id='word_1_913' title='bbox 3586 4864 3633 4918; x_wconf 85' lang='lat' dir='ltr'><strong>si</strong></span> 
     </span>
    </p>
   </div>
   <div class='ocr_carea' id='block_1_111' title="bbox 2051 4951 3632 5019">
    <p class='ocr_par' dir='ltr' id='par_1_111' title="bbox 2051 4951 3632 5019">
     <span class='ocr_line' id='line_1_111' title="bbox 2051 4951 3632 5019; baseline 0.006 -18"><span class='ocrx_word' id='word_1_914' title='bbox 2051 4957 2459 5014; x_wconf 86' lang='lat' dir='ltr'><strong>contemnatur,</strong></span> <span class='ocrx_word' id='word_1_915' title='bbox 2489 4963 2595 5002; x_wconf 89' lang='lat' dir='ltr'><strong>non</strong></span> <span class='ocrx_word' id='word_1_916' title='bbox 2635 4958 2883 5019; x_wconf 88' lang='lat' dir='ltr'><strong>oporteat</strong></span> <span class='ocrx_word' id='word_1_917' title='bbox 2926 4964 2985 5006; x_wconf 91' lang='lat' dir='ltr'><strong>se</strong></span> <span class='ocrx_word' id='word_1_918' title='bbox 3029 4951 3251 5018; x_wconf 86' lang='lat' dir='ltr'><strong>ulcisci;</strong></span> <span class='ocrx_word' id='word_1_919' title='bbox 3278 4954 3375 5009; x_wconf 84' lang='lat' dir='ltr'><strong>sed</strong></span> <span class='ocrx_word' id='word_1_920' title='bbox 3405 4958 3632 5011; x_wconf 76' lang='lat' dir='ltr'><strong>maxima</strong></span> 
     </span>
    </p>
   </div>
   <div class='ocr_carea' id='block_1_112' title="bbox 2052 5039 3636 5111">
    <p class='ocr_par' dir='ltr' id='par_1_112' title="bbox 2052 5039 3636 5111">
     <span class='ocr_line' id='line_1_112' title="bbox 2052 5039 3636 5111; baseline 0.008 -21"><span class='ocrx_word' id='word_1_921' title='bbox 2052 5039 2183 5093; x_wconf 89' lang='lat' dir='ltr'><strong>ultio</strong></span> <span class='ocrx_word' id='word_1_922' title='bbox 2202 5040 2272 5094; x_wconf 89' lang='lat' dir='ltr'><strong>sit</strong></span> <span class='ocrx_word' id='word_1_923' title='bbox 2299 5039 2426 5094; x_wconf 85' lang='lat' dir='ltr'><strong>ilcre</strong></span> <span class='ocrx_word' id='word_1_924' title='bbox 2452 5048 2506 5093; x_wconf 91' lang='lat' dir='ltr'><strong>et</strong></span> <span class='ocrx_word' id='word_1_925' title='bbox 2537 5040 2927 5111; x_wconf 86' lang='lat' dir='ltr'><strong>ingemiscere?</strong></span> <span class='ocrx_word' id='word_1_926' title='bbox 2952 5050 3007 5096; x_wconf 89' lang='lat' dir='ltr'><strong>et</strong></span> <span class='ocrx_word' id='word_1_927' title='bbox 3033 5044 3248 5098; x_wconf 89' lang='lat' dir='ltr'><strong>merito.</strong></span> <span class='ocrx_word' id='word_1_928' title='bbox 3275 5044 3409 5099; x_wconf 82' lang='lat' dir='ltr'><strong>Nam</strong></span> <span class='ocrx_word' id='word_1_929' title='bbox 3440 5057 3496 5102; x_wconf 90' lang='lat' dir='ltr'><strong>et</strong></span> <span class='ocrx_word' id='word_1_930' title='bbox 3519 5063 3636 5102; x_wconf 83' lang='lat' dir='ltr'><strong>mc—</strong></span> 
     </span>
    </p>
   </div>
   <div class='ocr_carea' id='block_1_113' title="bbox 2050 5126 3635 5204">
    <p class='ocr_par' dir='ltr' id='par_1_113' title="bbox 2050 5126 3635 5204">
     <span class='ocr_line' id='line_1_113' title="bbox 2050 5126 3635 5204; baseline 0.004 -21"><span class='ocrx_word' id='word_1_931' title='bbox 2050 5126 2194 5193; x_wconf 91' lang='lat' dir='ltr'><strong>dico,</strong></span> <span class='ocrx_word' id='word_1_932' title='bbox 2223 5131 2266 5185; x_wconf 88' lang='lat' dir='ltr'><strong>si</strong></span> <span class='ocrx_word' id='word_1_933' title='bbox 2295 5141 2671 5186; x_wconf 83' lang='lat' dir='ltr'><strong>contemnatur</strong></span> <span class='ocrx_word' id='word_1_934' title='bbox 2700 5132 2767 5188; x_wconf 88' lang='lat' dir='ltr'><strong>ab</strong></span> <span class='ocrx_word' id='word_1_935' title='bbox 2798 5143 3023 5203; x_wconf 76' lang='lat' dir='ltr'><strong>:rgroto,</strong></span> <span class='ocrx_word' id='word_1_936' title='bbox 3046 5150 3153 5189; x_wconf 91' lang='lat' dir='ltr'><strong>non</strong></span> <span class='ocrx_word' id='word_1_937' title='bbox 3184 5136 3312 5192; x_wconf 87' lang='lat' dir='ltr'><strong>licet</strong></span> <span class='ocrx_word' id='word_1_938' title='bbox 3340 5152 3400 5192; x_wconf 83' lang='lat' dir='ltr'><strong>se</strong></span> <span class='ocrx_word' id='word_1_939' title='bbox 3429 5139 3635 5204; x_wconf 75' lang='lat' dir='ltr'><strong>ulcisci,</strong></span> 
     </span>
    </p>
   </div>
   <div class='ocr_carea' id='block_1_114' title="bbox 2053 5222 3637 5301">
    <p class='ocr_par' dir='ltr' id='par_1_114' title="bbox 2053 5222 3637 5301">
     <span class='ocr_line' id='line_1_114' title="bbox 2053 5222 3637 5301; baseline 0.006 -26"><span class='ocrx_word' id='word_1_940' title='bbox 2053 5222 2146 5278; x_wconf 83' lang='lat' dir='ltr'><strong>sed</strong></span> <span class='ocrx_word' id='word_1_941' title='bbox 2178 5223 2306 5278; x_wconf 82' lang='lat' dir='ltr'><strong>ilcre</strong></span> <span class='ocrx_word' id='word_1_942' title='bbox 2332 5231 2388 5278; x_wconf 87' lang='lat' dir='ltr'><strong>et</strong></span> <span class='ocrx_word' id='word_1_943' title='bbox 2414 5223 2784 5294; x_wconf 86' lang='lat' dir='ltr'><strong>ingemiscere.</strong></span> <span class='ocrx_word' id='word_1_944' title='bbox 2814 5223 2910 5281; x_wconf 85' lang='lat' dir='ltr'><strong>Sin</strong></span> <span class='ocrx_word' id='word_1_945' title='bbox 2956 5237 3138 5282; x_wconf 82' lang='lat' dir='ltr'><strong>autem</strong></span> <span class='ocrx_word' id='word_1_946' title='bbox 3167 5227 3257 5284; x_wconf 88' lang='lat' dir='ltr'><strong>iile</strong></span> <span class='ocrx_word' id='word_1_947' title='bbox 3298 5229 3637 5301; x_wconf 79' lang='lat' dir='ltr'><strong>ingemiscat.</strong></span> 
     </span>
    </p>
   </div>
   <div class='ocr_carea' id='block_1_115' title="bbox 2050 5314 3637 5390">
    <p class='ocr_par' dir='ltr' id='par_1_115' title="bbox 2050 5314 3637 5390">
     <span class='ocr_line' id='line_1_115' title="bbox 2050 5314 3637 5390; baseline 0.005 -21"><span class='ocrx_word' id='word_1_948' title='bbox 2050 5323 2103 5369; x_wconf 91' lang='lat' dir='ltr'><strong>te</strong></span> <span class='ocrx_word' id='word_1_949' title='bbox 2146 5314 2433 5370; x_wconf 89' lang='lat' dir='ltr'><strong>ulciscctur</strong></span> <span class='ocrx_word' id='word_1_950' title='bbox 2465 5316 2626 5371; x_wconf 89' lang='lat' dir='ltr'><strong>Deus.</strong></span> <span class='ocrx_word' id='word_1_951' title='bbox 2659 5316 2714 5373; x_wconf 91' lang='lat' dir='ltr'><strong>Si</strong></span> <span class='ocrx_word' id='word_1_952' title='bbox 2746 5317 2889 5372; x_wconf 89' lang='lat' dir='ltr'><strong>enim</strong></span> <span class='ocrx_word' id='word_1_953' title='bbox 2929 5333 3026 5388; x_wconf 87' lang='lat' dir='ltr'><strong>pro</strong></span> <span class='ocrx_word' id='word_1_954' title='bbox 3054 5320 3290 5390; x_wconf 87' lang='lat' dir='ltr'><strong>peccatis</strong></span> <span class='ocrx_word' id='word_1_955' title='bbox 3318 5325 3516 5378; x_wconf 83' lang='lat' dir='ltr'><strong>nostris</strong></span> <span class='ocrx_word' id='word_1_956' title='bbox 3547 5325 3637 5377; x_wconf 83' lang='lat' dir='ltr'><strong>in-</strong></span> 
     </span>
    </p>
   </div>
   <div class='ocr_carea' id='block_1_116' title="bbox 2049 5408 3637 5482">
    <p class='ocr_par' dir='ltr' id='par_1_116' title="bbox 2049 5408 3637 5482">
     <span class='ocr_line' id='line_1_116' title="bbox 2049 5408 3637 5482; baseline 0.004 -19"><span class='ocrx_word' id='word_1_957' title='bbox 2049 5408 2405 5479; x_wconf 79' lang='lat' dir='ltr'><strong>gemiscentes</strong></span> <span class='ocrx_word' id='word_1_958' title='bbox 2460 5409 2624 5463; x_wconf 77' lang='lat' dir='ltr'><strong>licunt</strong></span> <span class='ocrx_word' id='word_1_959' title='bbox 2674 5409 3030 5478; x_wconf 85' lang='lat' dir='ltr'><strong>attrahimus,</strong></span> <span class='ocrx_word' id='word_1_960' title='bbox 3076 5427 3175 5482; x_wconf 84' lang='lat' dir='ltr'><strong>pro</strong></span> <span class='ocrx_word' id='word_1_961' title='bbox 3212 5413 3444 5469; x_wconf 88' lang='lat' dir='ltr'><strong>aliorum</strong></span> <span class='ocrx_word' id='word_1_962' title='bbox 3479 5429 3637 5469; x_wconf 88' lang='lat' dir='ltr'><strong>arro-</strong></span> 
     </span>
    </p>
   </div>
   <div class='ocr_carea' id='block_1_117' title="bbox 2047 5500 3639 5572">
    <p class='ocr_par' dir='ltr' id='par_1_117' title="bbox 2047 5500 3639 5572">
     <span class='ocr_line' id='line_1_117' title="bbox 2047 5500 3639 5572; baseline 0.005 -19"><span class='ocrx_word' id='word_1_963' title='bbox 2047 5500 2225 5569; x_wconf 83' lang='lat' dir='ltr'><strong>gantia</strong></span> <span class='ocrx_word' id='word_1_964' title='bbox 2257 5510 2311 5553; x_wconf 90' lang='lat' dir='ltr'><strong>et</strong></span> <span class='ocrx_word' id='word_1_965' title='bbox 2340 5506 2650 5569; x_wconf 87' lang='lat' dir='ltr'><strong>contemptu</strong></span> <span class='ocrx_word' id='word_1_966' title='bbox 2691 5501 2737 5555; x_wconf 90' lang='lat' dir='ltr'><strong>si</strong></span> <span class='ocrx_word' id='word_1_967' title='bbox 2784 5500 3223 5572; x_wconf 85' lang='lat' dir='ltr'><strong>ingemiscitous,</strong></span> <span class='ocrx_word' id='word_1_968' title='bbox 3253 5519 3435 5559; x_wconf 73' lang='lat' dir='ltr'><strong>annm</strong></span> <span class='ocrx_word' id='word_1_969' title='bbox 3462 5507 3639 5562; x_wconf 84' lang='lat' dir='ltr'><strong>multo</strong></span> 
     </span>
    </p>
   </div>
   <div class='ocr_carea' id='block_1_118' title="bbox 2051 5590 3638 5669">
    <p class='ocr_par' dir='ltr' id='par_1_118' title="bbox 2051 5590 3638 5669">
     <span class='ocr_line' id='line_1_118' title="bbox 2051 5590 3638 5669; baseline 0.004 -21"><span class='ocrx_word' id='word_1_970' title='bbox 2051 5593 2253 5665; x_wconf 80' lang='lat' dir='ltr'><strong>magis?</strong></span> <span class='ocrx_word' id='word_1_971' title='bbox 2273 5590 2433 5648; x_wconf 85' lang='lat' dir='ltr'><strong>Vides</strong></span> <span class='ocrx_word' id='word_1_972' title='bbox 2455 5594 2596 5664; x_wconf 83' lang='lat' dir='ltr'><strong>quod</strong></span> <span class='ocrx_word' id='word_1_973' title='bbox 2621 5610 2727 5649; x_wconf 88' lang='lat' dir='ltr'><strong>non</strong></span> <span class='ocrx_word' id='word_1_974' title='bbox 2745 5594 2872 5649; x_wconf 87' lang='lat' dir='ltr'><strong>sinit</strong></span> <span class='ocrx_word' id='word_1_975' title='bbox 2894 5611 3016 5651; x_wconf 84' lang='lat' dir='ltr'><strong>eum</strong></span> <span class='ocrx_word' id='word_1_976' title='bbox 3040 5612 3326 5667; x_wconf 85' lang='lat' dir='ltr'><strong>erumpere</strong></span> <span class='ocrx_word' id='word_1_977' title='bbox 3346 5599 3413 5654; x_wconf 83' lang='lat' dir='ltr'><strong>ad</strong></span> <span class='ocrx_word' id='word_1_978' title='bbox 3439 5600 3638 5669; x_wconf 78' lang='lat' dir='ltr'><strong>probra</strong></span> 
     </span>
    </p>
   </div>
   <div class='ocr_carea' id='block_1_119' title="bbox 2052 5684 3639 5761">
    <p class='ocr_par' dir='ltr' id='par_1_119' title="bbox 2052 5684 3639 5761">
     <span class='ocr_line' id='line_1_119' title="bbox 2052 5684 3639 5761; baseline 0.004 -19"><span class='ocrx_word' id='word_1_979' title='bbox 2052 5698 2107 5742; x_wconf 87' lang='lat' dir='ltr'><strong>et</strong></span> <span class='ocrx_word' id='word_1_980' title='bbox 2127 5684 2511 5742; x_wconf 84' lang='lat' dir='ltr'><strong>contumelias?</strong></span> <span class='ocrx_word' id='word_1_981' title='bbox 2536 5687 2688 5742; x_wconf 85' lang='lat' dir='ltr'><strong>vides</strong></span> <span class='ocrx_word' id='word_1_982' title='bbox 2707 5698 2906 5758; x_wconf 83' lang='lat' dir='ltr'><strong>quanta</strong></span> <span class='ocrx_word' id='word_1_983' title='bbox 2924 5690 2995 5744; x_wconf 89' lang='lat' dir='ltr'><strong>sit</strong></span> <span class='ocrx_word' id='word_1_984' title='bbox 3012 5689 3388 5760; x_wconf 69' lang='lat' dir='ltr'><strong>philosophia?</strong></span> <span class='ocrx_word' id='word_1_985' title='bbox 3409 5691 3639 5761; x_wconf 79' lang='lat' dir='ltr'><strong>Oportet</strong></span> 
     </span>
    </p>
   </div>
   <div class='ocr_carea' id='block_1_120' title="bbox 2051 5779 3638 5852">
    <p class='ocr_par' dir='ltr' id='par_1_120' title="bbox 2051 5779 3638 5852">
     <span class='ocr_line' id='line_1_120' title="bbox 2051 5779 3638 5852; baseline 0.003 -19"><span class='ocrx_word' id='word_1_986' title='bbox 2051 5794 2174 5834; x_wconf 87' lang='lat' dir='ltr'><strong>cum</strong></span> <span class='ocrx_word' id='word_1_987' title='bbox 2208 5779 2559 5850; x_wconf 65' lang='lat' dir='ltr'><strong>ingemiscere</strong></span> <span class='ocrx_word' id='word_1_988' title='bbox 2582 5779 2671 5850; x_wconf 87' lang='lat' dir='ltr'><strong>qui</strong></span> <span class='ocrx_word' id='word_1_989' title='bbox 2697 5779 3010 5852; x_wconf 83' lang='lat' dir='ltr'><strong>despicitur,</strong></span> <span class='ocrx_word' id='word_1_990' title='bbox 3033 5782 3123 5851; x_wconf 87' lang='lat' dir='ltr'><strong>qui</strong></span> <span class='ocrx_word' id='word_1_991' title='bbox 3149 5782 3518 5852; x_wconf 75' lang='lat' dir='ltr'><strong>conculcatur,</strong></span> <span class='ocrx_word' id='word_1_992' title='bbox 3542 5783 3638 5851; x_wconf 79' lang='lat' dir='ltr'><strong>qui</strong></span> 
     </span>
    </p>
   </div>
  </div>
