3970 6152
423 355 526 414 235

409 447 742 517 αιιιεριιίιιιισ.
778 441 853 496 Ne
882 439 1120 496 conﬁdas
1149 440 1290 506 quod
1323 450 1373 494 te
1405 454 1509 492 non
1541 440 1852 495 ulciscitur:
1877 453 1974 510 ge-

411 556 573 596 nutus
601 537 745 590 enim
773 545 854 588 est
883 533 1070 602 quavis
1102 532 1304 584 ultione
1329 531 1584 585 deterior.
1620 532 1752 587 Nam
1778 529 1992 602 quando

413 635 526 702 ipse
556 629 687 684 nihil
720 625 928 696 prolicit
957 637 1197 692 gemens,
1229 632 1384 676 vocat
1417 622 1701 676 Dominum
1727 640 1742 676 :
1767 631 1822 678 et
1851 623 1992 676 sicut

407 723 623 794 quando
648 727 1035 790 prteeeptorem
1059 730 1194 783 puer
1217 730 1322 767 non
1350 713 1634 778 audiverit,
1665 724 1882 790 vocatur
1900 713 1990 785 qui

407 816 457 868 in
483 828 608 868 eum
635 825 697 865 se
722 817 874 879 gerat
900 806 1165 859 austerius
1191 821 1204 856 :
1229 804 1303 858 ita
1329 804 1415 857 hic
1441 818 1676 874 quoque.

413 938 419 943 -
475 904 582 971 Qui
609 913 787 972 regunt
821 897 1117 960 Ecclesium,
1149 905 1334 965 quanto
1373 895 1426 948 in
1469 897 1690 965 periculo
1713 904 1990 949 versentur.

410 996 694 1067 flignitates
723 989 997 1064 fugiendar,
1021 1003 1118 1041 non
1135 988 1436 1057 querenda}.
1453 1016 1523 1027 -—
1540 986 1716 1055 Papa,
1733 999 1990 1057 quantum

407 1099 492 1146 est
519 1085 847 1158 periculum!
871 1081 995 1152 quid
1029 1079 1236 1134 miseris
1262 1080 1366 1133 illis
1399 1079 1599 1134 dixeris
1625 1079 1715 1149 qui
1743 1093 1801 1133 se
1825 1081 1992 1148 conji-

408 1183 555 1235 ciunt
583 1179 634 1232 in
658 1187 858 1230 tantam
887 1173 1137 1244 abyssum
1155 1170 1570 1240 suppliciorum?
1595 1169 1840 1223 Omnium
1857 1186 1991 1239 quos

412 1272 576 1340 regis,
623 1267 907 1320 mulierum
951 1272 1006 1319 et
1050 1263 1288 1316 virorum
1319 1270 1373 1314 et
1402 1275 1710 1329 puerorum,
1733 1275 1764 1313 a
1791 1272 1841 1314 te
1869 1260 1990 1313 red-

412 1361 587 1417 denda
615 1370 697 1414 est
726 1357 897 1412 ratio:
919 1361 1066 1409 tanto
1089 1353 1194 1422 igni
1216 1359 1377 1420 caput
1397 1361 1543 1404 tuum
1567 1349 1806 1418 subjicis.
1830 1349 1992 1405 Miror

415 1474 483 1510 an
502 1455 614 1510 fieri
643 1452 805 1522 possit
832 1460 887 1503 ut
916 1447 1108 1516 aliquis
1127 1461 1194 1501 ex
1229 1444 1523 1500 rectoribus
1548 1445 1618 1498 sit
1644 1443 1845 1509 salvus,
1869 1458 1990 1497 cum

415 1547 626 1598 videam
669 1549 788 1614 post
814 1540 984 1593 minas
1013 1547 1068 1592 et
1096 1545 1411 1605 prtesentem
1452 1535 1752 1590 socordiam
1783 1535 1991 1604 aliquos

414 1637 592 1690 adhuc
620 1640 986 1695 accnrrcntes,
1010 1638 1064 1683 et
1089 1643 1148 1683 se
1177 1627 1528 1696 conjicientes
1558 1626 1611 1679 in
1645 1635 1844 1680 tantam
1875 1642 1991 1681 mo-

411 1729 518 1782 lem
542 1721 1042 1780 administrationis.
1075 1719 1207 1774 Nam
1229 1720 1272 1772 si
1302 1719 1360 1782 ii,
1392 1719 1478 1786 qui
1528 1717 1849 1771 necessitate
1877 1727 1990 1770 tra-

414 1822 632 1878 lntntur,
661 1833 767 1871 non
796 1815 994 1870 habent
1021 1812 1419 1868 excusationem
1447 1810 1786 1873 autveniam,
1813 1809 1856 1864 si
1875 1823 1989 1863 rem

416 1913 553 1967 male
577 1909 953 1964 administrent
983 1914 1039 1960 et
1057 1904 1550 1974 sintnegligentes;
1578 1917 1698 1954 nam
1727 1909 1782 1955 et
1811 1901 1989 1954 Aaron

415 2015 616 2057 tractus
643 2009 727 2054 est
753 1999 1070 2054 necessitate
1086 2007 1138 2050 et
1165 1996 1308 2050 venit
1337 1995 1388 2047 in
1413 1993 1709 2062 perieulum
1730 2008 1746 2056 ;
1770 2001 1823 2046 et
1847 1991 1991 2063 Moy-

413 2110 500 2149 ses
526 2094 845 2154 etiam,cum
872 2103 1017 2157 sa'pe
1046 2095 1375 2147 recusasset;
1399 2084 1610 2145 etSaiil,
1625 2084 1710 2138 cui
1728 2082 1989 2138 creditmn

412 2185 550 2241 aliud
592 2183 768 2238 fuerat
815 2180 1118 2250 imperium,
1150 2186 1429 2247 postquam
1458 2175 1743 2236 recusavit,
1771 2183 1990 2230 vocatus

413 2289 494 2334 est
518 2279 571 2332 in
598 2276 914 2345 periculum,
932 2271 1182 2342 quoniam
1207 2270 1377 2338 ipsum
1396 2269 1535 2323 male
1555 2268 1986 2322 administrarat:

415 2379 611 2441 quanto
633 2363 1021 2433 magisiiquiiu
1036 2361 1137 2415 hoc
1155 2361 1384 2415 studium
1415 2370 1651 2429 ponunt,
1692 2369 1745 2414 et
1774 2360 1824 2414 iu
1855 2359 1904 2412 id
1932 2374 1991 2414 se

412 2458 791 2528 conjeceruut?
817 2455 906 2525 qui
932 2462 1017 2509 est
1038 2459 1178 2508 enim
1209 2453 1353 2520 talis,
1383 2453 1540 2522 longe
1569 2452 1736 2521 magis
1763 2467 1822 2506 se
1842 2453 1989 2507 otuni

413 2551 639 2621 privabit
673 2547 848 2602 venia.
882 2546 1095 2602 Timere
1121 2547 1265 2601 enim
1296 2555 1511 2614 oportet
1530 2555 1583 2599 et
1608 2546 1991 2601 contremisce-

411 2661 490 2709 re,
518 2653 573 2698 et
602 2653 822 2712 propter
850 2640 1235 2697 conscientiam
1255 2648 1311 2694 ct
1348 2648 1563 2709 propter
1591 2639 1786 2694 molem
1816 2639 1986 2708 impe-

405 2737 499 2798 rii;
531 2745 586 2789 et
629 2749 804 2803 neque
831 2733 876 2787 si
907 2733 1075 2787 semel
1107 2731 1387 2786 trahantur
1428 2744 1697 2795 recusare,
1732 2745 1906 2797 neque
1941 2729 1989 2786 si

403 2841 510 2880 non
538 2824 822 2878 trahantur
847 2832 1038 2892 sponte
1062 2823 1112 2876 iu
1140 2822 1190 2876 id
1215 2822 1524 2886 incurrere;
1549 2821 1656 2875 imo
1685 2834 1812 2874 vero
1827 2821 1987 2875 etiam

407 2916 615 2988 fugere,
645 2915 999 2986 prtevidentes
1027 2913 1445 2984 magnitudinem
1475 2913 1764 2983 dignitatis.
1788 2913 1988 2969 Rursus

405 3019 586 3063 autem
612 3022 707 3061 eos
724 3007 812 3077 qui
835 3007 1030 3060 fuerint
1051 3005 1425 3076 comprehensi
1466 3012 1679 3073 Oportet
1701 3021 1820 3060 esse
1856 3020 1988 3060 eau-

408 3111 491 3155 tos
517 3110 572 3156 et
597 3101 737 3169 pios.
772 3099 910 3153 Nihil
944 3099 1352 3153 immoderatum
1380 3099 1468 3162 sit,
1492 3099 1668 3151 omnia
1706 3114 1771 3152 ex
1800 3097 1990 3152 ordine

409 3193 561 3246 ﬁant.
589 3191 646 3246 Si
693 3192 998 3261 priusquam
1039 3190 1401 3259 promovearis
1441 3189 1490 3242 id
1537 3189 1871 3259 praesentias,
1898 3204 1989 3243 re-

407 3283 564 3349 cede,
614 3297 902 3352 persuasus
953 3291 1006 3337 te
1056 3298 1117 3337 ea
1149 3299 1206 3337 re
1245 3296 1364 3336 esse
1392 3281 1662 3351 indignum
1689 3299 1702 3334 :
1727 3281 1772 3335 si
1803 3295 1992 3335 rursus

409 3375 579 3431 fueris
624 3373 1067 3442 comprehensus,
1108 3373 1354 3428 similiter
1387 3374 1687 3427 cautionem
1716 3372 1908 3426 adhibe
1938 3382 1994 3427 et

409 3468 793 3529 reverentiam,
810 3465 1006 3532 ubique
1026 3465 1314 3519 ostendens
1334 3465 1589 3518 auiunnn.
1611 3463 1696 3518 l8.
1721 3463 1896 3529 Orate,
1913 3463 1994 3516 iu-

409 3560 546 3627 quit,
569 3559 720 3611 etiam
741 3574 833 3626 pro
852 3557 990 3611 nobis
1009 3573 1026 3610 :
1047 3556 1348 3624 conﬁdimus
1367 3557 1497 3609 enim
1512 3556 1648 3624 quod
1665 3557 1845 3609 bonam
1865 3571 1990 3608 cen-

410 3650 670 3703 sctentiam
686 3649 948 3711 habemus,
965 3648 1017 3700 in
1044 3646 1274 3700 omnibus
1299 3646 1422 3700 bene
1441 3647 1660 3700 volentes
1683 3646 1993 3700 conversari.

481 3740 539 3794 2.
584 3739 749 3794 Vides
777 3738 920 3809 quod
949 3740 1001 3792 in
1033 3739 1116 3792 his
1141 3753 1199 3792 se
1224 3747 1410 3807 purget
1452 3747 1506 3792 et
1555 3747 1798 3804 excuset,
1822 3746 1881 3791 ut
1907 3736 1996 3806 qui

412 3833 614 3886 scribat
649 3829 717 3885 ad
757 3844 850 3885 eos
888 3840 1154 3899 tamquam
1196 3830 1261 3882 ad
1309 3829 1555 3883 molestia
1578 3827 1822 3891 allectos,
1858 3835 1997 3881 tam-

412 3939 574 3993 quam
619 3923 685 3977 ad
723 3931 1055 3988 aversantes,
1095 3932 1362 3991 tamquam
1409 3921 1476 3974 ad
1515 3935 1610 3975 eos
1652 3920 1742 3990 qui
1771 3921 1822 3974 in
1873 3934 1996 3973 eum

414 4023 571 4070 erant
589 4013 762 4067 affecti
787 4023 842 4067 ιιι
869 4013 1441 4082 transgressorem,qui
1463 4028 1531 4066 ne
1557 4027 1753 4066 nomen
1779 4011 1996 4083 quidem

416 4105 532 4172 ejus
559 4103 746 4157 audire
773 4103 1035 4158 ferebant.
1055 4103 1316 4168 Quoniam
1336 4118 1464 4169 ergo
1486 4118 1546 4156 ea
1571 4103 1818 4172 exigebat
1845 4103 1912 4157 ab
1934 4103 1999 4158 iis

417 4197 505 4264 qui
537 4196 708 4264 ipsum
737 4193 982 4257 oderant,
1013 4209 1132 4262 qua:
1161 4194 1340 4247 (ueteri
1371 4208 1558 4247 omnes
1589 4193 1657 4246 ab
1685 4193 1748 4246 iis
1769 4192 1856 4262 qui
1883 4192 2002 4246 dili-

419 4297 571 4359 gunt,
605 4304 667 4340 ea
693 4286 760 4341 de
785 4302 944 4341 causa
976 4289 1124 4354 ponit
1151 4285 1256 4349 hic,
1286 4285 1505 4340 dicens:
1529 4284 1848 4355 Confidimus
1865 4285 2001 4353 quod

420 4381 602 4434 bonam
632 4381 990 4434 conscientiam
1019 4379 1278 4432 habemus.
1310 4378 1385 4434 Ne
1431 4379 1561 4433 mihi
1606 4379 1772 4444 enim,
1807 4379 1998 4449 inquit,

419 4473 622 4528 dixeris
665 4472 1034 4527 accusationes
1066 4489 1078 4523 :
1115 4481 1313 4533 nostra,
1346 4465 1537 4541 inquit,
1582 4471 1712 4524 nihil
1746 4486 1842 4524 nus
1898 4470 2000 4522 im-

420 4569 608 4638 probat
637 4565 985 4628 conscientia,
1016 4580 1187 4633 neque
1216 4564 1370 4617 nobis
1408 4563 1606 4617 conscii
1636 4578 1823 4616 sumus
1861 4562 2000 4631 quod

421 4660 570 4713 vobis
601 4657 860 4712 fuerimus
882 4655 1135 4709 insidiati.
1158 4652 1470 4722 Con/idimus
1486 4656 1636 4715 enim,
1661 4653 1848 4721 inquit,
1869 4651 2003 4723 quod

425 4750 599 4802 bonum
622 4747 981 4802 conscientiam
1012 4745 1270 4798 habemus.
1308 4743 1375 4798 In
1402 4744 1632 4798 omnibus
1660 4742 2000 4796 benevolentes

425 4839 725 4891 conversari.
757 4837 900 4907 Ergo
931 4853 1036 4892 non
1068 4837 1241 4892 solum
1273 4836 1413 4891 inter
1436 4836 1699 4900 ethnicos,
1720 4835 1812 4890 sed
1838 4835 1998 4890 etiam

422 4927 558 4982 inter
587 4945 706 4983 vos.
737 4927 880 4983 Nihil
907 4946 1028 4983 cum
1063 4929 1247 4984 fraude
1277 4929 1518 4992 fecimus,
1547 4944 1644 4983 nec
1667 4944 1788 4983 cum
1823 4927 1998 4999 hypo-

415 5019 539 5072 crisi
563 5037 576 5073 :
602 5028 686 5073 est
707 5024 851 5073 enim
886 5020 1174 5075 verisimile
1199 5021 1296 5072 bas
1323 5019 1372 5072 in
1392 5035 1512 5073 eum
1532 5020 1826 5072 calumnias
1844 5020 2005 5072 fuisse

415 5110 731 5166 intentatas.
759 5109 890 5164 Nam
918 5110 1059 5180 quod
1086 5111 1218 5165 falso
1249 5121 1529 5164 accusatus
1561 5110 1740 5174 fuerit,
1769 5110 1889 5163 audi
1917 5109 2006 5164 Ja-

416 5201 610 5256 cobnm
637 5200 904 5255 dicentem
927 5219 938 5254 :
970 5203 1254 5254 Audierant
1280 5201 1443 5264 enim,
1471 5202 1660 5269 iuqttit,
1688 5202 1750 5252 de
1775 5211 1840 5266 te,
1873 5200 2006 5268 quod

415 5297 777 5350 discessionem
803 5297 982 5350 doceas
1011 5314 1041 5349 a
1079 5296 1184 5366 lege
1214 5297 1350 5364 (Act.
1393 5295 1483 5348 21.
1513 5295 1628 5364 21).
1673 5295 1786 5347 Non
1819 5303 1875 5347 nt
1903 5295 2004 5348 ini-

417 5388 611 5450 uncus,
639 5387 833 5456 inquit,
865 5403 965 5442 nec
993 5399 1048 5440 ιιι
1080 5388 1248 5442 hostis
1276 5389 1391 5442 lucc
1431 5388 1629 5449 scribo,
1659 5388 1751 5441 sed
1783 5395 1839 5439 ut
1869 5386 2004 5438 ami-

416 5492 533 5531 cus.
569 5477 638 5531 Et
670 5477 774 5532 hoc
811 5478 1048 5532 ostendit
1092 5494 1158 5532 ex
1200 5494 1265 5532 eo
1291 5479 1431 5547 quod
1463 5480 1716 5546 deinceps
1743 5478 2001 5546 sequitur.

420 5569 507 5624 19.
541 5567 778 5638 Amplius
802 5579 969 5622 autem
999 5569 1240 5639 deprecor
1271 5585 1353 5622 vos
1399 5571 1492 5623 hoc
1523 5573 1709 5640 facere,
1743 5584 1840 5638 quo
1874 5567 2005 5620 cele-

425 5659 523 5714 tius
550 5661 786 5713 restituar
812 5660 972 5714 vobis.
1000 5659 1111 5714 llnc
1137 5670 1249 5715 erat
1278 5661 1394 5730 ejus
1419 5661 1510 5730 qui
1539 5662 1884 5714 vehementer
1912 5675 2006 5713 eos

425 5751 654 5817 amabat,
692 5753 764 5805 ita
794 5752 1020 5821 precari.
1061 5752 1125 5804 Et
1177 5769 1282 5807 non
1317 5754 1514 5816 solum,
1552 5753 1740 5821 inquit,
1777 5753 2004 5822 precari,

426 5842 518 5898 sed
567 5859 692 5900 cum
738 5843 886 5900 omni
928 5841 1105 5900 studio
1147 5861 1158 5900 :
1195 5855 1248 5900 ut
1279 5860 1375 5915 ego
1408 5845 1512 5900 cito
1557 5846 1763 5901 veniam
1794 5844 1860 5900 ad
1893 5861 2001 5901 vos.

1155 339 1218 397 IN
1257 337 1472 395 EPIST.
1517 335 1606 390 AD
1645 327 2002 388 IIEBIUEOS.
2043 325 2195 382 CM’.
2241 327 2376 382 Xlll.
2421 308 2653 384 liOMlL.
2699 328 2942 384 XXXIV.

3574 331 3674 388 251

2091 433 2202 486 lluc
2229 443 2308 487 est
2340 433 2456 501 ejus
2485 434 2571 501 qui
2602 433 2699 486 sibi
2734 432 2862 485 nihil
2893 442 2972 486 est
3010 435 3279 494 conscius,
3313 433 3545 488 studium
3577 449 3674 503 po-

2090 541 2219 579 nere
2251 534 2307 578 ut
2331 527 2395 578 ad
2421 542 2514 580 eos
2547 527 2840 593 perveniat,
2887 536 2939 578 et
2967 539 3154 595 rogare
3195 525 3338 595 ipsos
3367 535 3422 579 ut
3473 541 3569 594 pro
3616 542 3676 581 se

2090 628 2265 673 orent.
2318 619 2391 672 Ea
2421 618 2489 672 de
2516 633 2674 672 causa
2705 634 2825 673 cum
2856 619 3003 688 prius
3031 619 3098 671 ab
3129 619 3257 687 ipsis
3289 618 3531 688 petiisset
3557 635 3679 674 ora-

2093 711 2284 777 tiones,
2304 720 2429 763 tunc
2455 710 2532 764 eis
2557 724 2770 779 quoque
2793 721 3038 777 precatur
3054 709 3232 764 omnia
3259 709 3521 765 bona.20.
3541 708 3677 762 Deus

2089 811 2277 866 autem,
2311 800 2499 869 inquit,
2529 802 2684 868 pacis.
2715 800 2824 854 lloc
2856 799 2988 854 dicit
3016 815 3082 854 eo
3107 799 3248 870 quod
3277 801 3417 854 inter
3441 815 3537 854 eos
3563 801 3675 854 dis-

2089 893 2370 945 sensiones
2398 892 2686 945 orirentur.
2716 891 2770 946 Si
2799 907 2946 962 ergo,
2977 893 3168 958 inquit,
3205 892 3342 946 Deus
3368 893 3510 959 pacis
3540 893 3677 945 Dens

2090 993 2278 1048 cst,ne
2317 984 2388 1038 sit
2419 984 2566 1038 vobis
2612 984 2890 1038 nobiseum
2933 984 3233 1042 dissidium.
3261 985 3361 1052 Qui
3400 986 3573 1040 eduxit
3614 988 3677 1039 de

2092 1082 2225 1126 terra
2260 1071 2525 1127 Pastorem
2554 1075 2744 1126 ovium.
2770 1074 2882 1128 Hoc
2907 1076 3106 1129 dictum
3131 1084 3212 1129 est
3234 1077 3300 1130 dc
3329 1079 3676 1131 resurrectio-

2096 1181 2182 1220 ne.
2217 1165 2486 1238 Magnum.
2514 1167 2669 1220 Aliud
2701 1169 3142 1222 additamentum.
3171 1167 3266 1221 llic
3294 1185 3478 1224 rursas
3508 1187 3675 1239 usque

2092 1257 2158 1310 ad
2183 1257 2341 1311 linem
2366 1259 2444 1311 eis
2465 1256 2747 1311 conﬁrmat
2773 1258 2914 1327 quod
2942 1258 3136 1313 dicitur
3161 1258 3228 1314 de
3259 1265 3672 1317 resurrectione.

2094 1349 2162 1404 In
2175 1351 2422 1422 sanguine
2449 1352 2727 1405 testamenti
2750 1352 2946 1416 teterni,
2971 1350 3240 1404 Dominum
3258 1364 3480 1407 nostrum
3497 1353 3679 1408 Jesum

2095 1444 2370 1510 Christum,
2399 1444 2489 1498 21.
2513 1454 2649 1513 aptet
2679 1459 2764 1498 vos
2790 1446 2842 1497 in
2881 1447 3015 1496 omni
3045 1445 3174 1498 bono
3195 1461 3364 1515 apere,
3393 1457 3446 1498 ut
3476 1447 3677 1514 faciatis

2092 1538 2202 1607 ejus
2223 1537 2562 1590 voluntatem:
2591 1537 2782 1608 faciens
2804 1538 2856 1590 in
2875 1537 3012 1591 vobis
3033 1537 3168 1607 quod
3186 1538 3384 1606 placeat
3406 1555 3576 1593 coram
3601 1557 3674 1594 se.

2094 1628 2299 1684 Rursus
2342 1628 2422 1683 eis
2473 1644 2659 1697 magna
2687 1643 2787 1682 suo
2826 1629 3010 1682 tribuit
3039 1629 3377 1684 testimonio:
3409 1630 3680 1701 lntrgrum

2094 1720 2235 1774 enim
2280 1718 2430 1773 reddi
2461 1719 2656 1772 dicitur
2685 1720 2734 1772 id
2761 1720 2901 1788 quod
2955 1719 3116 1776 habet
3139 1721 3368 1784 initiutn,
3401 1731 3460 1776 et
3485 1721 3681 1777 deinde

2097 1810 2367 1880 impletur.
2401 1811 2465 1864 Et
2494 1812 2572 1864 eis
2603 1821 2888 1880 precatur:
2919 1812 3062 1878 quod
3093 1821 3176 1866 est
3202 1812 3583 1870 desiderantis.
3614 1815 3682 1868 Et

2099 1901 2253 1957 vide:
2290 1903 2343 1956 in
2365 1902 2482 1956 aliis
2507 1901 2721 1972 quidem
2747 1902 2988 1972 epistolis
3020 1913 3267 1972 precatur
3297 1905 3354 1959 in
3382 1905 3557 1972 initio,
3597 1906 3682 1960 hie

2091 2001 2268 2045 autem
2296 1993 2348 2047 in
2377 1995 2502 2050 line.
2546 1994 2786 2060 Faciem,
2818 1996 3009 2066 inquit,
3041 1997 3093 2050 in
3124 1997 3261 2052 vobis
3305 1999 3441 2068 quod
3480 1999 3677 2066 placeat

2091 2098 2263 2137 coram
2288 2101 2342 2138 se
2369 2103 2456 2156 per
2475 2086 2654 2140 Jcsum
2679 2087 2973 2143 Christum:
3001 2089 3084 2142 cui
3108 2099 3182 2144 est
3209 2089 3374 2160 gloria
3401 2091 3454 2143 in
3485 2091 3668 2144 saecula

2091 2177 2411 2229 surculorum.
2431 2180 2605 2232 Amen.
2623 2178 2713 2233 22.
2743 2178 2887 2251 Rogo
2916 2192 3082 2234 autem
3111 2197 3220 2248 vos,
3248 2185 3451 2253 fratres,
3479 2191 3533 2236 ut
3559 2181 3670 2250 suf-

2093 2266 2269 2335 feratis
2313 2268 2512 2320 verbum
2540 2271 2955 2325 solatii:etenim
2985 2274 3254 2343 perpaucis
3294 2274 3477 2341 scripsi
3517 2275 3671 2328 vobis.

2096 2357 2255 2412 Vides
2282 2363 2532 2427 quoniam
2558 2364 2698 2432 quod
2725 2365 2789 2418 ad
2816 2365 3084 2420 nemiuem
3110 2365 3343 2434 scripsit,
3364 2365 3467 2422 hoc
3490 2367 3556 2421 ad
3580 2381 3673 2422 eos

2093 2450 2314 2505 scribit?
2340 2451 2548 2507 Etenim
2595 2457 2885 2527 perpaucis,
2919 2456 3111 2526 inquit,
3143 2458 3327 2527 scripsi
3355 2456 3528 2520 vobis;
3574 2458 3677 2511 hoc

2092 2552 2194 2606 est,
2224 2541 2334 2598 Nec
2363 2558 2482 2598 sum
2513 2545 2771 2599 molestus
2814 2547 2965 2600 vobis
3008 2548 3300 2601 verborum
3349 2547 3674 2617 prolixitate.

2093 2631 2356 2690 Existimo
2373 2651 2466 2690 eos
2491 2652 2595 2691 non
2616 2636 2782 2692 fuisse
2800 2637 3085 2691 admodum
3115 2637 3355 2693 infensos
3370 2637 3672 2693 Timotheo:

2095 2725 2236 2781 unde
2260 2726 2422 2782 etiam
2451 2741 2572 2782 eum
2608 2728 2919 2799 prrcposuit.
2951 2729 3041 2782 25.
3075 2729 3373 2800 (.‘ognoscite
3401 2729 3567 2792 enim,
3596 2729 3676 2783 in-

2092 2818 2226 2886 quit,
2254 2823 2465 2889 fratrem
2494 2818 2810 2874 Timotheum
2833 2820 3097 2873 dimissum
3122 2837 3142 2875 .°
3170 2837 3286 2875 cum
3312 2837 3431 2891 quo,
3459 2822 3504 2874 si
3529 2822 3677 2874 citius

2093 2910 2300 2973 venerit,
2330 2909 2504 2963 videbo
2525 2925 2629 2963 vos.
2659 2908 2958 2975 Dimissum,
2988 2909 3162 2980 inquit
3188 2926 3200 2962 :
3227 2910 3678 2965 unde?Existitno

2093 3013 2216 3053 eum
2265 2999 2428 3055 fuisse
2465 3001 2769 3071 conjectum
2803 3002 2853 3054 in
2885 3016 3193 3056 carcerem:
3225 3009 3336 3066 aut,
3370 3001 3416 3057 si
3456 3017 3562 3056 non
3606 3002 3677 3056 ita

2095 3093 2184 3156 sit,
2213 3091 2490 3146 dimissum
2522 3091 2776 3159 Athenis;
2807 3109 2928 3146 nam
2962 3093 3063 3148 hoc
3089 3108 3303 3164 quoque
3333 3093 3492 3148 situm
3520 3095 3676 3148 estin

2095 3183 2337 3239 Actibus.
2368 3184 2461 3239 24.
2494 3183 2728 3240 Salutate
2761 3201 2934 3240 omnes
2962 3188 3260 3255 prwpoeitos
3285 3195 3475 3240 vestros
3495 3197 3540 3240 et
3565 3203 3676 3240 om-

2096 3291 2183 3328 nes
2202 3284 2424 3329 sanctos.
2460 3275 2703 3330 Salutant
2739 3291 2826 3330 vos
2854 3277 2917 3331 de
2945 3277 3102 3330 Italia
3129 3277 3331 3346 fratres.
3373 3278 3466 3334 25.
3499 3277 3680 3332 Gratia

2095 3383 2210 3419 cum
2253 3368 2484 3421 omnibus
2521 3368 2680 3423 vobis.
2713 3369 2890 3424 Amen.
2937 3369 3098 3425 Vides
3135 3371 3403 3440 quomodo
3433 3371 3684 3425 ostendat

2094 3462 2343 3516 virtutem
2368 3477 2540 3532 neque
2566 3479 2631 3517 ex
2659 3464 2767 3518 Deo
2784 3464 3024 3526 omnino,
3050 3479 3220 3533 neque
3236 3481 3302 3518 cx
3326 3465 3480 3519 nobis
3506 3465 3678 3519 solum

2095 3568 2218 3608 esse
2242 3553 2450 3607 ortam?
2470 3553 2700 3609 dicendo
2719 3555 2885 3621 enim,
2912 3554 3145 3624 lntegros
3175 3571 3258 3610 vos
3291 3558 3456 3627 faciat
3472 3558 3524 3609 in
3545 3558 3686 3610 omni

2096 3644 2226 3698 bona
2257 3661 2428 3714 apere,
2459 3653 2516 3698 et
2541 3653 2758 3712 cetera,
2789 3645 2891 3700 hoc
2929 3646 3212 3716 significat,
3244 3662 3308 3701 ac
3351 3648 3395 3701 si
3441 3647 3681 3704 diceret:

2098 3735 2318 3791 Habetis
2347 3735 2563 3805 quidem
2609 3737 2892 3801 virtutem;
2925 3753 3058 3806 opus
3089 3747 3267 3792 autem
3302 3738 3507 3794 habetis
3532 3755 3680 3793 como

2097 3828 2391 3900 plemento.
2418 3827 2552 3882 Cum
2582 3827 2714 3882 dicit
2755 3839 2932 3881 autem
2969 3845 2980 3880 :
3011 3830 3186 3898 Opere
3226 3839 3280 3882 et
3327 3830 3488 3884 verbo
3519 3830 3681 3894 bono,

2099 3920 2493 3990 significavitct
2523 3921 2685 3974 vitam
2717 3931 2770 3974 et
2811 3920 3059 3990 dogtiiata
3105 3930 3250 3974 recta
3296 3937 3418 3977 esse
3461 3922 3678 3978 debere.

2100 4011 2268 4066 Recte
2293 4011 2453 4066 etiam
2486 4011 2585 4065 hoc
2601 4012 2839 4066 addidit:
2861 4011 3083 4066 Faciem
3101 4013 3152 4065 in
3175 4013 3309 4066 vobis
3330 4015 3467 4084 quod
3487 4015 3687 4085 placeat

2099 4119 2276 4160 coram»
2295 4119 2366 4158 se.
2396 4101 2582 4158 Coram
2607 4120 2662 4157 se
2683 4119 2700 4156 :
2722 4103 2839 4158 luce
2865 4104 3009 4158 enim
3033 4113 3116 4158 est
3143 4105 3311 4160 virtus
3341 4109 3578 4162 maxima
3602 4111 3686 4164 fa-

2101 4211 2227 4252 cere
2252 4193 2400 4266 quod
2429 4195 2636 4265 placeat
2663 4209 2844 4249 coram
2870 4195 2980 4249 Deo
3002 4215 3014 4249 :
3039 4197 3185 4251 sicut
3203 4197 3365 4252 etiam
3403 4199 3530 4254 dicit
3550 4201 3686 4255 Pro-

2102 4289 2262 4358 pheta
2287 4305 2301 4342 :
2334 4287 2626 4343 Secundum
2653 4288 2919 4357 puritatem
2962 4305 3205 4342 manuum
3231 4306 3459 4344 mearum
3481 4293 3533 4346 in
3561 4309 3686 4346 con-

2103 4392 2276 4452 specta
2323 4379 2586 4434 oculorum
2630 4381 2739 4448 ejus
2787 4379 2963 4450 (Psal.
3012 4383 3101 4436 17.
3129 4381 3221 4437 21.
3265 4371 3384 4456 25).
3416 4385 3548 4441 Cum
3581 4396 3686 4442 tam

2106 4475 2270 4529 multa
2294 4483 2473 4527 autem
2506 4473 2830 4542 scripsisset,
2857 4490 3021 4543 pauca
3049 4490 3108 4530 ca
3135 4491 3262 4532 esse
3287 4478 3439 4542 dixit,
3472 4479 3516 4534 si
3543 4480 3690 4534 vidc-

2109 4569 2233 4621 licet
2277 4564 2624 4620 conferantur
2665 4581 2785 4619 cum
2821 4567 2883 4619 iis
2930 4584 3049 4635 quae
3089 4578 3205 4621 erat
3250 4570 3522 4622 dicturus:
3556 4573 3694 4625 sicut

2110 4659 2271 4714 etiam
2303 4656 2428 4710 alibi
2455 4655 2618 4711 dicit:
2644 4655 2788 4711 Sicut
2814 4659 3001 4725 scripsc
3017 4659 3153 4713 vobis
3173 4661 3225 4713 in
3242 4659 3416 4713 brevi:
3431 4669 3579 4727 prout
3598 4677 3663 4729 po
3678 4691 3692 4700 -

2110 4751 2247 4802 testis
2273 4749 2488 4819 legentes
2517 4747 2799 4818 intelligere
2822 4749 3147 4818 prudentiam
3177 4766 3338 4803 meam
3365 4750 3419 4802 in
3449 4752 3689 4820 mysterio

2098 4842 2298 4895 Christi
2325 4839 2538 4911 (Ephes.
2574 4841 2629 4895 5.
2657 4841 2710 4895 5.
2735 4838 2813 4910 4).
2833 4840 2968 4896 Vide
2994 4850 3172 4895 autem
3200 4841 3315 4911 ejus
3347 4842 3686 4911 sapientiam.

2110 4932 2221 4988 Non
2251 4933 2402 4994 dixit,
2437 4932 2577 5000 Rogo
2602 4946 2687 4984 vos
2710 4940 2762 4983 ut
2779 4930 3034 4996 sufferatis
3059 4931 3261 4985 verbum
3287 4931 3686 4994 admonitionis,

2110 5024 2226 5088 sed,
2244 5023 2450 5085 Solutii,
2471 5022 2572 5076 hoc
2593 5031 2695 5084 est,
2720 5024 3122 5084 CllnStliﬂliOIliS,
3147 5023 3687 5077 adliurtationis.l\'ou

2111 5125 2306 5184 potest,
2334 5114 2523 5182 inquit,
2545 5113 2821 5183 quisquam
2841 5113 3114 5180 defatigati
3135 5115 3202 5168 ub
3223 5115 3580 5183 prolixitatem
3607 5133 3692 5169 eu-

2110 5220 2225 5258 rnm
2248 5220 2365 5273 qnte
2387 5204 2525 5257 dicta
2549 5213 2693 5258 sunt.
2724 5205 2859 5269 Quid
2891 5205 3053 5273 ergo?
3084 5207 3304 5260 hoccine
3330 5216 3442 5259 erat
3465 5207 3605 5276 quod
3637 5219 3691 5260 ut

2109 5306 2487 5350 aversarentur
2533 5295 2796 5350 faciebat?
2822 5297 3078 5350 Minime:
3111 5313 3218 5351 non
3252 5308 3424 5351 tamen
3470 5303 3548 5353 cis
3580 5301 3690 5352 vult

2107 5389 2391 5442 ostendere
2410 5403 2508 5441 ncc
2535 5388 2734 5452 dicere,
2755 5389 2951 5441 l’usillo
2971 5389 3101 5442 estis
3117 5391 3296 5443 animo
3318 5407 3329 5441 :
3356 5406 3474 5443 nam
3500 5406 3686 5445 eorum

2105 5482 2193 5549 qui
2213 5491 2338 5532 sunt
2358 5480 2619 5547 ejusmodi
2639 5491 2721 5532 est
2739 5480 3014 5547 proprium
3043 5497 3148 5533 non
3171 5483 3307 5534 ferre
3330 5482 3539 5552 longam
3567 5499 3686 5535 ora-

2106 5573 2329 5625 tionem.
2364 5570 2659 5639 Cognoscite
2685 5576 2896 5640 fratrem
2923 5569 3238 5624 Timotheum
3267 5573 3552 5638 dimissum,
3572 5591 3686 5628 cum

2101 5681 2219 5732 quo,
2250 5663 2291 5714 si
2319 5663 2527 5714 celerius
2557 5663 2761 5726 venerit,
2793 5661 2961 5713 videbo
2993 5677 3095 5714 vos.
3130 5663 3237 5715 llnc
3260 5665 3387 5717 satis
3410 5679 3493 5718 est
3516 5665 3578 5718 ad
3607 5681 3685 5720 eis

2104 5754 2526 5823 persuadendum
2554 5765 2609 5806 ut
2639 5769 2694 5806 se
2729 5753 3028 5816 demittant,
3061 5754 3100 5805 si
3148 5765 3359 5820 paratus
3391 5766 3471 5810 est
3501 5773 3683 5811 ventre

2101 5864 2221 5901 cum
2269 5846 2548 5919 discipulo.
2590 5847 2825 5902 Salutate
2867 5860 3037 5900 omnes
3083 5849 3378 5916 pra‘positos
3409 5861 3592 5905 vestros
3637 5860 3682 5902 ct
