  <div class='ocr_page' id='page_1' title='image "/cluster/home/n/w/nwhite01/storage/ocr_20150623/63/mdp.39015008641394/239.png"; bbox 0 0 3970 6152; ppageno 0'>
   <div class='ocr_carea' id='block_1_1' title="bbox 258 326 366 388">
    <p class='ocr_par' dir='ltr' id='par_1_1' title="bbox 258 326 366 388">
     <span class='ocr_line' id='line_1_1' title="bbox 258 326 366 388; baseline 0 -2"><span class='ocrx_word' id='word_1_1' title='bbox 258 326 366 388; x_wconf 61' lang='grc' dir='ltr'><strong>εόῢ</strong></span> 
     </span>
    </p>
   </div>
   <div class='ocr_carea' id='block_1_2' title="bbox 271 417 1851 490">
    <p class='ocr_par' dir='ltr' id='par_1_2' title="bbox 271 417 1851 490">
     <span class='ocr_line' id='line_1_2' title="bbox 271 417 1851 490; baseline -0.004 -14"><span class='ocrx_word' id='word_1_2' title='bbox 271 437 444 476; x_wconf 85' lang='lat' dir='ltr'><strong>oumes</strong></span> <span class='ocrx_word' id='word_1_3' title='bbox 462 418 825 476; x_wconf 79' lang='lat' dir='ltr'><strong>sanctos.Vide</strong></span> <span class='ocrx_word' id='word_1_4' title='bbox 842 419 1110 490; x_wconf 90' lang='lat' dir='ltr'><strong>quomodo</strong></span> <span class='ocrx_word' id='word_1_5' title='bbox 1133 421 1275 487; x_wconf 86' lang='lat' dir='ltr'><strong>ipsos</strong></span> <span class='ocrx_word' id='word_1_6' title='bbox 1301 417 1500 472; x_wconf 84' lang='lat' dir='ltr'><strong>honora</strong></span> <span class='ocrx_word' id='word_1_7' title='bbox 1513 425 1622 474; x_wconf 80' lang='lat' dir='ltr'><strong>veri</strong></span> <span class='ocrx_word' id='word_1_8' title='bbox 1629 431 1641 472; x_wconf 95' lang='lat' dir='ltr'><strong>l</strong></span> <span class='ocrx_word' id='word_1_9' title='bbox 1655 462 1668 481; x_wconf 89' lang='lat'><strong>,</strong></span> <span class='ocrx_word' id='word_1_10' title='bbox 1687 422 1851 488; x_wconf 79' lang='lat' dir='ltr'><strong>siqui-</strong></span> 
     </span>
    </p>
   </div>
   <div class='ocr_carea' id='block_1_3' title="bbox 270 509 1852 581">
    <p class='ocr_par' dir='ltr' id='par_1_3' title="bbox 270 509 1852 581">
     <span class='ocr_line' id='line_1_3' title="bbox 270 509 1852 581; baseline -0.003 -13"><span class='ocrx_word' id='word_1_11' title='bbox 270 514 393 568; x_wconf 86' lang='lat' dir='ltr'><strong>dem</strong></span> <span class='ocrx_word' id='word_1_12' title='bbox 412 513 478 566; x_wconf 87' lang='lat' dir='ltr'><strong>ad</strong></span> <span class='ocrx_word' id='word_1_13' title='bbox 503 513 620 566; x_wconf 90' lang='lat' dir='ltr'><strong>illos</strong></span> <span class='ocrx_word' id='word_1_14' title='bbox 637 527 734 581; x_wconf 87' lang='lat' dir='ltr'><strong>pro</strong></span> <span class='ocrx_word' id='word_1_15' title='bbox 751 512 864 565; x_wconf 86' lang='lat' dir='ltr'><strong>istis</strong></span> <span class='ocrx_word' id='word_1_16' title='bbox 881 511 1113 578; x_wconf 88' lang='lat' dir='ltr'><strong>scripsit.</strong></span> <span class='ocrx_word' id='word_1_17' title='bbox 1130 510 1369 564; x_wconf 86' lang='lat' dir='ltr'><strong>Salutant</strong></span> <span class='ocrx_word' id='word_1_18' title='bbox 1391 527 1475 563; x_wconf 85' lang='lat' dir='ltr'><strong>uos</strong></span> <span class='ocrx_word' id='word_1_19' title='bbox 1491 510 1554 563; x_wconf 86' lang='lat' dir='ltr'><strong>de</strong></span> <span class='ocrx_word' id='word_1_20' title='bbox 1572 509 1728 563; x_wconf 80' lang='lat' dir='ltr'><strong>Italia</strong></span> <span class='ocrx_word' id='word_1_21' title='bbox 1749 515 1852 580; x_wconf 80' lang='lat' dir='ltr'><strong>fra-</strong></span> 
     </span>
    </p>
   </div>
   <div class='ocr_carea' id='block_1_4' title="bbox 271 601 1847 670">
    <p class='ocr_par' dir='ltr' id='par_1_4' title="bbox 271 601 1847 670">
     <span class='ocr_line' id='line_1_4' title="bbox 271 601 1847 670; baseline 0 -12"><span class='ocrx_word' id='word_1_22' title='bbox 271 616 390 659; x_wconf 80' lang='lat' dir='ltr'><strong>tres.</strong></span> <span class='ocrx_word' id='word_1_23' title='bbox 424 603 602 659; x_wconf 76' lang='lat' dir='ltr'><strong>Gratia</strong></span> <span class='ocrx_word' id='word_1_24' title='bbox 630 619 743 656; x_wconf 85' lang='lat' dir='ltr'><strong>cum</strong></span> <span class='ocrx_word' id='word_1_25' title='bbox 763 601 992 655; x_wconf 82' lang='lat' dir='ltr'><strong>omnibus</strong></span> <span class='ocrx_word' id='word_1_26' title='bbox 1019 601 1175 656; x_wconf 80' lang='lat' dir='ltr'><strong>vobis.</strong></span> <span class='ocrx_word' id='word_1_27' title='bbox 1193 601 1376 656; x_wconf 84' lang='lat' dir='ltr'><strong>Amen.</strong></span> <span class='ocrx_word' id='word_1_28' title='bbox 1399 603 1548 670; x_wconf 78' lang='lat' dir='ltr'><strong>Quod</strong></span> <span class='ocrx_word' id='word_1_29' title='bbox 1568 613 1847 658; x_wconf 54' lang='lat' dir='ltr'><strong>eratcom-</strong></span> 
     </span>
    </p>
   </div>
   <div class='ocr_carea' id='block_1_5' title="bbox 268 693 1846 761">
    <p class='ocr_par' dir='ltr' id='par_1_5' title="bbox 268 693 1846 761">
     <span class='ocr_line' id='line_1_5' title="bbox 268 693 1846 761; baseline -0.001 -11"><span class='ocrx_word' id='word_1_30' title='bbox 268 712 429 750; x_wconf 89' lang='lat' dir='ltr'><strong>mnne</strong></span> <span class='ocrx_word' id='word_1_31' title='bbox 457 694 716 758; x_wconf 89' lang='lat' dir='ltr'><strong>onmium,</strong></span> <span class='ocrx_word' id='word_1_32' title='bbox 749 693 847 746; x_wconf 90' lang='lat' dir='ltr'><strong>hoc</strong></span> <span class='ocrx_word' id='word_1_33' title='bbox 877 693 1121 746; x_wconf 87' lang='lat' dir='ltr'><strong>ultimum</strong></span> <span class='ocrx_word' id='word_1_34' title='bbox 1146 693 1342 761; x_wconf 88' lang='lat' dir='ltr'><strong>posuit.</strong></span> <span class='ocrx_word' id='word_1_35' title='bbox 1369 694 1646 759; x_wconf 77' lang='lat' dir='ltr'><strong>Quomodo</strong></span> <span class='ocrx_word' id='word_1_36' title='bbox 1669 704 1846 749; x_wconf 85' lang='lat' dir='ltr'><strong>autem</strong></span> 
     </span>
    </p>
   </div>
   <div class='ocr_carea' id='block_1_6' title="bbox 269 783 1847 854">
    <p class='ocr_par' dir='ltr' id='par_1_6' title="bbox 269 783 1847 854">
     <span class='ocr_line' id='line_1_6' title="bbox 269 783 1847 854; baseline 0 -14"><span class='ocrx_word' id='word_1_37' title='bbox 269 796 352 840; x_wconf 89' lang='lat' dir='ltr'><strong>est</strong></span> <span class='ocrx_word' id='word_1_38' title='bbox 380 787 544 854; x_wconf 84' lang='lat' dir='ltr'><strong>gratia</strong></span> <span class='ocrx_word' id='word_1_39' title='bbox 576 783 893 838; x_wconf 88' lang='lat' dir='ltr'><strong>nobiscum?</strong></span> <span class='ocrx_word' id='word_1_40' title='bbox 940 783 996 837; x_wconf 89' lang='lat' dir='ltr'><strong>Si</strong></span> <span class='ocrx_word' id='word_1_41' title='bbox 1039 798 1146 837; x_wconf 89' lang='lat' dir='ltr'><strong>non</strong></span> <span class='ocrx_word' id='word_1_42' title='bbox 1181 783 1380 852; x_wconf 89' lang='lat' dir='ltr'><strong>probro</strong></span> <span class='ocrx_word' id='word_1_43' title='bbox 1425 792 1479 837; x_wconf 90' lang='lat' dir='ltr'><strong>et</strong></span> <span class='ocrx_word' id='word_1_44' title='bbox 1521 786 1847 840; x_wconf 77' lang='lat' dir='ltr'><strong>contumelia</strong></span> 
     </span>
    </p>
   </div>
   <div class='ocr_carea' id='block_1_7' title="bbox 267 873 1850 931">
    <p class='ocr_par' dir='ltr' id='par_1_7' title="bbox 267 873 1850 931">
     <span class='ocr_line' id='line_1_7' title="bbox 267 873 1850 931; baseline 0 0"><span class='ocrx_word' id='word_1_45' title='bbox 267 879 564 931; x_wconf 82' lang='lat' dir='ltr'><strong>afficiamus</strong></span> <span class='ocrx_word' id='word_1_46' title='bbox 593 875 945 930; x_wconf 85' lang='lat' dir='ltr'><strong>beneficium:</strong></span> <span class='ocrx_word' id='word_1_47' title='bbox 980 875 1024 929; x_wconf 90' lang='lat' dir='ltr'><strong>si</strong></span> <span class='ocrx_word' id='word_1_48' title='bbox 1055 890 1158 928; x_wconf 90' lang='lat' dir='ltr'><strong>non</strong></span> <span class='ocrx_word' id='word_1_49' title='bbox 1189 873 1356 928; x_wconf 87' lang='lat' dir='ltr'><strong>simus</strong></span> <span class='ocrx_word' id='word_1_50' title='bbox 1385 875 1640 930; x_wconf 82' lang='lat' dir='ltr'><strong>socordes</strong></span> <span class='ocrx_word' id='word_1_51' title='bbox 1657 876 1850 931; x_wconf 72' lang='lat' dir='ltr'><strong>adver-</strong></span> 
     </span>
    </p>
   </div>
   <div class='ocr_carea' id='block_1_8' title="bbox 265 965 1844 1035">
    <p class='ocr_par' dir='ltr' id='par_1_8' title="bbox 265 965 1844 1035">
     <span class='ocr_line' id='line_1_8' title="bbox 265 965 1844 1035; baseline -0.001 -13"><span class='ocrx_word' id='word_1_52' title='bbox 265 984 356 1023; x_wconf 88' lang='lat' dir='ltr'><strong>sus</strong></span> <span class='ocrx_word' id='word_1_53' title='bbox 386 968 607 1022; x_wconf 85' lang='lat' dir='ltr'><strong>donum.</strong></span> <span class='ocrx_word' id='word_1_54' title='bbox 640 967 776 1035; x_wconf 85' lang='lat' dir='ltr'><strong>Quid</strong></span> <span class='ocrx_word' id='word_1_55' title='bbox 808 978 890 1019; x_wconf 85' lang='lat' dir='ltr'><strong>est</strong></span> <span class='ocrx_word' id='word_1_56' title='bbox 936 966 1141 1035; x_wconf 82' lang='lat' dir='ltr'><strong>gratia?</strong></span> <span class='ocrx_word' id='word_1_57' title='bbox 1172 965 1443 1019; x_wconf 80' lang='lat' dir='ltr'><strong>Remissio</strong></span> <span class='ocrx_word' id='word_1_58' title='bbox 1481 975 1844 1035; x_wconf 75' lang='lat' dir='ltr'><strong>peccatorum,</strong></span> 
     </span>
    </p>
   </div>
   <div class='ocr_carea' id='block_1_9' title="bbox 267 1057 1843 1131">
    <p class='ocr_par' dir='ltr' id='par_1_9' title="bbox 267 1057 1843 1131">
     <span class='ocr_line' id='line_1_9' title="bbox 267 1057 1843 1131; baseline 0.001 -19"><span class='ocrx_word' id='word_1_59' title='bbox 267 1060 546 1131; x_wconf 76' lang='lat' dir='ltr'><strong>purgatio:</strong></span> <span class='ocrx_word' id='word_1_60' title='bbox 584 1059 696 1114; x_wconf 88' lang='lat' dir='ltr'><strong>ha-c</strong></span> <span class='ocrx_word' id='word_1_61' title='bbox 723 1058 867 1113; x_wconf 91' lang='lat' dir='ltr'><strong>enim</strong></span> <span class='ocrx_word' id='word_1_62' title='bbox 913 1057 1190 1111; x_wconf 90' lang='lat' dir='ltr'><strong>uobiscum</strong></span> <span class='ocrx_word' id='word_1_63' title='bbox 1221 1066 1323 1111; x_wconf 90' lang='lat' dir='ltr'><strong>est.</strong></span> <span class='ocrx_word' id='word_1_64' title='bbox 1366 1057 1495 1124; x_wconf 84' lang='lat' dir='ltr'><strong>Quis</strong></span> <span class='ocrx_word' id='word_1_65' title='bbox 1537 1059 1702 1122; x_wconf 90' lang='lat' dir='ltr'><strong>enim,</strong></span> <span class='ocrx_word' id='word_1_66' title='bbox 1753 1062 1843 1129; x_wconf 88' lang='lat' dir='ltr'><strong>qui</strong></span> 
     </span>
    </p>
   </div>
   <div class='ocr_carea' id='block_1_10' title="bbox 266 1150 1843 1222">
    <p class='ocr_par' dir='ltr' id='par_1_10' title="bbox 266 1150 1843 1222">
     <span class='ocr_line' id='line_1_10' title="bbox 266 1150 1843 1222; baseline 0.001 -17"><span class='ocrx_word' id='word_1_67' title='bbox 266 1154 460 1222; x_wconf 90' lang='lat' dir='ltr'><strong>probro</strong></span> <span class='ocrx_word' id='word_1_68' title='bbox 487 1151 665 1206; x_wconf 80' lang='lat' dir='ltr'><strong>all&#39;ecit</strong></span> <span class='ocrx_word' id='word_1_69' title='bbox 693 1160 744 1204; x_wconf 90' lang='lat' dir='ltr'><strong>et</strong></span> <span class='ocrx_word' id='word_1_70' title='bbox 773 1151 1120 1213; x_wconf 75' lang='lat' dir='ltr'><strong>Contumelia,</strong></span> <span class='ocrx_word' id='word_1_71' title='bbox 1181 1158 1354 1218; x_wconf 85' lang='lat' dir='ltr'><strong>potest</strong></span> <span class='ocrx_word' id='word_1_72' title='bbox 1406 1150 1675 1205; x_wconf 90' lang='lat' dir='ltr'><strong>custodire</strong></span> <span class='ocrx_word' id='word_1_73' title='bbox 1721 1167 1843 1220; x_wconf 87' lang='lat' dir='ltr'><strong>gra-</strong></span> 
     </span>
    </p>
   </div>
   <div class='ocr_carea' id='block_1_11' title="bbox 265 1240 1846 1311">
    <p class='ocr_par' dir='ltr' id='par_1_11' title="bbox 265 1240 1846 1311">
     <span class='ocr_line' id='line_1_11' title="bbox 265 1240 1846 1311; baseline 0.001 -14"><span class='ocrx_word' id='word_1_74' title='bbox 265 1245 415 1311; x_wconf 83' lang='lat' dir='ltr'><strong>tiam,</strong></span> <span class='ocrx_word' id='word_1_75' title='bbox 463 1253 516 1297; x_wconf 91' lang='lat' dir='ltr'><strong>ct</strong></span> <span class='ocrx_word' id='word_1_76' title='bbox 563 1257 681 1295; x_wconf 90' lang='lat' dir='ltr'><strong>eam</strong></span> <span class='ocrx_word' id='word_1_77' title='bbox 731 1257 838 1295; x_wconf 89' lang='lat' dir='ltr'><strong>non</strong></span> <span class='ocrx_word' id='word_1_78' title='bbox 887 1240 1095 1310; x_wconf 82' lang='lat' dir='ltr'><strong>perdit?</strong></span> <span class='ocrx_word' id='word_1_79' title='bbox 1148 1240 1341 1310; x_wconf 88' lang='lat' dir='ltr'><strong>Utputa</strong></span> <span class='ocrx_word' id='word_1_80' title='bbox 1387 1242 1707 1298; x_wconf 89' lang='lat' dir='ltr'><strong>condonavit</strong></span> <span class='ocrx_word' id='word_1_81' title='bbox 1752 1245 1846 1300; x_wconf 89' lang='lat' dir='ltr'><strong>tibi</strong></span> 
     </span>
    </p>
   </div>
   <div class='ocr_carea' id='block_1_12' title="bbox 265 1333 1849 1406">
    <p class='ocr_par' dir='ltr' id='par_1_12' title="bbox 265 1333 1849 1406">
     <span class='ocr_line' id='line_1_12' title="bbox 265 1333 1849 1406; baseline -0.001 -15"><span class='ocrx_word' id='word_1_82' title='bbox 265 1346 516 1406; x_wconf 84' lang='lat' dir='ltr'><strong>peccata:</strong></span> <span class='ocrx_word' id='word_1_83' title='bbox 547 1333 812 1405; x_wconf 88' lang='lat' dir='ltr'><strong>quomodo</strong></span> <span class='ocrx_word' id='word_1_84' title='bbox 837 1333 934 1387; x_wconf 89' lang='lat' dir='ltr'><strong>erit</strong></span> <span class='ocrx_word' id='word_1_85' title='bbox 967 1341 1138 1386; x_wconf 90' lang='lat' dir='ltr'><strong>tecum</strong></span> <span class='ocrx_word' id='word_1_86' title='bbox 1165 1333 1354 1401; x_wconf 87' lang='lat' dir='ltr'><strong>gratia,</strong></span> <span class='ocrx_word' id='word_1_87' title='bbox 1387 1345 1476 1388; x_wconf 88' lang='lat' dir='ltr'><strong>aut</strong></span> <span class='ocrx_word' id='word_1_88' title='bbox 1505 1335 1640 1388; x_wconf 86' lang='lat' dir='ltr'><strong>bona</strong></span> <span class='ocrx_word' id='word_1_89' title='bbox 1664 1335 1849 1390; x_wconf 81' lang='lat' dir='ltr'><strong>existi-</strong></span> 
     </span>
    </p>
   </div>
   <div class='ocr_carea' id='block_1_13' title="bbox 267 1426 1847 1496">
    <p class='ocr_par' dir='ltr' id='par_1_13' title="bbox 267 1426 1847 1496">
     <span class='ocr_line' id='line_1_13' title="bbox 267 1426 1847 1496; baseline 0.001 -13"><span class='ocrx_word' id='word_1_90' title='bbox 267 1430 450 1492; x_wconf 90' lang='lat' dir='ltr'><strong>matio,</strong></span> <span class='ocrx_word' id='word_1_91' title='bbox 483 1427 825 1496; x_wconf 80' lang='lat' dir='ltr'><strong>autSpiritus</strong></span> <span class='ocrx_word' id='word_1_92' title='bbox 850 1427 1114 1495; x_wconf 80' lang='lat' dir='ltr'><strong>operatio,</strong></span> <span class='ocrx_word' id='word_1_93' title='bbox 1148 1426 1248 1480; x_wconf 69' lang='grc' dir='ltr'><strong>1ιίθὶ</strong></span> <span class='ocrx_word' id='word_1_94' title='bbox 1281 1441 1376 1494; x_wconf 88' lang='lat' dir='ltr'><strong>per</strong></span> <span class='ocrx_word' id='word_1_95' title='bbox 1411 1427 1576 1481; x_wconf 89' lang='lat' dir='ltr'><strong>bonas</strong></span> <span class='ocrx_word' id='word_1_96' title='bbox 1605 1429 1847 1484; x_wconf 82' lang='lat' dir='ltr'><strong>actiones</strong></span> 
     </span>
    </p>
   </div>
   <div class='ocr_carea' id='block_1_14' title="bbox 265 1518 1845 1577">
    <p class='ocr_par' dir='ltr' id='par_1_14' title="bbox 265 1518 1845 1577">
     <span class='ocr_line' id='line_1_14' title="bbox 265 1518 1845 1577; baseline -0.001 0"><span class='ocrx_word' id='word_1_97' title='bbox 265 1519 724 1577; x_wconf 78' lang='lat' dir='ltr'><strong>enmattraxcris?</strong></span> <span class='ocrx_word' id='word_1_98' title='bbox 768 1519 878 1572; x_wconf 90' lang='lat' dir='ltr'><strong>lloc</strong></span> <span class='ocrx_word' id='word_1_99' title='bbox 904 1518 1046 1572; x_wconf 91' lang='lat' dir='ltr'><strong>enim</strong></span> <span class='ocrx_word' id='word_1_100' title='bbox 1087 1529 1168 1572; x_wconf 73' lang='lat' dir='ltr'><strong>est</strong></span> <span class='ocrx_word' id='word_1_101' title='bbox 1211 1533 1369 1572; x_wconf 85' lang='lat' dir='ltr'><strong>causa</strong></span> <span class='ocrx_word' id='word_1_102' title='bbox 1411 1520 1645 1572; x_wconf 89' lang='lat' dir='ltr'><strong>omnium</strong></span> <span class='ocrx_word' id='word_1_103' title='bbox 1673 1520 1845 1576; x_wconf 88' lang='lat' dir='ltr'><strong>bono-</strong></span> 
     </span>
    </p>
   </div>
   <div class='ocr_carea' id='block_1_15' title="bbox 266 1609 1843 1681">
    <p class='ocr_par' dir='ltr' id='par_1_15' title="bbox 266 1609 1843 1681">
     <span class='ocr_line' id='line_1_15' title="bbox 266 1609 1843 1681; baseline 0.001 -14"><span class='ocrx_word' id='word_1_104' title='bbox 266 1628 408 1677; x_wconf 86' lang='lat' dir='ltr'><strong>rum,</strong></span> <span class='ocrx_word' id='word_1_105' title='bbox 441 1611 582 1680; x_wconf 89' lang='lat' dir='ltr'><strong>quod</strong></span> <span class='ocrx_word' id='word_1_106' title='bbox 618 1612 670 1663; x_wconf 94' lang='lat' dir='ltr'><strong>in</strong></span> <span class='ocrx_word' id='word_1_107' title='bbox 703 1609 854 1663; x_wconf 91' lang='lat' dir='ltr'><strong>nobis</strong></span> <span class='ocrx_word' id='word_1_108' title='bbox 896 1624 1111 1678; x_wconf 84' lang='lat' dir='ltr'><strong>semper</strong></span> <span class='ocrx_word' id='word_1_109' title='bbox 1139 1618 1351 1663; x_wconf 90' lang='lat' dir='ltr'><strong>maneat</strong></span> <span class='ocrx_word' id='word_1_110' title='bbox 1376 1610 1547 1679; x_wconf 88' lang='lat' dir='ltr'><strong>gratia</strong></span> <span class='ocrx_word' id='word_1_111' title='bbox 1573 1612 1843 1681; x_wconf 86' lang='lat' dir='ltr'><strong>Spiritus:</strong></span> 
     </span>
    </p>
   </div>
   <div class='ocr_carea' id='block_1_16' title="bbox 266 1702 1845 1773">
    <p class='ocr_par' dir='ltr' id='par_1_16' title="bbox 266 1702 1845 1773">
     <span class='ocr_line' id='line_1_16' title="bbox 266 1702 1845 1773; baseline 0.001 -13"><span class='ocrx_word' id='word_1_112' title='bbox 266 1721 327 1761; x_wconf 86' lang='lat' dir='ltr'><strong>ca</strong></span> <span class='ocrx_word' id='word_1_113' title='bbox 360 1705 504 1760; x_wconf 88' lang='lat' dir='ltr'><strong>enim</strong></span> <span class='ocrx_word' id='word_1_114' title='bbox 533 1713 616 1758; x_wconf 89' lang='lat' dir='ltr'><strong>est</strong></span> <span class='ocrx_word' id='word_1_115' title='bbox 643 1703 797 1757; x_wconf 88' lang='lat' dir='ltr'><strong>nobis</strong></span> <span class='ocrx_word' id='word_1_116' title='bbox 825 1702 930 1756; x_wconf 79' lang='lat' dir='ltr'><strong>dux</strong></span> <span class='ocrx_word' id='word_1_117' title='bbox 983 1703 1050 1756; x_wconf 88' lang='lat' dir='ltr'><strong>ad</strong></span> <span class='ocrx_word' id='word_1_118' title='bbox 1097 1703 1276 1755; x_wconf 84' lang='lat' dir='ltr'><strong>omnia</strong></span> <span class='ocrx_word' id='word_1_119' title='bbox 1298 1744 1313 1768; x_wconf 89' lang='lat'><strong>,</strong></span> <span class='ocrx_word' id='word_1_120' title='bbox 1344 1703 1480 1756; x_wconf 84' lang='lat' dir='ltr'><strong>sicut</strong></span> <span class='ocrx_word' id='word_1_121' title='bbox 1521 1704 1736 1773; x_wconf 84' lang='lat' dir='ltr'><strong>quando</strong></span> <span class='ocrx_word' id='word_1_122' title='bbox 1780 1721 1845 1762; x_wconf 86' lang='lat' dir='ltr'><strong>ea</strong></span> 
     </span>
    </p>
   </div>
   <div class='ocr_carea' id='block_1_17' title="bbox 265 1793 1846 1865">
    <p class='ocr_par' dir='ltr' id='par_1_17' title="bbox 265 1793 1846 1865">
     <span class='ocr_line' id='line_1_17' title="bbox 265 1793 1846 1865; baseline -0.003 -12"><span class='ocrx_word' id='word_1_123' title='bbox 265 1815 298 1853; x_wconf 83' lang='lat' dir='ltr'><strong>a</strong></span> <span class='ocrx_word' id='word_1_124' title='bbox 348 1799 499 1851; x_wconf 80' lang='lat' dir='ltr'><strong>nobis</strong></span> <span class='ocrx_word' id='word_1_125' title='bbox 545 1797 854 1861; x_wconf 84' lang='lat' dir='ltr'><strong>avolaverit,</strong></span> <span class='ocrx_word' id='word_1_126' title='bbox 888 1811 986 1850; x_wconf 92' lang='lat' dir='ltr'><strong>nos</strong></span> <span class='ocrx_word' id='word_1_127' title='bbox 1037 1797 1210 1865; x_wconf 83' lang='lat' dir='ltr'><strong>perdit</strong></span> <span class='ocrx_word' id='word_1_128' title='bbox 1254 1805 1308 1852; x_wconf 91' lang='lat' dir='ltr'><strong>et</strong></span> <span class='ocrx_word' id='word_1_129' title='bbox 1360 1797 1600 1852; x_wconf 84' lang='lat' dir='ltr'><strong>desertos</strong></span> <span class='ocrx_word' id='word_1_130' title='bbox 1653 1793 1846 1849; x_wconf 78' lang='lat' dir='ltr'><strong>reddit.</strong></span> 
     </span>
    </p>
   </div>
   <div class='ocr_carea' id='block_1_18' title="bbox 338 1888 1847 1958">
    <p class='ocr_par' dir='ltr' id='par_1_18' title="bbox 338 1888 1847 1958">
     <span class='ocr_line' id='line_1_18' title="bbox 338 1888 1847 1958; baseline -0.004 -12"><span class='ocrx_word' id='word_1_131' title='bbox 338 1893 392 1946; x_wconf 83' lang='grc'><strong>5.</strong></span> <span class='ocrx_word' id='word_1_132' title='bbox 438 1891 514 1946; x_wconf 86' lang='lat' dir='ltr'><strong>Ne</strong></span> <span class='ocrx_word' id='word_1_133' title='bbox 556 1906 674 1945; x_wconf 87' lang='lat' dir='ltr'><strong>eam</strong></span> <span class='ocrx_word' id='word_1_134' title='bbox 707 1905 834 1958; x_wconf 87' lang='lat' dir='ltr'><strong>ergo</strong></span> <span class='ocrx_word' id='word_1_135' title='bbox 877 1889 1238 1958; x_wconf 90' lang='lat' dir='ltr'><strong>repellamus;</strong></span> <span class='ocrx_word' id='word_1_136' title='bbox 1267 1898 1352 1944; x_wconf 90' lang='lat' dir='ltr'><strong>est</strong></span> <span class='ocrx_word' id='word_1_137' title='bbox 1390 1890 1532 1944; x_wconf 89' lang='lat' dir='ltr'><strong>enim</strong></span> <span class='ocrx_word' id='word_1_138' title='bbox 1571 1888 1623 1942; x_wconf 90' lang='lat' dir='ltr'><strong>in</strong></span> <span class='ocrx_word' id='word_1_139' title='bbox 1664 1894 1847 1942; x_wconf 78' lang='lat' dir='ltr'><strong>nostra</strong></span> 
     </span>
    </p>
   </div>
   <div class='ocr_carea' id='block_1_19' title="bbox 269 1975 1846 2050">
    <p class='ocr_par' dir='ltr' id='par_1_19' title="bbox 269 1975 1846 2050">
     <span class='ocr_line' id='line_1_19' title="bbox 269 1975 1846 2050; baseline -0.002 -19"><span class='ocrx_word' id='word_1_140' title='bbox 269 1990 536 2050; x_wconf 83' lang='lat' dir='ltr'><strong>potestate</strong></span> <span class='ocrx_word' id='word_1_141' title='bbox 565 1990 621 2035; x_wconf 93' lang='lat' dir='ltr'><strong>ut</strong></span> <span class='ocrx_word' id='word_1_142' title='bbox 651 1997 712 2035; x_wconf 92' lang='lat' dir='ltr'><strong>ea</strong></span> <span class='ocrx_word' id='word_1_143' title='bbox 735 1990 790 2035; x_wconf 89' lang='lat' dir='ltr'><strong>et</strong></span> <span class='ocrx_word' id='word_1_144' title='bbox 821 1989 1054 2046; x_wconf 86' lang='lat' dir='ltr'><strong>maneat,</strong></span> <span class='ocrx_word' id='word_1_145' title='bbox 1085 1989 1139 2035; x_wconf 92' lang='lat' dir='ltr'><strong>et</strong></span> <span class='ocrx_word' id='word_1_146' title='bbox 1167 1979 1404 2034; x_wconf 83' lang='lat' dir='ltr'><strong>recedat.</strong></span> <span class='ocrx_word' id='word_1_147' title='bbox 1431 1977 1562 2032; x_wconf 88' lang='lat' dir='ltr'><strong>Illud</strong></span> <span class='ocrx_word' id='word_1_148' title='bbox 1589 1977 1732 2032; x_wconf 91' lang='lat' dir='ltr'><strong>enim</strong></span> <span class='ocrx_word' id='word_1_149' title='bbox 1763 1975 1846 2042; x_wconf 82' lang='lat' dir='ltr'><strong>fit,</strong></span> 
     </span>
    </p>
   </div>
   <div class='ocr_carea' id='block_1_20' title="bbox 268 2068 1849 2141">
    <p class='ocr_par' dir='ltr' id='par_1_20' title="bbox 268 2068 1849 2141">
     <span class='ocr_line' id='line_1_20' title="bbox 268 2068 1849 2141; baseline -0.001 -18"><span class='ocrx_word' id='word_1_150' title='bbox 268 2073 480 2140; x_wconf 84' lang='lat' dir='ltr'><strong>quando</strong></span> <span class='ocrx_word' id='word_1_151' title='bbox 507 2074 804 2141; x_wconf 88' lang='lat' dir='ltr'><strong>cogitamus</strong></span> <span class='ocrx_word' id='word_1_152' title='bbox 827 2071 1061 2126; x_wconf 70' lang='lat' dir='ltr'><strong>cmlcsda</strong></span> <span class='ocrx_word' id='word_1_153' title='bbox 1079 2089 1094 2136; x_wconf 85' lang='lat'><strong>;</strong></span> <span class='ocrx_word' id='word_1_154' title='bbox 1115 2074 1216 2126; x_wconf 93' lang='lat' dir='ltr'><strong>hoc</strong></span> <span class='ocrx_word' id='word_1_155' title='bbox 1240 2087 1388 2133; x_wconf 90' lang='lat' dir='ltr'><strong>vero,</strong></span> <span class='ocrx_word' id='word_1_156' title='bbox 1413 2068 1624 2139; x_wconf 86' lang='lat' dir='ltr'><strong>quando</strong></span> <span class='ocrx_word' id='word_1_157' title='bbox 1649 2083 1710 2122; x_wconf 90' lang='lat' dir='ltr'><strong>ea</strong></span> <span class='ocrx_word' id='word_1_158' title='bbox 1729 2081 1849 2137; x_wconf 76' lang='lat' dir='ltr'><strong>qua:</strong></span> 
     </span>
    </p>
   </div>
   <div class='ocr_carea' id='block_1_21' title="bbox 268 2160 1849 2232">
    <p class='ocr_par' dir='ltr' id='par_1_21' title="bbox 268 2160 1849 2232">
     <span class='ocr_line' id='line_1_21' title="bbox 268 2160 1849 2232; baseline -0.003 -17"><span class='ocrx_word' id='word_1_159' title='bbox 268 2162 336 2216; x_wconf 88' lang='lat' dir='ltr'><strong>ad</strong></span> <span class='ocrx_word' id='word_1_160' title='bbox 371 2162 506 2217; x_wconf 86' lang='lat' dir='ltr'><strong>hanc</strong></span> <span class='ocrx_word' id='word_1_161' title='bbox 536 2163 696 2216; x_wconf 86' lang='lat' dir='ltr'><strong>vitam</strong></span> <span class='ocrx_word' id='word_1_162' title='bbox 727 2163 1011 2232; x_wconf 87' lang='lat' dir='ltr'><strong>pertinent.</strong></span> <span class='ocrx_word' id='word_1_163' title='bbox 1046 2162 1207 2228; x_wconf 85' lang='lat' dir='ltr'><strong>Quem</strong></span> <span class='ocrx_word' id='word_1_164' title='bbox 1237 2161 1455 2214; x_wconf 85' lang='lat' dir='ltr'><strong>mundus</strong></span> <span class='ocrx_word' id='word_1_165' title='bbox 1478 2201 1492 2220; x_wconf 91' lang='lat'><strong>,</strong></span> <span class='ocrx_word' id='word_1_166' title='bbox 1526 2160 1716 2229; x_wconf 89' lang='lat' dir='ltr'><strong>inquit,</strong></span> <span class='ocrx_word' id='word_1_167' title='bbox 1746 2175 1849 2212; x_wconf 84' lang='lat' dir='ltr'><strong>non</strong></span> 
     </span>
    </p>
   </div>
   <div class='ocr_carea' id='block_1_22' title="bbox 271 2248 1849 2322">
    <p class='ocr_par' dir='ltr' id='par_1_22' title="bbox 271 2248 1849 2322">
     <span class='ocr_line' id='line_1_22' title="bbox 271 2248 1849 2322; baseline -0.003 -16"><span class='ocrx_word' id='word_1_168' title='bbox 271 2263 430 2322; x_wconf 82' lang='lat' dir='ltr'><strong>potest</strong></span> <span class='ocrx_word' id='word_1_169' title='bbox 457 2257 702 2322; x_wconf 85' lang='lat' dir='ltr'><strong>accipere,</strong></span> <span class='ocrx_word' id='word_1_170' title='bbox 722 2254 840 2322; x_wconf 88' lang='lat' dir='ltr'><strong>quia</strong></span> <span class='ocrx_word' id='word_1_171' title='bbox 861 2270 961 2306; x_wconf 85' lang='lat' dir='ltr'><strong>non</strong></span> <span class='ocrx_word' id='word_1_172' title='bbox 986 2254 1114 2306; x_wconf 82' lang='lat' dir='ltr'><strong>ridet</strong></span> <span class='ocrx_word' id='word_1_173' title='bbox 1145 2268 1278 2317; x_wconf 85' lang='lat' dir='ltr'><strong>eum,</strong></span> <span class='ocrx_word' id='word_1_174' title='bbox 1300 2268 1389 2306; x_wconf 85' lang='lat' dir='ltr'><strong>nec</strong></span> <span class='ocrx_word' id='word_1_175' title='bbox 1411 2251 1504 2306; x_wconf 90' lang='lat' dir='ltr'><strong>scit</strong></span> <span class='ocrx_word' id='word_1_176' title='bbox 1530 2267 1643 2304; x_wconf 87' lang='lat' dir='ltr'><strong>eum</strong></span> <span class='ocrx_word' id='word_1_177' title='bbox 1666 2248 1849 2321; x_wconf 83' lang='lat' dir='ltr'><strong>(Joan.</strong></span> 
     </span>
    </p>
   </div>
   <div class='ocr_carea' id='block_1_23' title="bbox 273 2339 1850 2417">
    <p class='ocr_par' dir='ltr' id='par_1_23' title="bbox 273 2339 1850 2417">
     <span class='ocr_line' id='line_1_23' title="bbox 273 2339 1850 2417; baseline -0.004 -18"><span class='ocrx_word' id='word_1_178' title='bbox 273 2346 483 2417; x_wconf 64' lang='lat'><strong>“.17).</strong></span> <span class='ocrx_word' id='word_1_179' title='bbox 506 2344 761 2400; x_wconf 80' lang='lat' dir='ltr'><strong>Mundam</strong></span> <span class='ocrx_word' id='word_1_180' title='bbox 779 2353 930 2396; x_wconf 79' lang='lat' dir='ltr'><strong>vocat</strong></span> <span class='ocrx_word' id='word_1_181' title='bbox 948 2343 1106 2398; x_wconf 83' lang='lat' dir='ltr'><strong>vitam</strong></span> <span class='ocrx_word' id='word_1_182' title='bbox 1131 2343 1426 2411; x_wconf 88' lang='lat' dir='ltr'><strong>improbam</strong></span> <span class='ocrx_word' id='word_1_183' title='bbox 1445 2352 1498 2396; x_wconf 90' lang='lat' dir='ltr'><strong>et</strong></span> <span class='ocrx_word' id='word_1_184' title='bbox 1519 2339 1850 2410; x_wconf 81' lang='lat' dir='ltr'><strong>turpem.Vi-</strong></span> 
     </span>
    </p>
   </div>
   <div class='ocr_carea' id='block_1_24' title="bbox 270 2430 1854 2499">
    <p class='ocr_par' dir='ltr' id='par_1_24' title="bbox 270 2430 1854 2499">
     <span class='ocr_line' id='line_1_24' title="bbox 270 2430 1854 2499; baseline -0.005 -8"><span class='ocrx_word' id='word_1_185' title='bbox 270 2436 368 2491; x_wconf 88' lang='lat' dir='ltr'><strong>des</strong></span> <span class='ocrx_word' id='word_1_186' title='bbox 386 2450 490 2488; x_wconf 92' lang='lat' dir='ltr'><strong>non</strong></span> <span class='ocrx_word' id='word_1_187' title='bbox 509 2451 628 2489; x_wconf 87' lang='lat' dir='ltr'><strong>esse</strong></span> <span class='ocrx_word' id='word_1_188' title='bbox 647 2433 928 2487; x_wconf 80' lang='lat' dir='ltr'><strong>mumlana:</strong></span> <span class='ocrx_word' id='word_1_189' title='bbox 946 2435 1138 2487; x_wconf 79' lang='lat' dir='ltr'><strong>animze</strong></span> <span class='ocrx_word' id='word_1_190' title='bbox 1157 2444 1212 2486; x_wconf 92' lang='lat' dir='ltr'><strong>ut</strong></span> <span class='ocrx_word' id='word_1_191' title='bbox 1234 2432 1286 2486; x_wconf 88' lang='lat' dir='ltr'><strong>id</strong></span> <span class='ocrx_word' id='word_1_192' title='bbox 1313 2432 1527 2487; x_wconf 83' lang='lat' dir='ltr'><strong>habeat?</strong></span> <span class='ocrx_word' id='word_1_193' title='bbox 1545 2430 1711 2485; x_wconf 83' lang='lat' dir='ltr'><strong>Multo</strong></span> <span class='ocrx_word' id='word_1_194' title='bbox 1723 2443 1854 2499; x_wconf 80' lang='lat' dir='ltr'><strong>ergo</strong></span> 
     </span>
    </p>
   </div>
   <div class='ocr_carea' id='block_1_25' title="bbox 276 2523 1853 2594">
    <p class='ocr_par' dir='ltr' id='par_1_25' title="bbox 276 2523 1853 2594">
     <span class='ocr_line' id='line_1_25' title="bbox 276 2523 1853 2594; baseline -0.001 -16"><span class='ocrx_word' id='word_1_195' title='bbox 276 2525 432 2580; x_wconf 89' lang='lat' dir='ltr'><strong>nobis</strong></span> <span class='ocrx_word' id='word_1_196' title='bbox 448 2525 622 2579; x_wconf 87' lang='lat' dir='ltr'><strong>studio</strong></span> <span class='ocrx_word' id='word_1_197' title='bbox 642 2539 777 2594; x_wconf 90' lang='lat' dir='ltr'><strong>opus</strong></span> <span class='ocrx_word' id='word_1_198' title='bbox 797 2534 899 2589; x_wconf 88' lang='lat' dir='ltr'><strong>est,</strong></span> <span class='ocrx_word' id='word_1_199' title='bbox 920 2533 976 2578; x_wconf 90' lang='lat' dir='ltr'><strong>ut</strong></span> <span class='ocrx_word' id='word_1_200' title='bbox 997 2524 1046 2577; x_wconf 91' lang='lat' dir='ltr'><strong>id</strong></span> <span class='ocrx_word' id='word_1_201' title='bbox 1074 2539 1104 2578; x_wconf 90' lang='lat' dir='ltr'><strong>a</strong></span> <span class='ocrx_word' id='word_1_202' title='bbox 1128 2523 1280 2576; x_wconf 90' lang='lat' dir='ltr'><strong>nobis</strong></span> <span class='ocrx_word' id='word_1_203' title='bbox 1308 2523 1622 2588; x_wconf 90' lang='lat' dir='ltr'><strong>retineatur,</strong></span> <span class='ocrx_word' id='word_1_204' title='bbox 1639 2529 1853 2576; x_wconf 83' lang='lat' dir='ltr'><strong>nostra-</strong></span> 
     </span>
    </p>
   </div>
   <div class='ocr_carea' id='block_1_26' title="bbox 272 2612 1851 2685">
    <p class='ocr_par' dir='ltr' id='par_1_26' title="bbox 272 2612 1851 2685">
     <span class='ocr_line' id='line_1_26' title="bbox 272 2612 1851 2685; baseline -0.003 -14"><span class='ocrx_word' id='word_1_205' title='bbox 272 2632 377 2685; x_wconf 85' lang='lat' dir='ltr'><strong>que</strong></span> <span class='ocrx_word' id='word_1_206' title='bbox 421 2617 598 2670; x_wconf 84' lang='lat' dir='ltr'><strong>omnia</strong></span> <span class='ocrx_word' id='word_1_207' title='bbox 643 2615 916 2684; x_wconf 88' lang='lat' dir='ltr'><strong>dispenset</strong></span> <span class='ocrx_word' id='word_1_208' title='bbox 957 2627 1012 2669; x_wconf 86' lang='lat' dir='ltr'><strong>et</strong></span> <span class='ocrx_word' id='word_1_209' title='bbox 1058 2613 1393 2668; x_wconf 89' lang='lat' dir='ltr'><strong>administret</strong></span> <span class='ocrx_word' id='word_1_210' title='bbox 1425 2628 1595 2682; x_wconf 85' lang='lat' dir='ltr'><strong>eaque</strong></span> <span class='ocrx_word' id='word_1_211' title='bbox 1631 2612 1683 2666; x_wconf 89' lang='lat' dir='ltr'><strong>in</strong></span> <span class='ocrx_word' id='word_1_212' title='bbox 1717 2621 1851 2674; x_wconf 85' lang='lat' dir='ltr'><strong>tuto,</strong></span> 
     </span>
    </p>
   </div>
   <div class='ocr_carea' id='block_1_27' title="bbox 275 2704 1858 2776">
    <p class='ocr_par' dir='ltr' id='par_1_27' title="bbox 275 2704 1858 2776">
     <span class='ocr_line' id='line_1_27' title="bbox 275 2704 1858 2776; baseline -0.002 -15"><span class='ocrx_word' id='word_1_213' title='bbox 275 2717 329 2762; x_wconf 89' lang='lat' dir='ltr'><strong>ct</strong></span> <span class='ocrx_word' id='word_1_214' title='bbox 350 2707 514 2761; x_wconf 88' lang='lat' dir='ltr'><strong>multa</strong></span> <span class='ocrx_word' id='word_1_215' title='bbox 545 2721 675 2776; x_wconf 85' lang='lat' dir='ltr'><strong>pace</strong></span> <span class='ocrx_word' id='word_1_216' title='bbox 696 2707 940 2760; x_wconf 87' lang='lat' dir='ltr'><strong>collocet.</strong></span> <span class='ocrx_word' id='word_1_217' title='bbox 968 2705 1118 2761; x_wconf 87' lang='lat' dir='ltr'><strong>Sicut</strong></span> <span class='ocrx_word' id='word_1_218' title='bbox 1146 2707 1288 2758; x_wconf 88' lang='lat' dir='ltr'><strong>enim</strong></span> <span class='ocrx_word' id='word_1_219' title='bbox 1317 2704 1437 2759; x_wconf 84' lang='lat' dir='ltr'><strong>fieri</strong></span> <span class='ocrx_word' id='word_1_220' title='bbox 1465 2721 1569 2759; x_wconf 92' lang='lat' dir='ltr'><strong>non</strong></span> <span class='ocrx_word' id='word_1_221' title='bbox 1597 2711 1773 2773; x_wconf 82' lang='lat' dir='ltr'><strong>potest</strong></span> <span class='ocrx_word' id='word_1_222' title='bbox 1799 2711 1858 2758; x_wconf 81' lang='lat' dir='ltr'><strong>ut</strong></span> 
     </span>
    </p>
   </div>
   <div class='ocr_carea' id='block_1_28' title="bbox 277 2795 1855 2865">
    <p class='ocr_par' dir='ltr' id='par_1_28' title="bbox 277 2795 1855 2865">
     <span class='ocr_line' id='line_1_28' title="bbox 277 2795 1855 2865; baseline -0.003 -12"><span class='ocrx_word' id='word_1_223' title='bbox 277 2798 446 2862; x_wconf 86' lang='lat' dir='ltr'><strong>navis,</strong></span> <span class='ocrx_word' id='word_1_224' title='bbox 480 2813 597 2865; x_wconf 69' lang='lat' dir='ltr'><strong>quae</strong></span> <span class='ocrx_word' id='word_1_225' title='bbox 629 2805 785 2850; x_wconf 76' lang='lat' dir='ltr'><strong>vento</strong></span> <span class='ocrx_word' id='word_1_226' title='bbox 817 2797 1052 2850; x_wconf 91' lang='lat' dir='ltr'><strong>secundo</strong></span> <span class='ocrx_word' id='word_1_227' title='bbox 1081 2795 1272 2862; x_wconf 85' lang='lat' dir='ltr'><strong>fertur,</strong></span> <span class='ocrx_word' id='word_1_228' title='bbox 1306 2795 1645 2864; x_wconf 87' lang='lat' dir='ltr'><strong>impediatur,</strong></span> <span class='ocrx_word' id='word_1_229' title='bbox 1679 2807 1855 2864; x_wconf 90' lang='lat' dir='ltr'><strong>neque</strong></span> 
     </span>
    </p>
   </div>
   <div class='ocr_carea' id='block_1_29' title="bbox 276 2887 1856 2957">
    <p class='ocr_par' dir='ltr' id='par_1_29' title="bbox 276 2887 1856 2957">
     <span class='ocr_line' id='line_1_29' title="bbox 276 2887 1856 2957; baseline -0.004 -12"><span class='ocrx_word' id='word_1_230' title='bbox 276 2901 336 2945; x_wconf 88' lang='lat' dir='ltr'><strong>ut</strong></span> <span class='ocrx_word' id='word_1_231' title='bbox 364 2890 724 2957; x_wconf 79' lang='lat' dir='ltr'><strong>demergatur,</strong></span> <span class='ocrx_word' id='word_1_232' title='bbox 748 2888 919 2942; x_wconf 87' lang='lat' dir='ltr'><strong>donec</strong></span> <span class='ocrx_word' id='word_1_233' title='bbox 963 2900 1117 2942; x_wconf 86' lang='lat' dir='ltr'><strong>vento</strong></span> <span class='ocrx_word' id='word_1_234' title='bbox 1146 2887 1342 2941; x_wconf 83' lang='lat' dir='ltr'><strong>fruitur</strong></span> <span class='ocrx_word' id='word_1_235' title='bbox 1365 2901 1624 2956; x_wconf 88' lang='lat' dir='ltr'><strong>prospero</strong></span> <span class='ocrx_word' id='word_1_236' title='bbox 1651 2894 1705 2940; x_wconf 87' lang='lat' dir='ltr'><strong>et</strong></span> <span class='ocrx_word' id='word_1_237' title='bbox 1729 2899 1856 2955; x_wconf 86' lang='lat' dir='ltr'><strong>per-</strong></span> 
     </span>
    </p>
   </div>
   <div class='ocr_carea' id='block_1_30' title="bbox 277 2979 1856 3052">
    <p class='ocr_par' dir='ltr' id='par_1_30' title="bbox 277 2979 1856 3052">
     <span class='ocr_line' id='line_1_30' title="bbox 277 2979 1856 3052; baseline -0.003 -16"><span class='ocrx_word' id='word_1_238' title='bbox 277 2994 468 3052; x_wconf 84' lang='lat' dir='ltr'><strong>petuo;</strong></span> <span class='ocrx_word' id='word_1_239' title='bbox 492 2983 583 3034; x_wconf 80' lang='lat' dir='ltr'><strong>sed</strong></span> <span class='ocrx_word' id='word_1_240' title='bbox 611 2991 664 3034; x_wconf 92' lang='lat' dir='ltr'><strong>et</strong></span> <span class='ocrx_word' id='word_1_241' title='bbox 693 2989 970 3049; x_wconf 87' lang='lat' dir='ltr'><strong>postquam</strong></span> <span class='ocrx_word' id='word_1_242' title='bbox 995 2979 1230 3043; x_wconf 90' lang='lat' dir='ltr'><strong>redierit,</strong></span> <span class='ocrx_word' id='word_1_243' title='bbox 1268 2995 1511 3049; x_wconf 87' lang='lat' dir='ltr'><strong>magnam</strong></span> <span class='ocrx_word' id='word_1_244' title='bbox 1537 2979 1620 3033; x_wconf 87' lang='lat' dir='ltr'><strong>sui</strong></span> <span class='ocrx_word' id='word_1_245' title='bbox 1639 2992 1856 3033; x_wconf 80' lang='lat' dir='ltr'><strong>succes—</strong></span> 
     </span>
    </p>
   </div>
   <div class='ocr_carea' id='block_1_31' title="bbox 276 3071 1858 3145">
    <p class='ocr_par' dir='ltr' id='par_1_31' title="bbox 276 3071 1858 3145">
     <span class='ocr_line' id='line_1_31' title="bbox 276 3071 1858 3145; baseline -0.005 -14"><span class='ocrx_word' id='word_1_246' title='bbox 276 3092 370 3131; x_wconf 85' lang='lat' dir='ltr'><strong>sus</strong></span> <span class='ocrx_word' id='word_1_247' title='bbox 390 3075 587 3145; x_wconf 68' lang='lat' dir='ltr'><strong>prcebet</strong></span> <span class='ocrx_word' id='word_1_248' title='bbox 606 3074 830 3144; x_wconf 79' lang='lat' dir='ltr'><strong>gloriam</strong></span> <span class='ocrx_word' id='word_1_249' title='bbox 843 3083 896 3128; x_wconf 93' lang='lat' dir='ltr'><strong>et</strong></span> <span class='ocrx_word' id='word_1_250' title='bbox 913 3074 1088 3128; x_wconf 87' lang='lat' dir='ltr'><strong>nautis</strong></span> <span class='ocrx_word' id='word_1_251' title='bbox 1109 3081 1163 3128; x_wconf 92' lang='lat' dir='ltr'><strong>et</strong></span> <span class='ocrx_word' id='word_1_252' title='bbox 1177 3073 1500 3128; x_wconf 88' lang='lat' dir='ltr'><strong>vectoribus:</strong></span> <span class='ocrx_word' id='word_1_253' title='bbox 1524 3073 1628 3127; x_wconf 86' lang='lat' dir='ltr'><strong>illis</strong></span> <span class='ocrx_word' id='word_1_254' title='bbox 1643 3071 1858 3141; x_wconf 89' lang='lat' dir='ltr'><strong>quidem</strong></span> 
     </span>
    </p>
   </div>
   <div class='ocr_carea' id='block_1_32' title="bbox 277 3163 1861 3234">
    <p class='ocr_par' dir='ltr' id='par_1_32' title="bbox 277 3163 1861 3234">
     <span class='ocr_line' id='line_1_32' title="bbox 277 3163 1861 3234; baseline -0.002 -15"><span class='ocrx_word' id='word_1_255' title='bbox 277 3167 410 3219; x_wconf 84' lang='lat' dir='ltr'><strong>dans</strong></span> <span class='ocrx_word' id='word_1_256' title='bbox 437 3166 693 3234; x_wconf 80' lang='lat' dir='ltr'><strong>quietem,</strong></span> <span class='ocrx_word' id='word_1_257' title='bbox 715 3173 770 3219; x_wconf 93' lang='lat' dir='ltr'><strong>et</strong></span> <span class='ocrx_word' id='word_1_258' title='bbox 796 3181 901 3218; x_wconf 91' lang='lat' dir='ltr'><strong>non</strong></span> <span class='ocrx_word' id='word_1_259' title='bbox 925 3165 1106 3219; x_wconf 88' lang='lat' dir='ltr'><strong>sinens</strong></span> <span class='ocrx_word' id='word_1_260' title='bbox 1135 3173 1190 3219; x_wconf 90' lang='lat' dir='ltr'><strong>ut</strong></span> <span class='ocrx_word' id='word_1_261' title='bbox 1214 3165 1374 3218; x_wconf 90' lang='lat' dir='ltr'><strong>remis</strong></span> <span class='ocrx_word' id='word_1_262' title='bbox 1395 3163 1739 3229; x_wconf 85' lang='lat' dir='ltr'><strong>adlaboreut;</strong></span> <span class='ocrx_word' id='word_1_263' title='bbox 1761 3163 1861 3217; x_wconf 85' lang='lat' dir='ltr'><strong>bos</strong></span> 
     </span>
    </p>
   </div>
   <div class='ocr_carea' id='block_1_33' title="bbox 277 3255 1860 3324">
    <p class='ocr_par' dir='ltr' id='par_1_33' title="bbox 277 3255 1860 3324">
     <span class='ocr_line' id='line_1_33' title="bbox 277 3255 1860 3324; baseline -0.002 -13"><span class='ocrx_word' id='word_1_264' title='bbox 277 3269 454 3311; x_wconf 81' lang='lat' dir='ltr'><strong>autem</strong></span> <span class='ocrx_word' id='word_1_265' title='bbox 482 3257 548 3311; x_wconf 87' lang='lat' dir='ltr'><strong>ab</strong></span> <span class='ocrx_word' id='word_1_266' title='bbox 569 3257 714 3310; x_wconf 89' lang='lat' dir='ltr'><strong>omni</strong></span> <span class='ocrx_word' id='word_1_267' title='bbox 746 3264 892 3310; x_wconf 89' lang='lat' dir='ltr'><strong>metu</strong></span> <span class='ocrx_word' id='word_1_268' title='bbox 925 3256 1182 3320; x_wconf 88' lang='lat' dir='ltr'><strong>liberans,</strong></span> <span class='ocrx_word' id='word_1_269' title='bbox 1199 3265 1251 3311; x_wconf 89' lang='lat' dir='ltr'><strong>et</strong></span> <span class='ocrx_word' id='word_1_270' title='bbox 1264 3255 1714 3324; x_wconf 89' lang='lat' dir='ltr'><strong>jucundissimum</strong></span> <span class='ocrx_word' id='word_1_271' title='bbox 1733 3268 1860 3324; x_wconf 80' lang='lat' dir='ltr'><strong>spe-</strong></span> 
     </span>
    </p>
   </div>
   <div class='ocr_carea' id='block_1_34' title="bbox 276 3346 1861 3418">
    <p class='ocr_par' dir='ltr' id='par_1_34' title="bbox 276 3346 1861 3418">
     <span class='ocr_line' id='line_1_34' title="bbox 276 3346 1861 3418; baseline -0.001 -14"><span class='ocrx_word' id='word_1_272' title='bbox 276 3350 542 3404; x_wconf 87' lang='lat' dir='ltr'><strong>ctaculum</strong></span> <span class='ocrx_word' id='word_1_273' title='bbox 571 3349 650 3404; x_wconf 86' lang='lat' dir='ltr'><strong>eis</strong></span> <span class='ocrx_word' id='word_1_274' title='bbox 673 3365 826 3402; x_wconf 85' lang='lat' dir='ltr'><strong>suum</strong></span> <span class='ocrx_word' id='word_1_275' title='bbox 859 3349 1100 3418; x_wconf 61' lang='lat' dir='ltr'><strong>praebens</strong></span> <span class='ocrx_word' id='word_1_276' title='bbox 1121 3364 1336 3402; x_wconf 89' lang='lat' dir='ltr'><strong>cursum</strong></span> <span class='ocrx_word' id='word_1_277' title='bbox 1363 3365 1377 3400; x_wconf 91' lang='lat'><strong>:</strong></span> <span class='ocrx_word' id='word_1_278' title='bbox 1408 3348 1478 3402; x_wconf 85' lang='lat' dir='ltr'><strong>ita</strong></span> <span class='ocrx_word' id='word_1_279' title='bbox 1500 3347 1660 3403; x_wconf 90' lang='lat' dir='ltr'><strong>etiam</strong></span> <span class='ocrx_word' id='word_1_280' title='bbox 1683 3346 1861 3402; x_wconf 81' lang='lat' dir='ltr'><strong>anima</strong></span> 
     </span>
    </p>
   </div>
   <div class='ocr_carea' id='block_1_35' title="bbox 276 3440 1863 3511">
    <p class='ocr_par' dir='ltr' id='par_1_35' title="bbox 276 3440 1863 3511">
     <span class='ocr_line' id='line_1_35' title="bbox 276 3440 1863 3511; baseline -0.003 -13"><span class='ocrx_word' id='word_1_281' title='bbox 276 3443 458 3498; x_wconf 89' lang='lat' dir='ltr'><strong>divino</strong></span> <span class='ocrx_word' id='word_1_282' title='bbox 490 3441 694 3496; x_wconf 91' lang='lat' dir='ltr'><strong>munita</strong></span> <span class='ocrx_word' id='word_1_283' title='bbox 723 3441 924 3510; x_wconf 89' lang='lat' dir='ltr'><strong>Spiritu</strong></span> <span class='ocrx_word' id='word_1_284' title='bbox 956 3451 1039 3496; x_wconf 88' lang='lat' dir='ltr'><strong>est</strong></span> <span class='ocrx_word' id='word_1_285' title='bbox 1067 3441 1314 3511; x_wconf 89' lang='lat' dir='ltr'><strong>superior</strong></span> <span class='ocrx_word' id='word_1_286' title='bbox 1353 3440 1568 3511; x_wconf 90' lang='lat' dir='ltr'><strong>quidem</strong></span> <span class='ocrx_word' id='word_1_287' title='bbox 1609 3440 1863 3494; x_wconf 83' lang='lat' dir='ltr'><strong>omnibus</strong></span> 
     </span>
    </p>
   </div>
   <div class='ocr_carea' id='block_1_36' title="bbox 276 3529 1861 3603">
    <p class='ocr_par' dir='ltr' id='par_1_36' title="bbox 276 3529 1861 3603">
     <span class='ocr_line' id='line_1_36' title="bbox 276 3529 1861 3603; baseline -0.004 -14"><span class='ocrx_word' id='word_1_288' title='bbox 276 3535 524 3590; x_wconf 82' lang='lat' dir='ltr'><strong>ﬂuctibus</strong></span> <span class='ocrx_word' id='word_1_289' title='bbox 554 3533 711 3603; x_wconf 86' lang='lat' dir='ltr'><strong>hujus</strong></span> <span class='ocrx_word' id='word_1_290' title='bbox 741 3533 899 3599; x_wconf 68' lang='lat' dir='ltr'><strong>vitae;</strong></span> <span class='ocrx_word' id='word_1_291' title='bbox 924 3532 1060 3586; x_wconf 89' lang='lat' dir='ltr'><strong>viam</strong></span> <span class='ocrx_word' id='word_1_292' title='bbox 1089 3543 1289 3599; x_wconf 89' lang='lat' dir='ltr'><strong>autem,</strong></span> <span class='ocrx_word' id='word_1_293' title='bbox 1310 3547 1433 3600; x_wconf 63' lang='lat' dir='ltr'><strong>qua:</strong></span> <span class='ocrx_word' id='word_1_294' title='bbox 1451 3529 1558 3585; x_wconf 83' lang='lat' dir='ltr'><strong>fert</strong></span> <span class='ocrx_word' id='word_1_295' title='bbox 1577 3531 1628 3585; x_wconf 89' lang='lat' dir='ltr'><strong>in</strong></span> <span class='ocrx_word' id='word_1_296' title='bbox 1646 3530 1861 3596; x_wconf 67' lang='lat' dir='ltr'><strong>omium,</strong></span> 
     </span>
    </p>
   </div>
   <div class='ocr_carea' id='block_1_37' title="bbox 277 3623 1866 3696">
    <p class='ocr_par' dir='ltr' id='par_1_37' title="bbox 277 3623 1866 3696">
     <span class='ocr_line' id='line_1_37' title="bbox 277 3623 1866 3696; baseline -0.004 -12"><span class='ocrx_word' id='word_1_297' title='bbox 277 3639 425 3685; x_wconf 89' lang='lat' dir='ltr'><strong>secat</strong></span> <span class='ocrx_word' id='word_1_298' title='bbox 451 3628 822 3684; x_wconf 85' lang='lat' dir='ltr'><strong>vehementius</strong></span> <span class='ocrx_word' id='word_1_299' title='bbox 848 3643 1007 3696; x_wconf 87' lang='lat' dir='ltr'><strong>quam</strong></span> <span class='ocrx_word' id='word_1_300' title='bbox 1036 3627 1123 3680; x_wconf 90' lang='lat' dir='ltr'><strong>illa</strong></span> <span class='ocrx_word' id='word_1_301' title='bbox 1149 3627 1320 3689; x_wconf 88' lang='lat' dir='ltr'><strong>navis,</strong></span> <span class='ocrx_word' id='word_1_302' title='bbox 1343 3633 1398 3678; x_wconf 93' lang='lat' dir='ltr'><strong>ut</strong></span> <span class='ocrx_word' id='word_1_303' title='bbox 1425 3640 1546 3695; x_wconf 71' lang='lat' dir='ltr'><strong>qua:</strong></span> <span class='ocrx_word' id='word_1_304' title='bbox 1573 3640 1678 3678; x_wconf 88' lang='lat' dir='ltr'><strong>non</strong></span> <span class='ocrx_word' id='word_1_305' title='bbox 1708 3623 1866 3694; x_wconf 86' lang='lat' dir='ltr'><strong>pella-</strong></span> 
     </span>
    </p>
   </div>
   <div class='ocr_carea' id='block_1_38' title="bbox 281 3716 1865 3788">
    <p class='ocr_par' dir='ltr' id='par_1_38' title="bbox 281 3716 1865 3788">
     <span class='ocr_line' id='line_1_38' title="bbox 281 3716 1865 3788; baseline -0.006 -10"><span class='ocrx_word' id='word_1_306' title='bbox 281 3735 366 3778; x_wconf 91' lang='lat' dir='ltr'><strong>tur</strong></span> <span class='ocrx_word' id='word_1_307' title='bbox 391 3740 421 3778; x_wconf 92' lang='lat' dir='ltr'><strong>a</strong></span> <span class='ocrx_word' id='word_1_308' title='bbox 453 3733 613 3778; x_wconf 90' lang='lat' dir='ltr'><strong>vento</strong></span> <span class='ocrx_word' id='word_1_309' title='bbox 636 3764 649 3787; x_wconf 93' lang='lat'><strong>,</strong></span> <span class='ocrx_word' id='word_1_310' title='bbox 683 3721 776 3777; x_wconf 90' lang='lat' dir='ltr'><strong>sed</strong></span> <span class='ocrx_word' id='word_1_311' title='bbox 821 3721 934 3776; x_wconf 90' lang='lat' dir='ltr'><strong>vela</strong></span> <span class='ocrx_word' id='word_1_312' title='bbox 965 3720 1178 3786; x_wconf 89' lang='lat' dir='ltr'><strong>habeat,</strong></span> <span class='ocrx_word' id='word_1_313' title='bbox 1211 3733 1381 3788; x_wconf 87' lang='lat' dir='ltr'><strong>eaque</strong></span> <span class='ocrx_word' id='word_1_314' title='bbox 1411 3716 1608 3771; x_wconf 81' lang='lat' dir='ltr'><strong>munda</strong></span> <span class='ocrx_word' id='word_1_315' title='bbox 1650 3716 1865 3785; x_wconf 85' lang='lat' dir='ltr'><strong>impleta</strong></span> 
     </span>
    </p>
   </div>
   <div class='ocr_carea' id='block_1_39' title="bbox 278 3807 1867 3884">
    <p class='ocr_par' dir='ltr' id='par_1_39' title="bbox 278 3807 1867 3884">
     <span class='ocr_line' id='line_1_39' title="bbox 278 3807 1867 3884; baseline -0.004 -15"><span class='ocrx_word' id='word_1_316' title='bbox 278 3823 346 3870; x_wconf 87' lang='lat' dir='ltr'><strong>ah</strong></span> <span class='ocrx_word' id='word_1_317' title='bbox 383 3815 497 3884; x_wconf 90' lang='lat' dir='ltr'><strong>ipso</strong></span> <span class='ocrx_word' id='word_1_318' title='bbox 548 3815 823 3870; x_wconf 88' lang='lat' dir='ltr'><strong>Paracleto</strong></span> <span class='ocrx_word' id='word_1_319' title='bbox 853 3833 867 3871; x_wconf 93' lang='lat'><strong>:</strong></span> <span class='ocrx_word' id='word_1_320' title='bbox 897 3822 950 3868; x_wconf 92' lang='lat' dir='ltr'><strong>et</strong></span> <span class='ocrx_word' id='word_1_321' title='bbox 976 3828 1004 3866; x_wconf 89' lang='lat' dir='ltr'><strong>a</strong></span> <span class='ocrx_word' id='word_1_322' title='bbox 1057 3820 1240 3867; x_wconf 88' lang='lat' dir='ltr'><strong>nostra</strong></span> <span class='ocrx_word' id='word_1_323' title='bbox 1268 3809 1592 3880; x_wconf 78' lang='lat' dir='ltr'><strong>cogitatione</strong></span> <span class='ocrx_word' id='word_1_324' title='bbox 1645 3807 1867 3878; x_wconf 83' lang='lat' dir='ltr'><strong>expellit</strong></span> 
     </span>
    </p>
   </div>
   <div class='ocr_carea' id='block_1_40' title="bbox 279 3900 1869 3978">
    <p class='ocr_par' dir='ltr' id='par_1_40' title="bbox 279 3900 1869 3978">
     <span class='ocr_line' id='line_1_40' title="bbox 279 3900 1869 3978; baseline -0.003 -20"><span class='ocrx_word' id='word_1_325' title='bbox 279 3906 533 3978; x_wconf 83' lang='lat' dir='ltr'><strong>quidquid</strong></span> <span class='ocrx_word' id='word_1_326' title='bbox 575 3915 659 3962; x_wconf 85' lang='lat' dir='ltr'><strong>est</strong></span> <span class='ocrx_word' id='word_1_327' title='bbox 709 3907 891 3970; x_wconf 90' lang='lat' dir='ltr'><strong>molle,</strong></span> <span class='ocrx_word' id='word_1_328' title='bbox 943 3913 1254 3959; x_wconf 89' lang='lat' dir='ltr'><strong>enervatmn</strong></span> <span class='ocrx_word' id='word_1_329' title='bbox 1312 3911 1368 3958; x_wconf 85' lang='lat' dir='ltr'><strong>et</strong></span> <span class='ocrx_word' id='word_1_330' title='bbox 1423 3901 1764 3957; x_wconf 90' lang='lat' dir='ltr'><strong>dissolutum.</strong></span> <span class='ocrx_word' id='word_1_331' title='bbox 1799 3900 1869 3956; x_wconf 89' lang='lat' dir='ltr'><strong>Ut</strong></span> 
     </span>
    </p>
   </div>
   <div class='ocr_carea' id='block_1_41' title="bbox 283 3992 1866 4056">
    <p class='ocr_par' dir='ltr' id='par_1_41' title="bbox 283 3992 1866 4056">
     <span class='ocr_line' id='line_1_41' title="bbox 283 3992 1866 4056; baseline -0.003 -3"><span class='ocrx_word' id='word_1_332' title='bbox 283 4001 428 4053; x_wconf 90' lang='lat' dir='ltr'><strong>enim</strong></span> <span class='ocrx_word' id='word_1_333' title='bbox 457 4007 646 4052; x_wconf 90' lang='lat' dir='ltr'><strong>ventus</strong></span> <span class='ocrx_word' id='word_1_334' title='bbox 675 3997 915 4052; x_wconf 88' lang='lat' dir='ltr'><strong>incidens</strong></span> <span class='ocrx_word' id='word_1_335' title='bbox 946 3997 997 4049; x_wconf 91' lang='lat' dir='ltr'><strong>in</strong></span> <span class='ocrx_word' id='word_1_336' title='bbox 1029 3995 1208 4049; x_wconf 90' lang='lat' dir='ltr'><strong>velum</strong></span> <span class='ocrx_word' id='word_1_337' title='bbox 1238 3995 1415 4048; x_wconf 84' lang='lat' dir='ltr'><strong>laxum</strong></span> <span class='ocrx_word' id='word_1_338' title='bbox 1441 4003 1495 4049; x_wconf 92' lang='lat' dir='ltr'><strong>et</strong></span> <span class='ocrx_word' id='word_1_339' title='bbox 1521 3993 1700 4056; x_wconf 89' lang='lat' dir='ltr'><strong>molle,</strong></span> <span class='ocrx_word' id='word_1_340' title='bbox 1733 3992 1866 4048; x_wconf 88' lang='lat' dir='ltr'><strong>nihil</strong></span> 
     </span>
    </p>
   </div>
   <div class='ocr_carea' id='block_1_42' title="bbox 283 4082 1868 4159">
    <p class='ocr_par' dir='ltr' id='par_1_42' title="bbox 283 4082 1868 4159">
     <span class='ocr_line' id='line_1_42' title="bbox 283 4082 1868 4159; baseline -0.003 -17"><span class='ocrx_word' id='word_1_341' title='bbox 283 4089 482 4159; x_wconf 83' lang='lat' dir='ltr'><strong>egerit:</strong></span> <span class='ocrx_word' id='word_1_342' title='bbox 509 4088 578 4140; x_wconf 91' lang='lat' dir='ltr'><strong>ita</strong></span> <span class='ocrx_word' id='word_1_343' title='bbox 608 4087 765 4141; x_wconf 87' lang='lat' dir='ltr'><strong>etiam</strong></span> <span class='ocrx_word' id='word_1_344' title='bbox 804 4094 1013 4139; x_wconf 89' lang='lat' dir='ltr'><strong>sanctus</strong></span> <span class='ocrx_word' id='word_1_345' title='bbox 1044 4084 1272 4152; x_wconf 83' lang='lat' dir='ltr'><strong>Spiritus</strong></span> <span class='ocrx_word' id='word_1_346' title='bbox 1299 4082 1351 4137; x_wconf 85' lang='lat' dir='ltr'><strong>in</strong></span> <span class='ocrx_word' id='word_1_347' title='bbox 1379 4083 1611 4137; x_wconf 87' lang='lat' dir='ltr'><strong>animam</strong></span> <span class='ocrx_word' id='word_1_348' title='bbox 1652 4083 1868 4138; x_wconf 89' lang='lat' dir='ltr'><strong>mollem</strong></span> 
     </span>
    </p>
   </div>
   <div class='ocr_carea' id='block_1_43' title="bbox 287 4173 1868 4246">
    <p class='ocr_par' dir='ltr' id='par_1_43' title="bbox 287 4173 1868 4246">
     <span class='ocr_line' id='line_1_43' title="bbox 287 4173 1868 4246; baseline -0.001 -18"><span class='ocrx_word' id='word_1_349' title='bbox 287 4179 395 4245; x_wconf 81' lang='lat' dir='ltr'><strong>pati</strong></span> <span class='ocrx_word' id='word_1_350' title='bbox 411 4193 516 4231; x_wconf 91' lang='lat' dir='ltr'><strong>non</strong></span> <span class='ocrx_word' id='word_1_351' title='bbox 545 4187 718 4246; x_wconf 88' lang='lat' dir='ltr'><strong>potest</strong></span> <span class='ocrx_word' id='word_1_352' title='bbox 747 4186 802 4230; x_wconf 95' lang='lat' dir='ltr'><strong>ut</strong></span> <span class='ocrx_word' id='word_1_353' title='bbox 825 4185 1057 4242; x_wconf 88' lang='lat' dir='ltr'><strong>maneat,</strong></span> <span class='ocrx_word' id='word_1_354' title='bbox 1079 4174 1174 4229; x_wconf 88' lang='lat' dir='ltr'><strong>sed</strong></span> <span class='ocrx_word' id='word_1_355' title='bbox 1201 4189 1390 4244; x_wconf 81' lang='lat' dir='ltr'><strong>magna</strong></span> <span class='ocrx_word' id='word_1_356' title='bbox 1409 4173 1714 4229; x_wconf 90' lang='lat' dir='ltr'><strong>intensione</strong></span> <span class='ocrx_word' id='word_1_357' title='bbox 1734 4187 1868 4242; x_wconf 80' lang='lat' dir='ltr'><strong>Opus</strong></span> 
     </span>
    </p>
   </div>
   <div class='ocr_carea' id='block_1_44' title="bbox 284 4269 834 4328">
    <p class='ocr_par' dir='ltr' id='par_1_44' title="bbox 284 4269 834 4328">
     <span class='ocr_line' id='line_1_44' title="bbox 284 4269 834 4328; baseline -0.011 0"><span class='ocrx_word' id='word_1_358' title='bbox 284 4284 366 4328; x_wconf 91' lang='lat' dir='ltr'><strong>est</strong></span> <span class='ocrx_word' id='word_1_359' title='bbox 394 4280 444 4324; x_wconf 92' lang='lat' dir='ltr'><strong>et</strong></span> <span class='ocrx_word' id='word_1_360' title='bbox 477 4269 834 4324; x_wconf 87' lang='lat' dir='ltr'><strong>vehementia.</strong></span> 
     </span>
    </p>
   </div>
   <div class='ocr_carea' id='block_1_45' title="bbox 362 4359 1871 4432">
    <p class='ocr_par' dir='ltr' id='par_1_45' title="bbox 362 4359 1871 4432">
     <span class='ocr_line' id='line_1_45' title="bbox 362 4359 1871 4432; baseline -0.005 -15"><span class='ocrx_word' id='word_1_361' title='bbox 362 4364 573 4418; x_wconf 81' lang='lat' dir='ltr'><strong>Animus</strong></span> <span class='ocrx_word' id='word_1_362' title='bbox 597 4361 871 4417; x_wconf 77' lang='lat' dir='ltr'><strong>Christiani</strong></span> <span class='ocrx_word' id='word_1_363' title='bbox 894 4359 1076 4416; x_wconf 86' lang='lat' dir='ltr'><strong>ardens</strong></span> <span class='ocrx_word' id='word_1_364' title='bbox 1091 4361 1154 4416; x_wconf 88' lang='lat' dir='ltr'><strong>sit</strong></span> <span class='ocrx_word' id='word_1_365' title='bbox 1171 4359 1642 4432; x_wconf 79' lang='lat' dir='ltr'><strong>Oportet.--Itaque</strong></span> <span class='ocrx_word' id='word_1_366' title='bbox 1658 4365 1871 4428; x_wconf 88' lang='lat' dir='ltr'><strong>oportet</strong></span> 
     </span>
    </p>
   </div>
   <div class='ocr_carea' id='block_1_46' title="bbox 305 4444 1867 4518">
    <p class='ocr_par' dir='ltr' id='par_1_46' title="bbox 305 4444 1867 4518">
     <span class='ocr_line' id='line_1_46' title="bbox 305 4444 1867 4518; baseline 0 -17"><span class='ocrx_word' id='word_1_367' title='bbox 305 4455 362 4501; x_wconf 91' lang='lat' dir='ltr'><strong>ut</strong></span> <span class='ocrx_word' id='word_1_368' title='bbox 401 4444 556 4500; x_wconf 90' lang='lat' dir='ltr'><strong>nobis</strong></span> <span class='ocrx_word' id='word_1_369' title='bbox 582 4444 653 4499; x_wconf 87' lang='lat' dir='ltr'><strong>sit</strong></span> <span class='ocrx_word' id='word_1_370' title='bbox 680 4444 876 4500; x_wconf 86' lang='lat' dir='ltr'><strong>ardens</strong></span> <span class='ocrx_word' id='word_1_371' title='bbox 907 4448 1119 4502; x_wconf 88' lang='lat' dir='ltr'><strong>animus</strong></span> <span class='ocrx_word' id='word_1_372' title='bbox 1148 4488 1164 4514; x_wconf 95' lang='lat'><strong>,</strong></span> <span class='ocrx_word' id='word_1_373' title='bbox 1203 4457 1258 4502; x_wconf 89' lang='lat' dir='ltr'><strong>et</strong></span> <span class='ocrx_word' id='word_1_374' title='bbox 1299 4463 1512 4518; x_wconf 86' lang='lat' dir='ltr'><strong>semper</strong></span> <span class='ocrx_word' id='word_1_375' title='bbox 1538 4449 1648 4503; x_wconf 89' lang='lat' dir='ltr'><strong>sint</strong></span> <span class='ocrx_word' id='word_1_376' title='bbox 1683 4456 1867 4502; x_wconf 88' lang='lat' dir='ltr'><strong>nostra</strong></span> 
     </span>
    </p>
   </div>
   <div class='ocr_carea' id='block_1_47' title="bbox 300 4536 1876 4611">
    <p class='ocr_par' dir='ltr' id='par_1_47' title="bbox 300 4536 1876 4611">
     <span class='ocr_line' id='line_1_47' title="bbox 300 4536 1876 4611; baseline 0.001 -17"><span class='ocrx_word' id='word_1_377' title='bbox 300 4552 464 4610; x_wconf 75' lang='lat' dir='ltr'><strong>Opera</strong></span> <span class='ocrx_word' id='word_1_378' title='bbox 489 4537 719 4605; x_wconf 81' lang='lat' dir='ltr'><strong>intensa,</strong></span> <span class='ocrx_word' id='word_1_379' title='bbox 750 4536 904 4592; x_wconf 84' lang='lat' dir='ltr'><strong>fortia</strong></span> <span class='ocrx_word' id='word_1_380' title='bbox 931 4547 984 4594; x_wconf 89' lang='lat' dir='ltr'><strong>et</strong></span> <span class='ocrx_word' id='word_1_381' title='bbox 1005 4541 1306 4594; x_wconf 90' lang='lat' dir='ltr'><strong>constantia</strong></span> <span class='ocrx_word' id='word_1_382' title='bbox 1333 4556 1348 4596; x_wconf 94' lang='lat'><strong>:</strong></span> <span class='ocrx_word' id='word_1_383' title='bbox 1377 4551 1432 4594; x_wconf 87' lang='lat' dir='ltr'><strong>ut</strong></span> <span class='ocrx_word' id='word_1_384' title='bbox 1455 4581 1470 4604; x_wconf 92' lang='lat'><strong>,</strong></span> <span class='ocrx_word' id='word_1_385' title='bbox 1502 4540 1718 4611; x_wconf 87' lang='lat' dir='ltr'><strong>quando</strong></span> <span class='ocrx_word' id='word_1_386' title='bbox 1747 4555 1876 4596; x_wconf 85' lang='lat' dir='ltr'><strong>ora-</strong></span> 
     </span>
    </p>
   </div>
   <div class='ocr_carea' id='block_1_48' title="bbox 302 4628 1877 4701">
    <p class='ocr_par' dir='ltr' id='par_1_48' title="bbox 302 4628 1877 4701">
     <span class='ocr_line' id='line_1_48' title="bbox 302 4628 1877 4701; baseline 0.001 -15"><span class='ocrx_word' id='word_1_387' title='bbox 302 4645 443 4691; x_wconf 87' lang='lat' dir='ltr'><strong>mus.</strong></span> <span class='ocrx_word' id='word_1_388' title='bbox 472 4628 576 4686; x_wconf 85' lang='lat' dir='ltr'><strong>hoc</strong></span> <span class='ocrx_word' id='word_1_389' title='bbox 622 4645 655 4686; x_wconf 83' lang='lat' dir='ltr'><strong>a</strong></span> <span class='ocrx_word' id='word_1_390' title='bbox 703 4630 856 4686; x_wconf 87' lang='lat' dir='ltr'><strong>nobis</strong></span> <span class='ocrx_word' id='word_1_391' title='bbox 883 4646 1006 4686; x_wconf 91' lang='lat' dir='ltr'><strong>cum</strong></span> <span class='ocrx_word' id='word_1_392' title='bbox 1029 4647 1215 4701; x_wconf 74' lang='lat' dir='ltr'><strong>magna</strong></span> <span class='ocrx_word' id='word_1_393' title='bbox 1246 4631 1543 4687; x_wconf 87' lang='lat' dir='ltr'><strong>faciendum</strong></span> <span class='ocrx_word' id='word_1_394' title='bbox 1584 4643 1667 4687; x_wconf 89' lang='lat' dir='ltr'><strong>est</strong></span> <span class='ocrx_word' id='word_1_395' title='bbox 1698 4633 1877 4688; x_wconf 84' lang='lat' dir='ltr'><strong>inten-</strong></span> 
     </span>
    </p>
   </div>
   <div class='ocr_carea' id='block_1_49' title="bbox 301 4722 1874 4790">
    <p class='ocr_par' dir='ltr' id='par_1_49' title="bbox 301 4722 1874 4790">
     <span class='ocr_line' id='line_1_49' title="bbox 301 4722 1874 4790; baseline 0 -12"><span class='ocrx_word' id='word_1_396' title='bbox 301 4723 478 4789; x_wconf 89' lang='lat' dir='ltr'><strong>sioue,</strong></span> <span class='ocrx_word' id='word_1_397' title='bbox 513 4722 740 4778; x_wconf 87' lang='lat' dir='ltr'><strong>animam</strong></span> <span class='ocrx_word' id='word_1_398' title='bbox 767 4722 818 4778; x_wconf 88' lang='lat' dir='ltr'><strong>in</strong></span> <span class='ocrx_word' id='word_1_399' title='bbox 846 4723 1036 4777; x_wconf 62' lang='lat' dir='ltr'><strong>caelum</strong></span> <span class='ocrx_word' id='word_1_400' title='bbox 1067 4722 1482 4789; x_wconf 86' lang='lat' dir='ltr'><strong>intendentibus,</strong></span> <span class='ocrx_word' id='word_1_401' title='bbox 1507 4740 1612 4778; x_wconf 92' lang='lat' dir='ltr'><strong>non</strong></span> <span class='ocrx_word' id='word_1_402' title='bbox 1637 4724 1874 4790; x_wconf 90' lang='lat' dir='ltr'><strong>funibus,</strong></span> 
     </span>
    </p>
   </div>
   <div class='ocr_carea' id='block_1_50' title="bbox 303 4813 1884 4884">
    <p class='ocr_par' dir='ltr' id='par_1_50' title="bbox 303 4813 1884 4884">
     <span class='ocr_line' id='line_1_50' title="bbox 303 4813 1884 4884; baseline -0.001 -14"><span class='ocrx_word' id='word_1_403' title='bbox 303 4814 397 4870; x_wconf 88' lang='lat' dir='ltr'><strong>sed</strong></span> <span class='ocrx_word' id='word_1_404' title='bbox 426 4829 616 4884; x_wconf 85' lang='lat' dir='ltr'><strong>magna</strong></span> <span class='ocrx_word' id='word_1_405' title='bbox 638 4814 802 4869; x_wconf 90' lang='lat' dir='ltr'><strong>animi</strong></span> <span class='ocrx_word' id='word_1_406' title='bbox 836 4814 1131 4869; x_wconf 86' lang='lat' dir='ltr'><strong>alacritate.</strong></span> <span class='ocrx_word' id='word_1_407' title='bbox 1171 4813 1397 4881; x_wconf 86' lang='lat' dir='ltr'><strong>Quando</strong></span> <span class='ocrx_word' id='word_1_408' title='bbox 1434 4829 1618 4869; x_wconf 87' lang='lat' dir='ltr'><strong>rursus</strong></span> <span class='ocrx_word' id='word_1_409' title='bbox 1661 4815 1884 4869; x_wconf 88' lang='lat' dir='ltr'><strong>misere-</strong></span> 
     </span>
    </p>
   </div>
   <div class='ocr_carea' id='block_1_51' title="bbox 304 4905 1886 4977">
    <p class='ocr_par' dir='ltr' id='par_1_51' title="bbox 304 4905 1886 4977">
     <span class='ocr_line' id='line_1_51' title="bbox 304 4905 1886 4977; baseline 0 -17"><span class='ocrx_word' id='word_1_410' title='bbox 304 4923 443 4970; x_wconf 88' lang='lat' dir='ltr'><strong>mur,</strong></span> <span class='ocrx_word' id='word_1_411' title='bbox 465 4907 618 4961; x_wconf 91' lang='lat' dir='ltr'><strong>nobis</strong></span> <span class='ocrx_word' id='word_1_412' title='bbox 645 4922 779 4977; x_wconf 83' lang='lat' dir='ltr'><strong>OpllS</strong></span> <span class='ocrx_word' id='word_1_413' title='bbox 807 4916 890 4963; x_wconf 90' lang='lat' dir='ltr'><strong>est</strong></span> <span class='ocrx_word' id='word_1_414' title='bbox 912 4907 1234 4972; x_wconf 88' lang='lat' dir='ltr'><strong>inteusione,</strong></span> <span class='ocrx_word' id='word_1_415' title='bbox 1251 4922 1316 4960; x_wconf 91' lang='lat' dir='ltr'><strong>ue</strong></span> <span class='ocrx_word' id='word_1_416' title='bbox 1339 4921 1465 4962; x_wconf 90' lang='lat' dir='ltr'><strong>cura</strong></span> <span class='ocrx_word' id='word_1_417' title='bbox 1490 4905 1680 4959; x_wconf 90' lang='lat' dir='ltr'><strong>domus</strong></span> <span class='ocrx_word' id='word_1_418' title='bbox 1704 4914 1760 4960; x_wconf 91' lang='lat' dir='ltr'><strong>et</strong></span> <span class='ocrx_word' id='word_1_419' title='bbox 1785 4905 1886 4960; x_wconf 90' lang='lat' dir='ltr'><strong>sol-</strong></span> 
     </span>
    </p>
   </div>
   <div class='ocr_carea' id='block_1_52' title="bbox 304 4995 1888 5066">
    <p class='ocr_par' dir='ltr' id='par_1_52' title="bbox 304 4995 1888 5066">
     <span class='ocr_line' id='line_1_52' title="bbox 304 4995 1888 5066; baseline -0.001 -16"><span class='ocrx_word' id='word_1_420' title='bbox 304 4998 524 5053; x_wconf 83' lang='lat' dir='ltr'><strong>licitudo</strong></span> <span class='ocrx_word' id='word_1_421' title='bbox 545 4997 613 5054; x_wconf 90' lang='lat' dir='ltr'><strong>de</strong></span> <span class='ocrx_word' id='word_1_422' title='bbox 646 4999 828 5054; x_wconf 88' lang='lat' dir='ltr'><strong>liberis</strong></span> <span class='ocrx_word' id='word_1_423' title='bbox 855 5007 911 5053; x_wconf 90' lang='lat' dir='ltr'><strong>et</strong></span> <span class='ocrx_word' id='word_1_424' title='bbox 949 5013 1138 5063; x_wconf 75' lang='lat' dir='ltr'><strong>uxore,</strong></span> <span class='ocrx_word' id='word_1_425' title='bbox 1166 5007 1221 5052; x_wconf 92' lang='lat' dir='ltr'><strong>et</strong></span> <span class='ocrx_word' id='word_1_426' title='bbox 1261 5006 1432 5050; x_wconf 91' lang='lat' dir='ltr'><strong>metus</strong></span> <span class='ocrx_word' id='word_1_427' title='bbox 1463 4996 1789 5066; x_wconf 87' lang='lat' dir='ltr'><strong>paupertatis</strong></span> <span class='ocrx_word' id='word_1_428' title='bbox 1815 4995 1888 5049; x_wconf 91' lang='lat' dir='ltr'><strong>ir-</strong></span> 
     </span>
    </p>
   </div>
   <div class='ocr_carea' id='block_1_53' title="bbox 304 5087 1886 5156">
    <p class='ocr_par' dir='ltr' id='par_1_53' title="bbox 304 5087 1886 5156">
     <span class='ocr_line' id='line_1_53' title="bbox 304 5087 1886 5156; baseline -0.001 -13"><span class='ocrx_word' id='word_1_429' title='bbox 304 5104 490 5154; x_wconf 89' lang='lat' dir='ltr'><strong>ruens,</strong></span> <span class='ocrx_word' id='word_1_430' title='bbox 507 5090 678 5144; x_wconf 81' lang='lat' dir='ltr'><strong>velum</strong></span> <span class='ocrx_word' id='word_1_431' title='bbox 693 5090 900 5145; x_wconf 83' lang='lat' dir='ltr'><strong>laxetet</strong></span> <span class='ocrx_word' id='word_1_432' title='bbox 920 5089 1171 5144; x_wconf 84' lang='lat' dir='ltr'><strong>remittat.</strong></span> <span class='ocrx_word' id='word_1_433' title='bbox 1187 5087 1319 5142; x_wconf 88' lang='lat' dir='ltr'><strong>Nam</strong></span> <span class='ocrx_word' id='word_1_434' title='bbox 1341 5087 1384 5141; x_wconf 93' lang='lat' dir='ltr'><strong>si</strong></span> <span class='ocrx_word' id='word_1_435' title='bbox 1417 5087 1467 5140; x_wconf 93' lang='lat' dir='ltr'><strong>id</strong></span> <span class='ocrx_word' id='word_1_436' title='bbox 1491 5087 1724 5156; x_wconf 90' lang='lat' dir='ltr'><strong>undique</strong></span> <span class='ocrx_word' id='word_1_437' title='bbox 1742 5096 1886 5142; x_wconf 89' lang='lat' dir='ltr'><strong>recte</strong></span> 
     </span>
    </p>
   </div>
   <div class='ocr_carea' id='block_1_54' title="bbox 305 5179 1886 5250">
    <p class='ocr_par' dir='ltr' id='par_1_54' title="bbox 305 5179 1886 5250">
     <span class='ocr_line' id='line_1_54' title="bbox 305 5179 1886 5250; baseline 0 -16"><span class='ocrx_word' id='word_1_438' title='bbox 305 5179 696 5237; x_wconf 77' lang='lat' dir='ltr'><strong>intendet-imus</strong></span> <span class='ocrx_word' id='word_1_439' title='bbox 725 5195 820 5250; x_wconf 82' lang='lat' dir='ltr'><strong>spe</strong></span> <span class='ocrx_word' id='word_1_440' title='bbox 845 5180 1161 5244; x_wconf 89' lang='lat' dir='ltr'><strong>futurormn,</strong></span> <span class='ocrx_word' id='word_1_441' title='bbox 1186 5191 1330 5235; x_wconf 85' lang='lat' dir='ltr'><strong>recte</strong></span> <span class='ocrx_word' id='word_1_442' title='bbox 1353 5180 1588 5250; x_wconf 89' lang='lat' dir='ltr'><strong>suscepit</strong></span> <span class='ocrx_word' id='word_1_443' title='bbox 1612 5183 1886 5248; x_wconf 82' lang='lat' dir='ltr'><strong>Operatio-</strong></span> 
     </span>
    </p>
   </div>
   <div class='ocr_carea' id='block_1_55' title="bbox 306 5271 1885 5342">
    <p class='ocr_par' dir='ltr' id='par_1_55' title="bbox 306 5271 1885 5342">
     <span class='ocr_line' id='line_1_55' title="bbox 306 5271 1885 5342; baseline 0.001 -18"><span class='ocrx_word' id='word_1_444' title='bbox 306 5288 426 5326; x_wconf 90' lang='lat' dir='ltr'><strong>uem</strong></span> <span class='ocrx_word' id='word_1_445' title='bbox 455 5272 682 5342; x_wconf 87' lang='lat' dir='ltr'><strong>Spiritus</strong></span> <span class='ocrx_word' id='word_1_446' title='bbox 715 5289 726 5324; x_wconf 91' lang='lat'><strong>:</strong></span> <span class='ocrx_word' id='word_1_447' title='bbox 757 5287 824 5326; x_wconf 79' lang='lat' dir='ltr'><strong>ex</strong></span> <span class='ocrx_word' id='word_1_448' title='bbox 850 5271 954 5325; x_wconf 89' lang='lat' dir='ltr'><strong>illis</strong></span> <span class='ocrx_word' id='word_1_449' title='bbox 983 5283 1159 5325; x_wconf 90' lang='lat' dir='ltr'><strong>autem</strong></span> <span class='ocrx_word' id='word_1_450' title='bbox 1181 5271 1340 5325; x_wconf 90' lang='lat' dir='ltr'><strong>rebus</strong></span> <span class='ocrx_word' id='word_1_451' title='bbox 1357 5271 1572 5325; x_wconf 86' lang='lat' dir='ltr'><strong>caducis</strong></span> <span class='ocrx_word' id='word_1_452' title='bbox 1597 5281 1650 5327; x_wconf 90' lang='lat' dir='ltr'><strong>et</strong></span> <span class='ocrx_word' id='word_1_453' title='bbox 1677 5273 1885 5326; x_wconf 89' lang='lat' dir='ltr'><strong>miseris</strong></span> 
     </span>
    </p>
   </div>
   <div class='ocr_carea' id='block_1_56' title="bbox 308 5364 1884 5436">
    <p class='ocr_par' dir='ltr' id='par_1_56' title="bbox 308 5364 1884 5436">
     <span class='ocr_line' id='line_1_56' title="bbox 308 5364 1884 5436; baseline 0.002 -18"><span class='ocrx_word' id='word_1_454' title='bbox 308 5365 440 5419; x_wconf 89' lang='lat' dir='ltr'><strong>nihil</strong></span> <span class='ocrx_word' id='word_1_455' title='bbox 469 5366 518 5420; x_wconf 92' lang='lat' dir='ltr'><strong>iu</strong></span> <span class='ocrx_word' id='word_1_456' title='bbox 549 5381 667 5434; x_wconf 79' lang='lat' dir='ltr'><strong>eam</strong></span> <span class='ocrx_word' id='word_1_457' title='bbox 689 5364 916 5430; x_wconf 87' lang='lat' dir='ltr'><strong>incidet;</strong></span> <span class='ocrx_word' id='word_1_458' title='bbox 940 5365 1033 5418; x_wconf 91' lang='lat' dir='ltr'><strong>sed</strong></span> <span class='ocrx_word' id='word_1_459' title='bbox 1053 5366 1153 5419; x_wconf 90' lang='lat' dir='ltr'><strong>etsi</strong></span> <span class='ocrx_word' id='word_1_460' title='bbox 1186 5365 1448 5430; x_wconf 90' lang='lat' dir='ltr'><strong>inciderit,</strong></span> <span class='ocrx_word' id='word_1_461' title='bbox 1477 5365 1644 5436; x_wconf 86' lang='lat' dir='ltr'><strong>ipsam</strong></span> <span class='ocrx_word' id='word_1_462' title='bbox 1669 5365 1884 5434; x_wconf 90' lang='lat' dir='ltr'><strong>quidem</strong></span> 
     </span>
    </p>
   </div>
   <div class='ocr_carea' id='block_1_57' title="bbox 311 5455 1886 5530">
    <p class='ocr_par' dir='ltr' id='par_1_57' title="bbox 311 5455 1886 5530">
     <span class='ocr_line' id='line_1_57' title="bbox 311 5455 1886 5530; baseline 0.005 -22"><span class='ocrx_word' id='word_1_463' title='bbox 311 5456 441 5513; x_wconf 88' lang='lat' dir='ltr'><strong>nihil</strong></span> <span class='ocrx_word' id='word_1_464' title='bbox 463 5457 626 5527; x_wconf 72' lang='lat' dir='ltr'><strong>lzedit,</strong></span> <span class='ocrx_word' id='word_1_465' title='bbox 647 5459 741 5514; x_wconf 90' lang='lat' dir='ltr'><strong>sed</strong></span> <span class='ocrx_word' id='word_1_466' title='bbox 762 5457 939 5514; x_wconf 88' lang='lat' dir='ltr'><strong>statim</strong></span> <span class='ocrx_word' id='word_1_467' title='bbox 965 5455 1213 5514; x_wconf 83' lang='lat' dir='ltr'><strong>firmitate</strong></span> <span class='ocrx_word' id='word_1_468' title='bbox 1239 5473 1301 5514; x_wconf 88' lang='lat' dir='ltr'><strong>ac</strong></span> <span class='ocrx_word' id='word_1_469' title='bbox 1316 5457 1506 5515; x_wconf 88' lang='lat' dir='ltr'><strong>duritie</strong></span> <span class='ocrx_word' id='word_1_470' title='bbox 1535 5457 1813 5530; x_wconf 87' lang='lat' dir='ltr'><strong>repellitur</strong></span> <span class='ocrx_word' id='word_1_471' title='bbox 1829 5469 1886 5516; x_wconf 87' lang='lat' dir='ltr'><strong>et</strong></span> 
     </span>
    </p>
   </div>
   <div class='ocr_carea' id='block_1_58' title="bbox 1764 5691 2026 5702">
    <p class='ocr_par' dir='ltr' id='par_1_58' title="bbox 1764 5691 2026 5702">
     <span class='ocr_line' id='line_1_58' title="bbox 1764 5691 2026 5702; baseline 0.011 -3"><span class='ocrx_word' id='word_1_472' title='bbox 1764 5691 1996 5701; x_wconf 55' lang='lat' dir='ltr'><strong>.H-~--.—-—</strong></span> <span class='ocrx_word' id='word_1_473' title='bbox 2011 5698 2026 5702; x_wconf 84' lang='grc'><strong>-.</strong></span> 
     </span>
    </p>
   </div>
   <div class='ocr_carea' id='block_1_59' title="bbox 1001 322 2785 384">
    <p class='ocr_par' dir='ltr' id='par_1_59' title="bbox 1001 322 2785 384">
     <span class='ocr_line' id='line_1_59' title="bbox 1001 322 2785 384; baseline -0.001 0"><span class='ocrx_word' id='word_1_474' title='bbox 1001 327 1058 384; x_wconf 74' lang='grc'><strong>8.</strong></span> <span class='ocrx_word' id='word_1_475' title='bbox 1093 325 1367 384; x_wconf 73' lang='lat' dir='ltr'><strong>JOANNIS</strong></span> <span class='ocrx_word' id='word_1_476' title='bbox 1393 323 1861 382; x_wconf 64' lang='lat' dir='ltr'><strong>CIIIKYSOSTOMI</strong></span> <span class='ocrx_word' id='word_1_477' title='bbox 1901 323 2212 382; x_wconf 70' lang='lat' dir='ltr'><strong>AliCHlEi’.</strong></span> <span class='ocrx_word' id='word_1_478' title='bbox 2258 322 2785 382; x_wconf 78' lang='lat' dir='ltr'><strong>CONSTANTINOP.</strong></span> 
     </span>
    </p>
   </div>
   <div class='ocr_carea' id='block_1_60' title="bbox 3427 325 3535 386">
    <p class='ocr_par' dir='ltr' id='par_1_60' title="bbox 3427 325 3535 386">
     <span class='ocr_line' id='line_1_60' title="bbox 3427 325 3535 386; baseline 0 -2"><span class='ocrx_word' id='word_1_479' title='bbox 3427 325 3535 386; x_wconf 74' lang='lat'><strong>236</strong></span> 
     </span>
    </p>
   </div>
   <div class='ocr_carea' id='block_1_61' title="bbox 1948 411 3529 484">
    <p class='ocr_par' dir='ltr' id='par_1_61' title="bbox 1948 411 3529 484">
     <span class='ocr_line' id='line_1_61' title="bbox 1948 411 3529 484; baseline 0.003 -16"><span class='ocrx_word' id='word_1_480' title='bbox 1948 411 2150 468; x_wconf 77' lang='lat' dir='ltr'><strong>excidit</strong></span> <span class='ocrx_word' id='word_1_481' title='bbox 2179 428 2480 467; x_wconf 85' lang='lat' dir='ltr'><strong>excussum.</strong></span> <span class='ocrx_word' id='word_1_482' title='bbox 2514 413 2798 481; x_wconf 81' lang='lat' dir='ltr'><strong>Propterea</strong></span> <span class='ocrx_word' id='word_1_483' title='bbox 2826 425 2954 481; x_wconf 87' lang='lat' dir='ltr'><strong>ergo</strong></span> <span class='ocrx_word' id='word_1_484' title='bbox 2983 411 3138 466; x_wconf 86' lang='lat' dir='ltr'><strong>nobis</strong></span> <span class='ocrx_word' id='word_1_485' title='bbox 3173 428 3364 484; x_wconf 88' lang='lat' dir='ltr'><strong>magna</strong></span> <span class='ocrx_word' id='word_1_486' title='bbox 3389 431 3529 484; x_wconf 79' lang='lat' dir='ltr'><strong>Opus</strong></span> 
     </span>
    </p>
   </div>
   <div class='ocr_carea' id='block_1_62' title="bbox 1947 504 3530 576">
    <p class='ocr_par' dir='ltr' id='par_1_62' title="bbox 1947 504 3530 576">
     <span class='ocr_line' id='line_1_62' title="bbox 1947 504 3530 576; baseline 0.002 -18"><span class='ocrx_word' id='word_1_487' title='bbox 1947 516 2030 558; x_wconf 87' lang='lat' dir='ltr'><strong>est</strong></span> <span class='ocrx_word' id='word_1_488' title='bbox 2057 505 2359 558; x_wconf 87' lang='lat' dir='ltr'><strong>inteusione</strong></span> <span class='ocrx_word' id='word_1_489' title='bbox 2393 522 2404 556; x_wconf 93' lang='lat'><strong>:</strong></span> <span class='ocrx_word' id='word_1_490' title='bbox 2441 504 2634 558; x_wconf 89' lang='lat' dir='ltr'><strong>etenim</strong></span> <span class='ocrx_word' id='word_1_491' title='bbox 2673 519 2772 558; x_wconf 92' lang='lat' dir='ltr'><strong>nos</strong></span> <span class='ocrx_word' id='word_1_492' title='bbox 2800 518 3013 574; x_wconf 87' lang='lat' dir='ltr'><strong>quoque</strong></span> <span class='ocrx_word' id='word_1_493' title='bbox 3041 519 3292 574; x_wconf 89' lang='lat' dir='ltr'><strong>magnum</strong></span> <span class='ocrx_word' id='word_1_494' title='bbox 3319 514 3375 558; x_wconf 88' lang='lat' dir='ltr'><strong>et</strong></span> <span class='ocrx_word' id='word_1_495' title='bbox 3400 521 3530 576; x_wconf 73' lang='lat' dir='ltr'><strong>spa-</strong></span> 
     </span>
    </p>
   </div>
   <div class='ocr_carea' id='block_1_63' title="bbox 1950 596 3532 666">
    <p class='ocr_par' dir='ltr' id='par_1_63' title="bbox 1950 596 3532 666">
     <span class='ocr_line' id='line_1_63' title="bbox 1950 596 3532 666; baseline 0.003 -16"><span class='ocrx_word' id='word_1_496' title='bbox 1950 598 2142 650; x_wconf 86' lang='lat' dir='ltr'><strong>tiosum</strong></span> <span class='ocrx_word' id='word_1_497' title='bbox 2188 612 2336 650; x_wconf 91' lang='lat' dir='ltr'><strong>mare</strong></span> <span class='ocrx_word' id='word_1_498' title='bbox 2379 597 2719 666; x_wconf 87' lang='lat' dir='ltr'><strong>navigamus,</strong></span> <span class='ocrx_word' id='word_1_499' title='bbox 2750 596 2967 666; x_wconf 89' lang='lat' dir='ltr'><strong>plenum</strong></span> <span class='ocrx_word' id='word_1_500' title='bbox 3014 596 3199 651; x_wconf 89' lang='lat' dir='ltr'><strong>multis</strong></span> <span class='ocrx_word' id='word_1_501' title='bbox 3242 597 3438 652; x_wconf 88' lang='lat' dir='ltr'><strong>belluis</strong></span> <span class='ocrx_word' id='word_1_502' title='bbox 3475 608 3532 654; x_wconf 91' lang='lat' dir='ltr'><strong>et</strong></span> 
     </span>
    </p>
   </div>
   <div class='ocr_carea' id='block_1_64' title="bbox 1949 689 3530 758">
    <p class='ocr_par' dir='ltr' id='par_1_64' title="bbox 1949 689 3530 758">
     <span class='ocr_line' id='line_1_64' title="bbox 1949 689 3530 758; baseline 0.004 -17"><span class='ocrx_word' id='word_1_503' title='bbox 1949 689 2186 756; x_wconf 80' lang='lat' dir='ltr'><strong>seopulis</strong></span> <span class='ocrx_word' id='word_1_504' title='bbox 2203 729 2219 754; x_wconf 94' lang='lat'><strong>,</strong></span> <span class='ocrx_word' id='word_1_505' title='bbox 2244 698 2298 743; x_wconf 91' lang='lat' dir='ltr'><strong>et</strong></span> <span class='ocrx_word' id='word_1_506' title='bbox 2320 689 2515 742; x_wconf 90' lang='lat' dir='ltr'><strong>multas</strong></span> <span class='ocrx_word' id='word_1_507' title='bbox 2547 690 2700 743; x_wconf 91' lang='lat' dir='ltr'><strong>nobis</strong></span> <span class='ocrx_word' id='word_1_508' title='bbox 2727 689 2942 758; x_wconf 88' lang='lat' dir='ltr'><strong>pariens</strong></span> <span class='ocrx_word' id='word_1_509' title='bbox 2969 697 3314 758; x_wconf 85' lang='lat' dir='ltr'><strong>tempestates</strong></span> <span class='ocrx_word' id='word_1_510' title='bbox 3335 731 3349 756; x_wconf 91' lang='lat'><strong>,</strong></span> <span class='ocrx_word' id='word_1_511' title='bbox 3383 701 3438 747; x_wconf 86' lang='lat' dir='ltr'><strong>et</strong></span> <span class='ocrx_word' id='word_1_512' title='bbox 3463 707 3530 747; x_wconf 92' lang='lat' dir='ltr'><strong>ex</strong></span> 
     </span>
    </p>
   </div>
   <div class='ocr_carea' id='block_1_65' title="bbox 1951 781 3528 850">
    <p class='ocr_par' dir='ltr' id='par_1_65' title="bbox 1951 781 3528 850">
     <span class='ocr_line' id='line_1_65' title="bbox 1951 781 3528 850; baseline 0.004 -19"><span class='ocrx_word' id='word_1_513' title='bbox 1951 793 2137 848; x_wconf 85' lang='lat' dir='ltr'><strong>magna</strong></span> <span class='ocrx_word' id='word_1_514' title='bbox 2203 781 2493 835; x_wconf 79' lang='lat' dir='ltr'><strong>serenitate</strong></span> <span class='ocrx_word' id='word_1_515' title='bbox 2555 781 2876 835; x_wconf 66' lang='lat' dir='ltr'><strong>suavissimas</strong></span> <span class='ocrx_word' id='word_1_516' title='bbox 2941 782 3205 850; x_wconf 87' lang='lat' dir='ltr'><strong>procellas</strong></span> <span class='ocrx_word' id='word_1_517' title='bbox 3263 783 3528 838; x_wconf 82' lang='lat' dir='ltr'><strong>excitans.</strong></span> 
     </span>
    </p>
   </div>
   <div class='ocr_carea' id='block_1_66' title="bbox 1950 872 3533 946">
    <p class='ocr_par' dir='ltr' id='par_1_66' title="bbox 1950 872 3533 946">
     <span class='ocr_line' id='line_1_66' title="bbox 1950 872 3533 946; baseline 0.004 -21"><span class='ocrx_word' id='word_1_518' title='bbox 1950 872 2176 940; x_wconf 85' lang='lat' dir='ltr'><strong>Oportet</strong></span> <span class='ocrx_word' id='word_1_519' title='bbox 2204 888 2350 942; x_wconf 87' lang='lat' dir='ltr'><strong>ergo,</strong></span> <span class='ocrx_word' id='word_1_520' title='bbox 2379 873 2423 926; x_wconf 90' lang='lat' dir='ltr'><strong>si</strong></span> <span class='ocrx_word' id='word_1_521' title='bbox 2454 873 2682 928; x_wconf 81' lang='lat' dir='ltr'><strong>velimus</strong></span> <span class='ocrx_word' id='word_1_522' title='bbox 2712 873 2868 928; x_wconf 89' lang='lat' dir='ltr'><strong>facile</strong></span> <span class='ocrx_word' id='word_1_523' title='bbox 2893 873 3145 944; x_wconf 81' lang='lat' dir='ltr'><strong>navigare</strong></span> <span class='ocrx_word' id='word_1_524' title='bbox 3171 883 3227 930; x_wconf 92' lang='lat' dir='ltr'><strong>et</strong></span> <span class='ocrx_word' id='word_1_525' title='bbox 3251 875 3369 930; x_wconf 89' lang='lat' dir='ltr'><strong>sine</strong></span> <span class='ocrx_word' id='word_1_526' title='bbox 3393 878 3533 946; x_wconf 83' lang='lat' dir='ltr'><strong>peri-</strong></span> 
     </span>
    </p>
   </div>
   <div class='ocr_carea' id='block_1_67' title="bbox 1949 963 3534 1031">
    <p class='ocr_par' dir='ltr' id='par_1_67' title="bbox 1949 963 3534 1031">
     <span class='ocr_line' id='line_1_67' title="bbox 1949 963 3534 1031; baseline 0.005 -14"><span class='ocrx_word' id='word_1_527' title='bbox 1949 965 2091 1028; x_wconf 88' lang='lat' dir='ltr'><strong>culo,</strong></span> <span class='ocrx_word' id='word_1_528' title='bbox 2119 965 2233 1018; x_wconf 88' lang='lat' dir='ltr'><strong>vela</strong></span> <span class='ocrx_word' id='word_1_529' title='bbox 2266 963 2509 1031; x_wconf 89' lang='lat' dir='ltr'><strong>tendere,</strong></span> <span class='ocrx_word' id='word_1_530' title='bbox 2536 964 2640 1020; x_wconf 91' lang='lat' dir='ltr'><strong>hoc</strong></span> <span class='ocrx_word' id='word_1_531' title='bbox 2667 975 2769 1029; x_wconf 90' lang='lat' dir='ltr'><strong>est,</strong></span> <span class='ocrx_word' id='word_1_532' title='bbox 2796 965 3026 1021; x_wconf 90' lang='lat' dir='ltr'><strong>liberum</strong></span> <span class='ocrx_word' id='word_1_533' title='bbox 3051 967 3216 1022; x_wconf 91' lang='lat' dir='ltr'><strong>animi</strong></span> <span class='ocrx_word' id='word_1_534' title='bbox 3246 969 3414 1023; x_wconf 91' lang='lat' dir='ltr'><strong>nostri</strong></span> <span class='ocrx_word' id='word_1_535' title='bbox 3447 985 3534 1026; x_wconf 85' lang='lat' dir='ltr'><strong>ar-</strong></span> 
     </span>
    </p>
   </div>
   <div class='ocr_carea' id='block_1_68' title="bbox 1953 1057 3534 1118">
    <p class='ocr_par' dir='ltr' id='par_1_68' title="bbox 1953 1057 3534 1118">
     <span class='ocr_line' id='line_1_68' title="bbox 1953 1057 3534 1118; baseline 0.004 -6"><span class='ocrx_word' id='word_1_536' title='bbox 1953 1057 2212 1112; x_wconf 89' lang='lat' dir='ltr'><strong>bitrium:</strong></span> <span class='ocrx_word' id='word_1_537' title='bbox 2255 1057 2360 1113; x_wconf 90' lang='lat' dir='ltr'><strong>hoc</strong></span> <span class='ocrx_word' id='word_1_538' title='bbox 2407 1058 2549 1115; x_wconf 90' lang='lat' dir='ltr'><strong>enim</strong></span> <span class='ocrx_word' id='word_1_539' title='bbox 2605 1058 2760 1112; x_wconf 89' lang='lat' dir='ltr'><strong>nobis</strong></span> <span class='ocrx_word' id='word_1_540' title='bbox 2803 1059 3021 1114; x_wconf 83' lang='lat' dir='ltr'><strong>sufﬁcit.</strong></span> <span class='ocrx_word' id='word_1_541' title='bbox 3072 1059 3204 1114; x_wconf 84' lang='lat' dir='ltr'><strong>Nam</strong></span> <span class='ocrx_word' id='word_1_542' title='bbox 3261 1061 3534 1118; x_wconf 84' lang='lat' dir='ltr'><strong>Abraham</strong></span> 
     </span>
    </p>
   </div>
   <div class='ocr_carea' id='block_1_69' title="bbox 1957 1150 3534 1220">
    <p class='ocr_par' dir='ltr' id='par_1_69' title="bbox 1957 1150 3534 1220">
     <span class='ocr_line' id='line_1_69' title="bbox 1957 1150 3534 1220; baseline 0.004 -19"><span class='ocrx_word' id='word_1_543' title='bbox 1957 1162 2166 1217; x_wconf 89' lang='lat' dir='ltr'><strong>quoque</strong></span> <span class='ocrx_word' id='word_1_544' title='bbox 2190 1159 2466 1220; x_wconf 89' lang='lat' dir='ltr'><strong>postquam</strong></span> <span class='ocrx_word' id='word_1_545' title='bbox 2489 1164 2644 1205; x_wconf 91' lang='lat' dir='ltr'><strong>suum</strong></span> <span class='ocrx_word' id='word_1_546' title='bbox 2667 1150 2730 1206; x_wconf 92' lang='lat' dir='ltr'><strong>ad</strong></span> <span class='ocrx_word' id='word_1_547' title='bbox 2755 1150 2922 1206; x_wconf 90' lang='lat' dir='ltr'><strong>Deum</strong></span> <span class='ocrx_word' id='word_1_548' title='bbox 2945 1151 3171 1207; x_wconf 89' lang='lat' dir='ltr'><strong>intendit</strong></span> <span class='ocrx_word' id='word_1_549' title='bbox 3190 1152 3534 1220; x_wconf 87' lang='lat' dir='ltr'><strong>desiderium,</strong></span> 
     </span>
    </p>
   </div>
   <div class='ocr_carea' id='block_1_70' title="bbox 1959 1241 3538 1318">
    <p class='ocr_par' dir='ltr' id='par_1_70' title="bbox 1959 1241 3538 1318">
     <span class='ocr_line' id='line_1_70' title="bbox 1959 1241 3538 1318; baseline 0.004 -24"><span class='ocrx_word' id='word_1_550' title='bbox 1959 1241 2358 1312; x_wconf 86' lang='lat' dir='ltr'><strong>perfectamque</strong></span> <span class='ocrx_word' id='word_1_551' title='bbox 2383 1252 2436 1297; x_wconf 87' lang='lat' dir='ltr'><strong>et</strong></span> <span class='ocrx_word' id='word_1_552' title='bbox 2464 1242 2722 1312; x_wconf 84' lang='lat' dir='ltr'><strong>integram</strong></span> <span class='ocrx_word' id='word_1_553' title='bbox 2755 1243 3002 1298; x_wconf 80' lang='lat' dir='ltr'><strong>exhibuit</strong></span> <span class='ocrx_word' id='word_1_554' title='bbox 3026 1245 3376 1311; x_wconf 90' lang='lat' dir='ltr'><strong>voluntatem,</strong></span> <span class='ocrx_word' id='word_1_555' title='bbox 3407 1263 3538 1318; x_wconf 86' lang='lat' dir='ltr'><strong>qua-</strong></span> 
     </span>
    </p>
   </div>
   <div class='ocr_carea' id='block_1_71' title="bbox 1955 1332 3537 1402">
    <p class='ocr_par' dir='ltr' id='par_1_71' title="bbox 1955 1332 3537 1402">
     <span class='ocr_line' id='line_1_71' title="bbox 1955 1332 3537 1402; baseline 0.004 -17"><span class='ocrx_word' id='word_1_556' title='bbox 1955 1347 2078 1386; x_wconf 91' lang='lat' dir='ltr'><strong>nam</strong></span> <span class='ocrx_word' id='word_1_557' title='bbox 2103 1347 2162 1386; x_wconf 90' lang='lat' dir='ltr'><strong>re</strong></span> <span class='ocrx_word' id='word_1_558' title='bbox 2188 1332 2291 1386; x_wconf 89' lang='lat' dir='ltr'><strong>alia</strong></span> <span class='ocrx_word' id='word_1_559' title='bbox 2321 1347 2454 1402; x_wconf 90' lang='lat' dir='ltr'><strong>opus</strong></span> <span class='ocrx_word' id='word_1_560' title='bbox 2482 1333 2714 1388; x_wconf 83' lang='lat' dir='ltr'><strong>habuit?</strong></span> <span class='ocrx_word' id='word_1_561' title='bbox 2747 1334 2888 1388; x_wconf 86' lang='lat' dir='ltr'><strong>nulla</strong></span> <span class='ocrx_word' id='word_1_562' title='bbox 2914 1376 2929 1400; x_wconf 92' lang='lat'><strong>,</strong></span> <span class='ocrx_word' id='word_1_563' title='bbox 2957 1334 3050 1389; x_wconf 83' lang='lat' dir='ltr'><strong>sed</strong></span> <span class='ocrx_word' id='word_1_564' title='bbox 3077 1335 3302 1390; x_wconf 83' lang='lat' dir='ltr'><strong>Credidit</strong></span> <span class='ocrx_word' id='word_1_565' title='bbox 3333 1336 3457 1400; x_wconf 86' lang='lat' dir='ltr'><strong>Deo,</strong></span> <span class='ocrx_word' id='word_1_566' title='bbox 3491 1347 3537 1392; x_wconf 85' lang='lat' dir='ltr'><strong>et</strong></span> 
     </span>
    </p>
   </div>
   <div class='ocr_carea' id='block_1_72' title="bbox 1953 1424 3536 1496">
    <p class='ocr_par' dir='ltr' id='par_1_72' title="bbox 1953 1424 3536 1496">
     <span class='ocr_line' id='line_1_72' title="bbox 1953 1424 3536 1496; baseline 0.004 -20"><span class='ocrx_word' id='word_1_567' title='bbox 1953 1431 2238 1492; x_wconf 87' lang='lat' dir='ltr'><strong>reputatum</strong></span> <span class='ocrx_word' id='word_1_568' title='bbox 2265 1432 2339 1478; x_wconf 82' lang='lat' dir='ltr'><strong>est</strong></span> <span class='ocrx_word' id='word_1_569' title='bbox 2365 1424 2410 1478; x_wconf 86' lang='lat' dir='ltr'><strong>ei</strong></span> <span class='ocrx_word' id='word_1_570' title='bbox 2429 1424 2498 1477; x_wconf 86' lang='lat' dir='ltr'><strong>ad</strong></span> <span class='ocrx_word' id='word_1_571' title='bbox 2513 1425 2764 1494; x_wconf 82' lang='lat' dir='ltr'><strong>justitiam</strong></span> <span class='ocrx_word' id='word_1_572' title='bbox 2787 1424 2937 1493; x_wconf 79' lang='lat' dir='ltr'><strong>(Gen.</strong></span> <span class='ocrx_word' id='word_1_573' title='bbox 2972 1425 3059 1480; x_wconf 74' lang='grc'><strong>15.</strong></span> <span class='ocrx_word' id='word_1_574' title='bbox 3081 1426 3158 1496; x_wconf 89' lang='grc'><strong>6).</strong></span> <span class='ocrx_word' id='word_1_575' title='bbox 3178 1427 3333 1482; x_wconf 82' lang='lat' dir='ltr'><strong>Fides</strong></span> <span class='ocrx_word' id='word_1_576' title='bbox 3361 1437 3536 1482; x_wconf 89' lang='lat' dir='ltr'><strong>autem</strong></span> 
     </span>
    </p>
   </div>
   <div class='ocr_carea' id='block_1_73' title="bbox 1955 1514 3538 1588">
    <p class='ocr_par' dir='ltr' id='par_1_73' title="bbox 1955 1514 3538 1588">
     <span class='ocr_line' id='line_1_73' title="bbox 1955 1514 3538 1588; baseline 0.003 -20"><span class='ocrx_word' id='word_1_577' title='bbox 1955 1523 2038 1568; x_wconf 90' lang='lat' dir='ltr'><strong>est</strong></span> <span class='ocrx_word' id='word_1_578' title='bbox 2059 1529 2204 1583; x_wconf 75' lang='lat' dir='ltr'><strong>pura:</strong></span> <span class='ocrx_word' id='word_1_579' title='bbox 2226 1523 2280 1568; x_wconf 94' lang='lat' dir='ltr'><strong>et</strong></span> <span class='ocrx_word' id='word_1_580' title='bbox 2295 1514 2520 1570; x_wconf 73' lang='lat' dir='ltr'><strong>sincera:</strong></span> <span class='ocrx_word' id='word_1_581' title='bbox 2537 1515 2842 1570; x_wconf 89' lang='lat' dir='ltr'><strong>voluntatis.</strong></span> <span class='ocrx_word' id='word_1_582' title='bbox 2859 1515 3062 1570; x_wconf 89' lang='lat' dir='ltr'><strong>Obtulit</strong></span> <span class='ocrx_word' id='word_1_583' title='bbox 3083 1515 3270 1580; x_wconf 83' lang='lat' dir='ltr'><strong>filimn,</strong></span> <span class='ocrx_word' id='word_1_584' title='bbox 3292 1529 3344 1572; x_wconf 90' lang='lat' dir='ltr'><strong>et</strong></span> <span class='ocrx_word' id='word_1_585' title='bbox 3361 1535 3538 1588; x_wconf 56' lang='lat' dir='ltr'><strong>quam.</strong></span> 
     </span>
    </p>
   </div>
   <div class='ocr_carea' id='block_1_74' title="bbox 1955 1603 3539 1678">
    <p class='ocr_par' dir='ltr' id='par_1_74' title="bbox 1955 1603 3539 1678">
     <span class='ocr_line' id='line_1_74' title="bbox 1955 1603 3539 1678; baseline 0.004 -20"><span class='ocrx_word' id='word_1_586' title='bbox 1955 1603 2036 1658; x_wconf 89' lang='lat' dir='ltr'><strong>vis</strong></span> <span class='ocrx_word' id='word_1_587' title='bbox 2067 1619 2172 1660; x_wconf 90' lang='lat' dir='ltr'><strong>non</strong></span> <span class='ocrx_word' id='word_1_588' title='bbox 2200 1606 2476 1671; x_wconf 91' lang='lat' dir='ltr'><strong>occiderit,</strong></span> <span class='ocrx_word' id='word_1_589' title='bbox 2496 1607 2702 1678; x_wconf 85' lang='lat' dir='ltr'><strong>accepit</strong></span> <span class='ocrx_word' id='word_1_590' title='bbox 2730 1617 2907 1664; x_wconf 87' lang='lat' dir='ltr'><strong>tamen</strong></span> <span class='ocrx_word' id='word_1_591' title='bbox 2931 1608 3230 1664; x_wconf 90' lang='lat' dir='ltr'><strong>mercedem</strong></span> <span class='ocrx_word' id='word_1_592' title='bbox 3254 1625 3312 1665; x_wconf 81' lang='lat' dir='ltr'><strong>ac</strong></span> <span class='ocrx_word' id='word_1_593' title='bbox 3343 1611 3539 1665; x_wconf 81' lang='lat' dir='ltr'><strong>siocci-</strong></span> 
     </span>
    </p>
   </div>
   <div class='ocr_carea' id='block_1_75' title="bbox 1957 1695 3537 1770">
    <p class='ocr_par' dir='ltr' id='par_1_75' title="bbox 1957 1695 3537 1770">
     <span class='ocr_line' id='line_1_75' title="bbox 1957 1695 3537 1770; baseline 0.004 -19"><span class='ocrx_word' id='word_1_594' title='bbox 1957 1695 2152 1764; x_wconf 89' lang='lat' dir='ltr'><strong>disset;</strong></span> <span class='ocrx_word' id='word_1_595' title='bbox 2174 1709 2230 1755; x_wconf 93' lang='lat' dir='ltr'><strong>et</strong></span> <span class='ocrx_word' id='word_1_596' title='bbox 2253 1700 2495 1770; x_wconf 90' lang='lat' dir='ltr'><strong>quamvis</strong></span> <span class='ocrx_word' id='word_1_597' title='bbox 2517 1699 2711 1756; x_wconf 89' lang='lat' dir='ltr'><strong>factum</strong></span> <span class='ocrx_word' id='word_1_598' title='bbox 2745 1717 2855 1756; x_wconf 86' lang='lat' dir='ltr'><strong>non</strong></span> <span class='ocrx_word' id='word_1_599' title='bbox 2885 1710 3029 1756; x_wconf 86' lang='lat' dir='ltr'><strong>esset</strong></span> <span class='ocrx_word' id='word_1_600' title='bbox 3048 1701 3322 1770; x_wconf 77' lang='lat' dir='ltr'><strong>opus,an</strong></span> <span class='ocrx_word' id='word_1_601' title='bbox 3345 1713 3429 1758; x_wconf 77' lang='lat' dir='ltr'><strong>est</strong></span> <span class='ocrx_word' id='word_1_602' title='bbox 3457 1714 3537 1757; x_wconf 76' lang='lat' dir='ltr'><strong>ta-</strong></span> 
     </span>
    </p>
   </div>
   <div class='ocr_carea' id='block_1_76' title="bbox 1954 1792 3539 1864">
    <p class='ocr_par' dir='ltr' id='par_1_76' title="bbox 1954 1792 3539 1864">
     <span class='ocr_line' id='line_1_76' title="bbox 1954 1792 3539 1864; baseline 0.006 -21"><span class='ocrx_word' id='word_1_603' title='bbox 1954 1804 2075 1844; x_wconf 88' lang='lat' dir='ltr'><strong>men</strong></span> <span class='ocrx_word' id='word_1_604' title='bbox 2093 1805 2320 1848; x_wconf 91' lang='lat' dir='ltr'><strong>merces.</strong></span> <span class='ocrx_word' id='word_1_605' title='bbox 2341 1792 2460 1848; x_wconf 90' lang='lat' dir='ltr'><strong>Sint</strong></span> <span class='ocrx_word' id='word_1_606' title='bbox 2479 1809 2606 1864; x_wconf 85' lang='lat' dir='ltr'><strong>ergo</strong></span> <span class='ocrx_word' id='word_1_607' title='bbox 2627 1795 2785 1851; x_wconf 88' lang='lat' dir='ltr'><strong>nobis</strong></span> <span class='ocrx_word' id='word_1_608' title='bbox 2810 1796 2927 1850; x_wconf 88' lang='lat' dir='ltr'><strong>vela</strong></span> <span class='ocrx_word' id='word_1_609' title='bbox 2956 1795 3176 1863; x_wconf 87' lang='lat' dir='ltr'><strong>munda,</strong></span> <span class='ocrx_word' id='word_1_610' title='bbox 3203 1812 3338 1851; x_wconf 88' lang='lat' dir='ltr'><strong>nova</strong></span> <span class='ocrx_word' id='word_1_611' title='bbox 3361 1808 3539 1853; x_wconf 86' lang='lat' dir='ltr'><strong>etnon</strong></span> 
     </span>
    </p>
   </div>
   <div class='ocr_carea' id='block_1_77' title="bbox 1955 1881 3538 1958">
    <p class='ocr_par' dir='ltr' id='par_1_77' title="bbox 1955 1881 3538 1958">
     <span class='ocr_line' id='line_1_77' title="bbox 1955 1881 3538 1958; baseline 0.007 -24"><span class='ocrx_word' id='word_1_612' title='bbox 1955 1881 2248 1937; x_wconf 84' lang='lat' dir='ltr'><strong>inveterata</strong></span> <span class='ocrx_word' id='word_1_613' title='bbox 2281 1899 2296 1935; x_wconf 95' lang='lat'><strong>:</strong></span> <span class='ocrx_word' id='word_1_614' title='bbox 2340 1883 2478 1938; x_wconf 84' lang='lat' dir='ltr'><strong>Nam</strong></span> <span class='ocrx_word' id='word_1_615' title='bbox 2502 1887 2745 1954; x_wconf 82' lang='lat' dir='ltr'><strong>quidquid</strong></span> <span class='ocrx_word' id='word_1_616' title='bbox 2768 1887 3082 1942; x_wconf 77' lang='lat' dir='ltr'><strong>inveterascit</strong></span> <span class='ocrx_word' id='word_1_617' title='bbox 3109 1897 3157 1942; x_wconf 84' lang='lat' dir='ltr'><strong>et</strong></span> <span class='ocrx_word' id='word_1_618' title='bbox 3197 1891 3538 1958; x_wconf 82' lang='lat' dir='ltr'><strong>consenescit,</strong></span> 
     </span>
    </p>
   </div>
   <div class='ocr_carea' id='block_1_78' title="bbox 1955 1972 3538 2050">
    <p class='ocr_par' dir='ltr' id='par_1_78' title="bbox 1955 1972 3538 2050">
     <span class='ocr_line' id='line_1_78' title="bbox 1955 1972 3538 2050; baseline 0.008 -26"><span class='ocrx_word' id='word_1_619' title='bbox 1955 1987 2112 2041; x_wconf 85' lang='lat' dir='ltr'><strong>prope</strong></span> <span class='ocrx_word' id='word_1_620' title='bbox 2135 1972 2390 2030; x_wconf 76' lang='lat' dir='ltr'><strong>interitum</strong></span> <span class='ocrx_word' id='word_1_621' title='bbox 2419 1987 2494 2030; x_wconf 82' lang='lat' dir='ltr'><strong>est</strong></span> <span class='ocrx_word' id='word_1_622' title='bbox 2519 1977 2538 2046; x_wconf 93' lang='lat'><strong>(</strong></span> <span class='ocrx_word' id='word_1_623' title='bbox 2564 1977 2720 2033; x_wconf 80' lang='lat' dir='ltr'><strong>Hebr.</strong></span> <span class='ocrx_word' id='word_1_624' title='bbox 2752 1979 2804 2034; x_wconf 92' lang='lat'><strong>8.</strong></span> <span class='ocrx_word' id='word_1_625' title='bbox 2836 1980 2903 2033; x_wconf 80' lang='lat' dir='ltr'><strong>l3</strong></span> <span class='ocrx_word' id='word_1_626' title='bbox 2924 1980 2976 2050; x_wconf 90' lang='lat'><strong>):</strong></span> <span class='ocrx_word' id='word_1_627' title='bbox 3011 1995 3114 2033; x_wconf 91' lang='lat' dir='ltr'><strong>non</strong></span> <span class='ocrx_word' id='word_1_628' title='bbox 3143 1980 3408 2050; x_wconf 87' lang='lat' dir='ltr'><strong>perforata</strong></span> <span class='ocrx_word' id='word_1_629' title='bbox 3440 2024 3454 2046; x_wconf 95' lang='lat'><strong>,</strong></span> <span class='ocrx_word' id='word_1_630' title='bbox 3483 1991 3538 2037; x_wconf 91' lang='lat' dir='ltr'><strong>ut</strong></span> 
     </span>
    </p>
   </div>
   <div class='ocr_carea' id='block_1_79' title="bbox 1955 2063 3543 2139">
    <p class='ocr_par' dir='ltr' id='par_1_79' title="bbox 1955 2063 3543 2139">
     <span class='ocr_line' id='line_1_79' title="bbox 1955 2063 3543 2139; baseline 0.006 -20"><span class='ocrx_word' id='word_1_631' title='bbox 1955 2063 2264 2120; x_wconf 90' lang='lat' dir='ltr'><strong>contineant</strong></span> <span class='ocrx_word' id='word_1_632' title='bbox 2289 2069 2898 2139; x_wconf 75' lang='lat' dir='ltr'><strong>OperationemSpiritus</strong></span> <span class='ocrx_word' id='word_1_633' title='bbox 2927 2085 2942 2127; x_wconf 84' lang='lat'><strong>:</strong></span> <span class='ocrx_word' id='word_1_634' title='bbox 2977 2071 3224 2126; x_wconf 79' lang='lat' dir='ltr'><strong>Animalis</strong></span> <span class='ocrx_word' id='word_1_635' title='bbox 3243 2073 3386 2126; x_wconf 85' lang='lat' dir='ltr'><strong>enim</strong></span> <span class='ocrx_word' id='word_1_636' title='bbox 3412 2110 3430 2138; x_wconf 89' lang='lat'><strong>,</strong></span> <span class='ocrx_word' id='word_1_637' title='bbox 3462 2073 3543 2128; x_wconf 85' lang='lat' dir='ltr'><strong>in-</strong></span> 
     </span>
    </p>
   </div>
   <div class='ocr_carea' id='block_1_80' title="bbox 1957 2156 3538 2236">
    <p class='ocr_par' dir='ltr' id='par_1_80' title="bbox 1957 2156 3538 2236">
     <span class='ocr_line' id='line_1_80' title="bbox 1957 2156 3538 2236; baseline 0.007 -29"><span class='ocrx_word' id='word_1_638' title='bbox 1957 2156 2090 2221; x_wconf 88' lang='lat' dir='ltr'><strong>quit,</strong></span> <span class='ocrx_word' id='word_1_639' title='bbox 2106 2156 2254 2211; x_wconf 85' lang='lat' dir='ltr'><strong>homo</strong></span> <span class='ocrx_word' id='word_1_640' title='bbox 2271 2175 2370 2212; x_wconf 81' lang='lat' dir='ltr'><strong>non</strong></span> <span class='ocrx_word' id='word_1_641' title='bbox 2387 2161 2521 2226; x_wconf 88' lang='lat' dir='ltr'><strong>capit</strong></span> <span class='ocrx_word' id='word_1_642' title='bbox 2547 2176 2606 2213; x_wconf 81' lang='lat' dir='ltr'><strong>ea</strong></span> <span class='ocrx_word' id='word_1_643' title='bbox 2629 2175 2740 2230; x_wconf 70' lang='lat' dir='ltr'><strong>quas</strong></span> <span class='ocrx_word' id='word_1_644' title='bbox 2757 2171 2874 2215; x_wconf 87' lang='lat' dir='ltr'><strong>sunt</strong></span> <span class='ocrx_word' id='word_1_645' title='bbox 2900 2161 3124 2233; x_wconf 87' lang='lat' dir='ltr'><strong>Spiritus</strong></span> <span class='ocrx_word' id='word_1_646' title='bbox 3140 2163 3185 2236; x_wconf 92' lang='lat' dir='ltr'><strong>(l</strong></span> <span class='ocrx_word' id='word_1_647' title='bbox 3202 2204 3216 2216; x_wconf 96' lang='lat'><strong>.</strong></span> <span class='ocrx_word' id='word_1_648' title='bbox 3231 2164 3348 2218; x_wconf 87' lang='lat' dir='ltr'><strong>Cor.</strong></span> <span class='ocrx_word' id='word_1_649' title='bbox 3361 2164 3538 2232; x_wconf 70' lang='lat'><strong>2.14).</strong></span> 
     </span>
    </p>
   </div>
   <div class='ocr_carea' id='block_1_81' title="bbox 1957 2246 3538 2324">
    <p class='ocr_par' dir='ltr' id='par_1_81' title="bbox 1957 2246 3538 2324">
     <span class='ocr_line' id='line_1_81' title="bbox 1957 2246 3538 2324; baseline 0.006 -24"><span class='ocrx_word' id='word_1_650' title='bbox 1957 2246 2105 2301; x_wconf 89' lang='lat' dir='ltr'><strong>Sicut</strong></span> <span class='ocrx_word' id='word_1_651' title='bbox 2120 2249 2262 2304; x_wconf 90' lang='lat' dir='ltr'><strong>enim</strong></span> <span class='ocrx_word' id='word_1_652' title='bbox 2285 2250 2404 2305; x_wconf 74' lang='lat' dir='ltr'><strong>telae</strong></span> <span class='ocrx_word' id='word_1_653' title='bbox 2419 2266 2734 2306; x_wconf 87' lang='lat' dir='ltr'><strong>aranearum</strong></span> <span class='ocrx_word' id='word_1_654' title='bbox 2755 2252 2859 2306; x_wconf 90' lang='lat' dir='ltr'><strong>vim</strong></span> <span class='ocrx_word' id='word_1_655' title='bbox 2879 2254 3020 2307; x_wconf 90' lang='lat' dir='ltr'><strong>venti</strong></span> <span class='ocrx_word' id='word_1_656' title='bbox 3046 2269 3151 2308; x_wconf 89' lang='lat' dir='ltr'><strong>non</strong></span> <span class='ocrx_word' id='word_1_657' title='bbox 3167 2256 3497 2324; x_wconf 86' lang='lat' dir='ltr'><strong>susceperint</strong></span> <span class='ocrx_word' id='word_1_658' title='bbox 3525 2275 3538 2310; x_wconf 89' lang='lat'><strong>:</strong></span> 
     </span>
    </p>
   </div>
   <div class='ocr_carea' id='block_1_82' title="bbox 1961 2337 3540 2410">
    <p class='ocr_par' dir='ltr' id='par_1_82' title="bbox 1961 2337 3540 2410">
     <span class='ocr_line' id='line_1_82' title="bbox 1961 2337 3540 2410; baseline 0.005 -19"><span class='ocrx_word' id='word_1_659' title='bbox 1961 2337 2030 2391; x_wconf 80' lang='lat' dir='ltr'><strong>ita</strong></span> <span class='ocrx_word' id='word_1_660' title='bbox 2057 2353 2155 2394; x_wconf 90' lang='lat' dir='ltr'><strong>nec</strong></span> <span class='ocrx_word' id='word_1_661' title='bbox 2183 2339 2360 2394; x_wconf 87' lang='lat' dir='ltr'><strong>anima</strong></span> <span class='ocrx_word' id='word_1_662' title='bbox 2387 2341 2542 2410; x_wconf 84' lang='lat' dir='ltr'><strong>hujus</strong></span> <span class='ocrx_word' id='word_1_663' title='bbox 2571 2342 2692 2396; x_wconf 69' lang='lat' dir='ltr'><strong>vita:</strong></span> <span class='ocrx_word' id='word_1_664' title='bbox 2716 2342 2861 2397; x_wconf 90' lang='lat' dir='ltr'><strong>curis</strong></span> <span class='ocrx_word' id='word_1_665' title='bbox 2887 2343 3086 2409; x_wconf 91' lang='lat' dir='ltr'><strong>dedita,</strong></span> <span class='ocrx_word' id='word_1_666' title='bbox 3115 2360 3212 2399; x_wconf 89' lang='lat' dir='ltr'><strong>nec</strong></span> <span class='ocrx_word' id='word_1_667' title='bbox 3239 2345 3398 2399; x_wconf 92' lang='lat' dir='ltr'><strong>homo</strong></span> <span class='ocrx_word' id='word_1_668' title='bbox 3425 2349 3540 2399; x_wconf 79' lang='lat' dir='ltr'><strong>aui-</strong></span> 
     </span>
    </p>
   </div>
   <div class='ocr_carea' id='block_1_83' title="bbox 1960 2429 3543 2504">
    <p class='ocr_par' dir='ltr' id='par_1_83' title="bbox 1960 2429 3543 2504">
     <span class='ocr_line' id='line_1_83' title="bbox 1960 2429 3543 2504; baseline 0.008 -24"><span class='ocrx_word' id='word_1_669' title='bbox 1960 2429 2113 2484; x_wconf 88' lang='lat' dir='ltr'><strong>malis</strong></span> <span class='ocrx_word' id='word_1_670' title='bbox 2141 2431 2336 2500; x_wconf 88' lang='lat' dir='ltr'><strong>poterit</strong></span> <span class='ocrx_word' id='word_1_671' title='bbox 2360 2447 2610 2502; x_wconf 90' lang='lat' dir='ltr'><strong>umquam</strong></span> <span class='ocrx_word' id='word_1_672' title='bbox 2635 2433 2908 2502; x_wconf 89' lang='lat' dir='ltr'><strong>suscipere</strong></span> <span class='ocrx_word' id='word_1_673' title='bbox 2934 2435 3157 2503; x_wconf 82' lang='lat' dir='ltr'><strong>gratiam</strong></span> <span class='ocrx_word' id='word_1_674' title='bbox 3187 2435 3436 2504; x_wconf 87' lang='lat' dir='ltr'><strong>Spiritus.</strong></span> <span class='ocrx_word' id='word_1_675' title='bbox 3462 2437 3543 2493; x_wconf 77' lang='lat' dir='ltr'><strong>Ab</strong></span> 
     </span>
    </p>
   </div>
   <div class='ocr_carea' id='block_1_84' title="bbox 1962 2521 3543 2594">
    <p class='ocr_par' dir='ltr' id='par_1_84' title="bbox 1962 2521 3543 2594">
     <span class='ocr_line' id='line_1_84' title="bbox 1962 2521 3543 2594; baseline 0.004 -20"><span class='ocrx_word' id='word_1_676' title='bbox 1962 2521 2069 2577; x_wconf 89' lang='lat' dir='ltr'><strong>illis</strong></span> <span class='ocrx_word' id='word_1_677' title='bbox 2098 2523 2242 2576; x_wconf 89' lang='lat' dir='ltr'><strong>enim</strong></span> <span class='ocrx_word' id='word_1_678' title='bbox 2274 2522 2402 2576; x_wconf 90' lang='lat' dir='ltr'><strong>nihil</strong></span> <span class='ocrx_word' id='word_1_679' title='bbox 2430 2522 2632 2578; x_wconf 90' lang='lat' dir='ltr'><strong>distant</strong></span> <span class='ocrx_word' id='word_1_680' title='bbox 2655 2533 2851 2578; x_wconf 63' lang='lat' dir='ltr'><strong>nostra:</strong></span> <span class='ocrx_word' id='word_1_681' title='bbox 2880 2526 3256 2594; x_wconf 85' lang='lat' dir='ltr'><strong>cogitationes,</strong></span> <span class='ocrx_word' id='word_1_682' title='bbox 3281 2528 3396 2580; x_wconf 85' lang='lat' dir='ltr'><strong>visu</strong></span> <span class='ocrx_word' id='word_1_683' title='bbox 3428 2529 3543 2594; x_wconf 90' lang='lat' dir='ltr'><strong>qni-</strong></span> 
     </span>
    </p>
   </div>
   <div class='ocr_carea' id='block_1_85' title="bbox 1959 2612 3540 2686">
    <p class='ocr_par' dir='ltr' id='par_1_85' title="bbox 1959 2612 3540 2686">
     <span class='ocr_line' id='line_1_85' title="bbox 1959 2612 3540 2686; baseline 0.004 -20"><span class='ocrx_word' id='word_1_684' title='bbox 1959 2612 2081 2667; x_wconf 86' lang='lat' dir='ltr'><strong>dem</strong></span> <span class='ocrx_word' id='word_1_685' title='bbox 2119 2614 2289 2667; x_wconf 91' lang='lat' dir='ltr'><strong>solum</strong></span> <span class='ocrx_word' id='word_1_686' title='bbox 2319 2626 2600 2670; x_wconf 87' lang='lat' dir='ltr'><strong>servantes</strong></span> <span class='ocrx_word' id='word_1_687' title='bbox 2627 2616 3065 2685; x_wconf 89' lang='lat' dir='ltr'><strong>consequentiam</strong></span> <span class='ocrx_word' id='word_1_688' title='bbox 3092 2658 3106 2681; x_wconf 93' lang='lat'><strong>,</strong></span> <span class='ocrx_word' id='word_1_689' title='bbox 3139 2618 3357 2686; x_wconf 72' lang='lat' dir='ltr'><strong>privatae</strong></span> <span class='ocrx_word' id='word_1_690' title='bbox 3396 2618 3540 2673; x_wconf 80' lang='lat' dir='ltr'><strong>Omni</strong></span> 
     </span>
    </p>
   </div>
   <div class='ocr_carea' id='block_1_86' title="bbox 1961 2704 3540 2777">
    <p class='ocr_par' dir='ltr' id='par_1_86' title="bbox 1961 2704 3540 2777">
     <span class='ocr_line' id='line_1_86' title="bbox 1961 2704 3540 2777; baseline 0.003 -20"><span class='ocrx_word' id='word_1_691' title='bbox 1961 2705 2174 2759; x_wconf 88' lang='lat' dir='ltr'><strong>virtute.</strong></span> <span class='ocrx_word' id='word_1_692' title='bbox 2204 2704 2307 2760; x_wconf 89' lang='lat' dir='ltr'><strong>Sed</strong></span> <span class='ocrx_word' id='word_1_693' title='bbox 2335 2714 2516 2759; x_wconf 85' lang='lat' dir='ltr'><strong>nostra</strong></span> <span class='ocrx_word' id='word_1_694' title='bbox 2549 2721 2652 2760; x_wconf 91' lang='lat' dir='ltr'><strong>nou</strong></span> <span class='ocrx_word' id='word_1_695' title='bbox 2676 2717 2799 2761; x_wconf 89' lang='lat' dir='ltr'><strong>sunt</strong></span> <span class='ocrx_word' id='word_1_696' title='bbox 2821 2706 3147 2777; x_wconf 85' lang='lat' dir='ltr'><strong>hujusmodi,</strong></span> <span class='ocrx_word' id='word_1_697' title='bbox 3174 2709 3217 2762; x_wconf 87' lang='lat' dir='ltr'><strong>si</strong></span> <span class='ocrx_word' id='word_1_698' title='bbox 3239 2708 3540 2777; x_wconf 85' lang='lat' dir='ltr'><strong>sapiamus;</strong></span> 
     </span>
    </p>
   </div>
   <div class='ocr_carea' id='block_1_87' title="bbox 1959 2793 3546 2864">
    <p class='ocr_par' dir='ltr' id='par_1_87' title="bbox 1959 2793 3546 2864">
     <span class='ocr_line' id='line_1_87' title="bbox 1959 2793 3546 2864; baseline 0.004 -17"><span class='ocrx_word' id='word_1_699' title='bbox 1959 2793 2053 2848; x_wconf 89' lang='lat' dir='ltr'><strong>sed</strong></span> <span class='ocrx_word' id='word_1_700' title='bbox 2075 2794 2330 2864; x_wconf 90' lang='lat' dir='ltr'><strong>quidquid</strong></span> <span class='ocrx_word' id='word_1_701' title='bbox 2361 2794 2625 2859; x_wconf 86' lang='lat' dir='ltr'><strong>inciderit,</strong></span> <span class='ocrx_word' id='word_1_702' title='bbox 2643 2805 2825 2852; x_wconf 91' lang='lat' dir='ltr'><strong>tenent</strong></span> <span class='ocrx_word' id='word_1_703' title='bbox 2853 2798 3052 2863; x_wconf 84' lang='lat' dir='ltr'><strong>omnia,</strong></span> <span class='ocrx_word' id='word_1_704' title='bbox 3078 2807 3132 2852; x_wconf 90' lang='lat' dir='ltr'><strong>et</strong></span> <span class='ocrx_word' id='word_1_705' title='bbox 3151 2808 3278 2852; x_wconf 85' lang='lat' dir='ltr'><strong>sunt</strong></span> <span class='ocrx_word' id='word_1_706' title='bbox 3297 2797 3546 2853; x_wconf 77' lang='lat' dir='ltr'><strong>omnibus</strong></span> 
     </span>
    </p>
   </div>
   <div class='ocr_carea' id='block_1_88' title="bbox 1961 2887 3042 2957">
    <p class='ocr_par' dir='ltr' id='par_1_88' title="bbox 1961 2887 3042 2957">
     <span class='ocr_line' id='line_1_88' title="bbox 1961 2887 3042 2957; baseline 0.002 -15"><span class='ocrx_word' id='word_1_707' title='bbox 1961 2887 2258 2956; x_wconf 90' lang='lat' dir='ltr'><strong>superiora,</strong></span> <span class='ocrx_word' id='word_1_708' title='bbox 2286 2896 2340 2942; x_wconf 92' lang='lat' dir='ltr'><strong>et</strong></span> <span class='ocrx_word' id='word_1_709' title='bbox 2364 2889 2553 2956; x_wconf 86' lang='lat' dir='ltr'><strong>quovis</strong></span> <span class='ocrx_word' id='word_1_710' title='bbox 2584 2889 2774 2957; x_wconf 86' lang='lat' dir='ltr'><strong>laqueo</strong></span> <span class='ocrx_word' id='word_1_711' title='bbox 2800 2889 3042 2945; x_wconf 87' lang='lat' dir='ltr'><strong>fortiora.</strong></span> 
     </span>
    </p>
   </div>
   <div class='ocr_carea' id='block_1_89' title="bbox 2033 2979 3546 3054">
    <p class='ocr_par' dir='ltr' id='par_1_89' title="bbox 2033 2979 3546 3054">
     <span class='ocr_line' id='line_1_89' title="bbox 2033 2979 3546 3054; baseline 0.001 -18"><span class='ocrx_word' id='word_1_712' title='bbox 2033 2979 2332 3051; x_wconf 82' lang='lat' dir='ltr'><strong>Spiritualis</strong></span> <span class='ocrx_word' id='word_1_713' title='bbox 2355 2982 2525 3035; x_wconf 87' lang='lat' dir='ltr'><strong>omnia</strong></span> <span class='ocrx_word' id='word_1_714' title='bbox 2549 2988 2644 3052; x_wconf 79' lang='lat' dir='ltr'><strong>fert</strong></span> <span class='ocrx_word' id='word_1_715' title='bbox 2665 2982 3055 3038; x_wconf 57' lang='lat' dir='ltr'><strong>libentem—Sit</strong></span> <span class='ocrx_word' id='word_1_716' title='bbox 3078 2982 3222 3038; x_wconf 89' lang='lat' dir='ltr'><strong>enim</strong></span> <span class='ocrx_word' id='word_1_717' title='bbox 3252 2983 3332 3038; x_wconf 92' lang='lat' dir='ltr'><strong>vir</strong></span> <span class='ocrx_word' id='word_1_718' title='bbox 3351 2983 3546 3054; x_wconf 88' lang='lat' dir='ltr'><strong>aliquis</strong></span> 
     </span>
    </p>
   </div>
   <div class='ocr_carea' id='block_1_90' title="bbox 1962 3071 3546 3142">
    <p class='ocr_par' dir='ltr' id='par_1_90' title="bbox 1962 3071 3546 3142">
     <span class='ocr_line' id='line_1_90' title="bbox 1962 3071 3546 3142; baseline 0.002 -16"><span class='ocrx_word' id='word_1_719' title='bbox 1962 3071 2272 3140; x_wconf 86' lang='lat' dir='ltr'><strong>spiritualis,</strong></span> <span class='ocrx_word' id='word_1_720' title='bbox 2302 3073 2425 3126; x_wconf 90' lang='lat' dir='ltr'><strong>etei</strong></span> <span class='ocrx_word' id='word_1_721' title='bbox 2453 3074 2762 3142; x_wconf 87' lang='lat' dir='ltr'><strong>contingant</strong></span> <span class='ocrx_word' id='word_1_722' title='bbox 2789 3074 3197 3129; x_wconf 77' lang='lat' dir='ltr'><strong>innumerabilia</strong></span> <span class='ocrx_word' id='word_1_723' title='bbox 3227 3075 3363 3129; x_wconf 87' lang='lat' dir='ltr'><strong>mala</strong></span> <span class='ocrx_word' id='word_1_724' title='bbox 3383 3085 3436 3130; x_wconf 90' lang='lat' dir='ltr'><strong>et</strong></span> <span class='ocrx_word' id='word_1_725' title='bbox 3466 3077 3546 3129; x_wconf 85' lang='lat' dir='ltr'><strong>in-</strong></span> 
     </span>
    </p>
   </div>
   <div class='ocr_carea' id='block_1_91' title="bbox 1963 3163 3542 3236">
    <p class='ocr_par' dir='ltr' id='par_1_91' title="bbox 1963 3163 3542 3236">
     <span class='ocr_line' id='line_1_91' title="bbox 1963 3163 3542 3236; baseline 0.004 -20"><span class='ocrx_word' id='word_1_726' title='bbox 1963 3163 2264 3229; x_wconf 90' lang='lat' dir='ltr'><strong>commoda,</strong></span> <span class='ocrx_word' id='word_1_727' title='bbox 2291 3179 2318 3214; x_wconf 86' lang='lat' dir='ltr'><strong>a</strong></span> <span class='ocrx_word' id='word_1_728' title='bbox 2344 3164 2487 3217; x_wconf 92' lang='lat' dir='ltr'><strong>nullo</strong></span> <span class='ocrx_word' id='word_1_729' title='bbox 2513 3178 2698 3218; x_wconf 89' lang='lat' dir='ltr'><strong>eorum</strong></span> <span class='ocrx_word' id='word_1_730' title='bbox 2726 3165 2952 3234; x_wconf 89' lang='lat' dir='ltr'><strong>capitur.</strong></span> <span class='ocrx_word' id='word_1_731' title='bbox 2980 3166 3045 3220; x_wconf 89' lang='lat' dir='ltr'><strong>Et</strong></span> <span class='ocrx_word' id='word_1_732' title='bbox 3074 3167 3200 3236; x_wconf 91' lang='lat' dir='ltr'><strong>quid</strong></span> <span class='ocrx_word' id='word_1_733' title='bbox 3227 3166 3382 3222; x_wconf 81' lang='lat' dir='ltr'><strong>dico?</strong></span> <span class='ocrx_word' id='word_1_734' title='bbox 3406 3167 3542 3222; x_wconf 82' lang='lat' dir='ltr'><strong>infe-</strong></span> 
     </span>
    </p>
   </div>
   <div class='ocr_carea' id='block_1_92' title="bbox 1964 3256 3542 3327">
    <p class='ocr_par' dir='ltr' id='par_1_92' title="bbox 1964 3256 3542 3327">
     <span class='ocr_line' id='line_1_92' title="bbox 1964 3256 3542 3327; baseline 0.002 -16"><span class='ocrx_word' id='word_1_735' title='bbox 1964 3267 2110 3311; x_wconf 89' lang='lat' dir='ltr'><strong>ratur</strong></span> <span class='ocrx_word' id='word_1_736' title='bbox 2139 3256 2213 3311; x_wconf 88' lang='lat' dir='ltr'><strong>illi</strong></span> <span class='ocrx_word' id='word_1_737' title='bbox 2244 3266 2548 3327; x_wconf 85' lang='lat' dir='ltr'><strong>paupertas,</strong></span> <span class='ocrx_word' id='word_1_738' title='bbox 2581 3257 2820 3322; x_wconf 90' lang='lat' dir='ltr'><strong>morbus,</strong></span> <span class='ocrx_word' id='word_1_739' title='bbox 2849 3259 3208 3321; x_wconf 71' lang='lat' dir='ltr'><strong>contumelizr,</strong></span> <span class='ocrx_word' id='word_1_740' title='bbox 3241 3259 3542 3326; x_wconf 84' lang='lat' dir='ltr'><strong>maledicta,</strong></span> 
     </span>
    </p>
   </div>
   <div class='ocr_carea' id='block_1_93' title="bbox 1965 3347 3544 3420">
    <p class='ocr_par' dir='ltr' id='par_1_93' title="bbox 1965 3347 3544 3420">
     <span class='ocr_line' id='line_1_93' title="bbox 1965 3347 3544 3420; baseline 0.003 -18"><span class='ocrx_word' id='word_1_741' title='bbox 1965 3347 2216 3415; x_wconf 83' lang='lat' dir='ltr'><strong>ludibria,</strong></span> <span class='ocrx_word' id='word_1_742' title='bbox 2241 3349 2427 3418; x_wconf 74' lang='lat' dir='ltr'><strong>plagze,</strong></span> <span class='ocrx_word' id='word_1_743' title='bbox 2445 3365 2604 3404; x_wconf 91' lang='lat' dir='ltr'><strong>omne</strong></span> <span class='ocrx_word' id='word_1_744' title='bbox 2619 3364 2787 3420; x_wconf 91' lang='lat' dir='ltr'><strong>genus</strong></span> <span class='ocrx_word' id='word_1_745' title='bbox 2803 3350 3067 3420; x_wconf 91' lang='lat' dir='ltr'><strong>supplicii,</strong></span> <span class='ocrx_word' id='word_1_746' title='bbox 3095 3365 3254 3405; x_wconf 91' lang='lat' dir='ltr'><strong>omne</strong></span> <span class='ocrx_word' id='word_1_747' title='bbox 3278 3366 3450 3419; x_wconf 75' lang='lat' dir='ltr'><strong>genus</strong></span> <span class='ocrx_word' id='word_1_748' title='bbox 3473 3352 3544 3406; x_wconf 92' lang='lat' dir='ltr'><strong>ir-</strong></span> 
     </span>
    </p>
   </div>
   <div class='ocr_carea' id='block_1_94' title="bbox 1964 3440 3541 3512">
    <p class='ocr_par' dir='ltr' id='par_1_94' title="bbox 1964 3440 3541 3512">
     <span class='ocr_line' id='line_1_94' title="bbox 1964 3440 3541 3512; baseline 0.003 -17"><span class='ocrx_word' id='word_1_749' title='bbox 1964 3440 2180 3496; x_wconf 89' lang='lat' dir='ltr'><strong>risionis</strong></span> <span class='ocrx_word' id='word_1_750' title='bbox 2195 3447 2251 3495; x_wconf 90' lang='lat' dir='ltr'><strong>et</strong></span> <span class='ocrx_word' id='word_1_751' title='bbox 2270 3440 2572 3510; x_wconf 84' lang='lat' dir='ltr'><strong>opprobrii;</strong></span> <span class='ocrx_word' id='word_1_752' title='bbox 2595 3452 2649 3494; x_wconf 91' lang='lat' dir='ltr'><strong>at</strong></span> <span class='ocrx_word' id='word_1_753' title='bbox 2679 3450 2944 3512; x_wconf 88' lang='lat' dir='ltr'><strong>tamquam</strong></span> <span class='ocrx_word' id='word_1_754' title='bbox 2973 3444 3059 3512; x_wconf 91' lang='lat' dir='ltr'><strong>qui</strong></span> <span class='ocrx_word' id='word_1_755' title='bbox 3089 3444 3158 3497; x_wconf 90' lang='lat' dir='ltr'><strong>sit</strong></span> <span class='ocrx_word' id='word_1_756' title='bbox 3178 3453 3325 3498; x_wconf 87' lang='lat' dir='ltr'><strong>extra</strong></span> <span class='ocrx_word' id='word_1_757' title='bbox 3356 3445 3541 3500; x_wconf 88' lang='lat' dir='ltr'><strong>orbem</strong></span> 
     </span>
    </p>
   </div>
   <div class='ocr_carea' id='block_1_95' title="bbox 1969 3531 3547 3604">
    <p class='ocr_par' dir='ltr' id='par_1_95' title="bbox 1969 3531 3547 3604">
     <span class='ocr_line' id='line_1_95' title="bbox 1969 3531 3547 3604; baseline 0.003 -18"><span class='ocrx_word' id='word_1_758' title='bbox 1969 3541 2125 3587; x_wconf 68' lang='lat' dir='ltr'><strong>terrae</strong></span> <span class='ocrx_word' id='word_1_759' title='bbox 2150 3539 2206 3586; x_wconf 91' lang='lat' dir='ltr'><strong>et</strong></span> <span class='ocrx_word' id='word_1_760' title='bbox 2231 3531 2367 3586; x_wconf 84' lang='lat' dir='ltr'><strong>liber</strong></span> <span class='ocrx_word' id='word_1_761' title='bbox 2391 3532 2458 3585; x_wconf 93' lang='lat' dir='ltr'><strong>ab</strong></span> <span class='ocrx_word' id='word_1_762' title='bbox 2499 3532 2748 3587; x_wconf 91' lang='lat' dir='ltr'><strong>omnibus</strong></span> <span class='ocrx_word' id='word_1_763' title='bbox 2768 3535 3011 3604; x_wconf 90' lang='lat' dir='ltr'><strong>corporis</strong></span> <span class='ocrx_word' id='word_1_764' title='bbox 3038 3535 3411 3591; x_wconf 79' lang='lat' dir='ltr'><strong>achclionibus</strong></span> <span class='ocrx_word' id='word_1_765' title='bbox 3431 3579 3444 3600; x_wconf 89' lang='lat'><strong>,</strong></span> <span class='ocrx_word' id='word_1_766' title='bbox 3477 3538 3547 3590; x_wconf 87' lang='lat' dir='ltr'><strong>ita</strong></span> 
     </span>
    </p>
   </div>
   <div class='ocr_carea' id='block_1_96' title="bbox 1967 3623 3550 3697">
    <p class='ocr_par' dir='ltr' id='par_1_96' title="bbox 1967 3623 3550 3697">
     <span class='ocr_line' id='line_1_96' title="bbox 1967 3623 3550 3697; baseline 0.001 -17"><span class='ocrx_word' id='word_1_767' title='bbox 1967 3623 2143 3680; x_wconf 91' lang='lat' dir='ltr'><strong>omnia</strong></span> <span class='ocrx_word' id='word_1_768' title='bbox 2159 3623 2581 3690; x_wconf 91' lang='lat' dir='ltr'><strong>irridebit.Quod</strong></span> <span class='ocrx_word' id='word_1_769' title='bbox 2598 3635 2775 3679; x_wconf 88' lang='lat' dir='ltr'><strong>autem</strong></span> <span class='ocrx_word' id='word_1_770' title='bbox 2803 3625 2918 3681; x_wconf 73' lang='lat' dir='ltr'><strong>hzec</strong></span> <span class='ocrx_word' id='word_1_771' title='bbox 2935 3628 3094 3681; x_wconf 89' lang='lat' dir='ltr'><strong>verba</strong></span> <span class='ocrx_word' id='word_1_772' title='bbox 3119 3643 3221 3682; x_wconf 90' lang='lat' dir='ltr'><strong>non</strong></span> <span class='ocrx_word' id='word_1_773' title='bbox 3251 3636 3451 3682; x_wconf 90' lang='lat' dir='ltr'><strong>temere</strong></span> <span class='ocrx_word' id='word_1_774' title='bbox 3463 3628 3550 3697; x_wconf 84' lang='lat' dir='ltr'><strong>ja-</strong></span> 
     </span>
    </p>
   </div>
   <div class='ocr_carea' id='block_1_97' title="bbox 1967 3714 3542 3787">
    <p class='ocr_par' dir='ltr' id='par_1_97' title="bbox 1967 3714 3542 3787">
     <span class='ocr_line' id='line_1_97' title="bbox 1967 3714 3542 3787; baseline 0.002 -18"><span class='ocrx_word' id='word_1_775' title='bbox 1967 3723 2198 3780; x_wconf 90' lang='lat' dir='ltr'><strong>ctentur,</strong></span> <span class='ocrx_word' id='word_1_776' title='bbox 2216 3714 2407 3768; x_wconf 91' lang='lat' dir='ltr'><strong>multos</strong></span> <span class='ocrx_word' id='word_1_777' title='bbox 2425 3715 2672 3769; x_wconf 89' lang='lat' dir='ltr'><strong>existimo</strong></span> <span class='ocrx_word' id='word_1_778' title='bbox 2689 3731 2830 3770; x_wconf 91' lang='lat' dir='ltr'><strong>nunc</strong></span> <span class='ocrx_word' id='word_1_779' title='bbox 2850 3731 3060 3785; x_wconf 84' lang='lat' dir='ltr'><strong>quoque</strong></span> <span class='ocrx_word' id='word_1_780' title='bbox 3075 3732 3196 3772; x_wconf 88' lang='lat' dir='ltr'><strong>esse</strong></span> <span class='ocrx_word' id='word_1_781' title='bbox 3218 3717 3542 3787; x_wconf 72' lang='lat' dir='ltr'><strong>huiusmodi,</strong></span> 
     </span>
    </p>
   </div>
   <div class='ocr_carea' id='block_1_98' title="bbox 1970 3804 3546 3873">
    <p class='ocr_par' dir='ltr' id='par_1_98' title="bbox 1970 3804 3546 3873">
     <span class='ocr_line' id='line_1_98' title="bbox 1970 3804 3546 3873; baseline 0.003 -15"><span class='ocrx_word' id='word_1_782' title='bbox 1970 3813 2028 3859; x_wconf 91' lang='lat' dir='ltr'><strong>ut</strong></span> <span class='ocrx_word' id='word_1_783' title='bbox 2046 3820 2109 3859; x_wconf 84' lang='lat' dir='ltr'><strong>ex</strong></span> <span class='ocrx_word' id='word_1_784' title='bbox 2140 3804 2206 3859; x_wconf 90' lang='lat' dir='ltr'><strong>iis</strong></span> <span class='ocrx_word' id='word_1_785' title='bbox 2221 3807 2309 3873; x_wconf 90' lang='lat' dir='ltr'><strong>qui</strong></span> <span class='ocrx_word' id='word_1_786' title='bbox 2333 3819 2391 3859; x_wconf 88' lang='lat' dir='ltr'><strong>se</strong></span> <span class='ocrx_word' id='word_1_787' title='bbox 2408 3813 2726 3873; x_wconf 80' lang='lat' dir='ltr'><strong>receperunt</strong></span> <span class='ocrx_word' id='word_1_788' title='bbox 2750 3805 2802 3858; x_wconf 90' lang='lat' dir='ltr'><strong>in</strong></span> <span class='ocrx_word' id='word_1_789' title='bbox 2823 3805 3163 3862; x_wconf 86' lang='lat' dir='ltr'><strong>solitudines.</strong></span> <span class='ocrx_word' id='word_1_790' title='bbox 3185 3808 3288 3862; x_wconf 92' lang='lat' dir='ltr'><strong>Sed</strong></span> <span class='ocrx_word' id='word_1_791' title='bbox 3313 3825 3419 3861; x_wconf 91' lang='lat' dir='ltr'><strong>non</strong></span> <span class='ocrx_word' id='word_1_792' title='bbox 3443 3817 3546 3870; x_wconf 86' lang='lat' dir='ltr'><strong>est,</strong></span> 
     </span>
    </p>
   </div>
   <div class='ocr_carea' id='block_1_99' title="bbox 1971 3895 3550 3966">
    <p class='ocr_par' dir='ltr' id='par_1_99' title="bbox 1971 3895 3550 3966">
     <span class='ocr_line' id='line_1_99' title="bbox 1971 3895 3550 3966; baseline 0.003 -14"><span class='ocrx_word' id='word_1_793' title='bbox 1971 3897 2179 3965; x_wconf 88' lang='lat' dir='ltr'><strong>inquit,</strong></span> <span class='ocrx_word' id='word_1_794' title='bbox 2212 3895 2426 3950; x_wconf 90' lang='lat' dir='ltr'><strong>mirum.</strong></span> <span class='ocrx_word' id='word_1_795' title='bbox 2469 3896 2580 3966; x_wconf 86' lang='lat' dir='ltr'><strong>Ego</strong></span> <span class='ocrx_word' id='word_1_796' title='bbox 2607 3905 2784 3952; x_wconf 84' lang='lat' dir='ltr'><strong>autem</strong></span> <span class='ocrx_word' id='word_1_797' title='bbox 2812 3897 2934 3953; x_wconf 91' lang='lat' dir='ltr'><strong>dico</strong></span> <span class='ocrx_word' id='word_1_798' title='bbox 2963 3899 3092 3954; x_wconf 88' lang='lat' dir='ltr'><strong>tales</strong></span> <span class='ocrx_word' id='word_1_799' title='bbox 3119 3901 3285 3954; x_wconf 89' lang='lat' dir='ltr'><strong>etiam</strong></span> <span class='ocrx_word' id='word_1_800' title='bbox 3329 3916 3452 3956; x_wconf 88' lang='lat' dir='ltr'><strong>esse</strong></span> <span class='ocrx_word' id='word_1_801' title='bbox 3498 3903 3550 3956; x_wconf 92' lang='lat' dir='ltr'><strong>in</strong></span> 
     </span>
    </p>
   </div>
   <div class='ocr_carea' id='block_1_100' title="bbox 1971 3987 3548 4057">
    <p class='ocr_par' dir='ltr' id='par_1_100' title="bbox 1971 3987 3548 4057">
     <span class='ocr_line' id='line_1_100' title="bbox 1971 3987 3548 4057; baseline 0.001 -13"><span class='ocrx_word' id='word_1_802' title='bbox 1971 3990 2279 4044; x_wconf 89' lang='lat' dir='ltr'><strong>civitatibus</strong></span> <span class='ocrx_word' id='word_1_803' title='bbox 2301 4031 2314 4052; x_wconf 92' lang='lat'><strong>,</strong></span> <span class='ocrx_word' id='word_1_804' title='bbox 2361 4004 2496 4054; x_wconf 90' lang='lat' dir='ltr'><strong>quos</strong></span> <span class='ocrx_word' id='word_1_805' title='bbox 2537 3987 2760 4044; x_wconf 90' lang='lat' dir='ltr'><strong>minime</strong></span> <span class='ocrx_word' id='word_1_806' title='bbox 2788 3989 3084 4045; x_wconf 90' lang='lat' dir='ltr'><strong>existimes.</strong></span> <span class='ocrx_word' id='word_1_807' title='bbox 3119 3991 3173 4046; x_wconf 88' lang='lat' dir='ltr'><strong>Si</strong></span> <span class='ocrx_word' id='word_1_808' title='bbox 3204 3991 3284 4046; x_wconf 92' lang='lat' dir='ltr'><strong>vis</strong></span> <span class='ocrx_word' id='word_1_809' title='bbox 3327 4003 3505 4045; x_wconf 86' lang='lat' dir='ltr'><strong>autem</strong></span> <span class='ocrx_word' id='word_1_810' title='bbox 3532 4031 3548 4057; x_wconf 89' lang='lat'><strong>,</strong></span> 
     </span>
    </p>
   </div>
   <div class='ocr_carea' id='block_1_101' title="bbox 1975 4080 3551 4150">
    <p class='ocr_par' dir='ltr' id='par_1_101' title="bbox 1975 4080 3551 4150">
     <span class='ocr_line' id='line_1_101' title="bbox 1975 4080 3551 4150; baseline 0.003 -16"><span class='ocrx_word' id='word_1_811' title='bbox 1975 4095 2192 4150; x_wconf 89' lang='lat' dir='ltr'><strong>possum</strong></span> <span class='ocrx_word' id='word_1_812' title='bbox 2215 4080 2500 4135; x_wconf 86' lang='lat' dir='ltr'><strong>ostendere</strong></span> <span class='ocrx_word' id='word_1_813' title='bbox 2524 4081 2731 4150; x_wconf 89' lang='lat' dir='ltr'><strong>aliquos</strong></span> <span class='ocrx_word' id='word_1_814' title='bbox 2757 4097 2820 4136; x_wconf 82' lang='lat' dir='ltr'><strong>ex</strong></span> <span class='ocrx_word' id='word_1_815' title='bbox 2853 4083 2920 4136; x_wconf 92' lang='lat' dir='ltr'><strong>iis</strong></span> <span class='ocrx_word' id='word_1_816' title='bbox 2948 4083 3036 4150; x_wconf 91' lang='lat' dir='ltr'><strong>qui</strong></span> <span class='ocrx_word' id='word_1_817' title='bbox 3070 4083 3282 4137; x_wconf 87' lang='lat' dir='ltr'><strong>fuerunt</strong></span> <span class='ocrx_word' id='word_1_818' title='bbox 3307 4085 3456 4138; x_wconf 91' lang='lat' dir='ltr'><strong>olim.</strong></span> <span class='ocrx_word' id='word_1_819' title='bbox 3486 4085 3551 4138; x_wconf 87' lang='lat' dir='ltr'><strong>Et</strong></span> 
     </span>
    </p>
   </div>
   <div class='ocr_carea' id='block_1_102' title="bbox 1971 4173 3548 4247">
    <p class='ocr_par' dir='ltr' id='par_1_102' title="bbox 1971 4173 3548 4247">
     <span class='ocr_line' id='line_1_102' title="bbox 1971 4173 3548 4247; baseline 0.003 -19"><span class='ocrx_word' id='word_1_820' title='bbox 1971 4183 2031 4228; x_wconf 93' lang='lat' dir='ltr'><strong>ut</strong></span> <span class='ocrx_word' id='word_1_821' title='bbox 2071 4173 2334 4241; x_wconf 86' lang='lat' dir='ltr'><strong>intelligas</strong></span> <span class='ocrx_word' id='word_1_822' title='bbox 2360 4214 2374 4236; x_wconf 95' lang='lat'><strong>,</strong></span> <span class='ocrx_word' id='word_1_823' title='bbox 2421 4173 2600 4227; x_wconf 87' lang='lat' dir='ltr'><strong>veniat</strong></span> <span class='ocrx_word' id='word_1_824' title='bbox 2647 4174 2736 4228; x_wconf 90' lang='lat' dir='ltr'><strong>tibi</strong></span> <span class='ocrx_word' id='word_1_825' title='bbox 2773 4176 2823 4228; x_wconf 91' lang='lat' dir='ltr'><strong>in</strong></span> <span class='ocrx_word' id='word_1_826' title='bbox 2865 4184 3098 4230; x_wconf 89' lang='lat' dir='ltr'><strong>mentem</strong></span> <span class='ocrx_word' id='word_1_827' title='bbox 3152 4176 3388 4230; x_wconf 86' lang='lat' dir='ltr'><strong>Paulus:</strong></span> <span class='ocrx_word' id='word_1_828' title='bbox 3421 4177 3548 4247; x_wconf 85' lang='lat' dir='ltr'><strong>quid</strong></span> 
     </span>
    </p>
   </div>
   <div class='ocr_carea' id='block_1_103' title="bbox 1977 4268 3552 4340">
    <p class='ocr_par' dir='ltr' id='par_1_103' title="bbox 1977 4268 3552 4340">
     <span class='ocr_line' id='line_1_103' title="bbox 1977 4268 3552 4340; baseline 0.001 -18"><span class='ocrx_word' id='word_1_829' title='bbox 1977 4283 2084 4322; x_wconf 88' lang='lat' dir='ltr'><strong>non</strong></span> <span class='ocrx_word' id='word_1_830' title='bbox 2110 4281 2272 4337; x_wconf 88' lang='lat' dir='ltr'><strong>grave</strong></span> <span class='ocrx_word' id='word_1_831' title='bbox 2291 4277 2372 4321; x_wconf 87' lang='lat' dir='ltr'><strong>est</strong></span> <span class='ocrx_word' id='word_1_832' title='bbox 2396 4282 2583 4338; x_wconf 88' lang='lat' dir='ltr'><strong>passus</strong></span> <span class='ocrx_word' id='word_1_833' title='bbox 2607 4269 2632 4323; x_wconf 69' lang='grc' dir='ltr'><strong><em>Ἰ</em></strong></span> <span class='ocrx_word' id='word_1_834' title='bbox 2659 4269 2786 4340; x_wconf 90' lang='lat' dir='ltr'><strong>quid</strong></span> <span class='ocrx_word' id='word_1_835' title='bbox 2807 4284 2912 4323; x_wconf 90' lang='lat' dir='ltr'><strong>non</strong></span> <span class='ocrx_word' id='word_1_836' title='bbox 2935 4269 3225 4324; x_wconf 87' lang='lat' dir='ltr'><strong>sustinuit?</strong></span> <span class='ocrx_word' id='word_1_837' title='bbox 3247 4269 3342 4326; x_wconf 89' lang='lat' dir='ltr'><strong>sed</strong></span> <span class='ocrx_word' id='word_1_838' title='bbox 3371 4268 3552 4323; x_wconf 86' lang='lat' dir='ltr'><strong>omnia</strong></span> 
     </span>
    </p>
   </div>
   <div class='ocr_carea' id='block_1_104' title="bbox 1982 4357 3558 4430">
    <p class='ocr_par' dir='ltr' id='par_1_104' title="bbox 1982 4357 3558 4430">
     <span class='ocr_line' id='line_1_104' title="bbox 1982 4357 3558 4430; baseline 0.001 -18"><span class='ocrx_word' id='word_1_839' title='bbox 1982 4359 2187 4413; x_wconf 89' lang='lat' dir='ltr'><strong>ferebat</strong></span> <span class='ocrx_word' id='word_1_840' title='bbox 2214 4357 2439 4414; x_wconf 89' lang='lat' dir='ltr'><strong>fortiter.</strong></span> <span class='ocrx_word' id='word_1_841' title='bbox 2476 4360 2628 4416; x_wconf 82' lang='lat' dir='ltr'><strong>liuuc</strong></span> <span class='ocrx_word' id='word_1_842' title='bbox 2654 4361 2924 4416; x_wconf 89' lang='lat' dir='ltr'><strong>imitemur</strong></span> <span class='ocrx_word' id='word_1_843' title='bbox 2957 4381 2970 4415; x_wconf 90' lang='lat'><strong>:</strong></span> <span class='ocrx_word' id='word_1_844' title='bbox 3004 4361 3075 4416; x_wconf 85' lang='lat' dir='ltr'><strong>ita</strong></span> <span class='ocrx_word' id='word_1_845' title='bbox 3096 4361 3238 4416; x_wconf 91' lang='lat' dir='ltr'><strong>enim</strong></span> <span class='ocrx_word' id='word_1_846' title='bbox 3262 4362 3558 4430; x_wconf 87' lang='lat' dir='ltr'><strong>poterimus</strong></span> 
     </span>
    </p>
   </div>
   <div class='ocr_carea' id='block_1_105' title="bbox 1980 4449 3556 4525">
    <p class='ocr_par' dir='ltr' id='par_1_105' title="bbox 1980 4449 3556 4525">
     <span class='ocr_line' id='line_1_105' title="bbox 1980 4449 3556 4525; baseline 0.005 -25"><span class='ocrx_word' id='word_1_847' title='bbox 1980 4449 2172 4503; x_wconf 83' lang='lat' dir='ltr'><strong>deduci</strong></span> <span class='ocrx_word' id='word_1_848' title='bbox 2226 4450 2292 4505; x_wconf 91' lang='lat' dir='ltr'><strong>ad</strong></span> <span class='ocrx_word' id='word_1_849' title='bbox 2336 4462 2520 4520; x_wconf 89' lang='lat' dir='ltr'><strong>portus</strong></span> <span class='ocrx_word' id='word_1_850' title='bbox 2546 4453 2866 4525; x_wconf 88' lang='lat' dir='ltr'><strong>tranquillos</strong></span> <span class='ocrx_word' id='word_1_851' title='bbox 2893 4468 3011 4510; x_wconf 84' lang='lat' dir='ltr'><strong>cum</strong></span> <span class='ocrx_word' id='word_1_852' title='bbox 3059 4453 3238 4507; x_wconf 90' lang='lat' dir='ltr'><strong>multis</strong></span> <span class='ocrx_word' id='word_1_853' title='bbox 3265 4451 3556 4508; x_wconf 83' lang='lat' dir='ltr'><strong>mercibus.</strong></span> 
     </span>
    </p>
   </div>
   <div class='ocr_carea' id='block_1_106' title="bbox 1983 4540 3559 4611">
    <p class='ocr_par' dir='ltr' id='par_1_106' title="bbox 1983 4540 3559 4611">
     <span class='ocr_line' id='line_1_106' title="bbox 1983 4540 3559 4611; baseline 0.004 -19"><span class='ocrx_word' id='word_1_854' title='bbox 1983 4540 2210 4594; x_wconf 75' lang='lat' dir='ltr'><strong>Mentem</strong></span> <span class='ocrx_word' id='word_1_855' title='bbox 2232 4556 2360 4611; x_wconf 89' lang='lat' dir='ltr'><strong>ergo</strong></span> <span class='ocrx_word' id='word_1_856' title='bbox 2388 4553 2621 4598; x_wconf 88' lang='lat' dir='ltr'><strong>nostram</strong></span> <span class='ocrx_word' id='word_1_857' title='bbox 2652 4545 2704 4598; x_wconf 93' lang='lat' dir='ltr'><strong>in</strong></span> <span class='ocrx_word' id='word_1_858' title='bbox 2731 4547 2920 4599; x_wconf 66' lang='lat' dir='ltr'><strong>caelum</strong></span> <span class='ocrx_word' id='word_1_859' title='bbox 2947 4542 3296 4598; x_wconf 84' lang='lat' dir='ltr'><strong>extendamus</strong></span> <span class='ocrx_word' id='word_1_860' title='bbox 3317 4584 3334 4610; x_wconf 94' lang='lat'><strong>,</strong></span> <span class='ocrx_word' id='word_1_861' title='bbox 3368 4553 3559 4598; x_wconf 51' lang='lat' dir='ltr'><strong>teneas</strong></span> 
     </span>
    </p>
   </div>
   <div class='ocr_carea' id='block_1_107' title="bbox 1979 4631 3560 4704">
    <p class='ocr_par' dir='ltr' id='par_1_107' title="bbox 1979 4631 3560 4704">
     <span class='ocr_line' id='line_1_107' title="bbox 1979 4631 3560 4704; baseline 0.003 -20"><span class='ocrx_word' id='word_1_862' title='bbox 1979 4647 2100 4686; x_wconf 92' lang='lat' dir='ltr'><strong>mur</strong></span> <span class='ocrx_word' id='word_1_863' title='bbox 2128 4631 2216 4686; x_wconf 87' lang='lat' dir='ltr'><strong>illo</strong></span> <span class='ocrx_word' id='word_1_864' title='bbox 2241 4631 2526 4696; x_wconf 85' lang='lat' dir='ltr'><strong>desiderio,</strong></span> <span class='ocrx_word' id='word_1_865' title='bbox 2547 4648 2642 4689; x_wconf 90' lang='lat' dir='ltr'><strong>nos</strong></span> <span class='ocrx_word' id='word_1_866' title='bbox 2659 4636 3005 4703; x_wconf 88' lang='lat' dir='ltr'><strong>conjiciamus</strong></span> <span class='ocrx_word' id='word_1_867' title='bbox 3028 4635 3078 4688; x_wconf 90' lang='lat' dir='ltr'><strong>in</strong></span> <span class='ocrx_word' id='word_1_868' title='bbox 3108 4635 3281 4704; x_wconf 83' lang='lat' dir='ltr'><strong>ignem</strong></span> <span class='ocrx_word' id='word_1_869' title='bbox 3308 4635 3560 4704; x_wconf 82' lang='lat' dir='ltr'><strong>spiritua-</strong></span> 
     </span>
    </p>
   </div>
   <div class='ocr_carea' id='block_1_108' title="bbox 1978 4721 3560 4785">
    <p class='ocr_par' dir='ltr' id='par_1_108' title="bbox 1978 4721 3560 4785">
     <span class='ocr_line' id='line_1_108' title="bbox 1978 4721 3560 4785; baseline 0.004 -11"><span class='ocrx_word' id='word_1_870' title='bbox 1978 4724 2101 4785; x_wconf 88' lang='lat' dir='ltr'><strong>lem,</strong></span> <span class='ocrx_word' id='word_1_871' title='bbox 2123 4721 2339 4778; x_wconf 83' lang='lat' dir='ltr'><strong>ﬂamma</strong></span> <span class='ocrx_word' id='word_1_872' title='bbox 2360 4740 2459 4779; x_wconf 85' lang='lat' dir='ltr'><strong>nos</strong></span> <span class='ocrx_word' id='word_1_873' title='bbox 2486 4739 2888 4781; x_wconf 88' lang='lat' dir='ltr'><strong>conservemus.</strong></span> <span class='ocrx_word' id='word_1_874' title='bbox 2907 4727 3074 4782; x_wconf 85' lang='lat' dir='ltr'><strong>Nemo</strong></span> <span class='ocrx_word' id='word_1_875' title='bbox 3093 4727 3360 4780; x_wconf 77' lang='lat' dir='ltr'><strong>ﬂammam</strong></span> <span class='ocrx_word' id='word_1_876' title='bbox 3379 4740 3560 4781; x_wconf 87' lang='lat' dir='ltr'><strong>secum</strong></span> 
     </span>
    </p>
   </div>
   <div class='ocr_carea' id='block_1_109' title="bbox 1977 4813 3560 4888">
    <p class='ocr_par' dir='ltr' id='par_1_109' title="bbox 1977 4813 3560 4888">
     <span class='ocr_line' id='line_1_109' title="bbox 1977 4813 3560 4888; baseline 0.003 -20"><span class='ocrx_word' id='word_1_877' title='bbox 1977 4813 2179 4879; x_wconf 89' lang='lat' dir='ltr'><strong>ferens,</strong></span> <span class='ocrx_word' id='word_1_878' title='bbox 2214 4814 2367 4869; x_wconf 89' lang='lat' dir='ltr'><strong>timet</strong></span> <span class='ocrx_word' id='word_1_879' title='bbox 2414 4829 2510 4870; x_wconf 88' lang='lat' dir='ltr'><strong>eos</strong></span> <span class='ocrx_word' id='word_1_880' title='bbox 2547 4817 2636 4888; x_wconf 90' lang='lat' dir='ltr'><strong>qui</strong></span> <span class='ocrx_word' id='word_1_881' title='bbox 2666 4827 2991 4873; x_wconf 90' lang='lat' dir='ltr'><strong>occurrunt:</strong></span> <span class='ocrx_word' id='word_1_882' title='bbox 3021 4818 3134 4873; x_wconf 87' lang='lat' dir='ltr'><strong>sive</strong></span> <span class='ocrx_word' id='word_1_883' title='bbox 3172 4819 3243 4872; x_wconf 89' lang='lat' dir='ltr'><strong>sit</strong></span> <span class='ocrx_word' id='word_1_884' title='bbox 3290 4817 3421 4884; x_wconf 85' lang='lat' dir='ltr'><strong>fera,</strong></span> <span class='ocrx_word' id='word_1_885' title='bbox 3449 4817 3560 4872; x_wconf 90' lang='lat' dir='ltr'><strong>sive</strong></span> 
     </span>
    </p>
   </div>
   <div class='ocr_carea' id='block_1_110' title="bbox 1973 4908 3554 4984">
    <p class='ocr_par' dir='ltr' id='par_1_110' title="bbox 1973 4908 3554 4984">
     <span class='ocr_line' id='line_1_110' title="bbox 1973 4908 3554 4984; baseline 0.005 -24"><span class='ocrx_word' id='word_1_886' title='bbox 1973 4908 2149 4972; x_wconf 79' lang='lat' dir='ltr'><strong>homo,</strong></span> <span class='ocrx_word' id='word_1_887' title='bbox 2176 4910 2286 4963; x_wconf 75' lang='lat' dir='ltr'><strong>sive</strong></span> <span class='ocrx_word' id='word_1_888' title='bbox 2314 4909 2485 4979; x_wconf 84' lang='lat' dir='ltr'><strong>laquei</strong></span> <span class='ocrx_word' id='word_1_889' title='bbox 2509 4909 2937 4975; x_wconf 80' lang='lat' dir='ltr'><strong>innumerabiles,</strong></span> <span class='ocrx_word' id='word_1_890' title='bbox 2958 4912 3210 4981; x_wconf 87' lang='lat' dir='ltr'><strong>quamdiu</strong></span> <span class='ocrx_word' id='word_1_891' title='bbox 3238 4913 3400 4968; x_wconf 85' lang='lat' dir='ltr'><strong>fueris</strong></span> <span class='ocrx_word' id='word_1_892' title='bbox 3419 4915 3554 4984; x_wconf 77' lang='lat' dir='ltr'><strong>igni-</strong></span> 
     </span>
    </p>
   </div>
   <div class='ocr_carea' id='block_1_111' title="bbox 1975 5000 3553 5063">
    <p class='ocr_par' dir='ltr' id='par_1_111' title="bbox 1975 5000 3553 5063">
     <span class='ocr_line' id='line_1_111' title="bbox 1975 5000 3553 5063; baseline 0.003 -10"><span class='ocrx_word' id='word_1_893' title='bbox 1975 5009 2086 5063; x_wconf 89' lang='lat' dir='ltr'><strong>tus,</strong></span> <span class='ocrx_word' id='word_1_894' title='bbox 2114 5000 2290 5052; x_wconf 82' lang='lat' dir='ltr'><strong>ontnia</strong></span> <span class='ocrx_word' id='word_1_895' title='bbox 2319 5000 2517 5054; x_wconf 89' lang='lat' dir='ltr'><strong>cedunt</strong></span> <span class='ocrx_word' id='word_1_896' title='bbox 2537 5041 2550 5062; x_wconf 92' lang='lat'><strong>,</strong></span> <span class='ocrx_word' id='word_1_897' title='bbox 2582 5003 2760 5054; x_wconf 89' lang='lat' dir='ltr'><strong>omnia</strong></span> <span class='ocrx_word' id='word_1_898' title='bbox 2791 5001 2918 5054; x_wconf 89' lang='lat' dir='ltr'><strong>dant</strong></span> <span class='ocrx_word' id='word_1_899' title='bbox 2957 5001 3151 5056; x_wconf 90' lang='lat' dir='ltr'><strong>locum.</strong></span> <span class='ocrx_word' id='word_1_900' title='bbox 3178 5002 3416 5058; x_wconf 84' lang='lat' dir='ltr'><strong>Flamma</strong></span> <span class='ocrx_word' id='word_1_901' title='bbox 3448 5021 3553 5059; x_wconf 90' lang='lat' dir='ltr'><strong>non</strong></span> 
     </span>
    </p>
   </div>
   <div class='ocr_carea' id='block_1_112' title="bbox 1973 5089 3554 5158">
    <p class='ocr_par' dir='ltr' id='par_1_112' title="bbox 1973 5089 3554 5158">
     <span class='ocr_line' id='line_1_112' title="bbox 1973 5089 3554 5158; baseline 0.005 -18"><span class='ocrx_word' id='word_1_902' title='bbox 1973 5098 2146 5158; x_wconf 72' lang='lat' dir='ltr'><strong>potest</strong></span> <span class='ocrx_word' id='word_1_903' title='bbox 2178 5089 2325 5152; x_wconf 90' lang='lat' dir='ltr'><strong>ferri,</strong></span> <span class='ocrx_word' id='word_1_904' title='bbox 2357 5105 2518 5158; x_wconf 76' lang='lat' dir='ltr'><strong>rogus</strong></span> <span class='ocrx_word' id='word_1_905' title='bbox 2547 5106 2651 5144; x_wconf 91' lang='lat' dir='ltr'><strong>non</strong></span> <span class='ocrx_word' id='word_1_906' title='bbox 2683 5100 2856 5158; x_wconf 87' lang='lat' dir='ltr'><strong>potest</strong></span> <span class='ocrx_word' id='word_1_907' title='bbox 2887 5092 3125 5157; x_wconf 88' lang='lat' dir='ltr'><strong>tolerari,</strong></span> <span class='ocrx_word' id='word_1_908' title='bbox 3158 5095 3337 5147; x_wconf 89' lang='lat' dir='ltr'><strong>omnia</strong></span> <span class='ocrx_word' id='word_1_909' title='bbox 3361 5110 3554 5148; x_wconf 82' lang='lat' dir='ltr'><strong>consu-</strong></span> 
     </span>
    </p>
   </div>
   <div class='ocr_carea' id='block_1_113' title="bbox 1971 5179 3552 5252">
    <p class='ocr_par' dir='ltr' id='par_1_113' title="bbox 1971 5179 3552 5252">
     <span class='ocr_line' id='line_1_113' title="bbox 1971 5179 3552 5252; baseline 0.003 -19"><span class='ocrx_word' id='word_1_910' title='bbox 1971 5179 2090 5234; x_wconf 88' lang='lat' dir='ltr'><strong>mit.</strong></span> <span class='ocrx_word' id='word_1_911' title='bbox 2131 5179 2243 5234; x_wconf 90' lang='lat' dir='ltr'><strong>lloc</strong></span> <span class='ocrx_word' id='word_1_912' title='bbox 2269 5182 2389 5248; x_wconf 79' lang='lat' dir='ltr'><strong>igne</strong></span> <span class='ocrx_word' id='word_1_913' title='bbox 2422 5195 2518 5235; x_wconf 91' lang='lat' dir='ltr'><strong>nos</strong></span> <span class='ocrx_word' id='word_1_914' title='bbox 2550 5181 2851 5247; x_wconf 87' lang='lat' dir='ltr'><strong>induamus,</strong></span> <span class='ocrx_word' id='word_1_915' title='bbox 2877 5183 3102 5252; x_wconf 87' lang='lat' dir='ltr'><strong>gloriam</strong></span> <span class='ocrx_word' id='word_1_916' title='bbox 3132 5186 3426 5240; x_wconf 86' lang='lat' dir='ltr'><strong>referanms</strong></span> <span class='ocrx_word' id='word_1_917' title='bbox 3445 5187 3552 5238; x_wconf 81' lang='lat' dir='ltr'><strong>Do-</strong></span> 
     </span>
    </p>
   </div>
   <div class='ocr_carea' id='block_1_114' title="bbox 1972 5272 3552 5344">
    <p class='ocr_par' dir='ltr' id='par_1_114' title="bbox 1972 5272 3552 5344">
     <span class='ocr_line' id='line_1_114' title="bbox 1972 5272 3552 5344; baseline 0.003 -18"><span class='ocrx_word' id='word_1_918' title='bbox 1972 5272 2119 5326; x_wconf 90' lang='lat' dir='ltr'><strong>mino</strong></span> <span class='ocrx_word' id='word_1_919' title='bbox 2147 5282 2330 5327; x_wconf 68' lang='lat' dir='ltr'><strong>nostri)</strong></span> <span class='ocrx_word' id='word_1_920' title='bbox 2357 5273 2483 5328; x_wconf 85' lang='lat' dir='ltr'><strong>Jesu</strong></span> <span class='ocrx_word' id='word_1_921' title='bbox 2525 5273 2763 5339; x_wconf 85' lang='lat' dir='ltr'><strong>Christo,</strong></span> <span class='ocrx_word' id='word_1_922' title='bbox 2797 5290 2916 5327; x_wconf 89' lang='lat' dir='ltr'><strong>eum</strong></span> <span class='ocrx_word' id='word_1_923' title='bbox 2941 5291 3046 5344; x_wconf 92' lang='lat' dir='ltr'><strong>quo</strong></span> <span class='ocrx_word' id='word_1_924' title='bbox 3078 5275 3223 5330; x_wconf 84' lang='lat' dir='ltr'><strong>Patri</strong></span> <span class='ocrx_word' id='word_1_925' title='bbox 3251 5277 3409 5330; x_wconf 91' lang='lat' dir='ltr'><strong>simul</strong></span> <span class='ocrx_word' id='word_1_926' title='bbox 3433 5293 3552 5332; x_wconf 87' lang='lat' dir='ltr'><strong>cum</strong></span> 
     </span>
    </p>
   </div>
   <div class='ocr_carea' id='block_1_115' title="bbox 1973 5363 3557 5436">
    <p class='ocr_par' dir='ltr' id='par_1_115' title="bbox 1973 5363 3557 5436">
     <span class='ocr_line' id='line_1_115' title="bbox 1973 5363 3557 5436; baseline 0.001 -19"><span class='ocrx_word' id='word_1_927' title='bbox 1973 5372 2157 5418; x_wconf 86' lang='lat' dir='ltr'><strong>sancto</strong></span> <span class='ocrx_word' id='word_1_928' title='bbox 2199 5363 2399 5432; x_wconf 86' lang='lat' dir='ltr'><strong>Spiritu</strong></span> <span class='ocrx_word' id='word_1_929' title='bbox 2437 5364 2647 5433; x_wconf 88' lang='lat' dir='ltr'><strong>gloria,</strong></span> <span class='ocrx_word' id='word_1_930' title='bbox 2675 5367 2907 5433; x_wconf 89' lang='lat' dir='ltr'><strong>potentia</strong></span> <span class='ocrx_word' id='word_1_931' title='bbox 2955 5375 3004 5420; x_wconf 88' lang='lat' dir='ltr'><strong>et</strong></span> <span class='ocrx_word' id='word_1_932' title='bbox 3062 5367 3268 5436; x_wconf 90' lang='lat' dir='ltr'><strong>honor,</strong></span> <span class='ocrx_word' id='word_1_933' title='bbox 3311 5383 3454 5424; x_wconf 87' lang='lat' dir='ltr'><strong>nunc</strong></span> <span class='ocrx_word' id='word_1_934' title='bbox 3505 5377 3557 5420; x_wconf 83' lang='lat' dir='ltr'><strong>et</strong></span> 
     </span>
    </p>
   </div>
   <div class='ocr_carea' id='block_1_116' title="bbox 1973 5457 3177 5528">
    <p class='ocr_par' dir='ltr' id='par_1_116' title="bbox 1973 5457 3177 5528">
     <span class='ocr_line' id='line_1_116' title="bbox 1973 5457 3177 5528; baseline 0.002 -17"><span class='ocrx_word' id='word_1_935' title='bbox 1973 5470 2214 5528; x_wconf 79' lang='lat' dir='ltr'><strong>semper,</strong></span> <span class='ocrx_word' id='word_1_936' title='bbox 2241 5466 2292 5512; x_wconf 92' lang='lat' dir='ltr'><strong>ct</strong></span> <span class='ocrx_word' id='word_1_937' title='bbox 2316 5457 2365 5513; x_wconf 90' lang='lat' dir='ltr'><strong>iu</strong></span> <span class='ocrx_word' id='word_1_938' title='bbox 2397 5457 2588 5514; x_wconf 73' lang='lat' dir='ltr'><strong>saecula</strong></span> <span class='ocrx_word' id='word_1_939' title='bbox 2615 5458 2953 5513; x_wconf 66' lang='lat' dir='ltr'><strong>swculorum.</strong></span> <span class='ocrx_word' id='word_1_940' title='bbox 2987 5459 3177 5515; x_wconf 81' lang='lat' dir='ltr'><strong>Amen.</strong></span> 
     </span>
    </p>
   </div>
   <div class='ocr_carea' id='block_1_117' title="bbox 2031 5698 2098 5707">
    <p class='ocr_par' dir='ltr' id='par_1_117' title="bbox 2031 5698 2098 5707">
     <span class='ocr_line' id='line_1_117' title="bbox 2031 5698 2098 5707; baseline 0.06 -4"><span class='ocrx_word' id='word_1_941' title='bbox 2031 5698 2098 5707; x_wconf 69' lang='grc' dir='ltr'>,σι-ι</span> 
     </span>
    </p>
   </div>
  </div>
