3970 6152
429 316 535 375 259
1115 319 1429 379 IUTIANO
1484 320 1728 379 SCIIOL.
1789 320 2253 379 INTERPRETE.
2280 353 2351 366 —
2379 320 2531 379 CAP.
2572 318 2615 376 l.
2656 320 2893 381 HOMIL.
2932 320 2979 379 l.
3554 326 3664 386 260

485 412 545 470 2.
576 408 692 471 Ubi
722 412 875 469 sunt
901 409 1013 486 qui
1049 408 1269 491 dicunt
1299 428 1315 491 ε
1346 409 1501 491 Erat
1537 408 1797 491 quando
1826 426 1958 491 non
2001 413 2182 491 erat?
2210 413 2356 472 Post
2393 411 2527 473 haec
2563 411 3048 491 gradationihus
3078 410 3464 491 quibusdam
3508 417 3644 474 ele-

405 494 633 570 ganter
671 488 1217 570 ulens,_pe_rvenit
1239 486 1319 570 ad
1365 487 1423 547 id
1462 487 1966 570 quod_omnibus
1996 489 2131 570 istis
2163 492 2365 551 multo
2399 486 2607 570 majus
2638 495 2769 570 est,
2809 495 2871 551 et
2908 486 3197 570 insonuit
3222 490 3439 552 dicens
3475 512 3490 551 :
3538 492 3664 567 Qui

402 565 491 629 Est
520 566 820 650 sp_le1idor
847 566 1065 646 gloriae
1105 574 1162 626 et
1208 565 1525 626 character
1552 565 1914 650 substantiae
1952 569 2085 648 ejus
2105 616 2127 650 ,_
2167 571 2366 650 ferens
2397 565 2603 650 emilio
2640 568 2823 630 verba
2871 569 3130 650 virtutis
3171 588 3331 650 sum.
3378 588 3497 649 per
3536 565 3668 631 cum

402 646 869 729 inundationem
894 653 1294 729 peccatorum
1319 654 1681 706 nostrorum
1708 646 1942 729 faciens
1974 646 2229 729 egeam
2256 650 2401 729 fecit
2431 648 2513 709 ad
2550 648 2868 729 demteram
2895 646 3234 729 majeslatis
3264 649 3332 709 in
3361 646 3619 711 excelsis
3644 669 3666 710 :

408 726 832 819 mutantelior
859 724 1097 816 angelis
1126 725 1361 804 factus,
1393 731 1630 817 qua-ato
1659 724 1790 817 om
1818 725 1950 817 illis
1978 724 2374 864 dyferenjius
2398 745 2617 819 nomeii
2643 724 3038 788 hereditavit.
3069 728 3124 789 Ο
3166 730 3518 820 apostolica
3553 746 3670 820 sa-

408 809 649 864 mentta
676 805 690 863 l
724 820 928 864 magis
960 808 1174 864 autem
1205 820 1333 863 non
1367 804 1543 864 PaulI
1577 808 1915 864 sapientia.
1949 823 2017 864 se
2088 806 2359 864 Sumtus
2390 811 2591 864 sancti
2622 806 2913 864 miranda
2942 810 3039 864 est
3068 813 3297 864 gratia.
3330 807 3468 864 Non
3496 826 3669 864 enim

407 804 690 885 pientiail
724 805 928 885 magis
960 808 1174 865 autem
1205 820 1342 885 non
1367 804 1543 885 Pauli
1577 804 1919 885 sapientia,
1949 804 2359 883 sed'Spiritus
2390 806 2591 867 sancti
2622 806 2913 869 miranda
2942 810 3039 866 est
3068 804 3297 885 gratia.
3330 807 3468 868 Non
3496 809 3669 869 enim

406 882 484 957 ex
513 883 1009 965 intellectuuhizcc
1038 882 1302 965 proprio
1326 883 1880 965 loquebalur,_nec
1905 882 2191 965 humano
2218 886 2386 946 hanc
2410 885 2959 965 dispensationem
2976 882 3349 965 reperiebat
3371 887 3669 965 ingenio:

407 905 484 957 οξ
513 905 841 944 mteuecw
877 905 1009 943 narc
1038 905 1302 961 proprio
1328 905 1737 959 toqueuatur,
1763 905 1880 944 nec
1905 905 2191 947 numano
2218 905 2386 946 nanc
2410 905 2959 961 dispensationem
2989 905 3057 944 re
3106 905 3349 947 θιίοοᾶι
3371 905 3669 965 Ingenio:

407 961 575 1024 unde
623 963 795 1022 enim
840 962 928 1021 illi
982 962 1150 1022 hoc?
1200 979 1359 1042 num
1388 979 1470 1021 ex
1500 962 1816 1042 scalpellis
1844 1006 1859 1033 ,
1902 967 2016 1023 aut
2046 964 2317 1041 pellibus
2342 1007 2358 1034 ,
2396 967 2508 1024 aut
2537 964 2603 1023 in
2633 963 2890 1024 ofﬁcina
2923 964 3034 1025 illa
3062 905 3198 1025 llaec
3227 971 3476 1042 poterat
3506 965 3675 1025 edo-

409 1042 584 1103 ceri?
613 1042 1075 1123 Nequaquam;
1108 1040 1216 1103 sed
1248 1040 1322 1100 de
1351 1058 1453 1100 me
1495 1040 1613 1100 fuit
1656 1041 1802 1123 haec
1819 1040 2109 1123 operatio
2141 1043 2515 1123 majestatis.
2547 1042 2688 1102 Non
2717 1043 2888 1123 enim
2921 1042 3039 1123 has
3069 1040 3525 1123 intelligentias
3555 1060 3673 1103 sua

410 1125 624 1181 mente
653 1122 1057 1198 procreabat,
1084 1138 1228 1197 qua:
1260 1124 1412 1181 tunc
1441 1124 1579 1199 erat
1605 1124 1740 1199 tam
1769 1119 1994 1199 debilis
2026 1128 2089 1182 et
2118 1119 2433 1191 extrema,
2467 1121 2554 1182 ita
2584 1126 2655 1181 ut
2685 1121 2846 1181 nihil
2874 1122 3154 1199 amplius
3182 1119 3448 1184 haberet
3474 1139 3512 1183 a
3538 1124 3675 1199 ple-

408 1199 572 1279 beiis
601 1205 661 1259 et
690 1199 1136 1279 popularibus.
1181 1198 1515 1279 Quomodo
1545 1198 1715 1279 enim
1746 1198 1987 1276 aliquid
2030 1200 2320 1260 divinum
2354 1205 2573 1278 posset
2616 1200 2721 1260 ille
2766 1198 3007 1260 sentire
3033 1243 3050 1271 ,
3097 1201 3209 1277 qui
3253 1203 3422 1263 circa
3466 1198 3674 1279 pretia

415 1276 756 1351 vendendi,
782 1276 851 1338 et
880 1277 1050 1339 circa
1078 1276 1538 1339 confectionem
1570 1277 1858 1354 pellium,
1893 1283 2090 1338 totam
2127 1296 2312 1339 suam
2344 1276 2541 1340 vitam
2571 1284 2908 1355 totumque
2938 1276 3221 1338 studium
3253 1276 3627 1341 conterebat
3650 1280 3679 1338 Ἰ

414 1357 533 1436 Sed
559 1357 763 1435 gratia
798 1355 1070 1434 Spiritus
1101 1356 1307 1419 sancti
1336 1374 1447 1434 per
1476 1374 1640 1436 quos
1664 1358 1800 1417 vult
1828 1358 2123 1435 potentia:
2152 1375 2286 1419 suae
2310 1358 2577 1419 virtutes
2610 1357 2911 1418 ostendit.
2933 1356 3113 1436 Sicut
3141 1359 3337 1429 enim,
3360 1360 3413 1420 si
3436 1359 3676 1436 aliquis

416 1435 801 1497 infantulum
828 1436 1196 1513 quempiam
1227 1436 1290 1495 in
1320 1435 1642 1496 excelsum
1671 1436 2011 1515 quemdam
2045 1437 2256 1497 locum
2278 1442 2338 1497 et
2369 1436 2853 1515 pertingentemi
2867 1435 2944 1496 ad
2970 1436 3178 1514 ipsum
3208 1438 3514 1499 verticem
3537 1435 3676 1498 ἑωιί

418 1515 641 1575 volens
670 1515 978 1592 paulatim
1006 1515 1376 1593 sensimque
1422 1515 1795 1593 subrigere,
1846 1514 2161 1593 gradatim
2192 1516 2313 1576 hoc
2357 1514 2605 1586 faciat,
2633 1516 2715 1575 ab
2759 1514 3171 1575 inferioribus
3212 1515 3292 1576 ad
3336 1516 3677 1593 superiora

415 1594 887 1664 conscendens;
920 1593 1147 1655 deinde
1173 1592 1320 1653 dum
1349 1592 2020 1671 sursum’pervenerit,
2047 1595 2267 1671 jubeat
2305 1595 2485 1655 illum
2523 1593 2911 1654 infantulum
2942 1594 3241 1655 deorsum
3268 1594 3335 1655 in
3365 1592 3677 1657 inferiora

412 1671 779 1753 despicere;
812 1671 1037 1753 deinde
1065 1671 1520 1753 despicientem
1552 1671 1762 1733 videat
1790 1672 2119 1745 hmsitare,
2152 1678 2213 1734 et
2243 1673 2745 1734 obscuritatibus
2778 1689 2853 1733 ac
2882 1672 3344 1735 defectionibus
3382 1673 3674 1753 fatigari,

416 1750 647 1811 iterum
689 1768 839 1811 eum
878 1750 957 1812 ad
987 1751 1333 1811 humiliora
1360 1749 1680 1828 deponat,
1726 1769 1858 1829 quo
1902 1754 2224 1829 respirare
2270 1753 2481 1814 valeat
2513 1756 2709 1829 atque
2748 1756 3040 1813 animum
3068 1769 3399 1824 recreare;
3446 1749 3677 1815 deinde

415 1846 560 1890 cum
590 1829 866 1891 refectus
898 1829 1123 1902 fuerit,
1156 1830 1568 1908 eumiterum
1597 1829 1675 1891 ad
1712 1831 2051 1908 superiora
2076 1832 2406 1903 sustollat,
2435 1836 2497 1891 et
2528 1831 2761 1890 iterum
2796 1829 2873 1890 ad
2906 1831 3213 1892 inferiora
3238 1835 3502 1892 revocet
3534 1853 3549 1891 :
3585 1832 3676 1892 ita

415 1916 477 1969 et
502 1910 673 1988 circa
703 1909 1006 1969 Hebrmos
1044 1910 1267 1971 beatus
1311 1906 1584 1988 faciebat
1618 1906 1948 1986 apostolus
1980 1929 1995 1969 :
2029 1916 2092 1972 et
2120 1911 2209 1971 sic
2239 1927 2387 1971 eum
2416 1910 2658 1986 ubique
2688 1908 2969 1988 reperies
2999 1909 3287 1988 Magistri
3320 1911 3419 1971 sui
3451 1911 3514 1970 in
3544 1910 3677 1970 do-

415 1986 614 2050 cendo
643 1988 913 2065 vestigia
940 1993 1466 2064 consequentem.
1504 1987 1666 2065 Nam
1693 1992 1757 2048 et
1785 1989 1923 2064 ipse
1952 1989 2044 2049 sic
2082 1988 2355 2065 faciebat
2384 2008 2398 2046 :
2432 1986 2795 2065 aliquando
2816 1987 3075 2065 quidem
3108 1986 3173 2049 in
3213 1989 3445 2050 altiora
3474 1989 3674 2050 disci-

344 2086 363 2100 ι
415 2066 603 2144 pulos
640 2084 794 2128 suos
811 2062 1245 2138 sublevabat;
1278 2064 1627 2142 aliquando
1669 2062 1886 2125 autem
1914 2079 2023 2144 eos
2054 2065 2132 2124 ad
2164 2063 2470 2122 inferiora
2501 2062 2950 2124 imbecillitatis
2984 2081 3209 2125 eorum
3247 2068 3453 2144 gratia
3484 2085 3669 2128 revo-

417 2143 625 2219 cabat,
650 2160 1065 2222 nequaquam
1086 2160 1197 2204 eos
1222 2144 1478 2221 prolixo
1502 2148 1784 2219 tempore
1807 2144 1870 2201 in
1892 2143 2095 2222 altera
2119 2157 2495 2222 permanere
2521 2147 2701 2222 parte
2722 2144 3116 2219 permittens.
3138 2145 3213 2202 Et
3232 2143 3667 2221 contemplare

416 2223 647 2283 iterum
691 2219 1085 2302 sapientiam
1122 2219 1300 2302 Pauli
1328 2267 1344 2293 ,
1380 2240 1494 2302 per
1521 2222 1746 2299 quales
1777 2238 1885 2281 eos
1913 2220 2106 2302 etiam
2146 2219 2439 2302 sublevat
2481 2219 2715 2296 gradus
2742 2264 2766 2302 ,_
2798 2225 2859 2281 et
2889 2222 3168 2302 qualiter
3206 2240 3314 2283 eos
3345 2223 3422 2283 ad
3454 2219 3665 2302 ipsum

417 2302 661 2379 apicem
692 2297 943 2379 pietatis
973 2300 1229 2363 adducit
1260 2320 1275 2359 :
1309 2297 1416 2361 ubi
1450 2297 1640 2380 item,
1676 2304 2023 2377 antequam
2064 2297 2412 2380 deﬁcerent
2444 2303 2508 2356 et
2552 2315 2663 2359 eos
2707 2300 3066 2380 obscuritas
3106 2297 3496 2380 occuparet:
3523 2304 3662 2365 vide

416 2376 741 2459 quomodo
769 2397 880 2441 eos
908 2380 985 2442 ad
1015 2380 1319 2441 inferiora
1350 2378 1707 2459 revocavit,
1740 2376 1871 2459 quo
1904 2382 2167 2459 possent
2193 2376 2866 2459 pa_u_l_u‘lum_rccreari.
2901 2379 3227 2457 Loquutus
3257 2376 3344 2441 est
3365 2427 3380 2447 .
3415 2381 3658 2459 inquit,

416 2396 741 2458 quomodo
769 2397 880 2441 eos
908 2396 985 2442 aa
1015 2396 1319 2441 Interiora
1350 2396 1707 2449 revocant,
1740 2396 1871 2516 Suo
1904 2396 2167 2456 possent
2193 2396 2531 2455 paululum
2565 2396 2866 2437 recreari.
2901 2396 3227 2457 Loquatus
3257 2396 3344 2441 est
3365 2427 3380 2447 .
3415 2396 3623 2459 inquit
3643 2428 3658 2454 ,

416 2458 591 2551 nodis
620 2460 694 2520 in
722 2460 897 2553 Filio
935 2477 1048 2553 suo
1079 2477 1302 2553 {ﬁdem
1342 2458 1559 2553 posuit
1598 2456 1736 2516 here
1774 2475 1873 2549 rem
1916 2457 2212 2553 ompiiim.
2262 2454 2687 2553 Filiiquippe
2710 2472 2966 2548 .nomen
2996 2475 3341 2553 commune.
3379 2468 3495 2520 est.
3543 2461 3659 2521 Ubi

416 2476 591 2519 noois
620 2477 694 2520 ιη
722 2476 897 2520 riuo
935 2477 1048 2519 suo
1080 2479 1101 2519 :
1129 2477 1302 2553 quem
1342 2476 1559 2596 gown
1598 2476 1873 2516 nereaem
1916 2476 2212 2517 omnium.
2262 2476 2404 2514 run
2449 2476 2687 2545 quippe
2732 2476 2966 2517 nomen
2996 2476 3331 2519 commune
3379 2476 3495 2520 ρει.
3547 2476 3659 2521 um

416 2538 583 2599 enim
615 2539 916 2617 proprius
946 2538 1321 2617 intelligitur
1398 2536 1545 2596 ilius
1566 2579 1583 2607 ,
1612 2536 1911 2617 superior
1938 2541 2035 2595 est
2064 2539 2127 2595 et
2158 2534 2575 2617 excellentior
2614 2535 2933 2617 universis
2951 2556 2973 2617 _;
3017 2537 3125 2617 sed
3154 2537 3409 2617 interim
3433 2582 3449 2608 ,
3481 2556 3661 2616 quo-

418 2612 761 2678 modolibet
786 2636 855 2679 se
885 2618 1138 2687 habeat,
1157 2612 1442 2677 adstruit
1469 2612 1776 2692 quoniam
1804 2614 2142 2694 desursum
2173 2619 2289 2694 est.
2320 2612 2570 2694 Et_vide
2599 2614 2921 2694 quomodo
2951 2614 3072 2676 hoc
3091 2615 3297 2676 dicat:
3332 2612 3520 2691 Queni
3545 2636 3658 2694 po-

416 2697 543 2756 :uit
576 2695 854 2757 heredem
883 2695 1175 2756 omnium.
1206 2694 1389 2769 Quod
1416 2691 1599 2763 diiit,
1632 2692 1936 2753 Heredem
1955 2694 2196 2770 posuit,
2230 2691 2605 2751 humilitatis
2634 2692 3027 2754 demonstrat
3063 2694 3388 2755 indicium.
3420 2691 3659 2756 Deinde

417 2775 496 2854 ad
525 2776 926 2854 superiorem
969 2774 1237 2853 gradum
1264 2774 1686 2854 altioremque
1732 2772 2123 2854 transcendit
2151 2792 2165 2831 :
2197 2771 2321 2854 P_er
2345 2788 2550 2849 quem,
2583 2771 2829 2854 inquit,
2856 2780 2929 2854 Aet
2957 2773 3182 2834 sweula
3215 2775 3384 2854 fecit.
3414 2775 3657 2854 Deinde

415 2853 493 2940 ad
515 2849 935 2940 excelsiorem
957 2849 1253 2940 omnibus
1280 2853 1471 2940 venit,
1495 2857 1639 2928 post
1655 2868 1845 2940 quem
1869 2851 2164 2940 altiorem
2197 2850 2468 2940 alierum
2492 2849 2759 2940 gradum
2782 2850 2946 2911 inire
2970 2868 3096 2940 non
3117 2849 3368 2940 possis;
3390 2852 3515 2940 Qui
3545 2864 3654 2920 est.

415 2932 649 3012 inquit,
673 2932 968 3012 splendor
987 2931 1226 3010 glorice,
1244 2940 1306 3012 et
1329 2930 1648 3012 character
1670 2928 2030 2989 substantiae
2054 2929 2206 3008 ejus.
2235 2929 2471 3012 Verum
2501 2928 2564 3012 in
2596 2928 2806 3012 ipsum
2832 2946 2942 2989 eos
2972 2928 3411 2993 inaccessibile
3441 2933 3654 2991 lumen

418 2950 481 2991 in
534 2950 649 3001 uit,
673 2950 968 3012 sptenaor
987 2950 1226 3010 αισι-ιω,
1252 2950 1306 2990 ει
1329 2950 1648 2991 οηαναοιεπ·
1670 2950 2030 2989 suasionum
2054 2950 2206 3008 εμιε.
2245 2950 2471 2989 verum
2501 2950 2564 2987 In
2596 2950 2806 3005 Ipsum
2832 2950 2942 2989 eos
2972 2950 3411 2993 maccessmne
3441 2950 3654 2991 lumen

418 2950 696 3083 inﬂuxit,
729 3015 793 3071 et
828 3012 895 3072 in
925 3010 1135 3089 ipsum
1165 3010 1570 3089 splendorem
1600 3009 1928 3089 immensae
1958 3025 2353 3089 summaeque
2379 3006 2685 3089 claritatis
2711 3027 2731 3089 _:
2760 3013 2818 3089 et
2837 3014 3195 3089 antequam
3226 3027 3336 3071 eos
3366 3012 3656 3072 obscuri-

417 3094 513 3170 tas
544 3090 677 3152 ulla
707 3085 1178 3170 comprimeret,
1204 3085 1821 3170 attendoquomodo
1841 3103 1950 3147 eos
1972 3088 2209 3170 iterum
2238 3085 2619 3170 pcdelentim
2652 3085 2730 3170 ad
2758 3086 3060 3170 inferiora
3089 3093 3153 3170 et
3180 3094 3487 3151 consueta
3514 3091 3657 3152 loca

416 3167 710 3245 deponit,
741 3164 956 3230 dicens
990 3188 1005 3227 :
1044 3168 1277 3228 Ferens
1308 3164 1726 3248 omniqveroo
1758 3165 2015 3248 oirtutis
2055 3184 2202 3248 suae.
2239 3164 2363 3248 Per
2390 3164 2904 3248 ipsum,_inq_uit,
2933 3165 3398 3248 "lapidationem
3420 3170 3658 3248 faciens

414 3243 816 3335 peceaforiim
837 3254 1221 3335 nostrorum,
1256 3244 1459 3335 sedere
1479 3244 1629 3335 [coit
1654 3244 1724 3335 iii
1752 3245 2010 3335 demtero
2036 3243 2395 3335 majestalis.
2427 3243 2565 3334 Non
2588 3243 2970 3335 _simpliciter
2997 3244 3182 3335 dixit,
3214 3243 3458 3335 Sedere;
3473 3248 3653 3335 fecil;

418 3321 562 3397 sed,
594 3327 744 3386 Post
773 3325 1286 3396 mundationem,
1316 3321 1559 3401 inquit,
1592 3322 1812 3383 sedere
1849 3322 2015 3382 fecit.
2049 3321 2341 3399 Suscepit
2383 3322 2555 3383 enim
2582 3322 3048 3401 incarnationis
3080 3323 3383 3386 officium.
3415 3326 3655 3387 Deinde

420 3402 689 3465 humilia
718 3404 1006 3482 loquitur
1044 3423 1071 3483 :_
1092 3412 1155 3483 et
1186 3408 1327 3483 post
1357 3399 1489 3463 haec
1520 3402 1993 3483 interloquutus
2034 3401 2369 3483 paulglum
2395 3445 2411 3474 ,
2444 3399 2830 3483 Iridexiera.
2863 3402 3185 3483 inquiens,
3215 3404 3553 3483 majestatis
3588 3405 3659 3463 in

417 3482 707 3562 excelsis,
738 3479 970 3543 iterum
999 3481 1077 3543 ad
1109 3479 1382 3562 humilia
1398 3480 1730 3562 narranda
1761 3480 2100 3562 revertitur
2131 3499 2146 3539 :
2178 3480 2369 3562 Tanto
2404 3479 2626 3538 melior
2652 3480 2855 3562 [actus
2884 3480 3122 3557 angelis
3143 3526 3169 3562 ,μ
3188 3479 3424 3562 ᾳυᾱηιο
3461 3483 3658 3562 cli/fe-

416 3561 657 3640 rentia:
682 3578 815 3640 pra:
841 3562 926 3621 eis
954 3578 1178 3640 nomen,
1200 3560 1591 3620 hereditavit.
1626 3559 1744 3618 Hic
1763 3558 1896 3637 jam
1921 3558 1996 3618 de
2026 3576 2101 3640 eo
2123 3602 2139 3628 ,
2171 3560 2281 3634 qui
2314 3565 2407 3618 est
2439 3559 2789 3640 secundum
2815 3575 3075 3640 carnem
3094 3604 3109 3631 ,
3138 3558 3439 3640 disputat.
3476 3558 3559 3620 Ιιὶ⁷
3578 3579 3656 3621 eo

419 3638 587 3699 enim
617 3635 791 3717 quod
816 3640 995 3699 dixit.
1023 3639 1259 3701 Melior
1286 3640 1488 3714 factus
1517 3645 1628 3704 est,
1659 3635 1789 3697 non
1812 3637 2106 3717 essentia:
2133 3642 2413 3717 paternae
2436 3635 2782 3717 declaravit
2810 3636 3112 3717 ipdicium
3138 3657 3153 3695 :
3183 3635 3292 3698 illa
3316 3639 3485 3699 enim
3511 3657 3657 3716 qum

416 3714 943 3779 Patris—essentia
971 3717 1532 3779 consubstantialis
1562 3716 1956 3795 agnoscitur,
1989 3732 2118 3775 non
2148 3714 2457 3795 estfacta,
2486 3714 2796 3795 sedlnata.
2831 3715 3147 3795 Loquitur
3166 3721 3380 3777 autem
3410 3717 3485 3777 de
3516 3714 3653 3778 car-

422 3796 552 3857 nali
582 3798 939 3859 substantia
969 3816 984 3856 :
1016 3796 1155 3873 ipsa
1183 3814 1351 3856 enim
1384 3795 1548 3856 facta
1574 3792 1689 3855 est.
1722 3794 1840 3855 Sed
1876 3812 2051 3873 nunc
2078 3793 2307 3873 nonde
2339 3792 2658 3854 exstantia
2684 3792 2847 3873 ejus,
2882 3793 3000 3853 hoc
3032 3799 3127 3853 est
3155 3795 3434 3872 qualiter
3460 3797 3654 3856 exsti-

419 3875 605 3945 terit,
652 3893 867 3936 sermo
897 3870 1255 3953 peragitur;
1287 3874 1396 3935 sed
1434 3874 1600 3953 sicut
1626 3874 1906 3953 Joannes
1928 3872 2141 3953 _dicit_:_
2170 3870 2296 3953 Olli
2316 3880 2461 3949 post
2494 3890 2582 3930 me
2610 3872 2802 3953 iacuit3
2834 3879 2979 3953 ante
3018 3889 3108 3953 me
3144 3870 3344 3952 [hctus
3372 3882 3458 3933 est
3483 3894 3502 3933 :
3535 3874 3655 3953 hoc

418 3956 540 4024 est,
569 3948 1018 4016 honorabilior
1043 3948 1238 4031 atque
1266 3952 1660 4031 probabilior
1686 3972 1701 4010 :
1739 3952 1833 4012 sic
1858 3951 2050 4012 etiam
2081 3950 2184 4031 hic
2214 3948 2486 4031 Ioniam
2513 3948 2754 4031 melior,
2784 3949 3024 4031 inqliit,
3047 3948 3249 4029 factus
3274 3960 3361 4011 est
3391 3952 3654 4029 angelis.

423 4031 544 4092 hoc
564 4036 664 4093 est
691 4032 1086 4109 probabilior
1112 4027 1305 4109 atque
1328 4030 1716 4108 praeclarior,
1739 4038 1973 4109 quanto
2003 4027 2218 4088 melius
2244 4028 2614 4109 hereditavit
2636 4045 2893 4109 nomen._
2910 4027 3101 4090 Vides
3130 4031 3283 4106 quia
3312 4031 3388 4091 de
3413 4027 3514 4099 eo,
3543 4032 3654 4107 qui

420 4113 513 4170 est
546 4106 892 4171 secundum
922 4106 1222 4179 carnem,
1254 4106 1466 4170 sermo
1499 4106 1839 4170 versatur?
1864 4109 2000 4168 Hoc
2044 4108 2213 4167 enim
2244 4124 2516 4187 nomen,
2548 4106 2716 4167 Deus
2747 4106 3029 4166 Verbum
3053 4126 3364 4187 ,_semper
3393 4106 3616 4171 habuit
3637 4154 3654 4177 .

424 4205 554 4249 non
585 4193 808 4266 postea
848 4188 1223 4251 bereditavit
1246 4231 1262 4259 ,
1296 4206 1507 4264 neque
1538 4195 1758 4265 postea
1787 4205 1934 4246 eum
1964 4188 2046 4266 ab
2074 4185 2321 4263 angelis
2364 4184 2691 4266 meliorem
2729 4189 2976 4245 constat
3012 4183 3306 4266 ellectuin
3334 4232 3350 4258 ,
3396 4188 3657 4264 quando

424 4263 839 4329 mundatione
868 4284 987 4330 sua
1015 4267 1274 4329 abstulit
1303 4263 1520 4327 nostra
1539 4263 1846 4343 "peccata;
1888 4264 1997 4325 sed
2029 4282 2281 4341 semper
2309 4263 2534 4343 melior
2565 4263 2710 4343 fuit,
2748 4269 2810 4322 et
2845 4281 2972 4322 non
3009 4265 3219 4343 solum
3264 4263 3513 4337 melior,
3547 4267 3654 4326 sed

421 4346 613 4425 etiam
642 4346 1227 4425 incomparabiliter
1253 4346 1478 4425 melior
1507 4341 1847 4405 universis.
1872 4344 2326 4425 Verumtamen
2345 4342 2432 4425 _de
2452 4359 2551 4411 eo,
2583 4341 2817 4425 qui-est
2844 4342 3202 4425 secundum
3227 4361 3511 4416 carnem,
3534 4346 3655 4425 ista

420 4423 743 4486 dicuntur.
777 4419 879 4486 Sic
911 4425 1082 4486 enim
1118 4428 1181 4484 et
1219 4424 1400 4483 nobis
1432 4440 1584 4483 usus
1624 4428 1758 4502 est,
1792 4440 1937 4502 cum
1974 4421 2061 4502 de
2083 4426 2314 4502 natura
2339 4419 2624 4502 humana
2649 4419 3048 4502 disserimus,
3085 4426 3147 4482 et
3176 4420 3495 4502 fastigium
3529 4424 3659 4483 ha—

422 4502 637 4565 bentia
671 4504 1024 4581 loquimur,
1055 4506 1118 4563 et
1138 4502 1478 4581 submissa.
1507 4500 1777 4581 Quando
1806 4501 1976 4560 enim
2004 4499 2309 4581 dicimus,
2338 4498 2507 4558 Nihil
2538 4499 2895 4581 esthomo,
2913 4504 3097 4581 terra
3118 4506 3213 4561 est
3243 4498 3434 4581 hoino
3455 4548 3470 4571 ,
3499 4503 3656 4562 cinis

420 4587 518 4641 est
548 4577 779 4654 homo;
812 4585 1015 4642 totum
1046 4597 1085 4643 a
1116 4580 1535 4641 deterioribus
1571 4579 2017 4657 appellamus:
2047 4577 2306 4654 quando
2353 4594 2505 4637 vero
2534 4577 2800 4637 dicimus
2822 4621 2839 4649 ,
2874 4577 3142 4641 Mortale
3175 4580 3415 4639 animal
3462 4581 3653 4639 homo

421 4665 481 4719 et
507 4661 827 4722 rationale
854 4665 917 4722 et
944 4660 1237 4738 supernis
1270 4663 1609 4738 cognatum
1632 4700 1648 4728 ,
1690 4673 1730 4718 a
1758 4656 2128 4738 melioribus
2161 4672 2462 4738 vocamus
2492 4656 2890 4738 universum.
2937 4657 3038 4738 Sic
3067 4663 3139 4738 et
3159 4658 3223 4717 in
3251 4657 3502 4738 Christo
3530 4659 3658 4718 ali-

425 4739 684 4815 quando
708 4739 965 4817 quidem
992 4734 1075 4801 a—b
1101 4734 1509 4817 inferioribus
1532 4780 1548 4807 ,
1578 4734 1929 4817 aliquando
1957 4740 2171 4795 autem
2201 4750 2240 4795 a
2270 4734 2645 4817 melioribus
2675 4735 2964 4812 loquitur
2989 4736 3223 4797 Paulus
3249 4756 3263 4794 :
3297 4741 3360 4796 et
3386 4736 3659 4813 dispen-

421 4812 747 4879 s'ationem‘
763 4818 1026 4895 cupiens
1056 4816 1457 4885 conﬁrmare,
1493 4821 1558 4877 et
1586 4812 1937 4893 simplicem
1963 4812 2409 4895 commendare
2446 4818 2767 4873 naturam.

496 4895 559 4955 3.
592 4890 914 4971 Quoniam
938 4896 1159 4972 itaque
1184 4894 1664 4955 mundationem
1694 4890 2099 4972 peccatorum
2132 4891 2312 4972 fecit,
2334 4909 2817 4968 perseveremus
2839 4890 3057 4972 mundi
3085 4910 3120 4972 _:_
3144 4891 3304 4972 nihil
3324 4891 3654 4952 sordidum

423 4974 528 5035 vel
553 4970 874 5054 pallulam
897 4970 1114 5035 anima
1141 4976 1360 5033 nostra
1390 4970 1731 5054 suscipiat;
1767 4970 1873 5031 sed
1907 4970 2446 5054 pulchritudinem
2477 4987 2670 5054 quam
2702 4971 2885 5054 nobis
2929 4970 3153 5029 indidit
3174 5014 3190 5037 .
3236 4971 3661 5054 decoremque

409 5051 773 5125 servemus.
817 5057 1058 5119 Munda
1090 5073 1270 5117 mens
1310 5058 1372 5115 et
1404 5053 1715 5114 inviolata
1767 5055 2172 5129 permaneat,
2206 5068 2336 5111 non
2386 5051 2621 5111 habeat
2649 5051 2990 5123 maculam,
3018 5067 3229 5126 neque
3260 5066 3512 5129 rugam,
3568 5052 3664 5112 vel

412 5139 661 5218 aliquid
681 5136 1047 5219 hujusmodi
1080 5156 1094 5194 :
1127 5134 1382 5219 macula
1409 5132 1672 5219 quippe,
1699 5128 1797 5191 vel
1821 5148 2006 5219 ruga,
2039 5131 2289 5219 minora
2317 5136 2576 5219 peccata
2606 5137 2758 5219 sunt
2790 5130 3016 5219 εχει-δί
3050 5128 3627 5219 gratia,‘detra_ctio
3650 5172 3667 5196 ,

413 5206 683 5299 injuria,
710 5206 1111 5278 m'endacium
1142 5234 1156 5271 :
1192 5212 1394 5291 magis
1431 5206 1651 5271 autem
1680 5228 1891 5287 neque
1909 5206 2072 5270 'haac
2105 5206 2358 5270 minora
2385 5214 2571 5281 sunt,
2605 5209 2713 5268 sed
2742 5208 2919 5269 valde
2944 5206 3215 5345 maiiora,
3253 5212 3315 5266 et
3335 5223 3373 5266 a
3397 5206 3671 5266 caelesti-

416 5300 537 5345 hnc.
566 5314 688 5345 nm:
732 5297 1020 5345 alienare
1045 5292 1350 5345 valentia.
1382 5291 1673 5345 Oualiler
1700 5289 1821 5345 hoc
1848 5293 1911 5345 et
1939 5306 2071 5345 auo
2100 5290 2330 5345 nacto?
2365 5288 2487 5345 Oui
2517 5288 2687 5345 enim
2722 5287 3005 5345 appellat
3065 5291 3301 5345 ratrem
3347 5303 3532 5345 suum
3568 5283 3671 5344 fa-

416 5283 537 5360 bris
566 5283 688 5357 nos
732 5297 1020 5357 alienare
1045 5283 1350 5354 valentia.
1382 5291 1673 5364 Qualiter
1700 5283 1821 5349 hoc
1848 5293 1911 5348 et
1939 5306 2071 5365 quo
2100 5290 2330 5364 pacto?
2365 5288 2487 5360 Qui
2517 5288 2687 5348 enim
2722 5287 3005 5364 appellat
3040 5283 3301 5365 fratrem
3347 5303 3532 5365 suum
3568 5283 3671 5365 fa-

416 5383 637 5449 tuum,
666 5393 817 5436 reus
848 5374 970 5435 erit
999 5372 1307 5465 gehennae
1330 5362 1606 5461 ignis..Si
1637 5369 1904 5459 ergosic
1934 5362 2202 5465 punitur
2230 5367 2339 5444 qui
2379 5367 2623 5457 fatuum
2655 5362 2873 5435 vocat,
2914 5365 3088 5457 quod
3118 5364 3381 5465 .videtui:
3405 5362 3666 5465 lev‘ioris

376 5496 381 5500 -
416 5474 590 5525 esse,
622 5443 723 5515 vel
752 5454 967 5531 potius
998 5443 1311 5531 infantilis
1354 5443 1653 5531 injurim:
1692 5443 1818 5531 qui
1852 5443 2467 5531 malorum_morum
2504 5445 2802 5531 cuiquam
2839 5443 3417 5531 crimenimponit,
3450 5443 3672 5531 clini-

416 5519 622 5612 quum
653 5519 850 5610 atq-ue
878 5531 1164 5591 invidum
1190 5528 1375 5597 dicit,
1405 5519 1466 5587 et
1496 5527 1669 5612 mille
1693 5519 1856 5612 aliis
1889 5544 2017 5612 non
2045 5525 2301 5612 dubitat
2328 5523 2587 5612 fratrem
2612 5519 3329 5612 j’acularecrimjnibus.
3361 5519 3667 5596 qualianc

419 5600 609 5692 putas
636 5600 915 5692 patietur
944 5603 1956 5692 tormentorumnsupplicia?quid
1988 5605 2105 5692 hoc
2128 5603 2518 5692 terribilius?
2551 5601 2667 5691 Sed
2695 5605 2934 5692 rogolit
2961 5600 3277 5692 patienter
3302 5616 3665 5692 sermonem

422 5677 1010 5767 incum-paululum
1047 5686 1349 5747 toleretis.
1399 5677 1845 5767 Sieiiimquae'
1888 5684 2032 5767 facit
2061 5683 2170 5767 uni
2226 5701 2307 5741 ex
2336 5679 2647 5767 minimis,
2694 5679 2813 5755 ipsi
2858 5677 3406 5767 lanci-Itaquomodo
3437 5696 3563 5735 non
3599 5684 3657 5734 et

426 5770 491 5830 in
524 5758 1101 5839 benedictionibus,
1148 5773 1207 5826 et
1244 5767 1305 5825 in
1353 5758 1906 5826 maledictiouibus
1940 5760 2161 5821 similis
2191 5758 2503 5820 sententia
2535 5758 2939 5835 perseveret?
2969 5758 3089 5829 Qui
3122 5758 3478 5816 convicium
3510 5774 3663 5831 ergo
