3970 6152
320 262 421 316 2H
1045 261 1102 322 S.
1141 263 1190 320 J.
1227 262 1719 323 CHRYSOSTOMI
1776 265 2086 324 HOMILIIE
2131 267 2194 324 IN
2251 269 2468 330 EPIST.
2510 272 2600 326 AD
2644 272 2850 334 llEBK.‘
3451 278 3561 338 3i?-

314 375 461 434 l'acit
493 373 709 446 fratri,
741 373 874 432 Deo
898 371 1252 432 convicium
1280 371 1429 431 facit
1453 392 1468 442 ;
1496 376 1558 431 et
1582 371 1692 447 qui
1723 371 1997 432 honorat
2019 372 2301 442 fratrem,
2331 374 2528 434 Deum
2559 373 2880 437 honorare
2909 375 3295 438 declaratur.

391 451 452 512 ιι.
486 455 945 533 ᾼεειιθεεδωαε
977 450 1480 533 igituriinguam
1511 455 1793 533 nostram
1824 452 1902 509 ad
1943 452 2104 533 bene
2137 452 2473 533 dicendum
2517 472 2655 513 esse
2706 455 3052 533 proclivem
3094 476 3108 514 :
3142 455 3416 524 Abstine,
3448 456 3556 518 in-

312 533 475 607 quit,
509 531 786 608 linguam
815 539 982 589 tuam
1010 527 1047 608 ᾲ
1073 527 1257 588 maio.
1293 527 1430 589 Non
1477 530 1649 588 enim
1695 535 1958 605 propter
1997 530 2118 590 hoc
2147 532 2320 590 illam
2351 533 2522 592 Deus
2564 527 2810 603 tribuit,
2839 539 2911 593 ut
2938 534 3418 604 maledicamus,
3454 537 3557 594 vel

314 607 695 689 convicia’in
729 607 1363 689 invicemijactemus,
1397 608 1494 668 vel
1527 608 1870 667 accusandi
1900 614 2124 689 mutuo
2151 627 2447 686 geramus
2467 611 2787 689 studium;
2821 612 2927 673 sed
2955 617 3021 672 ut
3049 631 3160 689 per
3186 631 3329 674 eam
3353 614 3554 676 Deum

313 688 672 769 laudemus,
722 691 796 750 ut
846 686 976 769 illa_
1003 687 1366 769 loquamur
1391 705 1535 764 quae
1588 689 1858 769 gra_liam
1890 687 2296 769 audientibus
2329 688 2682 769 conferant,
2711 708 2855 768 quae
2899 691 2976 752 ad
3009 686 3360 769 profectum
3385 699 3446 751 et
3475 693 3555 753 ad

313 766 793 848 {edificationem
823 765 1162 848 proficiunt
1183 765 1649 848 proximorum.
1687 767 1857 848 Pone
1885 766 2038 848 quia
2060 768 2444 848 maledixisli
2478 770 2648 828 hunc
2668 813 2683 839 ,
2717 765 2830 829 aut
2860 765 3037 829 illum
3058 791 3073 838 ;
3098 771 3251 848 quid
3281 789 3362 831 ex
3398 771 3552 844 hoc,

316 863 494 922 rogo,
525 845 808 906 lucratus
839 846 974 924 est?
1007 861 1217 924 nonne
1248 845 1358 903 tibi
1384 844 1504 920 ipsi
1536 844 1824 924 maxime
1845 847 2162 904 nocuisti?
2189 846 2498 922 siquidem
2531 848 2900 924 opinionem
2939 844 3396 910 maledicorum
3425 851 3558 910 ho—

314 925 558 983 minum
586 923 912 984 incurristi
943 940 1058 1000 pro
1087 923 1265 1003 nullo
1297 922 1812 1003 esttNullumest
1841 924 2014 1003 enim
2047 925 2336 1000 protinus
2368 922 2644 997 malum,
2673 927 2842 1003 quod
2874 945 3081 1003 usque
3120 928 3199 987 ad
3223 947 3369 990 eum
3397 945 3558 989 con-

312 1003 623 1079 sistatqui
651 1003 912 1078 patitur.
938 1006 1001 1062 et
1027 1018 1154 1059 non
1187 1002 1378 1080 etiam
1400 1002 1580 1080 illum
1604 1002 1712 1077 qui
1740 1000 1887 1061 facit
1911 1019 2042 1062 una
2064 1004 2559 1080 comprehendat
2587 1025 2602 1063 :
2636 1000 2820 1077 sicut,
2844 1000 3020 1066 verbi
3053 1023 3270 1078 causa,
3296 1007 3556 1069 invidia.

315 1081 575 1143 invidus
603 1082 775 1140 enim
805 1086 1069 1156 putatur
1102 1079 1356 1155 quidem
1389 1079 1675 1140 insidiari
1709 1080 1873 1151 aliis,
1908 1080 2015 1140 sed
2043 1081 2177 1157 ipse
2212 1079 2454 1158 primus
2487 1085 2596 1143 illo
2618 1084 2789 1144 malo
2804 1085 3226 1155 consumitur,
3259 1089 3322 1146 et
3344 1085 3559 1147 tabido

313 1161 505 1221 corde
538 1165 902 1240 maceratur
931 1179 945 1217 :
983 1158 1056 1218 ad
1080 1159 1213 1217 hzec
1240 1158 1427 1240 etiam
1463 1158 1612 1240 odio
1639 1159 1880 1240 cunctis
1909 1159 2268 1240 habebitur.
2301 1161 2459 1240 item
2488 1162 2754 1238 cupidus
2783 1164 2879 1223 vel
2900 1179 3136 1224 avarus
3161 1163 3371 1225 aufert
3399 1166 3560 1240 qui—

313 1240 457 1298 dem
482 1238 788 1316 pecunias
821 1238 1118 1316 aliorum,
1153 1235 1256 1296 sed
1289 1237 1477 1297 etiam
1496 1236 1615 1296 sibi
1646 1236 1852 1296 aufert
1883 1238 2176 1315 gratiam,
2206 1238 2415 1299 aufert
2439 1235 2792 1313 caritatem,
2821 1242 2968 1302 facit
2995 1247 3064 1301 ut
3090 1243 3171 1302 ab
3191 1235 3559 1306 hominibus

313 1315 677 1378 accusetur.
693 1316 966 1376 Multum
992 1315 1228 1392 quippe
1249 1316 1472 1374 melior
1492 1321 1587 1375 est
1609 1316 1826 1391 opinio
1848 1317 2017 1377 bona
2036 1318 2322 1394 pecuniis
2350 1338 2364 1375 :
2385 1319 2491 1379 illa
2514 1321 2682 1379 enim
2709 1321 2763 1380 si
2791 1321 2958 1381 mala
2981 1320 3191 1392 fuerit,
3220 1337 3348 1384 non
3378 1321 3562 1385 facile

317 1397 648 1471 abluitur;
683 1395 990 1475 pecunias
1011 1400 1225 1453 autem
1252 1410 1379 1475 non
1403 1399 1498 1453 est
1523 1395 1762 1475 laboris
1793 1395 2153 1475 acquirere.
2189 1397 2393 1474 Magis
2439 1403 2649 1458 autem
2678 1400 2966 1475 pecunia:
3008 1404 3071 1458 et
3112 1417 3256 1462 cum
3299 1400 3558 1472 adsunt,

320 1491 450 1534 non
479 1475 632 1556 satis
656 1472 980 1556 adjuvant,
1013 1477 1075 1532 et
1103 1489 1245 1556 cum
1275 1471 1524 1556 desunt,
1554 1472 1714 1556 nihil
1742 1474 2034 1548 protinus
2061 1471 2327 1556 obsunt}
2352 1476 2571 1556 opinio
2609 1471 2822 1556 autem
2851 1479 3019 1556 bona
3051 1479 3103 1538 si
3131 1478 3319 1546 adsit,
3354 1471 3559 1556 prod-é

315 1558 413 1612 est
458 1550 847 1629 plurimum;
901 1552 953 1612 si
988 1568 1137 1611 vero
1172 1550 1368 1621 absit,
1405 1550 1549 1612 facit
1579 1553 1961 1627 probrosum
1989 1557 2192 1613 totum
2223 1550 2571 1624 hominem,
2603 1555 2752 1617 facit
2775 1555 3096 1627 infamem,
3127 1561 3192 1619 et
3221 1550 3558 1622 ridiculum

314 1631 664 1713 constituet
713 1630 1015 1691 omnibus
1061 1634 1121 1688 et
1147 1639 1438 1713 exosum.
1473 1629 1775 1713 Similiter
1808 1630 2156 1713 iracundus
2199 1633 2482 1713 seipsum
2513 1635 2790 1710 primum
2830 1635 3146 1696 dilanians
3191 1636 3449 1713 puniet,
3501 1641 3564 1696 et

319 1709 677 1790 luncillum
714 1712 940 1790 contra
961 1726 1158 1790 quem
1200 1708 1636 1790 indignatione
1684 1713 2000 1790 raptatur.
2031 1709 2130 1770 Sic
2169 1715 2233 1790 et
2265 1708 2612 1774 maledicus
2656 1713 2862 1790 primo
2897 1714 3177 1790 seipsum
3193 1708 3556 1783 confundit,

311 1796 376 1847 et
401 1794 550 1870 tunc
575 1788 753 1846 illum
783 1787 885 1848 cui
918 1787 1170 1870 videtur
1193 1786 1654 1870 maledictionis
1682 1787 2027 1870 importare
2049 1789 2452 1870 convicium:
2479 1786 2946 1867 quodrfortasse
2975 1786 3234 1869 quidem
3272 1811 3390 1856 nec
3430 1811 3556 1870 po-

315 1867 496 1947 terit,
522 1865 644 1947 hoc
668 1869 793 1937 est,
821 1870 890 1947 ut
924 1866 1031 1926 ille
1059 1865 1324 1947 laedatur
1356 1865 1459 1947 :“si
1505 1865 1787 1947 tolerans
1811 1867 2164 1947 patienter,
2190 1865 2522 1938 abscedati
2555 1871 2691 1947 ipse
2723 1888 2872 1932 vero
2920 1865 3157 1932 recedit
3191 1889 3335 1934 cum
3378 1865 3556 1937 stulti

314 1944 646 2024 cujusdam
669 1944 949 2024 nomine,
981 1948 1043 2003 et
1073 1943 1403 2024 dispuendi
1435 1944 1688 2024 penitus
1719 1949 1781 2004 et
1808 1945 2143 2014 horrendi,
2177 1947 2358 2009 illum
2379 1943 2635 2024 quidem
2658 1967 2692 2008 e
2710 1955 2934 2012 contra
2954 1951 3255 2014 ambilem
3290 1948 3552 2014 faciens.

310 2023 583 2108 Quando
609 2023 775 2108 enim
805 2022 981 2082 audit
1011 2022 1368 2108 maledicta,
1387 2030 1460 2108 _et
1496 2023 1758 2108 minime
1778 2041 1846 2108 se
1865 2023 2179 2108 similibus
2207 2027 2380 2108 cupit
2400 2022 2632 2108 'ulcisci
2661 2028 3006 2108 conviciis,
3038 2028 3149 2108 sed
3183 2029 3399 2108 iaudat
3430 2046 3562 2108 po—

319 2103 442 2162 tius
471 2107 533 2161 et
554 2103 847 2170 miratur,
870 2119 998 2160 non
1029 2101 1211 2160 illum
1250 2101 1530 2176 quidem,
1571 2101 1676 2160 sed
1709 2102 1990 2177 seipsum
2035 2103 2274 2163 laudat.
2317 2103 2490 2165 Sicut
2533 2106 2704 2165 enim
2735 2106 2869 2177 jam
2914 2107 3049 2168 dixi
3084 2101 3560 2170 maledictiones

310 2199 459 2255 qua:
489 2181 854 2258 diriguntur
884 2181 948 2263 in
976 2181 1329 2263 proximos,
1371 2179 2141 2263 maledicentesprimiius
2186 2188 2422 2263 vexant
2453 2203 2466 2240 :
2513 2185 2604 2244 sic
2630 2189 2695 2263 et
2725 2179 2893 2246 bona
2929 2202 3075 2261 qua
3117 2185 3286 2249 circa
3324 2188 3558 2263 proxi-

318 2276 454 2339 mos
485 2257 824 2339 geruntur,
840 2257 1256 2339 _eis_primum
1290 2257 1398 2333 qui
1437 2264 1789 2339 operantur
1818 2257 2234 2339 jucunditatis
2275 2261 2506 2322 uberes
2547 2261 2884 2339 proferunt
2911 2257 3179 2328 fructus.
3217 2257 3559 2328 Enimvero

315 2338 428 2410 qui
460 2336 734 2416 alicujus
759 2381 774 2403 ,
801 2337 935 2416 sive
956 2336 1128 2404 boni,
1164 2337 1296 2416 sive
1331 2336 1504 2416 mali,
1536 2344 1907 2416 proereator
1933 2338 2214 2410 exsistit,
2246 2339 2380 2415 ipse
2411 2336 2653 2416 primus
2685 2349 2797 2402 aut
2819 2343 2927 2402 illo
2969 2343 3138 2405 bono
3163 2341 3416 2414 fruitur,
3447 2349 3560 2406 aut

318 2415 439 2496 illo
466 2410 648 2496 malo‘
669 2415 936 2496 punitur
971 2433 983 2468 :
1011 2420 1075 2473 et
1113 2415 1359 2496 merito:
1391 2413 1566 2472 Sicut
1591 2410 1760 2472 enim
1801 2431 1994 2491 aqua,
2042 2417 2179 2476 sive
2223 2410 2392 2477 salsa
2414 2410 2524 2487 sit,
2553 2420 2685 2480 sive
2718 2422 2799 2480 sit
2824 2421 2933 2482 illa
2961 2421 3283 2496 potabilis,
3316 2429 3379 2483 et
3405 2410 3559 2484 vasa

311 2493 510 2564 replet
539 2493 993 2560 haurientium,
1018 2498 1078 2550 et
1105 2509 1292 2550 suum
1327 2491 1559 2572 fontem
1591 2511 1814 2567 exquo
1848 2501 2065 2554 manat
2088 2512 2496 2570 nequaquam
2527 2514 2798 2560 vacuum
2826 2491 3160 2561 remanere
3189 2501 3498 2572 permittit
3543 2521 3556 2555 τ

301 2573 394 2631 sic
424 2577 485 2630 et
513 2573 829 2648 nequitia,
864 2573 956 2632 sic
983 2578 1048 2632 et
1076 2574 1306 2642 virtus,
1339 2571 1508 2633 unde
1537 2579 1924 2650 processerit
1957 2577 2137 2633 illum
2176 2577 2650 2651 procreatorem
2697 2576 2992 2651 primitus
3023 2577 3133 2642 illa
3172 2571 3469 2648 lietificat,
3513 2582 3574 2637 et

299 2651 410 2710 illa
437 2651 778 2710 consumit.
809 2652 886 2709 Et
919 2653 1051 2712 haec
1078 2652 1337 2728 quidem
1362 2652 1425 2710 in
1461 2649 1580 2713 hac
1611 2652 1742 2712 vita
1768 2672 1782 2710 :
1810 2659 2110 2712 czeterum
2131 2651 2194 2709 in
2228 2649 2444 2713 futuro
2473 2649 2717 2714 saeculo
2734 2656 2880 2730 quis
2906 2671 3120 2716 sermo
3146 2654 3358 2719 valeat
3385 2672 3574 2720 enar-

300 2747 448 2788 rare
479 2747 622 2806 quaa
654 2731 846 2801 bona,
875 2731 973 2791 vel
1001 2749 1148 2808 quae
1174 2731 1344 2792 mala
1376 2733 1836 2792 reservantur?
1860 2732 1995 2791 Non
2022 2735 2119 2791 est
2147 2746 2361 2790 sermo
2394 2730 2507 2806 qui
2537 2731 2660 2793 hoc
2685 2729 2962 2808 explicet
2998 2752 3012 2791 :
3053 2732 3370 2809 siquidem
3404 2736 3572 2798 bona

303 2810 413 2870 illa
446 2827 572 2868 non
600 2813 848 2869 tantum
889 2827 1277 2875 sermonem,
1313 2810 1420 2869 sed
1458 2811 1650 2871 etiam
1699 2827 1955 2869 onmem
1987 2810 2290 2869 intuitum
2337 2809 2569 2869 mentis
2608 2811 2925 2871 excedunt
2960 2831 2974 2868 :
3007 2812 3332 2876 contraria
3385 2831 3569 2884 vero,

303 2888 425 2969 hoc
445 2893 543 2948 est
572 2888 772 2958 mala,
808 2889 1130 2966 appellata
1158 2888 1436 2969 quidem
1491 2896 1641 2949 sunt
1667 2891 2039 2969 nominibus
2089 2888 2386 2960 usitatis;
2421 2888 2595 2950 verbi
2619 2889 2819 2969 gratia
2848 2909 2870 2969 :_
2912 2891 3066 2965 quia
3100 2891 3290 2969 ignis,
3320 2890 3570 2968 inquit,

305 2967 390 3026 ibi
429 2973 555 3040 est,
587 2971 648 3027 et
677 2963 982 3038 tenebras,
1016 2974 1080 3027 et
1111 2963 1390 3036 vincula,
1415 2973 1480 3028 et
1517 2969 1748 3029 vermis
1770 2970 1911 3029 sine
1940 2968 2067 3029 fine
2099 2984 2484 3028 consumens
2515 2988 2528 3030 :
2555 2963 2661 3027 sed
2683 2985 2820 3026 .non
2857 2963 2984 3028 haec
3004 2963 3153 3033 sola
3175 2971 3316 3030 istis
3349 2963 3572 3036 nomi-

308 3047 520 3117 nibus,
556 3064 672 3106 nec
686 3047 847 3126 talia
886 3047 1436 3118 demonstrantur,
1480 3048 1588 3108 sed
1632 3049 1760 3109 alia
1793 3049 1994 3109 multo
2019 3046 2240 3126 pejora
2269 3050 2333 3106 et
2355 3047 2558 3106 multo
2581 3047 2859 3124 amplius
2895 3049 3248 3110 severiora.
3294 3048 3480 3122 Quod
3507 3055 3574 3112 ut

306 3142 646 3207 agnoscas,
682 3125 803 3207 hoc
835 3126 1112 3203 primum
1144 3127 1502 3207 considera.
1540 3127 1601 3187 Si
1624 3128 1795 3188 enim
1823 3128 2016 3207 ignis,
2043 3125 2364 3207 quomodo
2392 3127 2670 3207 tenebras
2691 3128 2887 3207 sunt?
2915 3126 3105 3207 Vides
3128 3129 3441 3205 quoniam
3469 3129 3573 3192 ille

309 3204 474 3284 ignis
498 3205 727 3265 saevior
749 3204 871 3265 isto
903 3208 1039 3265 est?
1067 3223 1193 3266 non
1219 3206 1388 3266 enim
1411 3207 1607 3266 habet
1640 3204 1885 3275 lumen,
1917 3209 2030 3267 aut
2056 3206 2255 3284 ullam
2277 3205 2537 3264 luminis
2556 3205 2939 3284 claritatem.
2964 3206 3027 3266 Si
3055 3204 3223 3284 ignis
3253 3212 3372 3278 est,
3397 3225 3574 3284 quo—

308 3283 497 3342 modo
526 3301 777 3360 semper
806 3285 955 3355 urit,
994 3291 1056 3344 et
1094 3285 1530 3362 corruptionis
1581 3303 1712 3345 non
1749 3291 2060 3363 operatur
2087 3283 2426 3344 effectum?
2450 3283 2642 3344 Vides
2678 3285 2988 3360 quoniam
3014 3283 3165 3347 etin
3197 3286 3322 3348 hoc
3343 3283 3577 3353 saevior

307 3365 451 3422 est?
475 3379 604 3422 non
646 3363 816 3446 enim
844 3364 1306 3446 exstinguitur.
1340 3365 1608 3446 Propter
1630 3365 1768 3446 hoc
1803 3367 1993 3446 etiam
2039 3363 2584 3446 inexstinguibilis
2622 3364 3009 3440 appellatur.
3042 3364 3333 3446 Intellige
3371 3366 3574 3446 igitur

307 3447 624 3518 quantum
652 3445 748 3520 est
773 3443 1034 3512 malum,
1067 3461 1183 3519 per
1210 3443 1423 3502 omnia
1456 3445 1691 3505 saecula
1719 3445 1846 3514 uri,
1879 3448 1942 3503 et
1976 3443 2042 3502 in
2075 3443 2355 3502 tenebris
2388 3459 2769 3518 permanere
2797 3444 3150 3520 perpetuis,
3182 3448 3245 3504 et
3289 3443 3570 3504 infinitos

309 3522 585 3599 gemitus
612 3519 825 3592 edere,
857 3526 922 3581 et
952 3521 1221 3582 stridere
1245 3521 1567 3595 dentibus,
1601 3527 1662 3582 et
1687 3539 2100 3600 nequaquam
2119 3522 2372 3598 penitus
2397 3521 2606 3580 exuri.
2641 3520 2700 3580 Si
2735 3519 2996 3581 enimio
3017 3523 3138 3583 hac
3163 3523 3294 3586 vita
3330 3525 3568 3600 aliquis

309 3617 559 3672 eorum,
593 3601 706 3677 qui
741 3601 938 3659 nobili
965 3619 1198 3679 genere
1230 3602 1361 3661 nati
1393 3605 1564 3669 sunt,
1594 3603 1659 3661 in
1694 3603 2046 3662 custodiam
2081 3601 2473 3672 retrudatur,
2513 3606 2804 3677 putorem
2839 3602 3052 3679 ipsum
3091 3607 3339 3664 tantum
3371 3609 3435 3663 et
3479 3611 3575 3662 le-

310 3679 999 3772 nebrai'um__ealigines
1056 3699 1186 3772 non
1220 3681 1758 3772 valet-sustinere,
1796 3687 1868 3772 ei
1906 3699 2050 3741 cum
2084 3679 2583 3772 homicidiis-una
2614 3680 2825 3772 ligari,
2865 3687 3070 3772 mo_rte
3104 3682 3288 3772 pejus
3338 3683 3573 3742 existi-

310 3763 483 3838 mat:
517 3759 804 3838 intellige
839 3760 1033 3835 quale
1059 3761 1161 3832 sit,
1196 3759 1457 3837 quando
1487 3779 1630 3820 cum
1672 3761 1972 3821 omnibus
2009 3760 2202 3819 totius
2231 3759 2446 3819 saeculi
2476 3759 2919 3819 comburimur
2964 3759 3322 3833 homicidis,
3361 3779 3573 3838 neque

317 3837 432 3913 ipsi
460 3839 624 3899 alios
650 3837 959 3912 videntes,
995 3839 1514 3919 nequealiorum
1546 3839 1792 3900 visibus
1830 3844 2235 3919 apparentes,
2264 3838 2376 3919 sed
2427 3839 2490 3897 in
2538 3844 2718 3900 tanta
2781 3839 3192 3919 multitudine
3245 3837 3571 3901 solitarios

313 3935 428 3978 nos
455 3935 598 3979 esse
638 3921 959 3994 putantes.
1009 3918 1335 3996 Siquidem
1393 3920 1672 3979 tenebrae.
1700 3925 1760 3979 et
1789 3919 2081 3979 absentia
2121 3918 2380 3977 luminis
2413 3934 2541 3976 non
2583 3935 2701 3977 nos
2739 3918 2906 3978 sinet
2954 3919 3284 3994 proximos
3315 3925 3568 3980 nostros

318 4014 695 4076 agnoscere;
725 3995 834 4056 sed
867 3997 1062 4076 veluti
1089 3995 1143 4056 Si
1174 3998 1503 4057 solitarius
1530 3998 1983 4076 unusquisque
2009 4002 2302 4057 nostrum
2327 3997 2630 4074 patiatur,
2660 3997 2755 4056 sic
2773 3995 3052 4058 afficitur
3073 4015 3422 4076 oppressus
3453 4015 3572 4059 ca-

312 4075 509 4155 ligine
532 4078 897 4155 tenebrosa.
928 4075 1236 4155 Siiautem
1265 4078 1547 4136 tenebrae
1568 4081 1816 4135 tantum
1844 4075 2135 4155 afﬂigunt
2165 4080 2418 4136 nostras
2445 4076 2718 4144 animas,
2757 4081 3136 4153 tantumque
3164 4075 3569 4154 perturbant,

309 4153 466 4228 quid
495 4155 616 4213 erit
640 4153 772 4232 jam
803 4154 1064 4230 quando
1091 4159 1324 4214 etcum
1357 4156 1638 4215 tenebris
1673 4156 1925 4214 dolores
1967 4153 2030 4214 et
2065 4160 2382 4215 tormenta
2424 4156 2888 4215 combustionis
2931 4153 3300 4218 adfuerint?
3330 4157 3571 4217 Idcirco

311 4233 645 4308 deprecor,
678 4238 750 4291 ut
777 4233 909 4293 haec
930 4251 1182 4310 semper
1205 4233 1375 4310 apud
1401 4250 1509 4294 vos
1538 4234 1830 4303 versetis,
1863 4239 1925 4293 et
1947 4234 2266 4310 patienter
2288 4233 2606 4293 tristitiam
2632 4252 2775 4311 qua:
2802 4253 2881 4295 ex
2913 4235 3122 4295 verbis
3153 4237 3445 4297 nascitur
3471 4243 3573 4296 to-

311 4311 553 4380 leretis,
584 4329 663 4370 ne
694 4311 868 4390 ipsis
902 4313 1094 4372 rebus
1118 4312 1433 4390 supplicia
1463 4313 1774 4373 sentiatis.
1798 4312 2113 4372 Omnibus
2143 4312 2348 4372 modis
2366 4312 2536 4373 enim
2564 4316 2866 4375 universa
2891 4315 3015 4376 ista
3031 4313 3252 4378 futura
3284 4320 3473 4378 sunt:
3512 4319 3572 4376 et

314 4406 422 4449 eos
456 4391 569 4471 qui
601 4389 933 4471 suppliciis
963 4391 1164 4471 digna
1182 4389 1524 4469 gesserunt
1549 4437 1564 4460 ,
1590 4393 1808 4453 nullus
1838 4393 2072 4471 poterit
2113 4393 2414 4466 liberare,
2451 4409 2581 4451 non
2615 4398 2822 4471 pater,
2847 4411 2977 4454 non
2996 4404 3228 4467 mater,
3271 4411 3401 4454 non
3449 4393 3573 4454 fra-

309 4475 449 4552 t_er:
486 4469 721 4552 [frater
749 4470 910 4552 enim
937 4469 1337 4552 noniibcrat,
1373 4472 1603 4552 inquit,
1643 4469 1930 4534 liberabit
1959 4471 2135 4552 homo
2163 4473 2193 4552 2
2220 4472 2368 4552 iicet
2413 4469 2679 4552 multam
2713 4472 3012 4535 ﬁduciam
3055 4473 3334 4551 quisque
3359 4474 3573 4552 possi—

309 4547 490 4620 deat,
522 4548 669 4632 licet
693 4549 969 4609 multum
993 4550 1203 4632 valeat
1237 4551 1408 4627 apud
1439 4547 1666 4610 Deum.
1715 4551 2078 4632 lpseienim_
2086 4551 2310 4632 reddet
2337 4551 2688 4632 unicuique
2719 4547 3298 4631 secundum—Opera
3320 4547 3484 4632 ejus,
3513 4557 3575 4612 et

312 4646 397 4709 es
414 4628 721 4709 operibus
751 4636 886 4709 tam
916 4629 1117 4699 saltus,
1142 4646 1340 4705 quam
1371 4646 1556 4706 paena
1579 4628 2020 4707 consequitur.
2055 4630 2391 4691 Faciamus
2413 4628 2611 4709 igitur
2649 4633 2834 4692 nobis
2861 4633 3102 4694 amicos
3144 4628 3226 4692 ex
3274 4628 3573 4694 mamona

310 4706 715 4790 iniquitatis:
750 4707 1033 4790 hocest,
1065 4725 1410 4790 operemur
1437 4706 1914 4790 eleemosyn’as,
1958 4727 2345 4790 evacuemus
2387 4706 2632 4770 in'istos
2660 4713 2968 4787 pecunias
2995 4717 3274 4785 nostras,
3313 4717 3385 4771 ut
3426 4728 3573 4774 eva-

309 4805 576 4848 cuemus
600 4788 792 4849 etiam
829 4787 959 4848 illic
989 4793 1059 4849 et
1087 4788 1577 4866 exstinguamus
1602 4787 1765 4866 ignis
1797 4788 2125 4862 ardorem,
2162 4793 2234 4848 ut
2270 4789 2564 4851 fiduciam
2601 4791 2831 4850 mentis
2869 4791 3244 4852 habeamus.
3290 4791 3430 4851 illic
3474 4796 3575 4852 et-

309 4867 484 4925 enim
512 4883 644 4947 non
675 4866 774 4928 vel
806 4866 928 4947 ipsi
958 4872 1108 4947 sunt
1137 4867 1247 4944 qui
1279 4884 1396 4927 nos
1418 4867 1779 4947 excipiunt.
1801 4867 1910 4927 sed
1962 4885 2126 4944 opus
2160 4873 2448 4928 nostrum
2481 4869 2675 4944 :quia
2705 4886 2834 4928 non
2867 4886 2946 4929 eo
2983 4870 3158 4947 ipso,
3199 4869 3380 4946 quod
3417 4871 3573 4930 istos

310 4947 554 5008 amicos
587 4946 991 5026 habebimus,
1023 4945 1259 5007 salvari
1298 4946 1710 5026 merebimur.
1739 4947 2033 5026 Denique
2063 4947 2317 5007 attende
2339 4947 2496 5026 quid
2521 4947 2758 5007 addidit
2790 4967 2804 5004 :
2836 4965 2965 5006 non
2997 4945 3170 5008 enim
3199 4945 3364 5008 dixit
3387 4993 3404 5021 ,
3436 4948 3575 5009 Fa—

299 5028 430 5085 cite
465 5026 642 5088 vobis
687 5025 952 5098 amicos,
988 5032 1063 5085 ut
1105 5026 1466 5103 suscipiant
1504 5042 1620 5085 vos
1671 5024 1740 5083 in
1782 5025 2152 5086 habitacula
2198 5042 2317 5087 sua
2360 5024 2786 5096 ieterna;sed
2829 5032 3082 5086 tantum
3107 5029 3173 5088 in
3201 5028 3572 5091 habitacula

295 5103 469 5166 dixit
497 5111 762 5178 eterna,
786 5109 849 5165 et
872 5104 1132 5166 modum
1165 5104 1377 5177 ipsum
1425 5104 1749 5178 exposuit.
1787 5103 2069 5164 Dicendo
2117 5104 2313 5167 enim.
2346 5105 2461 5164 Eas
2507 5122 2793 5164 mamona
2848 5105 3241 5176 iniquitatis.
3299 5106 3577 5169 ostendit

302 5186 616 5268 quoniam
646 5185 724 5268 de
745 5185 1046 5263 pecuniis
1077 5184 1510 5268 oportetii‘stos
1547 5183 1788 5268 amicos
1821 5197 2209 5259 praeparare.
2241 5183 2536 5268 Apparet
2567 5182 2767 5268 igitur
2795 5185 3105 5268 quoniam
3129 5199 3265 5248 nun
3294 5189 3433 5268 ipsa
3465 5208 3581 5251 no-

297 5264 399 5344 bis
429 5264 716 5344 amicitia
740 5260 964 5328 eorum
990 5260 1528 5342 patrocinabitur,
1557 5262 1615 5344 si
1644 5263 1815 5323 bona
1828 5277 2040 5344 opera
2081 5278 2210 5344 non
2239 5260 2630 5344 habeamus},
2656 5264 2709 5323 si
2747 5260 2877 5324 non
2910 5283 3057 5326 cum
3080 5260 3339 5344 justitia'
3363 5269 3580 5330 refun-

301 5342 532 5433 da_mus
561 5343 840 5433 divitias,
871 5340 1040 5433 quas
1073 5345 1296 5423 inique
1326 5341 1953 5433 congessimusalste
2013 5340 2191 5433 vobis
2222 5358 2444 5433 sermo
2473 5340 2551 5432 de
2571 5343 3005 5433 eieeiiiosynis
3051 5340 3182 5406 non
3349 5348 3576 5433 divites

302 5423 539 5495 solum,
569 5423 681 5484 sed
707 5420 1008 5486 etiam'ad
1060 5420 1379 5502 pauperes
1430 5420 1618 5483 simul
1652 5420 2242 5502 aptaturisciiicet
2271 5420 2378 5502 ilie
2411 5421 2524 5502 qui
2572 5423 2654 5482 ab
2701 5420 3106 5500 aliis'petens
3147 5429 3579 5489 sustentatio-

305 5519 450 5584 nem
480 5504 774 5584 accipiat,
809 5509 872 5564 ct
901 5503 981 5566 ad
1003 5499 1216 5584 ipsum
1250 5505 1386 5563 haec
1415 5503 1629 5584 oeatio
1663 5499 2030 5584 pertinebit:
2066 5500 2204 5558 Non
2229 5500 2404 5584 enim
2444 5500 2508 5559 in
2537 5505 2788 5584 tantum
2815 5499 3094 5581 quisque
3116 5521 3366 5583 pauper
3387 5510 3570 5568 exsi-

299 5581 532 5664 stit,_ut
548 5579 676 5664 duo
698 5585 963 5664 minuta
995 5579 1128 5664 non
1187 5584 1442 5646 habeat.
1476 5582 1688 5642 Potest
1711 5597 1868 5664 ergo
1897 5579 2072 5664 etde
2106 5579 2331 5664 paucis
2359 5596 2571 5664 pauca
2595 5579 2907 5664 tribuere,
2938 5579 3007 5664 cf
3044 5579 3325 5664 plurima
3361 5588 3578 5664 possi-

303 5657 523 5742 dentes
547 5661 1026 5741 largientesque
1057 5663 1335 5742 plurima
1371 5680 1683 5738 supera-re
1703 5704 1718 5732 ,
1753 5657 2061 5742 sic-utilia
2099 5658 2311 5742 vidua.
2359 5658 2494 5742 Non
2523 5660 2696 5742 enim
2727 5657 3086 5742 quantitate
3107 5657 3438 5737 datorum,
3465 5667 3574 5728 sed

308 5735 546 5798 virtute
575 5735 939 5818 superavit,
957 5735 1118 5820 quia
1157 5735 1537 5821 magnitudo
1567 5738 2028 5803 misericordiae
2065 5738 2415 5802 voluntatis
2452 5735 2894 5819 magnitudin
2925 5739 3274 5820 iudicatur.
3327 5735 3575 5824 Ubique
