3970 6152
376 350 481 407 237
1110 350 1174 410 S.
1209 349 1260 409 Ι.
1306 347 1794 407 CllRYSOSTOMI
1838 346 2149 405 llOMlleE
2190 348 2254 402 IN
2298 346 2512 405 EPIST.
2554 346 2644 400 AD
2684 343 2888 400 llEBR.
3376 396 3380 399 .
3494 344 3589 402 258

312 472 319 479 -
358 445 556 517 dixit,
598 443 789 503 rebus
830 446 1079 501 constat
1113 441 1481 517 impletum;
1514 438 1649 500 sive
1685 457 2047 500 sermonem
2076 440 2240 499 dixit
2268 444 2587 518 praecepta
2614 440 2864 500 Veteris
2899 439 3308 517 Testamenti.
3335 438 3602 509 Plurima

358 525 599 602 quippe
617 525 677 583 et
701 526 932 602 puriter
959 523 1163 602 legem
1187 524 1340 581 sunt
1360 518 1660 602 mandata
1687 536 1804 602 per
1821 520 2112 597 angelos,
2131 521 2243 602 qu_i
2268 520 2344 580 ad
2369 518 3440 602 illudhministerium‘mitlebantur:
3458 525 3611 586 sicut

359 597 541 663 missi
574 597 725 663 sunt
759 601 836 661 ad
866 597 1118 660 Loth'in
1152 602 1458 671 montem,
1488 602 1549 658 et
1579 597 1655 659 ad
1686 598 1966 667 Judices.
1999 604 2062 659 et
2089 597 2166 661 ad
2199 599 2491 660 Samson.
2519 599 2862 675 Propterea
2895 597 3065 657 enim
3095 615 3219 658 non
3251 599 3428 673 dixit,
3460 603 3600 671 Lex,

359 682 492 755 sed,
524 682 772 742 Sermo:
803 680 972 740 unde
1004 680 1206 757 magis
1233 677 1390 737 mihi
1420 677 1672 740 videtur
1699 677 1808 739 illa
1838 678 2225 758 signiﬁcare,
2261 695 2404 755 qum
2432 696 2546 758 per
2573 678 2840 756 angelos
2875 676 3244 758 dispensata
3270 686 3433 740 sunt.
3457 680 3610 755 Quid

358 779 512 839 ergo
537 760 847 839 dicemus,
884 759 1005 819 nisi
1039 759 1192 836 quia
1224 762 1573 839 praesentes
1606 762 1879 839 erantet
1908 757 2145 839 angeli,
2184 758 2424 839 quibus
2452 757 2658 839 fuerat
2688 775 2843 839 gens
2878 757 2988 817 illa
3008 759 3381 839 commissa,
3414 765 3473 819 et
3501 762 3610 839 ipsi

357 836 541 901 erant
570 840 681 916 qui
714 836 881 900 tubis
923 844 986 899 et
1019 838 1302 899 buccinis
1331 838 1794 915 personabant,
1833 842 1894 896 et
1926 837 2056 898 alia
2087 843 2316 900 caetera
2345 836 2704 916 faciebant:
2731 837 2851 897 hoc
2880 842 2975 916 est
2998 836 3212 916 ignem
3234 882 3248 909 ,
3282 836 3614 901 fumum'et

360 914 630 980 nebulas
654 921 682 978 ?
723 920 807 978 Iit
837 918 1058 986 omnis,
1089 917 1325 994 inquit,
1348 916 1793 995 praearicatio
1822 924 1877 975 et
1903 916 2348 978 inobedientia.
2377 917 2518 978 Non
2553 914 2896 995 dixitrquia
2927 914 3145 995 aliqua
3175 918 3462 992 punitur,
3493 919 3619 980 ali-

359 1015 489 1075 qua
518 1016 671 1060 vero
704 1015 861 1069 non,
890 998 1001 1058 sed
1028 997 1235 1057 omnis
1264 1016 1278 1054 :
1305 996 1425 1056 hoc
1449 999 1569 1068 est,
1597 995 1752 1075 quia
1782 996 1943 1075 nihil
1969 997 2281 1057 remansit
2309 996 2609 1065 inultum,
2633 994 2741 1056 sed
2775 994 3311 1074 Percepitjustam
3339 997 3618 1058 mercedis

338 1073 858 1139 retributionem.
903 1078 1117 1151 Quare
1157 1075 1319 1135 dixit
1363 1073 1673 1135 mercedis
1717 1074 2249 1136 retributionem?
2277 1093 2520 1136 merces
2565 1079 2779 1135 autem
2823 1075 2886 1134 in
2918 1073 3088 1134 bono
3122 1076 3269 1152 poni
3303 1076 3483 1138 solet.
3507 1077 3618 1138 Sed

358 1159 485 1237 iste
520 1175 657 1219 mos
676 1156 1117 1237 estApostolo_,
1148 1160 1221 1214 ut
1244 1172 1383 1237 non.
1407 1171 1708 1237 magnam
1738 1156 2084 1237 verborum
2115 1155 2348 1216 habeat
2372 1155 2716 1237 rationem,
2754 1153 2863 1237 sed
2895 1151 3331 1237 indifferenter
3362 1156 3458 1237 vel
3487 1174 3621 1234 qua:

338 1238 427 1297 :in
461 1233 632 1298 bono
660 1233 986 1308 dicuntur,
1009 1235 1113 1295 vel
1142 1251 1286 1311 qua:
1312 1234 1377 1293 in
1406 1233 1602 1312 malo,
1628 1249 1746 1312 pro
1778 1233 2091 1296 alterutro
2119 1252 2361 1312 ponere
2391 1254 2406 1293 :
2432 1234 2599 1294 sicut
2626 1236 2688 1293 et
2712 1233 2865 1312 alibi
2898 1233 3084 1305 dixit,
3105 1233 3187 1293 In
3210 1233 3621 1312 captivitatem

338 1316 709 1395 'redigentes
739 1334 974 1395 omnem
999 1332 1241 1395 sensum
1267 1312 1348 1373 ad
1378 1311 1785 1395 obedienrium
1807 1311 2087 1395 Christo;
2122 1311 2185 1374 et
2211 1314 2445 1373 iterum
2475 1311 2786 1395 mercedis
2805 1311 3396 1395 reciprocationem
3420 1313 3626 1395 dicens

358 1412 479 1483 pro
498 1390 830 1483 supplicio
862 1415 876 1454 :
910 1394 1075 1483 sicut
1105 1397 1170 1454 et
1199 1393 1264 1483 in
1294 1391 1596 1483 praesenti
1640 1392 1782 1483 loco
1810 1391 2597 1483 suppliciumumercedem
2645 1390 3227 1483 nominavit.‘ltern.
3245 1392 3401 1483 alibi
3428 1393 3583 1483 diir'it
3614 1414 3625 1451 :

360 1468 1061 1563 Siquidhnjustum'est
1092 1471 1261 1563 apud
1282 1468 1477 1531 Deum
1498 1468 2322 1563 rertribuerle.t’ribul‘antibus
2336 1490 2443 1563 vos
2474 1469 2967 1563 tribulationem,
2997 1478 3051 1530 et
3080 1468 3268 1563 vobis.
3281 1473 3397 1563 qui
3421 1470 3633 1563 tribu-

364 1550 585 1615 (τιήιἰηί
609 1550 899 1634 requiem.
927 1553 1065 1612 Hoc
1096 1556 1212 1624 est,
1246 1568 1376 1611 non
1409 1550 1643 1634 peribit
1664 1551 1936 1634 justitia,
1969 1551 2077 1634 sed
2108 1554 2509 1634 exsequutus
2541 1554 2637 1611 est
2667 1550 2862 1622 Deus,
2893 1550 3315 1634 et_conver_tit'
3326 1550 3632 1630 judicium

364 1651 555 1693 suum
588 1629 785 1711 super
814 1636 1182 1710 peccatores
1209 1674 1225 1702 ,
1254 1630 1551 1711 quamvis
1583 1646 1713 1711 non
1745 1630 1963 1711 omnia
1993 1632 2120 1711 sint
2151 1630 2490 1711 manifesta
2517 1634 2781 1711 peccata
2807 1674 2822 1702 ,
2855 1629 2995 1711 nisi
3021 1629 3285 1711 quando
3323 1629 3566 1711 praecep
3579 1636 3633 1711 ta

363 1706 1218 1791 disposita'con'temnuntur.
1240 1709 1334 1768 Et
1352 1707 1659 1791 quomodo
1683 1727 1822 1777 nos,
1847 1709 2080 1791 inquit,
2112 1710 2496 1791 eﬂugiemus,
2521 1706 2579 1791 si
2599 1717 2835 1770 tantam
2853 1706 3640 1791 neglgxerimus‘salute'm?

364 1787 487 1853 Per
513 1792 648 1852 haec
684 1794 879 1853 verba
910 1788 1227 1869 signiﬁcat
1255 1787 1409 1866 quia
1435 1806 1572 1869 non
1597 1794 1738 1869 erat
1768 1787 1953 1869 tanta
1979 1787 2258 1852 salusin’
2281 1789 2499 1869 Veteri
2532 1789 2967 1869 Testamento.
2996 1787 3170 1869 Bene
3209 1794 3429 1850 autem
3462 1789 3637 1850 addi-

365 1872 476 1942 dit,
507 1871 580 1931 Si
611 1879 846 1932 tantam
873 1867 1328 1950 neglexerimus
1357 1867 1635 1929 salutem.
1668 1867 1809 1950 Non
1837 1868 2009 1950 enim
2040 1887 2214 1950 nunc
2245 1886 2362 1929 nos
2394 1868 2735 1950 deprzeliis
2766 1867 3087 1938 liberavit,
3117 1885 3256 1928 non
3288 1869 3477 1950 nobis
3510 1873 3641 1928 ter-

366 1967 505 2012 ram
539 1951 637 2011 vel
663 1957 921 2013 terrena
950 1947 1120 2012 bona
1144 1948 1417 2028 largitus
1445 1953 1563 2019 est,
1596 1947 1711 2028 sed
1736 1948 1960 2009 mortis
1991 1947 2344 2019 interitum,
2376 1947 2711 2028 diabolum
2730 1962 3039 2028 superare
3065 1948 3412 2028 concessit,
3432 1964 3639 2028 regna

367 2031 699 2101 caelorum,
728 2031 920 2092 vitam
943 2033 1007 2090 et
1034 2025 1495 2091 beatitudinem
1517 2025 1992 2105 sempiternam.
2020 2028 2167 2089 Haec
2192 2028 2430 2105 quippe
2451 2025 2671 2087 omnia
2696 2026 2980 2087 breviter
3003 2025 3358 2105 intimavit,
3382 2025 3639 2088 dicens:

368 2111 445 2171 Si
468 2117 706 2170 tantam
734 2109 1188 2187 negtexerimus
1214 2106 1503 2187 salutem,
1530 2104 1773 2167 Deinde
1823 2106 2161 2187 importat,
2193 2104 2364 2187 unde
2416 2105 2766 2187 ﬁderdigna
2787 2150 2803 2178 ,
2849 2123 2994 2187 qua:
3017 2104 3344 2187 dicuntur
3378 2105 3605 2187 efﬁciat
3626 2149 3643 2172 ,

368 2189 583 2252 dicens
616 2184 977 2263 :‘Quce'cum
1013 2188 1268 2248 initium
1297 2185 1628 2264 accepisset
1658 2185 1946 2245 enarrari
1966 2203 2082 2264 per
2106 2184 2462 2246 Dominum.
2500 2185 2636 2246 Hoc
2665 2190 2792 2254 est,
2824 2185 2876 2244 si
2902 2186 2983 2245 ab
3014 2184 3152 2261 ipso
3182 2184 3359 2246 fonte
3392 2186 3525 2246 haec
3551 2185 3644 2243 di-

372 2271 574 2329 cimus
606 2268 842 2329 habere
868 2267 1448 2345 principinmznon
1475 2282 1631 2343 ergo
1656 2266 1744 2345 ab
1788 2264 2374 2345 hominibusnobis
2406 2265 2604 2345 allata
2642 2266 2822 2345 sunt,
2855 2280 2985 2345 non
3021 2265 3102 2345 ab
3133 2266 3372 2345 aliqua
3419 2264 3645 2345 virtute

370 2349 474 2408 vel
501 2352 740 2417 creata,
775 2341 888 2407 vel
904 2341 1181 2418 condita,
1216 2344 1324 2404 sed
1353 2344 1489 2422 ipse
1520 2341 1704 2423 nobis
1735 2360 1810 2404 ea
1828 2343 2040 2423 Filius
2072 2343 2440 2423 unigenitus
2474 2342 2842 2419 impertivit.
2875 2341 2964 2402 Ab
2993 2342 3101 2410 eis,
3127 2341 3372 2423 inquit,
3396 2344 3509 2423 qui
3536 2363 3645 2403 au—

372 2424 651 2492 dierunt,
682 2426 746 2485 in
778 2443 892 2485 nos
921 2427 1287 2501 confirmata
1316 2420 1425 2482 est.
1458 2422 1623 2496 Quid
1654 2426 1775 2489 est,
1807 2420 2187 2501 Conﬁrmata
2210 2423 2349 2483 est?
2378 2421 2632 2483 Credita
2662 2427 2757 2482 est
2787 2425 2983 2497 atque
3014 2420 3347 2498 perfecta:
3374 2420 3606 2501 Pignus
3637 2466 3653 2493 ,

354 2510 599 2589 inquit,
626 2510 957 2589 habemus.
986 2508 1126 2589 Hoc
1154 2516 1288 2589 est,
1319 2526 1452 2569 non
1482 2508 1835 2589 exstincta,
1868 2526 2000 2570 non
2028 2508 2352 2589 diminuta
2372 2513 2469 2570 est
2494 2508 2670 2589 salus
2695 2553 2710 2581 ,
2739 2526 2933 2587 quam
2969 2511 3152 2571 nobis
3185 2514 3521 2586 attribuit,
3551 2515 3653 2574 sed

333 2642 337 2647 .
366 2586 703 2670 permanet
724 2592 793 2670 et
821 2587 1220 2670 p‘rgevaletin
1254 2592 1588 2670 aeternum.
1622 2586 1835 2650 Causa
1861 2605 2012 2670 vero
2038 2587 2232 2670 hujus
2264 2587 2356 2649 rei
2387 2592 2483 2648 est
2511 2586 3121 2670 divinzevoluntatis
3160 2593 3502 2670 operatio.-
3522 2594 3657 2656 Hoc

355 2665 488 2741 est,
522 2667 633 2751 qui
665 2666 1399 2751 aADominoaudierunt,
1430 2665 1555 2751 ips_i
1587 2684 1704 2751 nos
1738 2666 2016 2751 prOpriis
2044 2665 2526 2751 conﬁrmavere
2548 2668 2912 2751 virtutibus.
2941 2665 3262 2751 Magnum
3293 2673 3423 2733 hoc
3451 2690 3610 2751 Opus
3641 2717 3657 2742 ,

368 2744 673 2838 omnique
847 2745 1328 2838 dignissimum,
1361 2744 1756 2838 quodetiam
1785 2746 1992 2838 Lucas
2024 2745 2186 2838 dixit
2324 2746 2641 2838 principio
2668 2744 3145 2838 Evangeliisui
3176 2769 3193 2809 :
3219 2752 3413 2838 Sicut
3451 2744 3659 2838 tradi-

369 2823 608 2907 derunt;
624 2823 801 2887 nobis
830 2823 939 2907 qui
967 2823 1040 2885 ab
1070 2825 1256 2887 initio
1278 2823 1605 2907 praesentes
1634 2825 1950 2907 uiderunt,
1981 2832 2038 2907 et
2065 2823 2583 2907 ministraverunt
2610 2824 2817 2907 verba.
2841 2823 2958 2887 Sed
2982 2826 3149 2888 dicet
3173 2830 3429 2907 aliquis
3456 2850 3471 2890 :
3497 2832 3665 2906 Quo-

370 2907 562 2968 modo
591 2903 1127 2967 haaeconﬁrmata
1161 2909 1260 2965 est
1280 2903 1508 2966 salus?
1536 2903 1693 2982 quid
1718 2904 1912 2975 enim,
1942 2904 1994 2965 si
2021 2905 2103 2965 ab
2124 2904 2230 2976 iis,
2254 2903 2366 2983 qui
2396 2905 2586 2983 primi
2614 2906 2959 2967 audierunt
2981 2907 3126 2979 ista,
3157 2903 3447 2972 conﬁcta
3472 2903 3667 2972 sunt?

368 2988 507 3048 Hoc
530 3002 694 3065 “ergo
719 2982 976 3055 refutat,
1014 2987 1077 3044 et
1102 2983 1379 3065 ostendit
1403 3000 1534 3065 non
1558 3000 1705 3059 esse
1734 2983 2086 3065 humanam
2113 2982 2281 3044 hanc
2309 2982 2606 3065 gratiam.
2628 2984 2855 3065 Neque
2895 2986 3064 3045 cnim
3091 3031 3106 3056 ,
3133 2988 3191 3047 si
3218 2989 3361 3051 hac
3398 2990 3669 3052 conﬁcta

373 3071 591 3128 essent
608 3063 640 3136 ,ἡ
658 3067 1129 3125 contestaretur
1166 3063 1292 3123 illis
1324 3063 1864 3142 divinaipotentia
1886 3083 1902 3120 :
1926 3067 2271 3140 propterea
2301 3079 2454 3142 ergo
2484 3064 2734 3133 intulit,
2763 3064 2980 3125 dicens
3014 3085 3028 3124 :
3061 3066 3479 3130 Contestante
3516 3071 3666 3130 Deo.

358 3144 828 3206 'Testiﬁcantur
860 3143 1119 3220 quidem
1155 3148 1217 3204 et
1247 3143 1361 3215 illi,
1394 3141 1772 3203 testiﬁcatur
1805 3145 1868 3203 et
1895 3142 2091 3202 Deus.
2127 3142 2206 3201 Et
2233 3141 2555 3219 quomodo
2587 3143 2965 3204 testiﬁcatur
2993 3144 3162 3205 Deus
3186 3149 3218 3207 ?
3246 3148 3397 3209 Non
3428 3151 3627 3211 verbo
3651 3192 3667 3220 ,

367 3242 588 3307 neque
616 3240 794 3307 voce;
832 3226 1001 3283 esset
1024 3221 1438 3307 quidem_hoc
1468 3222 1659 3307 etiam
1686 3222 1949 3307 dignum
1979 3220 2123 3307 ﬁde,
2153 3226 2599 3307 verumtamen
2639 3222 3083 3307 Virtutibuset
3114 3227 3454 3307 prodigiis
3487 3236 3544 3289 et
3572 3248 3675 3289 υα-

372 3299 497 3366 riis
519 3300 863 3385 virtutibus
892 3299 1247 3385 attestatur.
1279 3303 1448 3361 Bene
1477 3300 1687 3385 dixit,
1721 3299 1932 3385 Variis
1970 3299 2314 3360 virtutibus
2340 3347 2356 3369 ,
2389 3300 2785 3385 afﬂuentiam
2827 3299 3203 3385 signiﬁcans
3263 3299 3633 3385 gratiarum
3656 3351 3672 3375 ,

366 3400 521 3473 quas
548 3400 680 3444 non
709 3384 853 3473 erat
874 3379 1044 3473 apud
1072 3381 1399 3473 antiquos;
1431 3397 1642 3473 neque
1671 3384 1850 3457 tanta
1879 3379 2086 3473 signa,
2106 3397 2317 3471 neque
2346 3385 2475 3473 tam
2505 3380 2759 3473 diversa
2777 3379 3476 3473 pro—digia._Hoc:ergo
3506 3387 3676 3473 dicit,

369 3458 531 3540 quia
561 3479 691 3523 non
732 3458 1106 3540 simpliciter
1134 3461 1259 3520 illis
1304 3465 1399 3520 est
1439 3458 1752 3540 creditum
1778 3458 1934 3540 ,_sed
1985 3475 2099 3535 per
2120 3459 2312 3540 signa
2336 3464 2403 3540 et
2432 3460 2743 3539 prodigia.
2777 3458 3048 3523 Proinde
3078 3462 3238 3524 dum
3276 3458 3427 3528 illis
3464 3466 3682 3528 credi—

376 3537 544 3612 mus,
577 3558 695 3602 nos
727 3537 897 3615 illis",
932 3539 1040 3600 sed
1069 3540 1203 3600 Deo
1232 3556 1351 3600 nos
1385 3538 1645 3618 credere
1686 3537 2071 3618 declaratur.
2104 3538 2199 3618 Et
2227 3539 2509 3618 Spiritus
2538 3537 2740 3600 sancti
2763 3587 2778 3608 ,
2815 3541 3023 3617 inquit
3050 3585 3066 3614 ,
3099 3542 3683 3607 distributionibus

372 3622 705 3703 secundum
732 3619 1327 3703 suampotuntajem,
1352 3618 1469 3678 Sed
1493 3617 1763 3703 fortasse
1784 3616 1948 3677 dicet
1973 3617 2232 3703 aliquis,
2254 3616 2426 3703 Quid
2458 3621 2653 3698 ergo?
2681 3620 2835 3696 quia
2865 3616 2929 3681 et
2958 3621 3122 3699 magi
3160 3624 3364 3703 signa
3397 3625 3647 3686 faciunt
3668 3668 3681 3691 ,

378 3701 652 3761 etJudzei
686 3699 750 3760 in
777 3700 1135 3760 Beelzebub
1165 3697 1488 3759 Christum
1511 3697 1828 3777 daamones
1856 3696 2208 3759 exclusisse
2236 3695 2558 3777 dicebant,
2598 3695 2752 3758 num
2783 3695 3123 3777 preptere'a
3149 3695 3567 3765 crédendum
3596 3708 3683 3762 est

374 3781 581 3859 magis
606 3783 634 3840 ?
662 3780 778 3840 Sed
811 3779 901 3839 illi
936 3795 1065 3839 non
1097 3778 1249 3859 talia
1293 3778 1477 3859 signa
1515 3776 1758 3859 faciunt
1790 3795 1805 3834 :
1840 3780 2181 3859 propterea
2217 3776 2938 3859 subjunxitApostolus,
2970 3778 3190 3841 dicens
3224 3801 3240 3841 :
3284 3784 3515 3845 Variis
3547 3784 3689 3844 cir—

380 3855 638 3919 tutibus.
673 3860 788 3921 llla
819 3859 990 3920 enim
1021 3875 1149 3918 non
1182 3857 1441 3939 virtuti,
1476 3856 1586 3919 sed
1628 3855 1980 3939 inﬁrmitati
2012 3856 2226 3939 potius
2255 3855 2791 3939 tribuendarsunt,
2816 3858 3054 3939 quippe
3077 3877 3234 3939 quae
3266 3862 3693 3939 phantastica

379 3942 443 3999 et
470 3939 691 3999 inania
720 3939 1280 3999 demonstrantur:
1306 3936 1542 3998 idcirco
1584 3953 1740 4015 ergo
1766 3935 1981 3995 intulit
2011 3934 2227 3996 dicens
2256 3954 2270 3994 :
2305 3937 2397 3996 Et
2428 3935 2711 4015 Spiritus
2741 3934 2951 3997 sancti
2972 3934 3568 4004 distributionibus
3600 3961 3698 4002 se-

384 4018 651 4078 cundum
673 4036 856 4076 suam
884 4016 1286 4076 uoluntatem.

460 4097 531 4157 In
563 4097 685 4157 hoe
729 4097 869 4157 loco
909 4095 1083 4155 aliud
1114 4095 1305 4154 etiam
1332 4093 1632 4172 quiddam
1664 4112 1813 4154 eum
1843 4092 2208 4171 signiﬁcare
2250 4096 2403 4169 puto
2434 4113 2448 4151 :
2481 4093 2762 4155 arbitror
2791 4096 2961 4155 enim
2984 4096 3155 4172 quod
3186 4098 3378 4162 intra
3414 4119 3532 4163 eos
3566 4117 3698 4161 non

383 4181 569 4235 erant
600 4176 832 4261 plures
845 4173 1064 4261 divina
1095 4173 1484 4261 charismata
1514 4173 1934 4261 possidentes,
1969 4172 2078 4233 sed
2104 4176 2518 4261 cessaverunt
2540 4173 2710 4261 apud
2741 4190 2886 4261 eos,_
2911 4175 3085 4261 velut
3112 4179 3236 4253 qui
3269 4199 3526 4261 segnes
3555 4181 3701 4242 facti

382 4251 657 4343 erantet
692 4252 1411 4343 negligentesLUthergo.
1433 4270 1542 4312 eos
1580 4253 2106 4343 consoleturune
2130 4251 2824 4343 aliquadesperatione
2852 4251 3227 4343 decidere—nt
3250 4303 3268 4330 ,
3306 4251 3560 4322 divina:
3593 4276 3699 4319 vo.

344 4370 349 4373 -
383 4331 620 4419 luptati
650 4329 1258 4419 cunctamontribuit
1286 4329 1637 4419 divinoque
1665 4331 1961 4419 consilio.
1992 4330 2209 4391 Veluti
2237 4332 2289 4390 si
2322 4329 2581 4419 diceret,
2613 4332 2750 4419 ipse
2783 4333 2963 4419 novit
2984 4333 3436 4419 quideuique
3468 4339 3713 4419 prosit,

383 4411 488 4493 vel
513 4412 616 4472 cui
646 4411 798 4493 quid
833 4411 916 4493 sit
948 4410 1461 4493 adcommodurn,
1495 4409 1558 4471 et
1606 4410 1742 4493 ips_e
1781 4410 2084 4493 gratiam,
2130 4427 2274 4488 qua:
2320 4409 2635 4470 conducat
2654 4412 3060 4493 {unicuique
3094 4409 3493 4480 distribuit...
3520 4416 3706 4493 Quod

386 4490 581 4573 etiam
611 4490 690 4573 ad
719 4489 1097 4573 Corinthios
1137 4489 1321 4573 facit,
1368 4488 1584 4573 dicens
1621 4509 1636 4548 :
1667 4491 1833 4573 Deus
1868 4489 2089 4573 posuit
2126 4507 2612 4573 unumquemque
2642 4491 2804 4573 sicut
2836 4491 3072 4573 voluit;
3109 4498 3171 4553 et
3216 4495 3510 4573 iterum,
3546 4488 3715 4562 Uni-

388 4570 608 4656 cuique
649 4570 838 4656 datur
890 4569 1308 4656 mani[cstat_io
1351 4568 1634 4656 Spiritus
1676 4568 1757 4628 ad
1796 4569 2134 4656 utilitatem
2153 4568 2525 4656 fecundum,
2560 4569 2941 4656 υοιιιηῑατθγη
2964 4571 3138 4656 -ιζῙῑιδ-
3171 4568 3510 4656 Ostendit
3554 4592 3712 4656 (περ

386 4647 696 4726 quoniam
737 4650 870 4710 haec
921 4647 1286 4725 praedicatio
1332 4647 1683 4707 secundum
1719 4648 2112 4707 voluntatem
2153 4648 2267 4707 Dei
2300 4650 2503 4709 Patris
2541 4653 2766 4710 exorta
2807 4654 2924 4710 est.
2964 4647 3305 4715 Fortassis
3344 4663 3585 4720 autem
3614 4647 3716 4715 v'el

386 4734 652 4815 propter
676 4727 1089 4815 immundam
1130 4727 1326 4815 vitam
1352 4771 1366 4797 ,
1405 4727 1844 4815 velstolidam
1867 4771 1882 4795 ,
1912 4744 2055 4815 non
2098 4727 2314 4815 plures
2352 4727 2521 4805 apud
2564 4745 2672 4788 eos
2704 4728 2927 4815 gratia:
2958 4748 3198 4815 munus
3232 4740 3715 4815 acceperunt:

386 4805 737 4888 aliquando
775 4805 1319 4888 autemplerique
1360 4810 1423 4866 et
1454 4805 1646 4888 vitam
1692 4806 1998 4867 habentes
2039 4805 2383 4888 mundam,
2426 4821 2555 4888 non
2586 4805 2927 4888 accipiunt
2953 4809 3262 4888 gratiam.
3301 4805 3600 4888 Quare?
3631 4814 3719 4875 Ne

385 4891 457 4948 in
482 4882 853 4976 superbiam
880 4882 1435 4976 sublercntur,_ne
1471 4882 2188 4976 inﬂenturventositate
2206 4886 2557 4976 iactantiae,
2593 4903 2675 4976 ne
2704 4882 2984 4947 altitude
3006 4882 3724 4976 muneris‘negligen-

380 4977 574 5037 tiores
612 4973 867 5035 efﬁciat.
901 4970 962 5032 Si
993 4970 1165 5032 enim
1197 4973 1260 5052 et
1288 4968 1427 5029 sine
1457 4968 2011 5052 charismate‘ipsa
2035 4992 2150 5052 per
2176 4992 2245 5035 se
2275 4973 2528 5034 mundae
2563 4974 2708 5036 vitae
2743 4978 3133 5040 conscientia
3162 4979 3432 5045 idonea
3462 4968 3607 5052 ἒεί,
3644 4989 3715 5041 ut

382 5056 572 5118 faciat
596 5057 1009 5130 arrogantem
1042 5069 1056 5107 :
1088 5048 1288 5130 multo
1319 5048 1624 5130 amplius,
1656 5048 1917 5130 quando
1948 5048 2144 5130 super
2174 5057 2415 5114 rectam
2444 5052 2642 5113 vitam
2666 5055 3068 5119 charismatis
3100 5076 3365 5123 munus
3409 5048 3714 5126 affuerit.

385 5133 651 5220 Proinde
697 5127 1059 5220 humilibus
1093 5129 1295 5220 magis
1329 5132 1555 5220 atque
1577 5127 1972 5220 simplicibus
2004 5127 2398 5220 charismata
2424 5133 2905 5220 condonantur,
2939 5143 3000 5197 et
3028 5137 3335 5220 maxime
3370 5143 3721 5220 simplici-

290 5242 295 5248 ι
383 5219 505 5279 bus
539 5233 566 5301 :_
585 5213 667 5272 In
691 5209 1097 5301 simplicitate
1117 5253 1131 5274 ,
1151 5207 1373 5301 inquit
1393 5252 1409 5279 ,
1444 5213 1499 5301 et
1532 5207 1600 5268 in
1629 5209 2312 5301 exsultatione_c_ardis.
2339 5212 2478 5301 Hoc
2498 5212 2716 5301 itaque
2735 5207 3059 5301 sermone,
3084 5218 3247 5301 acsi
3277 5207 3720 5301 negligentes

388 5296 610 5365 erant,
648 5290 842 5351 etiam
872 5289 1255 5349 exhortatur
1280 5304 1389 5347 eos
1420 5292 1485 5348 et
1513 5294 1930 5365 compunclos
1973 5290 2177 5351 reddit
2212 5308 2285 5351 ac
2320 5294 2620 5355 attentos,
2658 5294 2779 5366 Qui
2812 5295 2983 5354 enim
3010 5295 3289 5358 humilis
3324 5289 3438 5361 est
3469 5289 3540 5363 Et
3586 5319 3724 5362 non

389 5375 465 5437 de
496 5391 565 5434 se
595 5366 1212 5449 majoremconcipit
1240 5367 1818 5449 existimationem,
1851 5370 2198 5431 studiosior
2228 5369 2522 5442 efﬁcitur,
2566 5389 2712 5433 cum
2753 5374 3154 5435 charismatis
3197 5393 3479 5440 munus
3524 5398 3727 5443 acce—

392 5453 610 5539 peritr
637 5446 786 5539 dum
817 5448 989 5539 enim
1007 5446 1281 5539 iudicat,
1310 5454 1542 5539 praeter
1570 5447 1946 5539 dignitatem
1961 5466 2162 5539 suam
2193 5468 2428 5539 munus
2460 5450 2617 5510 illud
2636 5469 2790 5539 esse
2820 5454 3128 5539 tributum
3151 5497 3168 5525 ,
3209 5458 3537 5539 amplius
3567 5458 3731 5539 pla-

396 5525 540 5596 cere
581 5525 849 5593 festinat
868 5525 1033 5612 λεια-ἰ
1075 5542 1224 5612 vero
1269 5525 1722 5612 compotemse
1754 5528 2010 5591 virtutis
2042 5526 2400 5612 existimat,
2434 5547 2564 5612 non
2600 5530 2720 5592 sibi
2749 5550 2830 5593 ex
2856 5533 3063 5612 gratia
3092 5525 3469 5612 largientis
3506 5525 3731 5600 adve—

394 5614 571 5672 nisse
600 5625 835 5671 munus
866 5604 1021 5690 illud
1052 5604 1427 5690 arbitratur,
1474 5606 1592 5690 se_d_
1623 5623 1707 5690 ex
1736 5625 2003 5669 suorum
2019 5608 2261 5690 rdebito
2312 5609 2725 5690 meritorum:
2763 5604 3029 5690 proinde
3071 5604 3486 5689 hujﬁsmodi
3525 5619 3731 5678 homo

396 5691 664 5778 inﬂatur
709 5686 1090 5775 ventositate
1137 5683 1473 5776 superbire.
1530 5684 1772 5777 Idcirco
1824 5705 1977 5778 ergo
2018 5688 2191 5778 Deus
2240 5683 2982 5778 convenieliteneuncta
3011 5683 3394 5778 dispensat.
3428 5697 3634 5771 Quod
3667 5696 3733 5756 in

407 5765 690 5828 Ecclesia
723 5774 984 5843 quoque
1015 5763 1355 5841 provenire
1390 5764 1745 5840 conspicies
1780 5786 1793 5824 :
1839 5763 2004 5827 alius
2039 5766 2297 5843 quidem
2336 5767 2527 5828 habet
2570 5767 2933 5832 facultatem
2973 5763 3306 5833 sermonis
3350 5763 3739 5835 ad'docen—

408 5851 600 5920 dum,
639 5846 802 5905 alius
836 5850 1048 5904 autem
1097 5860 1305 5919 neque
1337 5859 1406 5901 os
1453 5843 1704 5919 aperire
1739 5846 1924 5907 valet.
1962 5848 2103 5908 Non
2139 5846 2577 5922 contristetur,
2611 5849 2843 5927 inquit,
2875 5852 3018 5927 iste,
3044 5848 3201 5930 quia
3239 5851 3561 5917 similem
3599 5871 3736 5917 non
