3970 6152
346 342 457 403 275
1040 349 1130 403 ’5.
1168 348 1221 405 .l.
1263 316 1745 402 Cllltl’SOSTOMl
1787 347 2095 404 HOMILIAS
2138 344 2459 401 IN‘IQPIST.
2501 345 2593 399 AD
2633 342 2833 399 HEBR.
3473 344 3589 403 27E

338 444 395 497 et
428 434 591 497 Filii
612 440 672 494 et
698 433 979 512 Spiritus
997 432 1230 512 sancti.
1255 430 1417 512 Cum
1444 433 1658 512 autem
1683 446 1943 512 carnem
1990 431 2483 512 apprehenderit
2507 432 2770 512 Paulus,
2799 434 3016 495 omnia
3039 434 3171 512 jam
3196 434 3463 497 humilia
3488 437 3597 496 lo-

336 515 578 592 quitur,
608 508 767 573 nihil
792 510 1157 592 formidans.
1196 508 1659 592 Attende‘enim
1698 509 1849 586 quid
1867 508 1999 592 jam
2030 509 2181 569 dicit
2209 530 2223 568 :
2264 508 2507 592 Quare,
2523 511 2749 590 fratres
2775 513 3009 578 sancti.
3040 508 3395 574 coeatianis
3412 515 3600 576 cade-

333 587 449 674 s'tis
475 592 837 671 participes,
872 589 1205 674 intelligitc
1232 587 1619 674 apostolum,
1641 596 1696 646 et
1725 587 2541 674 sacerdotemconfessionis
2566 600 2797 674 nostra:
2822 592 3033 651 Jesum
3057 593 3398 674 Christum,
3433 595 3598 674 ﬁde-

334 673 449 732 lem
475 667 816 732 exstantem
846 678 905 745 et
929 669 1037 748 qui
1065 687 1126 727 se
1151 669 1319 747 fecit,
1351 668 1515 727 sicut
1543 667 1754 748 Moses
1783 668 1851 748 in
1881 668 2049 727 omni
2078 668 2256 728 domo
2289 667 2444 748 ejus.
2474 670 2941 746 Praepositurus
2983 689 3130 731 eum
3157 673 3317 731 Mosi
3357 667 3598 733 secun—

329 751 481 831 dum
513 742 1161 831 comparationemjn
1183 749 1320 824 lege
1351 746 1777 831 sacerdptum,
1811 747 1983 831 hunc
2010 742 2373 831 sermonem
2405 742 2666 831 induxi_t_
2694 769 2708 807 :
2744 766 2873 831 non
2902 751 3075 809 enim
3099 752 3415 831 minorem
3455 754 3595 831 opi-

330 830 591 890 nionem
622 829 945 917 habebant
968 828 1044 886 de
1073 827 1251 917 Mose
1279 843 1535 917 omnes:
1660 826 1986 917 praemittit
2008 826 2143 917 jam
2176 828 2425 888 semina
2466 827 2863 917 excellentia:
2896 826 3525 917 :et_inci_pit_quid_em
3552 850 3591 895 a

327 926 564 981 carne,
633 907 922 970 ascendit
991 912 1208 967 autem
1263 905 1342 965 ad
1408 904 2027 985 divinitatemgubi
2093 904 2226 982 jam
2276 923 2403 964 non
2477 909 2900 985 comparatio.
2981 904 3182 984 Coepit
3244 904 3500 970 interim
3552 928 3590 973 ει

327 1006 521 1050 carne
541 1032 557 1057 ,
590 985 763 1065 quod
793 986 1039 1063 aequale
1067 990 1162 1045 est
1188 998 1450 1062 ponere,
1484 989 1550 1065 et
1572 984 1733 1042 dixit
1764 984 1991 1065 :__Sic-ut
2009 991 2066 1043 et
2091 985 2299 1044 Moses
2330 987 2399 1046 in
2431 984 2610 1065 domo
2636 984 2795 1065 ejus.
2817 986 2894 1046 Et
2918 1005 3045 1046 non
3069 988 3282 1048 statim
3318 989 3381 1048 in
3407 991 3592 1051 initio

325 1062 723 1129 demonstrat
748 1062 1221 1133 excellentiam,
1258 1080 1336 1124 ne
1373 1064 1629 1124 auditor
1661 1062 1941 1133 exsiliat,
1979 1068 2042 1123 et
2082 1065 2338 1123 obturet
2374 1062 2678 1126 anditusE
2712 1082 2788 1126 ac
2824 1066 2873 1125 si
2907 1067 3079 1126 enim
3133 1067 3349 1128 fideles
3378 1078 3588 1141 erant,

330 1153 768 1207 verumtamen
799 1144 1009 1205 adhuc
1061 1143 1326 1203 multam
1361 1141 2127 1223 devotionemhabebant
2147 1146 2317 1203 circa
2346 1143 2592 1223 Mosen.
2629 1144 2930 1212 Fidelem,
2985 1146 3218 1223 inquit,
3252 1156 3591 1208 exstantem

324 1229 382 1288 ei
407 1226 518 1304 qui
546 1246 607 1285 se
631 1223 1174 1304 fecitiapostolum
1204 1227 1267 1304 et
1296 1223 1713 1304 sacerdotem.
1764 1221 1935 1304 ljihil
1968 1221 2172 1304 hic_d_e
2201 1222 2483 1304 essentia
2513 1224 2827 1304 loquitur,
2855 1221 3093 1304 neque
3113 1225 3190 1287 de
3231 1226 3585 1298 divinitate,

324 1246 381 1288 οι
453 1244 515 1286 ut
546 1246 607 1285 86
631 1244 779 1304 [εστι
808 1244 1174 1300 ἃροδιοιωῐι
1204 1244 1267 1282 (ιι
1296 1244 1713 1283 saceraowm.
1766 1244 1935 1280 l‘lﬂll
1968 1244 2069 1280 lllC
2095 1244 2172 1287 ue
2201 1244 2483 1284 esscnua
2513 1244 2827 1301 loqunur,
2864 1244 3075 1301 neque
3113 1244 3190 1287 ue
3231 1244 3585 1298 αινιῐιιιδῐρ,

324 1244 446 1365 5εὲ
478 1305 735 1366 interim
769 1303 848 1363 de
866 1300 1354 1383 dignationibus
1398 1301 1721 1383 humanis.
1747 1300 1952 1383 .Sicut
1976 1310 2031 1383 et
2060 1300 2273 1360 Moses
2304 1302 2372 1361 in
2401 1302 2571 1383 omni
2599 1303 2780 1362 domo
2814 1298 2947 1382 ejus
2979 1325 2998 1363 :
3037 1304 3157 1365 hoc
3188 1311 3305 1377 est,
3349 1306 3418 1365 in
3475 1324 3588 1383 po-

324 1384 479 1478 pulo
510 1389 573 1445 et
595 1378 1119 1478 intemploziﬂzee
1154 1380 1346 1478 enim.
1380 1380 1461 1439 In
1490 1378 2077 1478 dom-(inciamdjixit,
2112 1386 2437 1478 tamquam
2486 1382 2536 1478 sli
2560 1383 2715 1478 quis
2745 1378 3118 1478 die'at,etde
3145 1385 3245 1478 his
3272 1386 3383 1463 qui
3435 1378 3585 1446 sunt

327 1459 392 1523 in
418 1463 630 1524 domo.
669 1462 865 1522 Sicuti
898 1461 1132 1537 aliquis
1163 1468 1444 1531 curator,
1476 1459 1884 1535 dispensator
1909 1459 2161 1528 domus,
2194 1459 2283 1519 sic
2302 1466 2440 1519 erat
2468 1467 2531 1518 et
2560 1461 2794 1521 Moses.
2823 1463 2989 1534 Quia
3017 1481 3169 1523 vero
3193 1459 3452 1524 domum
3482 1483 3586 1547 po-

307 1548 973 1625 pulum‘dicit,intulit
1008 1570 1022 1608 :
1060 1549 1179 1610 Dei
1201 1549 1419 1609 domus
1457 1568 1666 1609 sumus
1695 1568 1810 1610 nos
1834 1569 1854 1609 :
1888 1549 2009 1609 hoc
2053 1554 2169 1616 est,
2198 1548 2260 1608 in
2293 1554 2595 1609 creatura
2627 1548 2764 1626 ejus
2818 1566 3063 1609 sumus.
3099 1549 3340 1609 Deinde
3388 1552 3578 1610 etiam

308 1628 757 1689 excellentiam
790 1628 1130 1708 signiﬁcat,
1162 1629 1409 1708 Majori
1438 1627 1856 1708 enimidignus
1881 1630 2086 1708 factus
2120 1636 2205 1687 est
2235 1627 2465 1708 gloria,
2498 1644 2682 1706 quam
2731 1628 2967 1708 Moses.
3001 1628 3242 1708 lterum
3295 1629 3458 1688 redit
3501 1630 3576 1689 ad

311 1721 558 1786 carnen
598 1727 612 1764 :
642 1705 993 1767 Secundum
1019 1707 1185 1786 quod
1212 1705 1573 1785 ampliorem
1596 1705 2119 1786 honoremhabet,
2158 1725 2342 1786 quam
2370 1705 2611 1786 domus,
2629 1706 2745 1786 qui
2776 1707 3138 1767 construxit
3165 1724 3313 1764 eam.

389 1785 469 1845 Et
497 1786 652 1862 ipse,
685 1786 916 1862 inquit,
950 1783 1238 1846 de'domo
1266 1783 1424 1846 erat.
1445 1787 1526 1845 Et
1546 1803 1673 1847 non
1701 1786 1884 1857 dixit,
1905 1784 2030 1846 Iste.
2046 1783 2300 1862 quidem
2333 1783 2932 1856 servus,illeautem
2951 1785 3284 1856 Dominus,
3318 1783 3428 1844 sed
3462 1785 3576 1845 hoc

304 1862 579 1944 latenter
611 1864 1014 1944 signiﬁcavit.
1064 1866 1123 1924 Si
1168 1865 1413 1927 domus.
1435 1870 1574 1926 erat
1602 1866 1903 1942 populus,
1928 1868 1991 1925 et
2024 1865 2157 1941 ipse
2185 1869 2399 1944 autem
2422 1863 2517 1944 de
2548 1864 2786 1940 populo
2817 1868 3088 1944 erat,get
3112 1863 3249 1944 ipse
3279 1863 3477 1941 igitur
3502 1864 3576 1923 de
3688 1872 3691 1873 '

306 1941 494 2002 demo
524 1941 710 2006 erat}
742 1944 833 2004 sic
848 1946 1018 2005 enim
1050 1949 1112 2004 et
1142 1944 1326 2005 nobis
1357 1962 1514 2005 usus
1542 1941 1639 2004 est
1667 1941 1877 2004 dicere
1910 1964 1926 2003 :
1955 1944 2069 2003 llle
2100 1961 2178 2002 ex
2207 1943 2393 2002 domo
2416 1942 2586 2003 illius
2620 1948 2736 2002 est.
2764 1944 2882 2003 Hie
2906 1942 3143 2020 quippe
3166 1942 3424 2001 domum
3450 1961 3575 2002 non

308 2022 517 2098 ipsum
545 2024 850 2099 templum
879 2024 1026 2083 dicit
1060 2043 1074 2081 :
1115 2041 1244 2082 non
1294 2026 1465 2083 enim
1509 2023 1666 2083 illud
1709 2024 1879 2083 Deus
1931 2022 2326 2089 construxit,
2365 2022 2472 2080 sed
2508 2021 2824 2081 homines.
2859 2022 2978 2095 Qui
3020 2038 3173 2082 vero
3214 2021 3357 2080 fecit
3402 2039 3574 2085 eum.

307 2100 476 2162 Deus
501 2109 597 2162 est
626 2122 639 2160 :
670 2104 893 2164 Mosen
915 2104 1087 2162 dicit.
1118 2104 1194 2162 Et
1225 2104 1473 2162 intuere
1493 2102 1817 2179 quomodo
1843 2106 1905 2161 et
1934 2101 2210 2161 ostendit
2237 2101 2683 2161 excellentiam
2714 2101 3006 2161 latenter.
3044 2100 3306 2167 Fidelis,
3342 2100 3575 2176 inquit,

310 2181 562 2261 inomni
592 2181 770 2241 domo
804 2182 956 2261 ejus.
985 2183 1063 2261 Et
1086 2183 1225 2259 ipse
1252 2187 1451 2242 estex
1473 2180 1685 2261 domo,
1717 2181 1837 2240 hoc
1871 2185 1987 2249 est,
2020 2199 2099 2239 ex
2132 2179 2734 2261 populosMajorem
2768 2180 2959 2240 habet
2989 2179 3300 2261 honorem
3333 2179 3441 2255 qui
3481 2179 3579 2261 fa-

310 2259 576 2338 bricavit
605 2278 773 2331 eam,
805 2258 999 2338 quam
1027 2258 1276 2320 domus.
1308 2262 1385 2319 Et
1410 2277 1539 2319 non
1571 2260 1755 2330 dixit,
1783 2261 2047 2338 Quanto,
2072 2258 2380 2336 majorem
2410 2258 2604 2338 habet
2638 2258 2950 2338 honorem
2979 2259 3061 2319 ab
3082 2258 3580 2338 Operibusarti—

308 2336 437 2407 fex,
470 2338 602 2410 sed,
636 2336 841 2414 Quam
886 2340 1126 2404 domus.
1176 2340 1286 2417 qui
1317 2338 1683 2399 construxit
1724 2358 1881 2417 eam;
1925 2337 2049 2412 Qui
2089 2347 2290 2417 autem
2346 2336 2556 2417 omnia
2610 2337 3210 2417 cons_truxit,_Deus
3236 2345 3346 2395 est.
3388 2336 3580 2417 Yides

308 2417 614 2496 quoniam
655 2436 784 2478 non
826 2418 902 2479 de
952 2414 1387 2494 templo‘dicit,
1440 2417 1550 2478 sed
1590 2417 1666 2479 de
1714 2416 1888 2496 omni
1921 2416 2197 2496 populo?
2238 2416 2333 2496 Et
2373 2416 2581 2477 Moses
2609 2414 3086 2496 quidemﬁdelis
3105 2417 3176 2475 in
3203 2418 3368 2496 omni
3396 2415 3576 2476 domo

310 2495 471 2575 ejus,
509 2496 669 2556 sicut
719 2514 933 2556 serv-us
970 2497 1040 2556 in
1068 2496 1486 2556 testimonium
1525 2494 1993 2575 loquendorum.
2028 2494 2359 2575 Eccewalia
2394 2494 2773 2556 excellentia
2826 2494 3097 2575 quaest
3137 2494 3400 2575 a_Filio,
3450 2499 3513 2555 et
3539 2512 3581 2558 a

309 2574 537 2635 servis.
576 2575 863 2635 Attendis
886 2576 1116 2634 iterum
1145 2575 1452 2652 quoniam
1481 2573 1936 2652 proprietatem
1965 2592 2078 2651 per
2108 2573 2252 2632 Filii
2275 2575 2771 2651 appellationem
2795 2573 3133 2652 signiﬁcat.
3165 2573 3447 2634 Christus
3469 2594 3581 2633 au-

309 2661 426 2711 tem
449 2654 611 2715 sicut
644 2653 855 2717 Filius,
877 2655 946 2714 in
966 2654 1143 2714 domo
1175 2655 1325 2733 ejus.
1356 2654 1547 2715 Vides
1571 2652 1893 2730 quoniodo
1924 2652 2251 2733 facturamg
2267 2657 2326 2711 et
2371 2653 2673 2733 factorem
2704 2653 3050 2733 discernit?
3071 2652 3396 2729 quomodo
3428 2671 3581 2733 ser-

308 2749 485 2801 vum,
522 2737 584 2792 et
614 2733 889 2801 Filium?
917 2740 978 2792 et
1010 2733 1113 2793 ille
1140 2731 1394 2810 quidem
1444 2733 1509 2792 in
1540 2738 1841 2810 paternas
1864 2750 1984 2797 .res
2016 2733 2181 2792 sicut
2227 2731 2535 2791 Dominus
2588 2731 2963 2809 ingreditur,
3010 2732 3141 2791 iste‘
3167 2736 3383 2794 autem
3415 2732 3582 2792 sicut

309 2827 535 2872 servus
562 2811 698 2872 Dei.
733 2812 966 2872 Domus
992 2830 1200 2871 sumus
1224 2812 1340 2872 Dei
1367 2831 1500 2879 nos,
1533 2811 1588 2871 si
1609 2810 1851 2890 quidem
1871 2810 2160 2890 ﬁduciam
2181 2854 2196 2882 ,
2235 2818 2290 2868 et
2321 2810 2590 2887 gloriam
2621 2813 2754 2890 spei
2789 2829 2980 2890 usque
3019 2811 3088 2870 in
3120 2812 3301 2890 ﬁnem
3342 2813 3584 2890 ﬁrmam

309 2898 638 2951 teneamus.
672 2891 789 2952 Hic
813 2892 1039 2952 iterum
1072 2907 1179 2951 eos
1215 2889 1693 2951 hortaturstare
1726 2889 1991 2961 fortiter,
2020 2893 2083 2950 et
2105 2906 2231 2949 non
2264 2891 2598 2963 subruere.
2631 2889 3136 2967 Domus'quippe
3165 2890 3280 2949 Dei
3311 2889 3578 2961 erimus,

310 2968 483 3051 quod
512 2973 651 3051 erat
670 2970 903 3051 Moses,
937 2970 990 3030 si
1016 2969 1309 3051 ﬁduciam
1341 2976 1401 3029 et
1430 2970 1700 3051 gloriam
1730 2969 1863 3051 spei
1890 2968 2423 3051 usqueadﬁdem
2455 2967 2703 3051 ﬁrmam
2727 2969 3230 3051 teneamu‘s._Qui
3257 2968 3583 3051 enimdo-

308 3046 419 3127 let,
454 3048 688 3127 inquit,
737 3050 799 3107 in
844 3049 1327 3117 tentationibus,
1370 3046 1573 3126 et'qui
1605 3049 1880 3120 subruit,
1913 3065 2043 3108 non
2074 3047 2388 3127 gloriatur
2416 3047 2574 3127 :_qui
2617 3049 2956 3127 erubescit,
2980 3046 3108 3127 qui
3139 3047 3579 3127 absconditur,

311 3124 610 3206 ﬁduciam
647 3144 775 3206 non
808 3128 1000 3188 habet
1030 3148 1045 3186 :
1087 3128 1199 3205 qui
1230 3127 1419 3197 dolet,
1469 3124 1603 3188 non
1646 3128 1980 3206 gloriatur.
2024 3124 2265 3187 Deinde
2288 3125 2530 3206 laudat
2573 3125 2926 3206 etiamgeos,
2958 3126 3215 3188 dicens:
3250 3127 3323 3188 Si
3340 3126 3583 3206 quidem

310 3203 606 3283 ﬁduciam
626 3215 679 3265 et
702 3205 969 3285 gloriam
996 3203 1124 3285 spei
1153 3225 1342 3285 usque
1370 3207 1439 3267 in
1460 3210 1635 3286 ﬁnem
1650 3203 1885 3284 ﬁrmam
1912 3214 2237 3286 teneamus.
2269 3204 2554 3286 Ostendit
2576 3205 2737 3286 quia
2760 3204 2891 3284 jam
2938 3212 3286 3286 emperunt.
3320 3203 3585 3286 Oportet

312 3288 529 3363 autem
561 3283 766 3361 usque
799 3286 862 3346 in
893 3283 1107 3357 ﬁnem,
1135 3293 1197 3346 et
1236 3283 1368 3345 non
1395 3283 1768 3363 simpliciter
1796 3290 1992 3357 stare,
2033 3284 2143 3344 sed
2189 3283 2440 3363 ﬁrmam
2481 3284 2720 3350 habere
2757 3302 2931 3361 Spem
2963 3285 3030 3343 in
3080 3283 3583 3345 satisfactionem

310 3361 455 3422 ﬁdei
490 3380 617 3423 non
640 3370 988 3426 commotos
1031 3382 1070 3426 a
1109 3361 1590 3426 tentationibus.
1640 3365 1803 3425 Dicit
1830 3364 2001 3425 enim
2025 3362 2352 3441 Scriptura
2388 3362 2464 3422 de
2500 3365 2705 3424 Patre.
2739 3365 2850 3438 qui
2884 3381 3013 3423 non
3046 3370 3144 3426 est
3173 3364 3578 3423 incarnatus:

312 3442 403 3500 De
435 3441 580 3504 caelo
603 3443 933 3521 prospexit
966 3444 1293 3512 Dominus,
1327 3452 1381 3503 et
1405 3443 1567 3504 vidit
1600 3443 1806 3504 Filios
1825 3442 2142 3503 hominum
2170 3462 2188 3501 :
2220 3442 2340 3502 hoc
2361 3446 2477 3513 est,
2508 3442 2726 3502 omnia
2754 3442 2999 3520 integre
3023 3441 3355 3521 cognovit;
3382 3447 3444 3502 et
3466 3442 3585 3502 ite—

310 3538 480 3593 rum,
527 3520 911 3583 Descendens
952 3523 1210 3590 videam,
1261 3523 1592 3593 secundum
1642 3523 2210 3598 clamoremeorum
2256 3522 2311 3581 si
2347 3529 2786 3585 consumatur;
2823 3528 2885 3580 et
2912 3520 3165 3588 iterum,
3213 3521 3365 3582 Non
3383 3529 3587 3598 potest

311 3600 477 3681 Deus
497 3602 661 3679 ferre
689 3603 1000 3681 ntquitias
1020 3601 1359 3663 hominum.
1394 3601 1869 3681 Abundantiam
1899 3596 2010 3661 ira}
2055 3599 2332 3681 ostendit
2377 3599 2715 3681 Scriptura
2744 3599 2984 3681 divina.
3031 3601 3233 3660 Multo
3274 3596 3480 3681 magis
3511 3600 3587 3660 de

310 3678 586 3750 Christo,
624 3682 733 3757 qui
774 3678 974 3743 etiam
1004 3698 1231 3758 passus
1281 3687 1378 3741 est
1412 3681 1475 3740 in
1510 3697 1727 3750 carne,
1772 3679 2076 3739 dicuntur
2105 3680 2247 3741 ista.
2280 3678 2659 3758 Quiaicnim
2701 3679 3035 3739 hominum
3075 3679 3586 3757 experimentum

315 3759 609 3817 omnibus
641 3762 832 3820 rebus
861 3761 1226 3838 credibilius
1257 3765 1459 3838 nutat.
1494 3766 1556 3819 et
1600 3759 2066 3822 nrmscientiam
2098 3759 2232 3818 vult
2257 3757 2616 3825 ostendere,
2655 3758 2820 3828 Quia
2862 3759 2974 3833 qui
3018 3776 3245 3833 passus
3276 3763 3372 3818 est
3394 3801 3411 3828 ,
3442 3760 3579 3838 scit,

299 3840 532 3918 inquit,
564 3838 719 3917 quid
746 3839 1010 3917 patitur,
1060 3837 1183 3898 hoc
1210 3842 1330 3908 est,
1377 3837 1665 3900 humana
1711 3841 1969 3918 natura.
2004 3844 2211 3918 Quare
2238 3840 2478 3918 fratres
2510 3839 2736 3918 sancti.
2769 3838 2952 3918 Quod
2981 3839 3165 3910 dixit,
3197 3840 3426 3914 Quare,
3456 3858 3569 3918 pro

298 3917 693 3997 quaprOpter
716 3919 950 3996 posuit.
990 3918 1352 3978 Vocationis
1376 3925 1606 3997 sancta:
1629 3917 1996 3997 participes.
2024 3917 2195 3997 Nihil
2233 3917 2336 3977 hic
2376 3917 2703 3994 quaeratis,
2737 3917 2790 3977 si
2818 3918 2972 3979 illuc
3000 3919 3208 3997 vocati
3237 3919 3393 3979 estis
3431 3917 3574 3984 :iil-

299 3994 383 4059 lic
408 3994 504 4061 est
540 3994 807 4078 merces,
838 3997 1093 4078 illicest
1124 3997 1481 4078 retributio.
1513 3994 1677 4070 Quid
1708 3994 1907 4078 ergo?
1933 3994 2333 4078 Considerate
2357 3997 2711 4078 apostolum
2738 4007 2794 4078 et
2822 3996 3200 4078 sacerdotem
3229 3999 3577 4078 confessio:

298 4078 400 4137 nis
429 4086 660 4156 nostra:
686 4076 898 4135 Iesum
928 4074 1238 4156 Christum
1272 4074 1508 4156 fidelem
1528 4094 1651 4156 esse
1675 4074 1748 4142 ei,
1781 4074 1891 4154 qui
1920 4093 1980 4156 se
2011 4075 2180 4154 fecit,
2204 4074 2459 4156 isicutget
2489 4076 2699 4156 Moses
2727 4077 2795 4138 in
2828 4076 2996 4136 omni
3027 4076 3205 4156 domo
3238 4074 3392 4156 ejus.
3415 4075 3577 4151 Quid

301 4160 420 4225 est,
451 4154 726 4234 Fidelem
756 4153 1187 4234 exstantemci
1205 4154 1314 4234 qui
1333 4173 1392 4213 se
1418 4155 1612 4234 fecit?
1645 4153 1918 4234 Hocest,
1946 4153 2269 4234 devotum,
2293 4153 2737 4234 defendentem
2770 4172 2847 4217 ea
2881 4173 3026 4233 quas
3048 4155 3188 4234 ejus
3217 4153 3406 4227 sunt,
3445 4174 3574 4216 non

304 4233 773 4313 permittentem
803 4232 1151 4313 corrumpi.
1184 4233 1362 4313 Sicut
1391 4231 1448 4293 et
1478 4235 1684 4293 Moses
1711 4231 1974 4313 inomni
1995 4232 2172 4313 domo
2197 4232 2349 4312 ejus.
2386 4231 2762 4311 Cognoscite
2794 4231 2948 4312 quid
2971 4240 3065 4296 est
3085 4231 3336 4313 primus
3364 4253 3576 4296 sacer-

301 4314 417 4373 dos
449 4311 514 4393 Vet
537 4311 774 4393 qualis,
802 4319 864 4369 et
890 4328 1021 4393 non
1052 4311 1366 4372 habebitis
1399 4330 1561 4390 Opus
1593 4312 2033 4393 consolatione
2060 4311 2616 4393 alia.’Apostolum
2645 4311 2859 4373 autem
2884 4314 3063 4373 illum
3093 4311 3284 4375 i'ocat
3316 4318 3579 4393 propter

302 4391 475 4470 quod
506 4390 739 4471 missus
768 4394 886 4450 est.
920 4390 1201 4471 Primum
1231 4395 1447 4451 autem
1476 4392 1871 4453 sacerdotem
1897 4436 1912 4464 ,
1957 4391 2191 4469 inquit,
2220 4390 2640 4453 confessionis
2682 4398 2917 4471 nostrae
2941 4437 2958 4466 ,
2991 4394 3111 4455 hoc
3148 4400 3243 4454 est
3285 4390 3484 4454 ﬁdei‘:
3519 4400 3580 4453 et

304 4469 407 4532 isti
440 4469 715 4551 populus
760 4469 1139 4530 commissus
1178 4474 1294 4551 est,
1330 4471 1492 4530 sicut
1516 4476 1579 4532 et
1610 4471 2157 4551 illi.commissum_
2186 4476 2326 4531 erat
2367 4471 2653 4551 regimen
2700 4469 2959 4549 populi;
2997 4472 3104 4533 sed
3147 4473 3298 4533 huic
3331 4472 3579 4551 majora

304 4551 383 4613 ad
428 4549 722 4611 meliores
756 4565 983 4629 causas
1007 4549 1347 4629 commissa
1374 4555 1544 4609 sunt.
1582 4552 1665 4610 In
1695 4550 2117 4611 testimonium
2138 4549 2609 4629 loquendorum.
2633 4551 2795 4624 Quid
2822 4551 3011 4611 dicit?
3042 4551 3351 4628 numquid
3389 4549 3580 4612 testi-

305 4630 595 4691 monium
627 4628 1165 4705 hominisaccipit
1194 4628 1404 4687 Deus?
1425 4630 1501 4688 Et
1530 4630 1736 4690 valide
1770 4650 1783 4688 :
1814 4631 1865 4689 si
1899 4631 2069 4690 enim
2096 4628 2319 4691 caelum
2349 4634 2746 4690 contestatur
2775 4635 2838 4690 et
2868 4636 3104 4692 terram
3134 4635 3195 4691 et
3226 4631 3448 4701 colles,
3480 4630 3583 4689 di-

304 4728 454 4771 (rens
482 4728 596 4789 per
625 4708 1002 4789 prophetam
1036 4727 1050 4765 :
1078 4706 1269 4789 Audi,
1305 4708 1534 4777 caelum,
1567 4718 1619 4769 et
1646 4708 1905 4789 auribus
1933 4712 2201 4788 percipe,
2232 4716 2424 4789 terra,
2454 4709 2752 4789 quoniam
2780 4710 3085 4770 Dominus
3112 4708 3411 4789 loquutus
3441 4717 3529 4769 est
3561 4728 3575 4766 :

305 4797 388 4860 et,
423 4788 670 4854 Audite.
695 4786 904 4854 calles,
932 4786 1336 4866 fundamenta
1357 4795 1556 4853 terrce.
1589 4788 1895 4865 quoniam
1916 4786 2225 4848 Dominus
2246 4786 2555 4866 judicium
2583 4788 2718 4866 ejus
2743 4809 2758 4847 :
2786 4789 2983 4850 multo
3008 4786 3210 4866 magis
3235 4789 3528 4849 homines
3562 4807 3576 4845 :

308 4870 428 4930 hoc
457 4873 575 4939 est,
610 4869 776 4929 sicut
798 4872 1011 4938 testes,
1044 4866 1304 4943 quando
1334 4866 1805 4927 confundentur
1845 4867 1944 4927 isti
1988 4888 2003 4926 :
2040 4868 2578 4929 Christus‘autem
2611 4869 2777 4928 sicut
2805 4868 3030 4930 Filius.
3062 4869 3178 4929 llle
3207 4868 3467 4945 quidem
3504 4866 3577 4927 de

305 4948 533 5009 alienis
565 4965 784 5009 curam
813 4945 997 5024 gerit,
1029 4946 1130 5005 hic
1157 4952 1374 5007 autem
1409 4946 1485 5006 de
1510 4947 1811 5025 propriis.
1845 4947 1967 5007 Sed
1999 4948 2185 5007 etiam
2213 4947 2479 5024 gloriam
2508 4947 2660 5025 spei.
2695 4948 2863 5007 Bene
2891 4948 3074 5017 dixit,
3103 4948 3413 5024 quoniam
3439 4964 3577 5007 om-

308 5029 414 5093 nia
446 5030 614 5088 bona
638 5027 702 5087 in
730 5044 841 5103 spe
871 5030 1077 5105 erant.
1112 5026 1484 5087 Glorientur
1530 5027 1640 5104 qui
1664 5043 1807 5088 eam
1852 5026 2110 5096 habent,
2144 5027 2329 5087 sicuti
2357 5027 2433 5086 de
2470 5025 2602 5104 jam
2653 5026 2857 5087 factis.
2898 5029 3166 5105 Propter
3211 5027 3361 5105 hoc,
3392 5026 3576 5097 dixit,

305 5106 623 5168 Gloriatio
659 5102 827 5185 spei;
855 5112 918 5167 et
947 5104 1159 5174 infert,
1193 5106 1394 5184 Usque
1423 5106 1491 5166 in
1516 5102 1696 5186 ﬁnem
1718 5109 1956 5186 firmam
1987 5114 2294 5165 teneamus
2322 5125 2342 5186 :7
2359 5102 2487 5186 spe
2503 5107 2672 5167 enim
2698 5105 2858 5186 salvi
2891 5102 3042 5167 facti
3066 5102 3310 5186 sumus.
3340 5104 3402 5165 Si
3427 5120 3578 5186 ergo

308 5205 421 5264 spe
450 5187 611 5247 salvi
643 5183 784 5247 facti
818 5204 1065 5255 sumus,
1096 5190 1158 5245 et
1191 5183 1303 5261 per
1323 5183 1699 5262 patientiam
1719 5183 2201 5261 exspectamus,
2238 5185 2416 5264 nullo
2449 5201 2720 5245 maerore
2751 5183 3116 5264 afﬁigamur
3143 5185 3209 5244 in
3241 5185 3579 5264 praesenti-

307 5262 453 5337 bus,
487 5284 696 5344 neque
719 5266 849 5343 jam
885 5284 1055 5326 nunc
1080 5282 1446 5343 quieramus
1480 5282 1625 5343 quas
1656 5263 1871 5324 futura
1905 5264 2089 5325 nobis
2120 5262 2439 5341 promissa
2460 5268 2637 5344 sunt.
2668 5264 2819 5341 Spes
2851 5262 3032 5333 enim,
3057 5264 3299 5344 inquit,
3330 5282 3465 5343 quae
3487 5263 3579 5325 oi-

307 5345 515 5412 detur,
544 5342 674 5405 non
704 5342 789 5404 est
811 5364 947 5423 spes
981 5346 1191 5408 :hona
1224 5346 1393 5404 enim
1425 5342 1527 5404 hic
1563 5345 1890 5423 percipere
1917 5360 2047 5423 non
2075 5361 2417 5420 possumus
2455 5343 2520 5402 in
2557 5342 2679 5423 ista
2715 5344 2948 5421 pmnali
2997 5345 3149 5404 vita.
3179 5342 3394 5415 Quare
3427 5359 3579 5421 ergo

310 5425 493 5485 nobis
526 5442 600 5486 ea
631 5425 954 5503 prmdixit,
1007 5427 1058 5484 si
1109 5440 1234 5503 non
1268 5429 1407 5483 erat
1461 5425 1563 5483 hic
1600 5422 1911 5503 daturus?
1953 5422 2030 5482 Ut
2063 5423 2488 5499 promissione
2541 5422 2789 5503 animas
2835 5428 3087 5503 nostras
3128 5427 3487 5503 recrearet,
3513 5426 3581 5481 ut

307 5500 655 5580 Sponsione
710 5504 1102 5565 confortaret
1146 5502 1555 5576 desiderium,
1605 5508 1673 5562 ut
1698 5502 1905 5579 erigat
1950 5508 2237 5563 nostram
2270 5506 2545 5562 mentem
2592 5520 2606 5559 :
2656 5502 2890 5562 idcirco
2936 5500 3110 5563 enim
3164 5501 3381 5563 omnia
3417 5500 3580 5563 facta

309 5591 481 5641 sunt.

387 5660 550 5734 Quid
587 5678 739 5737 ergo
772 5661 1151 5721 turbamur?
1178 5660 1376 5720 Nemo
1412 5661 1630 5720 videns
1657 5660 1972 5737 malignos
1999 5661 2489 5738 prosperitatem
2519 5660 2755 5721 habere
2776 5704 2791 5733 ,
2824 5662 3118 5721 turbetur
3148 5678 3162 5717 :
3197 5676 3325 5719 non
3357 5666 3454 5720 est
3481 5657 3579 5738 hic

310 5738 646 5798 retributio
678 5736 888 5814 neque
921 5740 1369 5815 malignitatis,
1405 5757 1616 5817 neque
1648 5736 1899 5800 virtutis
1933 5759 1948 5797 :
1980 5736 2046 5799 at
2081 5739 2133 5800 si
2159 5736 2515 5816 aliquando
2545 5739 2887 5817 contingit,
2920 5745 2986 5798 ut
3018 5738 3349 5817 aliquasit
3380 5736 3577 5817 retri-

313 5818 491 5878 butio
518 5816 619 5877 vel
646 5813 902 5877 malitia:
933 5819 1032 5879 vel
1061 5813 1354 5893 virtutis,
1392 5813 1526 5878 non
1555 5826 1765 5882 tamen
1797 5819 2149 5880 secundum
2196 5813 2365 5896 quod
2402 5818 2664 5897 dignum
2695 5814 2809 5892 est,
2844 5818 2949 5878 sed
2984 5813 3388 5894 simpliciter,
3429 5813 3597 5889 velr
