3970 6152
357 320 483 408 ἐει
1015 350 1327 410 nummo
1369 352 1616 411 scnoL.
1661 351 2124 412 inseruere.
2166 387 2235 397 —
2274 355 2428 411 ese.
2473 353 2564 411 ιν.
2608 353 2844 410 noun.
2894 353 3004 409 vn.
3505 353 3610 408 est

357 451 458 510 Ab
482 447 592 509 illa
617 443 815 505 multo
841 443 960 504 erit
980 443 1206 504 melior
1223 443 1343 503 ista
1366 443 1791 514 conversatio,
1822 448 2138 522 quantum
2165 447 2336 504 terra
2359 443 2587 504 melius
2609 450 2703 504 est
2732 445 2978 505 caalum.
3013 447 3304 507 Attamen
3328 451 3389 508 et
3417 447 3610 510 aliam

354 523 838 589 similitudinem
869 523 1307 600 inquiramus."
1341 522 1401 582 Si
1441 523 1765 600 contingat
1809 541 1954 583 eum
1981 523 2090 600 qui
2126 522 2310 581 modo
2343 523 2636 600 imperat,
2668 541 2920 583 omnem
2955 525 3263 585 mundum
3295 527 3608 600 obtinere,

353 605 580 667 deinde
605 621 813 680 neque
843 601 1180 674 bellorum,
1212 619 1420 680 neque
1447 618 1750 661 curarum
1783 601 2017 662 habere
2047 601 2247 680 ullam
2277 601 2653 671 molestiam,
2686 602 2792 661 sed
2827 603 2888 661 in
2922 603 3163 664 honore
3195 623 3335 666 esse
3365 611 3610 666 tantum

355 691 418 746 et
461 679 750 744 deliciari
775 725 791 752 ,
823 686 884 741 et
925 681 1125 742 multa
1153 679 1408 756 quidem
1451 680 1688 740 habere
1720 680 1959 741 tributa
2003 679 2309 755 undique,
2343 685 2413 738 et'
2443 697 2672 740 aurum
2708 681 2796 741 illi
2824 681 3085 742 attinere
3119 689 3180 743 et
3215 684 3608 746 reconditum

357 782 494 825 esse
528 781 544 820 :
575 761 835 840 qualem
866 759 1046 840 illum
1068 759 1312 840 putatis
1347 757 1633 818 animum
1677 759 1937 830 habere,
1969 759 2021 840 s_i
2068 759 2285 840 omnia
2327 758 2492 840 bella
2528 759 2720 840 totius
2751 766 2933 821 terrae
2971 761 3302 839 quiescere
3348 764 3610 824 videat?

355 843 508 904 Tale
535 836 778 917 aliquid
807 839 926 898 erit
957 836 1165 920 majus
1191 857 1206 895 :
1240 853 1656 920 nequaquam
1668 843 1900 920 autem
1939 836 2018 898 ad
2055 836 2537 920 similitudinem
2583 836 3272 920 illius_regni—perveni
3303 861 3317 900 :
3353 849 3614 920 propter

356 921 525 1000 quod
556 915 810 998 Oportet
837 923 900 977 et
927 915 1120 1000 aliam
1150 915 1475 1000 inquirere
1507 916 2018 1000 intelligentiam.
2055 916 2331 1000 Da_mihi
2359 917 2640 1000 aliquem
2671 918 2780 994 qui
2813 915 3082 1000 sitsicut
3111 915 3612 982 infantulus-re—

357 995 451 1079 gis
483 1019 498 1058 :
531 995 874 1079 us'quequo
902 995 1158 1074 quidem
1190 996 1254 1079 i_n
1279 995 1471 1056 vulva
1501 1001 1620 1066 est,
1655 995 1812 1079 n_ihi_l
1845 995 2074 1079 sentit;
2112 995 2408 1079 siautem
2442 995 2763 1072 contingat
2800 1015 2945 1079 eum
2977 997 3122 1079 inde
3181 1000 3420 1077 egredi,
3453 1007 3514 1059 et
3547 1000 3609 1059 in

356 1072 659 1138 thronum
689 1072 967 1153 regalem
996 1074 1365 1144 ascendere,
1398 1092 1525 1133 non
1555 1074 1885 1150 paulatim,
1919 1073 2026 1134 sed
2058 1072 2388 1153 confestim
2425 1079 2654 1134 cuncta
2684 1074 2970 1152 accipere
2997 1096 3012 1134 :
3040 1077 3132 1137 sic
3159 1072 3256 1137 est
3284 1080 3474 1139 etiam
3505 1079 3611 1138 ille

355 1164 582 1219 status.
620 1155 732 1215 Est
767 1152 972 1234 etalia
1002 1153 1384 1234 similitudo:
1411 1153 1463 1212 si
1495 1153 1640 1229 quis
1670 1154 1919 1234 vinctus
1946 1158 2008 1213 et
2031 1153 2232 1234 multa
2261 1152 2428 1234 mala
2459 1158 3004 1234 passus,_repente
3033 1155 3111 1214 ad
3141 1157 3354 1234 regale
3381 1158 3612 1218 solium

357 1237 648 1314 rapiatur
679 1253 694 1290 :
739 1232 847 1293 sed
882 1249 1089 1315 neque
1126 1233 1215 1291 sic
1246 1235 1489 1315 integre
1524 1233 1884 1315 pertingere
1930 1231 2110 1315 potui
2142 1230 2439 1315 ad_illius
2471 1231 2648 1315 regni
2680 1232 3188 1315 similitudinem:
3219 1230 3343 1294 "Hic
3371 1237 3612 1315 quippe

357 1309 777 1392 quaecumque
805 1311 949 1387 quis
972 1312 1323 1394 perceperit
1353 1313 1514 1394 bona
1537 1354 1553 1380 ,
1588 1309 1654 1370 in
1685 1311 1899 1394 prima
1925 1309 2346 1394 quidedeic,
2380 1327 2453 1372 ac
2494 1310 2545 1370 si
2595 1311 2801 1388 ipsum
2834 1329 3102 1394 regnum
3132 1309 3412 1386 dixeris;
3447 1309 3614 1394 vig'et

358 1389 426 1453 in
460 1411 535 1452 eo
574 1407 753 1470 amor
799 1397 860 1470 et
901 1389 1235 1467 gaudium,
1277 1395 1337 1448 ct
1368 1389 1430 1448 in
1463 1389 1744 1450 secunda
1771 1389 1869 1470 die
1900 1395 1960 1449 et
1992 1390 2054 1447 in
2087 1389 2313 1470 tertia;
2350 1394 2632 1464 tempore
2666 1407 2815 1448 vero
2860 1390 3239 1467 procedente
3284 1389 3614 1470 permanet

361 1470 620 1549 quidem
651 1469 714 1528 in
744 1469 1089 1549 voluptate,
1115 1485 1244 1549 nun
1271 1475 1483 1528 tamen
1514 1473 1729 1528 tanta:
1757 1467 2083 1549 minuetur
2107 1467 2346 1549 quippe
2377 1485 2728 1549 sempercx
2758 1470 3217 1549 consuetudine
3239 1467 3613 1548 qualecum-

359 1545 488 1627 que
521 1552 751 1609 bonum
785 1545 954 1606 istud
997 1547 1100 1606 sit.
1133 1546 1269 1606 lllic
1309 1550 1527 1629 autem
1561 1563 1692 1605 non
1723 1547 1932 1629 solum
1975 1564 2104 1606 non
2149 1546 2489 1616 decrescit,
2537 1545 2642 1605 sed
2693 1547 2883 1629 etiam
2915 1545 3329 1626 augmentum
3357 1552 3608 1629 accipit.

357 1625 646 1706 Intelligo
678 1642 952 1702 namque
983 1631 1295 1706 quantum
1324 1625 1405 1684 sit
1425 1625 1705 1706 animam
1736 1625 1890 1706 illuc
1920 1630 2312 1706 pergentem,
2337 1641 2748 1706 nequaquam
2778 1625 2971 1706 tinem
3008 1625 3323 1687 bonorum
3354 1625 3610 1691 illorum

356 1703 967 1784 exspectarerneque
999 1704 1452 1784 mutationem;
1485 1703 1640 1784 quin
1676 1704 1886 1780 potius
1915 1703 2379 1784 incrementum
2406 1747 2421 1773 ,
2451 1710 2514 1764 et
2542 1705 2736 1784 vitam
2768 1704 2958 1764 tinem
2992 1723 3118 1765 non
3151 1707 3517 1780 habentem,
3551 1717 3612 1770 et

357 1781 547 1846 vitam
577 1783 752 1844 omni
787 1783 1068 1859 periculo
1100 1782 1387 1852 liberam,
1420 1781 1594 1841 omni
1627 1800 1898 1842 mmrore
1931 1788 1992 1841 et
2019 1799 2176 1861 cura
2206 1782 2508 1852 alienam,
2541 1783 2797 1860 plenam
2831 1784 3078 1861 gaudiis
3105 1790 3168 1844 et
3196 1785 3366 1846 mille
3402 1789 3606 1849 bonis.

357 1865 414 1923 Si
447 1863 615 1925 enim
638 1863 740 1922 hic
765 1862 826 1920 in
853 1878 1146 1937 campum
1172 1866 1502 1929 exeuntes,
1529 1867 1588 1918 et
1609 1862 2023 1922 tabernacula
2051 1859 2320 1920 militum
2349 1859 2706 1938 spectantes
2735 1880 2816 1921 ex
2837 1859 3272 1924 Vvelaminibus
3299 1865 3608 1934 confecta,

357 1949 413 2002 et
448 1943 571 2001 tela
602 1949 664 2001 et
710 1941 948 2021 galeas,
999 1940 1096 1998 vel
1129 1939 1616 2021 umbonibus_ct
1645 1939 1964 2000 umbilicis
2005 1944 2333 2021 scutorum
2377 1939 2880 2021 resplendentes,
2913 1948 2980 2021 et
3025 1943 3314 2019 rapimur
3357 1950 3612 2021 specta-

358 2021 481 2081 culi
512 2017 857 2089 miraculo;
890 2020 942 2077 si
977 2035 1125 2076 vero
1154 2017 1342 2077 etiam
1369 2020 1502 2094 jam
1531 2018 1984 2094 Imperatorem
2010 2020 2193 2078 nobis
2227 2019 2554 2096 contingat
2583 2019 2899 2079 modicum
2929 2017 3162 2090 videre,
3190 2023 3324 2083 sive
3349 2017 3614 2084 curren-

357 2107 502 2169 tem,
529 2100 666 2179 sive
690 2099 1078 2179 equitantem
1104 2097 1168 2156 in
1196 2097 1391 2179 armis
1424 2096 1636 2179 aureis
1663 2116 1678 2168 ;
1705 2096 2395 2179 universitatemnobis
2429 2097 3005 2179 habet-epulamus.
3030 2099 3194 2172 Quid
3219 2119 3370 2179 ergo
3397 2107 3610 2178 putas,

357 2196 497 2238 cum
550 2177 779 2255 videris
828 2180 1194 2235 sanctorum
1242 2175 1656 2234 tabernacula
1704 2181 1944 2235 aeterna
1993 2175 2057 2234 in
2107 2175 2260 2234 caalo
2309 2175 2561 2255 conﬁxa
2593 2177 2620 2234 ?
2649 2174 3036 2253 Suscipiunt,
3087 2174 3340 2255 inquit',
3388 2174 3497 2240 eos
3546 2182 3614 2241 in
3652 2174 3670 2184 ‘

359 2254 753 2334 tabernacula
777 2263 1005 2313 (eterna
1034 2271 1786 2334 :_cumiunumquemque
1816 2270 2040 2334 eorum
2083 2270 2278 2329 super
2307 2254 2517 2314 radios
2549 2255 2701 2314 solis
2730 2255 2962 2315 videris
2993 2254 3410 2334 refulgentem
3432 2303 3448 2328 ,
3481 2277 3612 2320 non

356 2353 434 2392 ex
462 2351 588 2395 tere
618 2339 681 2394 et
725 2333 894 2392 ferro
918 2377 932 2404 ,
968 2332 1073 2391 sed
1105 2351 1187 2393 ex
1218 2333 1327 2392 illa
1357 2332 1560 2409 gloria
1583 2375 1598 2401 ,
1643 2332 1828 2409 cujus
1859 2331 2201 2392 candorem
2236 2337 2298 2391 et
2337 2335 2813 2394 coruscationes
2856 2335 3082 2395 oculus
3131 2331 3450 2397 humanus
3481 2356 3612 2398 non

354 2419 560 2490 potest
586 2411 920 2490 inspicere.
953 2411 1028 2469 Et
1057 2411 1176 2470 hoc
1205 2410 1460 2491 quidem
1493 2417 1806 2491 quantum
1831 2410 2230 2491 adhomipes
2257 2411 2518 2491 attinet:
2548 2412 2702 2488 quid
2732 2418 2944 2474 autem
2963 2414 3094 2491 jam
3117 2414 3322 2475 dicam
3346 2416 3613 2476 multam

356 2489 645 2550 militiam
675 2489 1077 2567 angelorum,
1109 2489 1668 2566 archangelorum,
1698 2489 2067 2558 Cherubim,
2100 2489 2457 2564 Seraphim,
2489 2491 2778 2562 Sedium,
2816 2489 3372 2560 Dominationum,
3420 2495 3615 2555 Prin-

356 2571 682 2646 cipatuum
711 2613 727 2638 ,
769 2571 1154 2630 Potestatum
1181 2613 1216 2646 ,ν
1247 2585 1524 2644 quorum
1569 2567 1973 2644 pulchritudo
2023 2567 2492 2646 inexplicabilis
2540 2585 2797 2646 omnem
2841 2577 3120 2631 mentem
3165 2571 3456 2632 excedit?
3497 2574 3612 2635 Sed

353 2645 660 2727 quamdiu
693 2664 822 2706 non
851 2647 1176 2727 quiescam
1207 2645 1270 2704 in
1299 2648 1521 2727 requie
1547 2645 2217 2727 incomprehensibili?
2238 2647 2389 2720 Quae
2416 2645 2653 2713 oculus,
2685 2648 2918 2725 inquit,
2945 2667 3073 2708 non
3098 2649 3278 2717 vidit,
3308 2669 3417 2712 nec
3442 2654 3616 2712 auris

355 2725 619 2794 audivit,
660 2743 852 2805 neque
882 2726 947 2785 in
977 2743 1084 2805 cor
1119 2725 1384 2805 hominis
1412 2725 1719 2805 ascendit,
1751 2743 1886 2805 quae
1910 2727 2288 2805 praeparavit
2321 2727 2486 2784 Deus
2525 2727 2928 2803 diligentibus
2957 2747 3115 2788 eum.
3150 2730 3421 2789 Proinde
3454 2731 3615 2792 nihil

355 2803 784 2866 miserabilius
816 2805 904 2864 eis
927 2848 942 2874 ,
974 2803 1083 2877 qui
1116 2805 1196 2864 ab
1226 2803 1362 2863 istis
1393 2803 1778 2864 exciderint.
1801 2804 1918 2862 Sed
1951 2819 2066 2862 nos
2095 2803 2450 2864 eﬂiciamur
2478 2823 2554 2864 ex
2596 2814 2771 2880 parte
2815 2809 3144 2866 beatorum
3165 2852 3180 2873 ,
3213 2815 3284 2868 ut
3327 2812 3615 2870 obtinere

353 2915 720 2959 mereamur
751 2899 919 2958 bona
947 2901 1207 2966 aeterna,
1241 2897 1304 2957 in
1335 2897 1586 2958 Christo
1615 2896 1762 2955 Jesu
1793 2895 2061 2954 Domino
2094 2893 2341 2955 nostro,
2373 2902 2519 2966 cum
2549 2903 2681 2966 quo
2712 2887 2877 2946 Patri
2910 2903 3038 2947 una
3071 2904 3216 2946 cum
3247 2893 3467 2948 sancto
3489 2887 3624 2964 Spi<

355 2979 476 3037 ritu
511 2977 742 3055 gloria,
777 2975 1138 3054 imperium,
1175 2965 1402 3048 honor,
1435 2993 1606 3035 nunc
1637 2980 1695 3034 et
1727 2991 2002 3051 semper,
2035 2970 2190 3031 etin
2222 2965 2457 3026 stecula
2487 2965 2890 3024 saeculorum.
2925 2968 3156 3030 Amen.

1713 3212 2060 3274 IIOMILIA
2109 3213 2248 3275 VH.

415 3336 803 3416 Festinamus
829 3333 1030 3413 igitur
1049 3333 1296 3416 intrare
1331 3335 1398 3396 in
1427 3334 1600 3416 illam
1629 3337 1927 3415 requiem,
1961 3345 2030 3397 ut
2061 3355 2135 3398 ne
2165 3336 2232 3397 in
2265 3333 2542 3416 idipsum
2569 3334 2893 3414 quisquam
2935 3334 3186 3416 incidat
3218 3337 3602 3416 inﬁdelitatis

338 3415 700 3494 exemplum.
737 3415 922 3504 i'ivus
957 3415 1116 3474 enim
1148 3415 1603 3508 est‘sermdeei
1640 3414 1970 3508 etcf/iram,
2007 3425 2061 3476 et
2093 3414 2544 3507 pepetrabilior
2567 3431 2756 3504 super
2787 3432 3017 3473 omnem
3045 3414 3321 3508 gladium
3340 3421 3604 3508 _ancipi-

339 3505 472 3564 tem,
503 3493 563 3553 et
575 3493 939 3572 pertingens
966 3512 1158 3572 usque
1187 3493 1267 3552 ad
1291 3493 1659 3554 divisionem
1682 3493 1903 3555 animm
1933 3505 1988 3555 et
2017 3493 2282 3572 spiritus
2304 3539 2318 3560 ,
2346 3493 2778 3570 compaginum
2800 3511 3041 3571 quoque
3067 3503 3122 3560 et
3151 3493 3556 3556 medullarum
3583 3545 3598 3566 ,

339 3582 392 3654 et
421 3575 730 3654 discretor
751 3573 1202 3654 cogitationum
1229 3580 1284 3631 et
1309 3573 1730 3654 intentionum
1759 3575 1963 3635 cordis
1987 3595 2006 3633 :
2029 3584 2085 3633 et
2110 3592 2239 3638 non
2262 3581 2346 3632 est
2376 3573 2586 3654 aliqua
2609 3582 2893 3654 creatura
2916 3573 3161 3632 occulta
3183 3574 3254 3654 in
3274 3585 3602 3654 conspectu

337 3652 508 3731 ejus:
539 3653 749 3714 omnia
773 3660 973 3731 autem
1001 3651 1173 3711 nuda
1201 3661 1256 3710 et
1286 3653 1612 3730 manifesta
1638 3662 1783 3712 sunt
1813 3655 1879 3712 in
1907 3655 2104 3713 oculis
2135 3671 2286 3730 ejus.
2317 3651 2397 3711 ad
2425 3669 2600 3729 quem
2622 3650 2801 3731 nobis
2829 3669 3022 3731 sermo
3057 3659 3171 3731 est:
3196 3650 3435 3731 Magna
3459 3657 3602 3731 qui-

377 3750 478 3792 em
505 3749 613 3792 res
645 3735 742 3792 est
765 3729 918 3791 ﬁdes
942 3737 1004 3792 et
1035 3731 1362 3800 salutaris,
1392 3729 1618 3791 etsine
1645 3732 1763 3792 hac
1792 3750 1918 3792 non
1950 3740 2049 3793 est
2073 3729 2307 3792 salvari
2337 3730 2709 3806 aliquando.
2730 3729 2848 3790 Sed
2878 3747 3004 3788 non
3036 3729 3269 3790 sulﬁcit
3298 3729 3436 3792 sola
3466 3729 3601 3796 hinc

336 3811 620 3888 operari,
641 3827 803 3887 opus
827 3818 922 3871 est
946 3816 1008 3871 et
1034 3810 1526 3870 conversatione
1557 3818 1748 3870 recta.
1769 3811 2042 3871 Proinde
2071 3811 2260 3871 etiam
2293 3811 2525 3888 Paulus
2549 3808 3005 3888 admoneleos,
3026 3809 3137 3885 qui
3163 3809 3597 3888 dignationem

336 3887 793 3981 mysteriorum
821 3891 1147 3981 suscipere
1176 3895 1590 3981 meruerunt"1
1623 3890 1838 3981 dicens
1867 3910 1882 3948 :
1909 3890 2296 3981 Festinemus
2325 3887 2530 3981 igitur
2560 3889 2796 3977 intrare
2840 3887 2906 3947 in
2932 3887 3108 3981 illam
3139 3887 3603 3981 req;uiem._Fe—

333 3965 656 4035 stincmus,
691 3968 920 4045 inquit,
951 3965 1256 4046 quoniam
1291 3985 1419 4027 non
1451 3968 1680 4027 sufﬁcit
1712 3969 1889 4039 ﬁdes,
1923 3968 2029 4029 sed
2057 3969 2242 4028 debet
2268 3965 2408 4028 addi
2441 3966 2688 4046 ctrvita,
2726 3972 2786 4026 et
2818 3967 3086 4046 multum
3111 3965 3391 4028 studium
3419 3970 3602 4031 debet

333 4047 654 4109 adhiberi.
687 4047 862 4124 Opus
895 4045 990 4106 est
1017 4048 1257 4124 quippe
1285 4063 1516 4108 revera
1543 4091 1558 4116 ,
1598 4053 1667 4106 ut
1710 4047 2018 4108 intremus
2068 4049 2131 4106 in
2175 4062 2374 4124 regna
2419 4045 2742 4105 caelorum.
2776 4045 2836 4104 Si
2879 4045 3048 4106 enim
3093 4053 3328 4108 terram
3359 4048 3600 4111 intrare

336 4143 468 4186 non
501 4129 914 4196 meruerunt,
947 4127 1059 4202 qui
1094 4130 1304 4187 tantas
1335 4127 1732 4186 calamitates
1767 4127 2165 4203 pertulerant
2200 4129 2266 4184 in
2297 4141 2517 4185 eremo
2543 4167 2558 4193 ,
2593 4129 2654 4183 et
2687 4131 2922 4184 terram
2960 4125 3440 4202 apprehendere
3469 4147 3598 4190 non

332 4211 722 4283 potuerunt,
755 4205 909 4282 quia
943 4211 1510 4266 murmuraverunt
1537 4209 1599 4265 et
1634 4205 1922 4266 fornicati
1955 4211 2142 4266 sunt:
2172 4203 2494 4280 quomodo
2525 4221 2640 4262 nos
2671 4203 2896 4263 czelum
2930 4205 3318 4265 merebimur
3349 4206 3604 4268 indil'l'e—

332 4289 558 4346 renter
585 4284 1110 4361 viventes?0pus
1142 4284 1334 4362 igitur
1364 4284 1547 4344 nobis
1579 4290 1673 4343 est
1701 4289 1762 4343 et
1789 4285 1998 4344 studio
2029 4290 2090 4342 et
2127 4284 2268 4342 fide.
2301 4284 2437 4342 Non
2470 4300 2677 4362 usque
2706 4283 2783 4342 ad
2815 4283 2932 4362 hoc
2963 4289 3207 4343 tantum
3238 4289 3332 4344 est
3357 4285 3604 4348 damni-

333 4362 578 4433 ﬁcatio,
610 4367 685 4422 ut
716 4379 843 4422 non
873 4363 1064 4424 intret
1096 4361 1239 4438 quis
1271 4383 1284 4420 :
1319 4381 1444 4421 non
1473 4364 1640 4422 enim
1669 4363 1853 4433 dixit,
1892 4363 2291 4422 Festinenrus
2325 4363 2562 4420 intrare
2592 4361 2656 4420 in
2687 4361 2993 4437 requiem,
3026 4381 3104 4421 ne
3133 4363 3501 4426 excidamus
3527 4368 3602 4426 de

331 4442 532 4502 tantis
571 4443 778 4512 bonis,
813 4443 920 4501 sed
950 4442 1119 4518 quod
1149 4442 1424 4500 maxime
1457 4442 1747 4513 homines
1780 4443 1988 4519 erigit,
2023 4443 2142 4500 hoc
2181 4441 2436 4500 addidit.
2465 4441 2624 4513 Quid
2665 4447 2876 4500 autun
2936 4447 3031 4500 est
3057 4441 3224 4503 hoc?
3250 4443 3346 4503 Nc
3381 4444 3450 4503 in
3493 4445 3580 4506 id-

331 4522 541 4599 ipsum
571 4521 915 4598 exemplum
942 4521 1262 4599 quisquam
1303 4521 1538 4580 incidat
1570 4521 1958 4599 inﬁdelitatis
1981 4541 2000 4578 :
2025 4521 2144 4578 hoc
2174 4524 2290 4589 est,
2326 4525 2395 4578 ut
2425 4521 2488 4579 in
2535 4524 2745 4579 mente
2782 4525 2998 4580 nostra
3030 4521 3378 4581 habeamus
3427 4523 3602 4583 illam

335 4618 516 4676 spem
549 4605 613 4659 et
638 4601 1203 4676 exspectationem,
1238 4617 1317 4659 ne
1349 4600 1644 4660 similiter
1671 4600 2064 4660 excidamus.
2097 4599 2258 4670 Quia
2287 4603 2502 4659 autem
2529 4599 2905 4668 excidimus,
2935 4600 3296 4674 exemplum
3329 4600 3605 4660 manife-

342 4684 464 4738 stat
489 4698 504 4736 :
529 4679 627 4739 Ne
661 4679 731 4738 in
761 4679 1061 4758 idipsum,
1102 4678 1736 4758 inquit,rincidamus.
1768 4679 2007 4758 Deinde
2036 4695 2114 4736 ne
2149 4677 2412 4738 audiens
2441 4678 2618 4754 quis,
2649 4678 2726 4738 In
2755 4677 3055 4756 idipsum,
3084 4677 3366 4758 eamdem
3396 4679 3600 4755 ipsam

344 4762 521 4834 putet
550 4755 1004 4836 pmnamfaudi
1039 4757 1189 4835 quid
1219 4757 1585 4835 subjungit:
1620 4759 1812 4818 Vivus
1843 4757 2001 4816 enim
2032 4764 2118 4836 est
2143 4773 2342 4836 sermo
2374 4758 2490 4817 Dei
2519 4764 2571 4814 et
2603 4755 3392 4836 efﬁcax,etpcnctrabilior
3415 4775 3602 4835 super

344 4835 574 4896 omnem
605 4837 884 4915 gladium
913 4837 1242 4914 ancipitem
1268 4881 1281 4900 ,
1314 4844 1370 4894 et
1397 4837 1751 4914 pertingens
1785 4855 1974 4914 usque
2005 4835 2084 4894 ad
2114 4835 2476 4896 divisionem
2506 4835 2724 4894 animm
2745 4844 2806 4915 ret
2835 4835 3099 4915 spiritus
3126 4880 3140 4900 ,
3175 4837 3600 4915 compaginum

333 4933 577 4995 quoque
602 4913 657 4974 et
691 4913 1116 4982 medullarum,
1141 4923 1195 4974 et
1226 4913 1528 4974 discretor
1557 4913 2027 4990 cogitationum,
2053 4922 2106 4972 ct
2130 4915 2547 4995 intentionmn
2576 4914 2814 4995 cordis.
2843 4913 2957 4972 Hic
2987 4913 3260 4972 ostendit
3292 4915 3598 4995 quoniam

332 4992 395 5055 et
429 4992 541 5055 illa
575 4995 740 5054 idem
771 4996 904 5072 ipse
933 4999 1235 5070 Operatus
1267 4999 1383 5060 est,
1413 5000 1474 5052 et
1504 4995 1680 5064 vivit,
1712 5011 1839 5052 non
1869 4999 1965 5052 est
1994 4993 2370 5054 exstinctus.
2402 4994 2602 5072 Igitur
2619 4992 2925 5072 quoniam
2957 5009 3312 5072 sermonem
3339 4993 3596 5061 audisti,

333 5091 414 5134 ne
453 5071 838 5151 simpliciter
869 5073 1144 5150 accipias
1179 5092 1193 5130 :
1223 5072 1432 5150 gladio
1463 5073 1631 5131 enim
1659 5078 1754 5131 est
1791 5073 2268 5150 penetrabilior.
2303 5071 2569 5151 Attende.
2597 5071 3074 5151 descensionem
3109 5071 3286 5130 Pauli
3314 5115 3329 5142 ,
3361 5079 3422 5130 et
3450 5072 3599 5132 hinc

328 5149 674 5214 considera
702 5170 818 5229 pro
843 5169 972 5228 qua
999 5149 1194 5212 causa
1225 5149 1386 5227 Opus
1421 5149 2142 5228 habueruntpmphetze
2169 5151 2400 5218 dicere,
2430 5150 2734 5228 gladium,
2765 5149 3301 5226 rhomphteam,et
3329 5167 3546 5223 arcum
3582 5171 3596 5208 :

331 5231 479 5307 Nisi
497 5231 970 5298 convertamini,
991 5231 1219 5308 inquit,
1239 5230 1644 5307 rhomphazam
1669 5249 1840 5290 suam
1868 5229 2158 5294 uibrauit.
2193 5238 2246 5288 et
2279 5248 2492 5288 arcum
2519 5249 2695 5288 suum
2723 5229 3002 5294 tetendit,
3039 5239 3090 5286 ct
3116 5229 3368 5306 pararit
3399 5229 3594 5289 illam.

327 5308 388 5370 Si
425 5313 602 5372 enim
633 5316 775 5388 post
803 5315 977 5370 tanta
1011 5315 1322 5384 tempora,
1355 5314 1416 5388 et
1447 5316 1586 5385 post
1620 5309 2106 5388 perfectionem,
2137 5326 2264 5388 non
2297 5313 2502 5388 potest
2534 5309 2790 5368 nomine
2827 5308 3140 5388 sermonis
3175 5312 3420 5388 tantum
3453 5314 3597 5366 ter-

325 5405 494 5459 rere,
525 5386 648 5450 sed
669 5407 830 5457 opus
857 5389 1048 5449 habet
1071 5389 1258 5447 etiam
1297 5387 1431 5445 istis
1469 5390 1700 5456 verbis,
1728 5394 1796 5446 ut
1824 5387 2114 5446 ostendat
2143 5387 2552 5446 eminentiam
2577 5406 2650 5443 ex
2679 5386 3153 5458 comparatione
3179 5405 3194 5443 :
3218 5387 3420 5446 multo
3453 5405 3599 5446 nia—-

317 5477 412 5552 gis
445 5479 626 5552 tunc,
661 5469 1138 5552 ΡςηᾳναρξιὶονΒ
1169 5469 1398 5546 inquit,
1427 5488 1618 5552 usque
1647 5470 1728 5552 ad
1755 5471 2117 5552 divisionem
2141 5470 2357 5552 anima:
2387 5475 2440 5552 et
2470 5465 2756 5552 spiritus.
2785 5464 2947 5552 Quid
2979 5469 3074 5552 est
3104 5464 3270 5552 hoc?
3296 5463 3584 5522 Terribi-

317 5543 444 5614 lius
497 5549 750 5626 aliquid
787 5548 1200 5626 signiﬁcavit,
1231 5543 1343 5608 aut
1380 5543 1533 5624 quia
1581 5550 1874 5626 spiritum
1917 5551 2148 5610 dividet
2199 5549 2280 5608 ab
2325 5545 2535 5626 anima
2565 5589 2579 5612 ,
2609 5550 2720 5626 aut
2759 5543 2909 5626 quia
2942 5547 3000 5600 et
3031 5543 3166 5626 ipsa
3202 5543 3583 5626 incorporea

319 5620 631 5711 penetrat
652 5632 718 5688 et
748 5620 1072 5711 pertingit,
1106 5645 1232 5711 non
1267 5620 1512 5686 tantum
1541 5620 1703 5687 sicut
1737 5629 1983 5707 gladius
2010 5643 2303 5704 corpora.
2340 5625 2451 5711 llic
2478 5623 2754 5711 ostendit
2778 5621 3022 5711 quiart
3048 5621 3258 5711 anima
3295 5620 3578 5711 punitur,

318 5699 380 5773 in
405 5710 566 5788 quia
603 5699 923 5788 interiora
952 5699 1429 5788 exai'ninantur,
1461 5711 1660 5765 totum
1700 5699 1813 5784 per
1845 5714 2042 5766 totum
2073 5699 2362 5788 penetrat
2385 5702 2730 5788 hominem.
2764 5699 3192 5788 ls‘tfliseretor
3219 5710 3302 5758 est
3338 5699 3584 5774 cogita-

324 5779 576 5852 (ianum
604 5794 663 5846 ct
693 5783 1114 5846 intentionmn
1149 5784 1376 5850 cordis.
1411 5795 1463 5846 ct
1495 5805 1618 5846 non
1655 5779 1735 5846 est
1775 5779 2334 5846 errantia—occulta
2374 5781 2436 5840 in
2471 5787 2796 5858 conspectu
2825 5779 2974 5854 ejus.
3006 5779 3120 5836 llic
3159 5795 3266 5837 eos
3307 5795 3581 5839 maxime
