3970 6152
378 316 484 371 385
1123 317 1180 372 S.
1220 315 1266 372 J.
1312 313 1803 374 CIIRYSOSTOMI
1848 317 2160 374 IIOMILUE
2203 317 2267 372 IN
2309 317 2526 376 EPIST.
2566 318 2658 372 AD
2693 316 2900 374 HEBR.
3503 323 3591 380 εδδ

381 409 632 495 terruit.
665 411 754 495 Ne
789 409 946 495 f_o_rte
976 407 1276 495 adhuc__in
1312 408 1432 495 ﬁde
1463 415 1864 495 s~tantes_non
1897 412 2330 495 cum_integ-ra
2361 410 3177 495 satisfactione_conﬁd_itis',
3212 415 3350 495 ipse
3375 435 3502 495 quae
3537 425 3591 482 in

381 490 571 552 corde
603 493 754 550 sunt
788 489 1146 569 discernet:
1178 488 1264 548 ibi
1294 489 1467 569 enim
1493 491 1793 551 ascendet
1821 497 1885 551 et
1913 492 2187 569 puniens
2207 488 2244 561 ,⁷
2258 495 2320 550 et
2348 490 2751 552 examinans.
2782 491 2861 551 Et
2889 491 3042 569 quid
3071 491 3210 552 dico
3238 488 3310 554 de
3333 488 3593 560 homini-

381 572 501 631 bus
523 570 552 629 2
580 573 645 629 at
672 570 725 630 si
767 567 1029 646 angelos
1068 567 1240 628 dicas
1263 611 1279 640 ,
1313 573 1380 649 at
1407 568 1462 628 si
1497 567 1931 647 archangelos
1953 616 1970 643 ,
2003 576 2069 632 at
2106 571 2158 631 si
2203 570 2549 649 Cherubim
2571 614 2586 643 ,
2616 575 2682 631 at
2724 570 2777 630 si
2825 567 3159 649 Seraphim
3181 617 3197 646 ,
3233 578 3296 634 at
3333 575 3383 634 si
3423 576 3594 642 aliam

381 649 732 728 quamlibet
765 651 1156 728 creaturam,
1189 647 1722 728 omniarevelata
1750 654 1899 709 sunt
1931 649 2119 711 oculo
2148 649 2286 728 ejus
2308 693 2325 720 ,
2352 648 2570 728 omnia
2599 655 2823 728 aperta
2851 652 2915 710 et
2945 647 3309 724 manifesta,
3341 652 3489 713 nihil
3515 665 3599 716 est

381 725 550 804 quod
583 743 728 785 eum
756 725 951 803 possit
975 726 1176 807 latere
1203 745 1216 784 :
1243 725 1469 807 Omnia
1497 728 1667 788 nuda
1696 737 1751 788 et
1779 737 1997 807 aperta
2020 725 2392 789 sunt'oculis
2413 725 2572 807 ejus,
2602 725 2682 807 ad
2704 746 2877 806 quem
2903 728 3083 790 nobis
3108 747 3298 790 sermo
3327 739 3428 790 est.
3456 733 3600 806 Quid

381 809 595 885 autem
624 809 750 874 est,
779 807 1010 883 Aperta
1034 806 1062 863 ?
1091 806 1188 864 Ex
1217 806 1592 882 metaphora
1625 805 1919 884 pellium,
1951 825 2095 885 quas
2125 807 2200 868 de
2226 805 2578 885 pecudibus
2609 805 3056 868 detrahuntur.
3088 807 3259 869 Sicut
3286 811 3446 869 enim
3474 830 3603 872 cum

382 883 654 962 pecudes
703 885 1006 944 occiderit
1047 886 1191 961 quis
1219 929 1235 956 ,
1267 889 1330 944 et
1366 903 1446 944 ex
1485 883 1788 947 carnibus
1830 883 2180 948 detraxerit
2212 883 2478 963 pellem,
2522 885 2742 947 omnia
2781 887 3090 949 interiora
3131 889 3488 950 revelantur
3512 934 3526 961 ,
3553 899 3609 951 et

381 966 605 1041 aperta
639 967 791 1044 sunt
818 963 1021 1024 oculis
1050 964 1286 1044 nostris
1313 982 1327 1021 :
1354 964 1443 1024 sic
1470 969 1533 1024 et
1555 966 1687 1025 Deo
1716 970 1938 1043 aperta
1965 967 2300 1044 subjacent
2327 965 2566 1044 omnia.
2600 966 2942 1044 Tuiautem
2969 964 3222 1028 attende
3252 968 3438 1030 etiam
3457 968 3572 1032 hoc
3591 1015 3605 1040 ,

380 1041 706 1122 quomodo
743 1060 1002 1120 semper
1038 1058 1199 1122 opus
1243 1041 1794 1122 habeticorporeis
1831 1041 2140 1122 exemplis
2171 1064 2185 1102 :
2214 1043 2385 1122 quod
2414 1043 2482 1102 ﬁt
2510 1061 2589 1104 ex
2621 1043 2990 1105 inﬁrmitate
3019 1043 3432 1106 audientium.
3463 1047 3611 1120 Quia

383 1122 554 1180 enim
584 1120 820 1181 inﬁrmi
850 1120 1647 1192 erantdeclarav.it,dicens
1675 1123 1888 1185 tardos
1918 1120 2038 1184 eos?
2058 1120 2315 1192 esse,'et
2347 1139 2508 1199 opus
2538 1122 2845 1183 habentes
2870 1123 3058 1194 lacte,
3083 1141 3213 1183 non
3238 1124 3437 1193 solido
3464 1123 3610 1187 cibo.

383 1199 620 1282 Omnia
637 1199 808 1282 nuda
834 1209 1003 1282 sunt,
1038 1199 1270 1282 inquit,
1303 1208 1356 1259 et
1386 1209 1602 1277 aperta
1632 1201 1832 1282 oculis
1857 1203 2010 1280 ejus,
2043 1201 2124 1261 ad
2149 1220 2324 1281 quem
2347 1199 2526 1282 nobis
2550 1217 2745 1282 sermo
2777 1209 2888 1261 est.
2911 1201 3076 1276 Quid
3105 1206 3224 1270 est,
3247 1204 3330 1263 In
3362 1202 3614 1282 idipsum

383 1279 730 1356 exemplum
749 1278 1142 1358 inﬁdelitatis
1159 1280 1188 1338 ?
1209 1279 1567 1356 Tamquam
1595 1279 1647 1339 si
1673 1278 1936 1352 diceret,
1956 1278 2319 1358 quare—non
2353 1279 2650 1339 viderunt
2676 1280 2855 1340 illam
2879 1284 3117 1343 terram
3150 1278 3617 1358 promissionis?

382 1357 550 1430 Quia
579 1357 1225 1438 accipientespignus
1259 1358 1679 1438 virtutisDei,
1708 1357 2045 1437 oportebat
2079 1377 2188 1421 eos
2219 1358 2476 1420 credere
2503 1359 2732 1418 timore
2759 1359 2961 1438 magis
2992 1357 3358 1421 obedientes
3377 1405 3393 1431 ,
3421 1366 3618 1422 etnon

386 1452 621 1512 magna
649 1436 1014 1516 imaginari;
1051 1441 1117 1516 at
1145 1442 1316 1497 certe
1346 1436 1875 1513 pusillanimitate
1905 1438 2256 1515 perierunt.
2281 1439 2498 1498 Potest
2526 1442 2740 1498 autem
2769 1436 2944 1499 aliud
2978 1438 3126 1516 dici,
3159 1438 3315 1516 quia
3345 1445 3408 1499 et
3433 1442 3622 1501 maxi-

386 1531 556 1596 mam
588 1518 832 1596 partem
874 1514 1120 1596 itineris
1154 1516 1555 1596 ambulantes
1581 1561 1598 1590 ,
1631 1535 1776 1578 cum
1805 1517 1884 1579 ad
1907 1514 2054 1596 ipsa
2086 1515 2755 1596 liminapervenirent
2782 1560 2798 1589 ,
2831 1535 2977 1578 cum
3017 1515 3097 1596 ad
3127 1514 3340 1596 ipsum
3384 1523 3623 1596 partum

387 1591 746 1676 intrarent,
776 1593 1048 1676 demersi
1077 1598 1248 1676 sunt.
1279 1593 1415 1676 Hoc
1441 1596 1647 1676 etiam;
1673 1596 1740 1656 in
1770 1591 1960 1676 vobis
1979 1639 1994 1668 ,
2026 1595 2271 1672 inquit,
2296 1591 2510 1676 timeo.
2542 1596 2678 1676 Hoc
2708 1599 2839 1664 est,
2873 1596 2958 1676 In
2984 1591 3259 1676 idipsum
3303 1591 3626 1676 exemplum

387 1671 776 1752 inﬁdelitatis
797 1691 817 1731 :
843 1672 1005 1752 quia
1022 1676 1090 1752 _et
1119 1673 1220 1732 isti
1253 1673 1450 1752 multa
1478 1674 1650 1752 passi
1678 1678 1851 1746 sunt,
1873 1674 2037 1734 sicut
2063 1671 2154 1734 eis
2184 1679 2326 1752 post
2356 1675 2694 1752 paululum
2715 1671 3115 1747 testiﬁcatur,
3143 1675 3398 1736 dicens:
3417 1671 3633 1739 Recor-

385 1749 624 1833 damini
647 1750 1238 1833 priorum__dierum,
1262 1751 1333 1833 in
1359 1749 1582 1831 quibus
1611 1752 1956 1833 illuminati
1983 1752 2158 1833 estis,
2183 1749 2482 1832 quantum
2503 1760 2812 1833 certamen
2826 1755 3196 1833 passionum
3220 1756 3628 1816 sustinuistis.

385 1829 583 1913 Nemo
611 1829 786 1913 enim
811 1830 1234 1913 pusillanimis
1258 1829 1597 1913 sit,7n_eque
1633 1832 1698 1891 in
1727 1831 1854 1893 ﬁne
1883 1829 2259 1913 renuntiatis
2282 1833 2488 1894 cadat.
2521 1831 2682 1913 Sunt
2710 1829 2880 1892 enim
2914 1833 3028 1910 qui
3056 1833 3119 1892 in
3145 1835 3473 1913 principio
3500 1853 3634 1896 cum

385 1907 625 1987 ingenti
658 1907 971 1991 desiderio
1001 1909 1616 1991 arripiunt_aliquid,
1648 1916 1870 1988 postea
1897 1928 2053 1971 vero
2084 1911 2420 1987 paululum
2450 1911 2753 1991 quiddam
2779 1907 3084 1974 universo
3110 1907 3187 1974 ad
3190 1907 3392 1991 jiceré
3423 1915 3640 1975 volen-

385 1991 479 2048 tes
505 2031 522 2057 ,
557 1988 934 2069 universum
966 1987 1286 2048 amittunt.
1320 1987 1720 2069 Sufﬁcienter
1749 2008 1826 2050 ex
1860 1991 2232 2069 parentibus
2273 1989 2512 2051 nostris
2545 1989 2850 2052 docemur
2867 2035 2889 2064 Q,
2919 2009 3002 2052 ne
3033 1992 3100 2050 in
3130 1987 3638 2069 similiaincida-

385 2083 560 2150 mus,
591 2085 672 2127 ne
700 2066 937 2150 eadem
981 2069 1332 2150 patiamur,
1361 2084 1506 2150 quas
1549 2068 1640 2150 illi
1688 2065 1882 2150 passi'
1906 2073 2080 2150 sunt.
2107 2069 2255 2150 Hoc
2277 2075 2409 2150 est,
2439 2069 2526 2150 _In
2561 2069 2835 2150 idipsum
2873 2069 3222 2150 exemplum
3238 2065 3648 2150 inﬁdelitatis.

389 2146 525 2204 Non
544 2143 1216 2224 resolvamur,’inquit
1248 2164 1264 2203 :
1296 2145 1468 2221 quod
1495 2143 1886 2207 etiam—circa
1917 2147 2108 2207 ﬁnem
2140 2147 2289 2208 dicit
2321 2168 2336 2207 :
2377 2143 2729 2208 Dissolutas
2769 2166 2988 2208 manus
3019 2143 3074 2208 et
3104 2146 3426 2210 dissoluta
3454 2167 3643 2222 genua

376 2236 618 2314 erigite.
653 2233 1137 2314 Nerinridipsum
1163 2232 1504 2314 exemptum
1530 2232 1674 2314 quis
1701 2232 1969 2314 incidat;
1992 2235 2112 2314 hoc
2147 2231 2318 2289 enim
2348 2233 2443 2288 est
2474 2245 2705 2314 revera
2729 2228 2979 2314 cadere.
3001 2229 3092 2288 Ne
3121 2229 3642 2314 deindeaudiens

375 2307 722 2392 quisquam
750 2313 814 2392 in
854 2307 1128 2392 idipsum
1153 2307 1518 2392 exemplum
1537 2307 1832 2392 incidere
1855 2354 1872 2381 ,
1904 2309 2192 2392 eamdem
2224 2313 2490 2392 mortem
2528 2307 2976 2392 suspicaretur
2999 2325 3199 2392 quam
3244 2313 3311 2368 et
3343 2309 3436 2368 illi
3478 2309 3640 2387 passi

377 2385 828 2461 suun-attende
867 2385 1019 2466 quid
1050 2389 1210 2449 dixit
1241 2408 1255 2446 :
1298 2385 1491 2448 Vivus
1531 2390 1691 2450 enim
1737 2395 1823 2447 est
1853 2406 2048 2447 sermo
2077 2386 2193 2447 Dei
2224 2393 2281 2445 et
2311 2389 2570 2465 efﬁcax,
2601 2393 2655 2445 et
2691 2385 3149 2463 penetrabilior
3178 2405 3378 2466 super
3417 2385 3643 2448 omnem

377 2471 655 2549 gladium
681 2469 1035 2549 ancipitem.
1066 2467 1255 2527 Omni
1282 2467 1520 2545 quippe
1547 2467 1755 2545 gladio
1780 2467 2014 2549 saevior
2043 2471 2172 2549 est;
2201 2466 2264 2549 in
2295 2482 2518 2549 eorum
2546 2481 2832 2549 namqln}
2854 2466 3103 2549 animas
3138 2466 3387 2528 incidet
3406 2484 3643 2549 _sermo,

377 2543 598 2627 plagas
626 2543 935 2627 quasdam
961 2563 1236 2624 operans
1266 2543 1490 2627 saevas,
1525 2543 1584 2606 et
1611 2546 2005 2623 perniciosas
2041 2545 2382 2627 incisiones
2411 2543 2731 2627 importat.
2763 2545 2842 2603 Et
2869 2544 3100 2627 harum
3124 2563 3357 2606 rerum
3388 2545 3644 2627 demon-

379 2621 753 2689 strationem
779 2621 1080 2688 adhibere
1113 2642 1241 2684 non
1267 2641 1428 2702 Opus
1459 2621 1675 2696 habet,
1708 2643 1917 2701 neque
1946 2623 2260 2684 conﬁcere
2297 2621 2729 2702 necessarium
2763 2627 2966 2699 putat,
3001 2623 3254 2685 habens
3284 2631 3423 2688 tam
3455 2625 3652 2686 mani-

380 2707 604 2768 festam
645 2705 1104 2767 narrationem.
1136 2700 1338 2777 Quale
1389 2720 1666 2780 namque
1715 2704 1990 2776 bellum,
2024 2703 2275 2779 inquit,
2304 2702 2448 2782 illos
2495 2700 2815 2782 perdidit?
2842 2703 3052 2782 qualis
3091 2703 3356 2782 gladius
3381 2705 3411 2763 ?
3437 2721 3647 2764 nonne

371 2788 550 2846 .ultro
589 2784 1020 2845 corruebant?
1045 2784 1184 2843 Non
1227 2783 1396 2842 enim
1427 2779 1583 2860 quia
1622 2782 1776 2843 talia
1814 2799 1945 2843 non
1995 2799 2220 2861 sumus
2250 2781 2464 2859 passi,
2497 2779 2706 2861 securi
2743 2798 2883 2841 esse
2909 2779 3218 2844 debemus
3255 2803 3271 2842 :
3307 2801 3649 2861 usquequo

378 2865 549 2924 enim
581 2864 766 2924 hodie
791 2863 1055 2932 dicitur,
1088 2862 1234 2922 licet
1267 2857 1463 2921 nobis
1479 2861 1780 2922 recreari.
1811 2862 1888 2920 Et
1918 2878 1998 2920 ne
2022 2906 2038 2933 ,
2071 2857 2402 2921 audientes
2434 2877 2578 2936 qua:
2607 2857 2687 2920 ad
2716 2861 2996 2920 animam
3030 2857 3499 2937 pertinebant,
3533 2857 3651 2922 ne-

377 2945 689 3036 gligentes
716 2941 1155 3031 efﬁcerentur,
1183 2939 1421 3001 addidit
1447 2957 1524 3002 ea
1543 2957 1701 3036 lquaa
1731 2939 1808 3030 ad
1839 2956 2071 3018 corpus
2101 2939 2873 3036 attinerentituncuepim
2902 2939 3130 3036 sicoﬁt:
3159 2942 3340 3036 sicut
3368 2960 3490 3036 rex
3521 2942 3650 3036 ali—

425 3017 522 3081 uis
548 3022 791 3100 judices
827 3038 980 3081 suos
1017 3019 1676 3100 majoraipeecantes,
1709 3017 2271 3100 primumquidem
2302 3018 2536 3100 spoliat
2571 3017 2799 3078 militia
2825 3061 2840 3088 ,
2875 3022 2935 3100 et
2963 3019 3306 3100 cingulum
3338 3020 3655 3100 aufertac

425 3041 522 3081 uis
548 3041 791 3100 judices
827 3041 980 3081 suos
1017 3041 1114 3080 ma
1147 3041 1260 3080 ora
1299 3041 1632 3097 peccantes
1659 3063 1676 3090 ,
1709 3041 1984 3096 prlmum
2013 3041 2271 3095 quiuem
2302 3041 2536 3095 spouat
2571 3041 2799 3078 mmua
2825 3061 2840 3088 ,
2875 3041 2935 3078 et
2963 3041 3306 3097 Clﬂglllllm
3338 3041 3556 3082 auten
3582 3041 3654 3080 ac

377 3041 774 3180 dignitatem,
805 3104 868 3161 et
894 3104 1049 3159 tunc
1075 3041 1403 3168 uIciscitur
1427 3118 1442 3157 :
1467 3099 1560 3159 sic
1589 3099 1780 3159 etiam
1807 3098 1912 3157 hic
1941 3097 2186 3175 gladius
2218 3097 2490 3178 Spiritus
2521 3103 2851 3172 operatur.
2881 3098 3028 3156 Post
3059 3098 3183 3158 hoc
3210 3099 3357 3178 jam
3390 3100 3470 3160 de
3495 3099 3654 3158 Filio

377 3180 697 3256 disputat:
723 3178 819 3239 Ad
842 3197 1016 3257 quem
1036 3176 1239 3250 nobis,
1269 3177 1497 3254 inquit,
1529 3195 1722 3236 sermo
1755 3185 1862 3236 est.
1894 3176 2057 3249 Quid
2092 3180 2209 3250 est,
2243 3175 2338 3235 Ad
2359 3193 2532 3254 quem
2559 3174 2956 3257 nobissermo
2989 3183 3082 3257 est
3103 3179 3131 3235 Υ
3161 3178 3314 3239 Hoc
3342 3183 3471 3249 est,
3506 3177 3654 3254 Ipsi,

682 3224 696 3237 ο
723 3218 817 3239 (τω
842 3218 1016 3250 νυνι-μην
1041 3218 1239 3250 ηνυυισ,
1270 3218 1497 3250 ιιιιιιιιι,
1529 3218 1609 3236 συι
1629 3218 1721 3236 υυυ
1755 3218 1862 3236 νο..
1896 3218 2057 3249 ηιμ-υ
2092 3218 2209 3250 υσι,
2243 3226 2250 3235 ι

2092 3218 2209 3250 ναι,
2243 3218 2336 3235 ιιιυ
2359 3218 2532 3250 ιιυνυιιῠ
2563 3218 2735 3235 ινυυιο
2764 3218 2842 3234 υυι
2863 3218 2955 3234 υνν
2991 3218 3075 3234 νυν
3103 3218 3114 3235 ι
3161 3218 3314 3239 ιιυυ
3342 3218 3471 3249 (μοι,
3506 3218 3655 3250 ιγῡι’

379 3254 611 3334 inquit,
649 3254 955 3318 reddituri
986 3275 1207 3316 sumus
1235 3257 1551 3316 rationem
1577 3260 2258 3334 actuumnostrorum.
2288 3257 2365 3334 Et
2388 3255 2719 3334 quomodo
2739 3255 2861 3314 hoc
2891 3254 2960 3312 ﬁt
2980 3256 3008 3312 ?
3038 3256 3112 3315 Ut
3147 3274 3290 3316 non
3321 3258 3656 3324 cadamus,

377 3333 608 3413 inquit,
636 3355 845 3413 neque
873 3335 1313 3414 pusillanimes
1337 3334 1688 3396 efﬁciamur
1712 3355 1726 3392 :
1749 3333 2138 3414 sumcienter
2158 3333 2414 3414 quidem
2445 3335 2636 3414 etiam
2662 3333 2939 3414 illainos,
2969 3334 3206 3411 inquit,
3234 3337 3504 3397 docent.
3529 3336 3659 3396 Ha-

376 3411 579 3475 bemus
613 3411 816 3474 autem
849 3411 905 3474 et
934 3413 1310 3473 sacerdotem
1336 3430 1628 3490 magnum
1654 3414 1986 3474 intrantem
2015 3412 2212 3480 ccetos,
2245 3413 2291 3472 J
2295 3431 2459 3472 esum
2489 3413 2731 3472 Filium
2757 3411 2898 3471 Dei.

453 3494 617 3568 Quia
665 3495 837 3554 enim
898 3499 1237 3570 propterea
1287 3489 1560 3563 addidit,
1613 3492 1762 3552 Non
1816 3492 1974 3552 enim
2019 3490 2331 3559 habemus,
2395 3493 2645 3570 inquit,
2693 3489 3109 3561 sacerdotem,
3161 3511 3310 3554 non
3359 3494 3662 3556 valentem

362 3573 645 3650 acompati
691 3569 1161 3652 inﬁrmitatibus
1207 3572 1494 3652 nostris;
1530 3570 1766 3652 idcircp
1814 3571 2112 3648 superius
2159 3569 2554 3652 dicebat,_In
2589 3588 2710 3652 quo
2729 3587 2955 3652 passus
2982 3579 3068 3628 est
3090 3570 3226 3652 ipse
3257 3581 3320 3633 et
3353 3579 3666 3637 tentatus.

357 3649 593 3730 potens
625 3659 709 3710 est
740 3649 840 3711 eos
873 3653 984 3730 qui
1013 3658 1338 3730 tentantur
1367 3649 1685 3730 adjuvare.
1720 3651 1978 3730 Intuere
2005 3666 2158 3727 ergo
2187 3649 2514 3726 quomodo
2547 3656 2609 3730 et
2638 3649 2742 3709 hic
2774 3649 3049 3730 idipsum
3089 3649 3274 3730 facit.
3311 3653 3509 3726 Quod
3541 3668 3666 3712 au-

373 3727 501 3811 tem
531 3731 718 3801 dicit,
753 3727 1002 3811 tale—est
1031 3749 1044 3787 :
1077 3729 1304 3811 venit,
1349 3727 1590 3811 inquit,
1625 3746 1740 3806 per
1773 3729 1941 3788 viam
1969 3745 2103 3811 qua
2137 3733 2199 3786 et
2233 3745 2376 3811 nos,
2408 3727 2611 3806 magis
2651 3733 2868 3811 autem
2895 3727 2978 3811 ad
2992 3728 3311 3811 priorem
3342 3734 3364 3807 [
3382 3733 3434 3811 Γ.
3469 3747 3671 3808 aspe—

361 3810 609 3898 riorem
630 3812 683 3898 j,
715 3813 778 3869 et
802 3809 1090 3898 omnium
1125 3808 1454 3898 hominum
1481 3807 2573 3898 [humanorum‘l]_experimentnm
2603 3806 2874 3898 accepit.
2907 3806 3046 3866 Illic
3071 3806 3670 3898 quippe’dieeb—at,

374 3887 524 3949 Non
573 3884 660 3947 est
711 3897 997 3949 creatura
1046 3887 1405 3966 occultaiin
1434 3884 1768 3966 conspectu
1812 3885 1989 3966 ejus,
2017 3886 2414 3966 divinitatem
2454 3884 2822 3966 signiﬁcans
2857 3905 2871 3943 :
2914 3903 3087 3945 nunc
3120 3884 3362 3950 autem
3403 3889 3567 3966 quia
3594 3886 3669 3946 de

372 3984 566 4027 carne
595 3967 904 4043 loquitur,
935 3965 1264 4026 humiliter
1290 3963 1606 4042 disputat,
1636 3963 1851 4025 dicens
1879 3984 1893 4023 :
1921 3963 2236 4024 Habentes
2263 3965 2461 4043 igitur
2476 3963 2834 4043 pantiﬁcem
2847 3981 3134 4041 magnum
3157 3963 3539 4030 intrant—em
3569 3985 3678 4026 cte-

373 4046 467 4105 tos
489 4065 509 4103 :
536 4049 598 4105 et
625 4046 899 4104 ostendit
931 4044 1241 4122 majorem
1267 4044 1361 4102 illi
1390 4062 1531 4104 esse
1564 4061 1782 4104 curam
1831 4043 1908 4103 de
1939 4043 2148 4122 nobis,
2185 4048 2248 4103 et
2281 4045 2437 4120 quia
2461 4044 2627 4103 sicut
2672 4043 2949 4120 propriis
2994 4043 3214 4115 adest,
3256 4052 3327 4106 et
3361 4065 3506 4108 non
3541 4044 3676 4106 vult

374 4139 483 4204 eos
519 4122 768 4182 cadere.
806 4123 1014 4182 Moses
1045 4123 1254 4204 enim,
1284 4123 1529 4199 inquit,
1560 4140 1689 4204 non
1721 4121 1985 4204 intravit
2025 4122 2091 4181 in
2119 4122 2404 4204 requiem
2428 4165 2443 4194 ,
2477 4123 2611 4204 ipse
2641 4131 2853 4204 autem
2890 4122 3175 4204 intravit.
3213 4125 3304 4184 Et
3336 4123 3677 4204 quomodo

373 4199 498 4259 hoc
527 4201 1125 4283 nusquamposuit,
1159 4198 1394 4259 mirum
1426 4208 1544 4283 est.
1592 4201 1682 4259 Ne
1726 4198 2242 4283 viderentursibi
2274 4202 2760 4283 excusationem
2796 4200 3123 4283 invenire,
3155 4198 3682 4283 comprehendit

373 4283 586 4356 autem
625 4280 814 4356 etiam
860 4281 1068 4354 ipsum
1105 4298 1119 4336 :
1158 4282 1220 4337 et
1260 4296 1340 4338 ne
1387 4279 1676 4340 videatur
1715 4294 2023 4338 accusare
2053 4279 2236 4337 illum
2279 4279 2486 4338 virum
2510 4324 2524 4346 ,
2560 4283 2781 4356 aperte
2811 4279 2970 4339 illud
3005 4296 3135 4339 non
3166 4279 3366 4342 dicit.
3404 4284 3473 4344 Si
3507 4282 3680 4343 enim

378 4355 532 4414 nihil
573 4355 934 4431 hujusmodi
963 4357 1275 4417 dicentem
1309 4358 1461 4419 talia
1490 4357 1796 4418 adversus
1825 4357 2006 4416 illum
2034 4356 2477 4433 proferebant,
2509 4355 2790 4417 dicentes
2825 4377 2839 4415 :
2872 4358 3108 4419 Contra
3136 4358 3397 4422 Mosen
3434 4367 3502 4424 et
3533 4377 3685 4422 con-

373 4451 472 4501 Ira
496 4440 704 4517 legem
737 4443 856 4496 Iste
890 4440 1176 4517 loquitur
1207 4454 1221 4492 :
1255 4440 1455 4493 multo
1485 4439 1800 4517 amplius,
1829 4435 2220 4517 sidixisset,
2250 4437 2393 4517 Non
2427 4440 2522 4495 est
2548 4435 2887 4517 Palmstina
2911 4478 2928 4506 ,
2958 4433 3070 4517 sed
3091 4435 3357 4517 caelum
3381 4481 3401 4507 ,
3433 4436 3685 4513 majora

371 4519 449 4578 de
479 4509 594 4577 illo
619 4515 926 4576 dicerent.
974 4509 1094 4574 Sed
1123 4530 1251 4573 non
1280 4518 1483 4572 totum
1511 4509 1794 4590 pontiﬁci
1824 4516 2086 4587 tribuit,
2118 4515 2226 4577 sed
2259 4515 2450 4576 etiam
2481 4531 2519 4576 a
2549 4515 2732 4574 nobis
2773 4509 3003 4589 quaerit
3025 4556 3040 4581 ,
3073 4511 3222 4573 dico
3260 4521 3511 4576 autem
3543 4509 3691 4576 con-

372 4597 739 4659 fessionem.
772 4592 1115 4660 Habentes,
1148 4592 1392 4672 inquit,
1416 4593 1603 4670 ponti
1608 4597 1778 4672 ﬁcem
1809 4613 2128 4672 magnum,
2158 4595 2497 4654 intrantem
2529 4592 2729 4658 certos,
2753 4594 2970 4654 Jesum
2999 4590 3250 4672 Filium
3283 4595 3453 4661 Dei,
3492 4603 3691 4653 tenea-

370 4696 504 4738 mus
533 4673 978 4755 confessionem
1007 4671 1471 4755 ejus._Qualem
1501 4670 1970 4755 confessionem
2001 4674 2190 4735 dicit?
2217 4673 2535 4746 Quoniam
2579 4677 2677 4755 est
2718 4670 3140 4755 resurrectio,
3189 4673 3553 4755 quoniam
3604 4675 3697 4732 est

375 4749 736 4826 retributio,
775 4749 1084 4830 quoniam
1115 4750 1288 4810 mille
1319 4751 1509 4822 bona,
1544 4751 1697 4825 quia
1731 4750 2023 4813 Christus
2061 4755 2230 4813 Deus
2261 4757 2390 4824 est,
2419 4752 2733 4830 quoniam
2766 4749 2920 4830 ﬁdes
2954 4755 3132 4830 recta
3157 4756 3266 4810 est
3287 4796 3306 4821 ,
3345 4753 3499 4813 haec
3531 4768 3699 4830 con—

375 4837 693 4897 ﬁteamur.
727 4828 888 4906 Quia
924 4847 1075 4892 vero
1120 4830 1256 4891 htec
1280 4846 1435 4890 vera
1461 4834 1634 4908 sunt,
1660 4831 2070 4892 manifestum
2105 4851 2186 4892 ex
2216 4849 2293 4891 eo
2325 4828 2493 4908 quod
2525 4828 2811 4907 pontifex
2857 4829 2919 4888 in
2949 4828 3400 4890 interioribus
3437 4829 3699 4891 consti—

377 4920 553 4975 tutus
585 4919 704 4974 est.
732 4912 871 4972 Non
903 4909 1310 4982 excidamus,
1343 4907 1785 4969 conﬁteamur.
1833 4911 1894 4968 Si
1927 4911 2096 4971 enim
2129 4911 2317 4970 modo
2348 4907 2674 4979 adessent,
2707 4908 2906 4970 falsus
2939 4914 3107 4967 esset
3139 4908 3263 4984 qui
3327 4909 3656 4986 promisit
3685 4927 3700 4964 :

377 4993 645 5072 proinde
678 4992 870 5072 etiam
901 4988 1024 5051 hoc
1057 5006 1281 5072 verum
1314 4993 1432 5059 est,
1465 4987 1799 5072 Quomodo
1827 4988 2253 5072 diiTeruntur?
2294 4989 2544 5072 Etenim
2588 4987 2882 5072 pontifex
2923 4992 3142 5072 noster
3171 5004 3503 5072 magnus
3552 4993 3659 5072 es_t_
3686 5005 3700 5042 :

377 5064 526 5135 Non
557 5072 718 5131 enim
746 5069 1030 5130 habemus
1056 5069 1442 5147 pontiﬁcem,
1485 5066 1594 5145 qui
1617 5085 1773 5147 non
1808 5069 2010 5147 possit
2051 5069 2318 5146 compati
2364 5065 3136 5147 inﬁrmitatibusnostri's.
3171 5064 3340 5147 Non
3366 5112 3385 5136 ,
3441 5066 3706 5145 inquit,

378 5153 633 5232 ignorat
658 5168 806 5228 quae
836 5143 1072 5210 nostra
1089 5143 1272 5221 sunt,
1305 5147 1470 5232 sicut
1492 5143 2070 5232 multipontiﬁces,
2091 5143 2200 5232 qui
2227 5143 2527 5232 ignorant
2555 5163 2664 5232 eo_s
2693 5145 2806 5222 qui
2846 5145 2912 5232 in
2940 5143 3517 5232 tribulationibus
3548 5143 3706 5232 con-

379 5223 582 5292 stituti
615 5223 788 5301 sunt,
822 5234 882 5289 et
915 5246 1124 5306 neque
1152 5243 1298 5304 quae
1329 5226 1410 5286 sit
1436 5225 1766 5306 tribulatio
1803 5227 1867 5285 in
1902 5223 2310 5306 hominibus,
2348 5226 2585 5306 sciunt.
2609 5224 3020 5306 Impossibile
3067 5223 3329 5306 quippe
3380 5233 3494 5286 est
3540 5224 3712 5306 scire

381 5309 760 5371 afﬂictiones
791 5301 1256 5369 afﬂicto—rumpi
1285 5350 1300 5376 ,
1334 5306 1444 5382 qui
1479 5304 1992 5381 experimentum
2032 5303 2394 5365 amictionis
2428 5322 2558 5364 non
2608 5304 2868 5374 habuit,
2915 5308 2976 5362 et
3017 5301 3454 5366 sensibiliter
3482 5304 3716 5365 omnia

381 5407 511 5451 non
532 5389 840 5451 sustinuit
869 5408 883 5446 :
919 5386 1207 5465 pontifex
1237 5390 1452 5465 autem
1483 5388 1702 5465 noster
1730 5389 2164 5465 competenter
2182 5382 3129 5465 primumornnia_sustinuit,et
3158 5384 3340 5442 tunc
3372 5383 3712 5465 ascendit,

378 5476 452 5531 ut
483 5469 686 5547 possit
713 5461 1012 5546 compati.
1042 5467 1393 5547 Tentatum,
1427 5463 1660 5547 inquit,
1683 5479 1802 5547 per
1829 5463 2039 5522 omnia
2065 5462 2399 5547 secundum
2421 5462 2895 5547 similitudinem
2916 5461 3054 5547 sine
3079 5469 3406 5547 pec-catt):
3445 5462 3718 5547 Inspice

381 5537 704 5626 quomodo
733 5537 929 5608 etiam
959 5561 1157 5622 supra
1189 5543 1462 5622 idipsum
1492 5537 1849 5615 {Similiter
1873 5586 1889 5614 ,
1935 5543 2183 5626 posuit,
2218 5547 2281 5602 et
2323 5543 2427 5602 hic
2470 5543 2743 5626 iterum_,
2777 5539 3124 5626 Secundum
3150 5537 3720 5626 simiiitudinan.
3759 5583 3762 5588 -

386 5619 520 5688 Hoc
546 5633 671 5700 est,
708 5619 1560 5704 persequutionem'passus,
1592 5619 2137 5704 sputa_suscepit._
2153 5626 2497 5704 accusatus
2525 5626 2652 5691 est,
2684 5619 3141 5704 detractionem
3171 5619 3579 5704 sustinuit,
3613 5634 3722 5704 ca-

386 5696 666 5766 lumnias
694 5696 934 5785 passus
975 5710 1132 5785 est,_
1155 5696 1454 5785 repulsus
1477 5696 1643 5785 est;
1666 5701 1729 5785 in
1766 5701 1895 5785 ﬁne
1922 5696 2270 5785 cruciﬁxus
2302 5705 2416 5761 est.
2450 5696 3228 5785 Juxtasimititudinem,‘
3254 5696 3550 5785 inquit,
3589 5701 3727 5759 sine

383 5792 662 5864 peccato.
693 5776 809 5845 Hic
837 5783 1030 5844 etiam
1053 5776 1296 5860 aliquid
1325 5780 1664 5861 signiﬁcat.
1693 5781 2002 5844 Possibile
2039 5786 2132 5843 est
2164 5781 2303 5842 sine
2330 5785 2588 5858 peccato
2617 5780 2806 5842 etiam
2842 5778 2908 5838 in
2937 5776 3522 5839 tribulationibus
3557 5794 3724 5838 con-
