3954 6172
403 408 513 465 559
1035 406 1346 465 ΜΗΤΙᾹΝΟ
1391 404 1633 462 SCIIOL.
1678 402 1964 461 INTER”

2084 406 2140 461 Ε.
2187 438 2251 446 -
2295 406 2447 462 CAP.
2490 406 2556 462 Χ.
2600 403 2833 462 llOllllL.
2879 404 3019 463 XIX.
3541 407 3645 464 δεμ

394 533 512 592 hoc
532 530 722 605 etiam
748 534 866 603 est,
893 548 1019 591 non
1048 530 1405 592 vericordes
1428 532 1498 611 [Ι.
1525 533 1659 593 veri
1683 532 1948 610 cordis]:
1977 548 2107 593 non
2130 528 2644 611 credendoenim
2668 526 3662 611 pusillanimitaset'ﬁcitur.[Quid

389 619 602 671 autem
635 617 807 680 erat,
838 611 1337 688 pusillanimitas
1379 607 1727 688 etlicitur?]
1760 607 2096 686 Quomodo
2122 619 2338 672 autem
2377 609 2499 670 erit
2535 609 2695 669 hoc?
2723 608 2783 667 Si
2818 607 3289 689 satisfaciamus
3340 610 3518 671 vobis
3549 630 3665 689 per

390 690 597 752 Iidem.
629 687 888 768 Aspersi
920 690 1136 751 corda.
1167 691 1384 766 Quare
1412 708 1540 750 non
1575 687 1762 763 dixit,
1789 690 2080 755 Mundati
2099 692 2127 751 ?
2148 689 2589 751 Differentiam
2618 687 3015 764 aspersionis
3042 688 3267 768 volens
3294 687 3659 763 ostendere,

389 770 561 831 aliud
589 768 851 846 quidem
878 787 1019 839 esse
1045 771 1182 841 Dei,
1207 769 1382 831 aliud
1407 775 1622 831 autem
1648 774 1963 831 nostrum.
1990 771 2271 831 Abluere
2300 769 2540 846 quippe
2572 772 2635 828 et
2663 784 3010 846 aspergere
3034 767 3519 842 conscientiam,
3547 769 3660 832 Dei

390 855 521 921 est;
555 845 703 909 cum
737 847 1007 910 veritate
1042 853 1259 910 autem
1290 849 1596 910 accedere
1625 854 1689 911 et
1719 850 1787 909 in
1817 848 2256 925 satisfactione
2299 845 2482 915 ﬁdei,
2516 849 2810 925 nostrum
2850 850 2967 907 est.
3001 845 3245 908 Deinde
3276 848 3467 908 etiam
3512 849 3657 910 ﬁdei

390 928 495 989 dat
523 927 856 1006 prepriam
896 928 1192 990 virtutem
1239 946 1321 989 ex
1356 928 1622 990 veritate
1664 922 2045 1006 proﬁtentis.
2076 928 2242 1002 Quid
2286 931 2425 997 est,
2464 924 2681 1006 Abluti
2721 943 2966 1006 corpus
2987 942 3152 1004 aqua
3192 926 3470 1006 munda?
3503 928 3657 1002 Qum

391 1004 663 1070 mundos
703 1006 851 1068 facit
879 1026 894 1065 :
923 1024 1007 1067 an
1037 1007 1224 1078 forte,
1256 1007 1428 1086 quod
1460 1025 1591 1068 non
1622 1004 1858 1070 habeat
1880 1009 2288 1086 sanguinem.
2320 1004 2922 1086 Deinde_subjungit
2945 1004 3077 1084 jam
3109 1005 3280 1083 quod
3307 1005 3656 1086 perfectum

391 1092 507 1159 est,
541 1087 662 1167 hoc
690 1092 787 1148 est
814 1086 1167 1167 caritatem.
1198 1083 1350 1148 Non
1387 1086 1878 1167 dere-linquentes
1900 1132 1914 1153 ,
1944 1083 2178 1167 inquit,
2218 1083 2763 1167 congregationem
2786 1083 3077 1167 nostram
3099 1104 3114 1142 :
3134 1084 3321 1167 quod
3350 1084 3653 1167 facientes

394 1165 1282 1257 nonnulli,.congregationes
1313 1162 1657 1228 scindunt:
1670 1167 1907 1257 [frater
1931 1162 2164 1255 quippe
2208 1186 2245 1225 a
2260 1162 2484 1318 (grata
2512 1162 2789 1243 adjutus,
2813 1162 2987 1253 sicut
3019 1162 3242 1254 cipitas
3269 1164 3513 1257 munita
3542 1175 3652 1226 est.

394 1245 509 1306 Sed
537 1243 960 1318 intelligamus
988 1247 1247 1308 Invicem
1275 1244 1358 1306 ad
1383 1253 1893 1318 provocationem
1923 1245 2230 1307 caritatis.
2316 1243 2423 1304 uld
2456 1248 2573 1313 est,
2606 1241 3041 1318 Intelltgamus
3074 1244 3381 1302 invicem?
3419 1243 3479 1304 SI
3508 1247 3652 1318 quis

389 1245 509 1307 Sed
537 1241 960 1323 intelligamus
988 1241 1247 1308 invicem
1275 1244 1358 1306 ad
1382 1246 1893 1323 provocationem
1923 1241 2230 1307 caritatis.
2260 1241 2423 1318 Quid
2456 1241 3041 1323 est,'1ntelligamus
3074 1242 3381 1323 invicem?
3419 1243 3480 1304 Si
3508 1247 3655 1322 quis

392 1325 584 1387 t‘ucrit
610 1321 843 1384 virtute
875 1325 1171 1402 prmditus
1191 1369 1206 1397 ,
1235 1321 1409 1385 hunc
1435 1324 1785 1399 imitemur,
1812 1325 1879 1385 in
1906 1342 2051 1385 eum
2082 1325 2484 1386 intendamus
2508 1366 2526 1396 ,
2558 1328 2630 1383 ut
2676 1321 3015 1401 diligamus
3052 1325 3114 1382 et
3153 1321 3499 1402 diligamur
3523 1321 3543 1383 :7
3570 1343 3656 1386 ex

391 1405 731 1466 dilectione
756 1403 997 1482 quippe
1027 1405 1197 1467 bona
1225 1420 1423 1482 opera
1453 1403 1637 1464 ﬁunt.

437 1491 441 1494 ’
470 1478 1039 1563 Magnum—quippe
1071 1478 1311 1563 bonum
1343 1489 1439 1545 est
1467 1482 1883 1563 congregatio
1917 1504 1932 1543 :
1965 1483 2106 1561 ipsa
2136 1499 2419 1561 namque
2453 1483 2806 1563 caritatem
2826 1484 3133 1559 operatur
3162 1478 3612 1563 ferventiorem
3635 1529 3651 1556 ,

392 1568 456 1623 et
481 1581 569 1624 ex
586 1559 673 1624 ea
702 1559 935 1624 cun—cta
962 1559 1204 1642 optima
1235 1559 1631 1642 generantur
1658 1582 1674 1621 :
1709 1559 1870 1642 nihil
1904 1559 2181 1641 namque
2212 1559 2606 1642 bonum‘est,
2638 1560 2811 1642 quod
2841 1577 2972 1621 non
3008 1576 3125 1642 per
3177 1559 3511 1642 caritatem
3561 1561 3649 1621 ﬁt.

394 1643 602 1722 Istam
618 1642 813 1721 igitur
853 1638 1307 1722 conﬁrmemus
1334 1643 1401 1703 in
1447 1642 1722 1722 invicem
1756 1661 1771 1700 :
1810 1638 2152 1722 Plenitudo
2190 1642 2437 1722 quippe
2468 1638 2621 1719 legis
2646 1640 3012 1722 caritas_e_st.
3045 1639 3185 1722 Non
3225 1638 3396 1699 enim
3429 1640 3654 1722 labore

388 1738 553 1798 opus
585 1718 924 1792 habemus,
966 1725 1081 1783 aut
1105 1718 1452 1782 sudoribus
1489 1741 1504 1780 :
1536 1721 1592 1782 si
1619 1720 2041 1782 dilexerimus
2068 1718 2377 1794 invicem,
2399 1718 2757 1798 spontanea
2797 1718 2982 1779 nobis
3036 1719 3142 1798 via
3193 1719 3650 1798 prosternitur,

384 1797 629 1861 ducens
660 1799 738 1860 ad
766 1800 1086 1860 virtutem.
1117 1799 1292 1861 Sicut
1322 1801 1493 1861 enim
1523 1801 1587 1860 in
1623 1800 1854 1861 itinere
1886 1800 2229 1879 contingit,
2255 1800 2308 1860 si
2335 1797 2480 1877 quis
2504 1799 2757 1860 initium
2784 1797 3305 1879 comprehendat,
3335 1798 3509 1857 recta
3548 1799 3652 1865 via

384 1879 667 1952 ducitur,
695 1883 758 1940 et
784 1896 913 1940 non
944 1883 1197 1957 oportet
1223 1879 1545 1942 declinare
1573 1900 1588 1940 :
1621 1879 1714 1941 sic
1739 1880 1933 1940 etiam
1968 1880 2034 1939 in
2061 1876 2365 1951 caritate;
2395 1882 2644 1957 tantum
2669 1878 2885 1955 arripe
2917 1876 3329 1954 principium,
3358 1878 3650 1938 etstatim

386 1975 650 2020 manum
691 1959 804 2019 tibi
850 1956 1142 2037 praebens
1176 1958 1317 2037 ipsa
1345 1963 1403 2020 te
1433 1959 1687 2020 deducit
1720 1963 1783 2020 et
1806 1958 2043 2037 dirigit.
2066 1958 2310 2020 Caritas
2335 1956 2616 2037 proximi
2630 1957 2862 2037 malum
2887 1973 3018 2016 non
3044 1962 3362 2037 operatur,
3396 1974 3524 2016 non
3548 1977 3650 2037 co-

384 2037 559 2129 gitat:
598 2035 1582 2129 malum;consideret‘quisque
1621 2035 2038 2129 semetipsum
2063 2081 2079 2108 ,
2110 2035 2435 2129 quomodo
2478 2035 2754 2129 afﬁcitur
2782 2052 2937 2129 erga
2988 2035 3271 2129 seipsum
3302 2054 3316 2093 :
3353 2052 3481 2129 non
3524 2036 3647 2097 sibi

385 2114 662 2189 invidet,
693 2117 911 2179 omnia
942 2117 1007 2177 in
1037 2136 1105 2179 se
1133 2114 1422 2181 continet
1445 2114 1638 2189 bona,
1670 2118 1973 2177 omnibus
2010 2134 2077 2177 se
2101 2114 2533 2194 praehonorat,
2561 2114 2780 2176 omnia
2814 2116 2936 2176 sub
2958 2132 3034 2194 se
3071 2114 3206 2194 vult
3231 2114 3643 2194 constituere.

384 2196 445 2255 Si
472 2195 677 2275 igitur
706 2201 767 2257 et
785 2196 955 2257 circa
986 2196 1150 2257 alios
1177 2196 1268 2257 sic
1292 2196 1677 2269 efficiamur,
1706 2196 1924 2257 omnia
1954 2192 2123 2257 mala
2151 2195 2494 2275 solvuntur
2531 2215 2547 2252 :
2580 2212 2711 2254 non
2740 2198 2932 2275 erunt
2955 2192 3325 2275 inimicitiae,
3350 2211 3481 2253 non
3520 2212 3649 2275 cu-

383 2271 615 2353 piditas
651 2294 665 2334 :
697 2276 844 2353 quis
879 2275 1050 2335 enim
1076 2293 1205 2335 non
1228 2276 1312 2354 [ᾖ
1341 2275 1458 2337 del.
1489 2278 1652 2352 non]
1683 2275 2141 2354 velitseipsum
2170 2274 2446 2352 amplius
2476 2274 2761 2354 habere?
2790 2273 3040 2354 nullus;
3073 2271 3182 2333 sed
3210 2290 3245 2354 ς)
3266 2279 3488 2354 contra
3519 2273 3649 2337 ha—

387 2350 681 2415 bebimus
718 2350 1146 2432 communiter
1170 2350 1426 2428 cuncta,
1454 2358 1519 2415 et
1555 2350 1972 2432 cessabimus
1997 2350 2465 2432 congregantes
2495 2353 2864 2431 nobisipsis.
2890 2352 2970 2411 Et
3016 2351 3140 2432 hoc
3179 2350 3232 2412 si
3271 2350 3649 2432 fecerimus,

387 2433 660 2494 retentio
687 2432 838 2494 mali
866 2433 932 2492 in
959 2431 1149 2494 corde
1180 2433 1393 2493 locum
1432 2450 1561 2493 non
1593 2428 1875 2494 habebit.
1903 2432 2063 2507 Quis
2108 2428 2324 2494 autem
2353 2432 2505 2495 velit
2536 2428 2815 2493 retinere
2854 2431 3140 2491 malum?
3172 2430 3319 2508 quis
3374 2432 3525 2495 velit
3561 2435 3647 2493 si-

388 2512 572 2591 biipsi
605 2512 849 2574 irasci?
879 2529 1095 2572 nonne
1124 2513 1403 2573 maxime
1426 2511 1797 2591 nobisipsis,
1831 2530 2025 2590 quam
2057 2512 2359 2591 omnibus
2383 2555 2399 2584 ,
2430 2511 2870 2591 ignoscimus?
2898 2510 2960 2591 Si
3001 2526 3154 2588 ergo
3194 2511 3295 2591 sic
3331 2509 3400 2571 in
3429 2514 3648 2591 pr_oxi~

384 2588 521 2653 mos
549 2591 934 2661 afﬁciamur,
964 2607 1322 2667 numquam
1350 2588 1707 2652 remanebit
1730 2590 1799 2649 in
1839 2588 2029 2652 corde
2064 2590 2218 2651 mali
2249 2588 2545 2650 retentio.
2576 2589 2655 2649 Et
2680 2589 3003 2667 quomodo
3034 2588 3340 2667 possibile
3368 2595 3467 2650 est
3496 2589 3649 2667 hoc,

386 2670 625 2748 inquis,
656 2670 923 2749 diligere
952 2670 1319 2749 proximum
1352 2669 1872 2749 sicutiseipsum?
1906 2670 1968 2730 Si
2002 2687 2129 2731 non
2163 2668 2451 2731 fecerunt
2481 2669 2673 2730 etiam
2696 2670 2816 2730 hoc
2842 2668 2978 2741 alii,
3002 2669 3165 2731 bene
3189 2673 3377 2749 putas
3406 2668 3647 2749 impos:

386 2745 571 2810 sib—ile
602 2769 617 2808 :
650 2750 701 2810 si
733 2745 970 2811 autem
985 2747 1296 2828 fecerunt.
1326 2745 1736 2828 manifestum
1769 2753 1887 2823 est,
1918 2750 2071 2826 quia
2108 2768 2226 2828 per
2253 2748 2711 2828 negligentiam
2738 2765 2776 2809 a
2807 2749 2991 2809 nobis
3019 2765 3151 2808 non
3184 2745 3477 2828 el'ﬁcitur.
3501 2745 3643 2828 ’Sed

383 2833 447 2889 et
475 2828 637 2889 alias
662 2828 823 2887 nihil
850 2827 1245 2905 impossibile
1277 2828 1549 2907 imperat
1575 2826 1891 2907 Christus,
1927 2829 1994 2887 in
2027 2826 2276 2889 tantum
2310 2826 2380 2889 ut
2410 2826 2601 2888 etiam
2636 2828 2820 2889 multi
2858 2826 3473 2907 supergrederentur
3501 2826 3641 2906 ejus

385 2913 728 3045 grzecepta.
752 2907 913 2981 Quis
936 2924 1113 2985 ergo,
1151 2907 1392 2983 inquis,
1425 2906 1566 2967 fecit
1597 2906 1762 2967 hoc?
1783 2907 2095 2969 Fecithoe
2138 2909 2395 2985 Paulus,
2426 2909 2672 2977 Petrus,
2703 2907 2910 2967 omnis
2948 2906 3183 2968 chorus
3242 2913 3635 2967 sanctorum.

428 2987 505 3045 ed
536 2987 589 3045 si
638 2985 846 3045 dicam
873 2986 1027 3045 auia
1059 2987 1391 3045 proximos
1413 2985 1802 3045 dilexerunt.
1837 2987 1995 3045 nihil
2026 3006 2329 3045 magnum
2362 2988 2506 3045 dico
2534 3006 2549 3045 :
2589 2985 2884 3045 inimicos
2934 2986 3027 3045 sic
3067 2990 3450 3045 amaverunt
3477 3003 3635 3045 auo-

428 2987 505 3047 ed
536 2987 589 3047 si
638 2985 846 3048 dicam
873 2986 1027 3064 quia
1056 2987 1391 3063 proximos
1413 2985 1802 3055 dilexerunt,
1837 2987 1995 3047 nihil
2026 3006 2329 3067 magnum
2362 2988 2506 3050 dico
2534 3006 2549 3045 :
2589 2985 2884 3047 inimicos
2934 2986 3027 3046 sic
3067 2990 3450 3047 amaverunt
3477 3003 3643 3064 quo-

379 3072 568 3139 modo
600 3088 729 3133 non
761 3073 1001 3134 amavit
1029 3073 1377 3151 quisquam
1413 3071 1952 3151 suosunanimes.
1983 3072 2142 3146 Quis
2164 3072 2336 3133 enim
2368 3069 2682 3151 suscipiat
2709 3086 2827 3151 pro
2847 3071 3170 3131 unanimis
3197 3072 3262 3131 in
3286 3072 3649 3151 gehennam

378 3151 508 3223 ire,
546 3168 692 3212 cum
727 3153 820 3212 ire
855 3148 1067 3227 possit
1092 3150 1169 3228 ad
1204 3150 1527 3225 regnum?
1571 3149 1800 3210 Nullus
1837 3155 1942 3211 :at
1971 3152 2208 3212 Paulus
2242 3168 2358 3228 pro
2398 3149 2677 3215 inimicis
2729 3148 2852 3228 hoc
2905 3148 3313 3225 susceptum'
3336 3152 3646 3225 habebat,

382 3247 502 3308 pro
532 3229 1062 3309 lapidantibuset
1088 3227 1563 3309 ﬂagellantibus
1623 3246 1793 3288 eum.
1831 3229 2055 3303 Qualis
2102 3227 2256 3309 ergo
2292 3230 2485 3309 nobis
2508 3228 2634 3309 erit
2673 3227 2904 3309 venia,
2952 3229 3162 3305 qualis
3192 3233 3556 3304 excusatio,
3591 3236 3643 3295 si

380 3307 483 3370 vel
512 3308 797 3388 minimas
831 3308 994 3388 parti
1023 3307 1633 3388 caritatissimilem,
1667 3324 1863 3386 quam
1900 3307 2373 3388 ostendit'circa
2403 3308 2699 3388 inimicos
2741 3307 3003 3388 Paulus,
3033 3325 3160 3388 non
3207 3326 3360 3388 erga
3402 3312 3644 3372 amicos

373 3386 852 3450 ostenderimus
872 3388 901 3444 Ὺ
926 3387 1006 3446 Et
1042 3388 1269 3449 beatus
1310 3385 1461 3448 item
1490 3385 1702 3448 Moses
1724 3393 1874 3449 ante
1907 3387 2097 3449 istum
2123 3404 2240 3464 pro
2273 3386 2546 3446 inimicis
2578 3385 2786 3446 voluit
2810 3386 3246 3463 lapidantibus
3272 3385 3420 3450 eum
3448 3390 3643 3451 deleri

369 3468 450 3529 de
485 3466 652 3526 libro
680 3465 818 3545 Dei.
854 3465 933 3524 Et
954 3466 1155 3526 David
1174 3466 1557 3527 rebellantes
1586 3466 1892 3527 adversus
1916 3484 1984 3526 se
2010 3466 2225 3526 videns
2254 3466 2692 3545 interemptos,
2719 3465 2916 3524 dixit:
2946 3466 3086 3542 Ego
3111 3474 3335 3545 pastor
3357 3473 3610 3545 peccavi
3628 3519 3641 3537 .

373 3556 431 3608 et
465 3545 581 3608 isti
608 3542 766 3625 quid
786 3547 1068 3625 fecerunt
1089 3545 1130 3625 Ῡί
1150 3550 1213 3606 et
1243 3545 1499 3625 Saiilem
1530 3545 1698 3605 inter
1730 3562 1961 3625 manus
1990 3545 2274 3625 habens,
2304 3544 2592 3625 occidere
2623 3544 2830 3625 noluit
2857 3564 2873 3615 ;
2923 3546 3080 3625 quin
3111 3542 3305 3606 etiam
3346 3542 3641 3616 salvavit,

372 3622 738 3702 praesertim
770 3622 918 3683 cum
948 3624 1085 3761 ipse
1118 3624 1182 3684 in
1217 3624 1508 3701 periculo
1537 3628 1706 3684 esset
1739 3624 2148 3684 constitutus.
2172 3623 2233 3683 Si
2256 3627 2470 3684 autem
2496 3622 2629 3685 haec
2655 3623 2721 3681 in
2751 3623 2948 3683 veteri
2982 3625 3428 3698 Testamento,
3475 3645 3646 3703 qua—

373 3706 507 3761 lem
538 3703 796 3761 veniam
824 3718 943 3761 nos
1021 3702 1353 3761 abebimus
1386 3704 1450 3761 in
1480 3719 1649 3761 novo
1676 3703 2087 3761 Testamento
2118 3704 2599 3761 conversantes.
2633 3707 2696 3761 et
2738 3719 2951 3761 neque
2987 3702 3065 3761 ad
3099 3721 3468 3761 mensuram
3499 3707 3642 3761 illo—

373 3706 507 3765 lem
538 3703 796 3764 veniam
824 3718 943 3762 nos
976 3702 1353 3763 habebimus
1386 3704 1450 3762 in
1480 3719 1649 3761 novo
1676 3703 2087 3762 Testamento
2118 3704 2599 3771 conversantes,
2633 3707 2696 3761 et
2738 3719 2951 3778 neque
2987 3702 3065 3762 ad
3099 3721 3468 3765 mensuram
3499 3707 3642 3767 illo—

373 3799 528 3841 rum
558 3781 1052 3857 pervenientes?
1080 3780 1253 3859 Nisi‘
1280 3780 1447 3841 enim
1480 3779 1911 3847 abundaverit,
1956 3781 2188 3857 inquit,
2224 3779 2492 3858 justitia
2531 3786 2735 3859 vestra
2766 3778 2916 3859 plus
2968 3799 3152 3859 quam
3198 3781 3544 3843 scribarum
3587 3796 3643 3845 et

372 3860 865 3927 Pharisworum,
897 3877 1028 3919 non
1062 3857 1383 3936 intrabitis
1410 3862 1479 3918 in
1501 3876 1759 3936 regnum
1796 3859 2105 3919 caelorum.
2139 3857 2301 3919 Cum
2343 3876 2497 3936 ergo
2537 3857 2728 3918 etiam
2758 3857 2996 3918 minus
3022 3859 3333 3920 habemus
3370 3863 3452 3922 ab
3484 3864 3635 3931 illis.

245 3992 265 4008 ,
369 3937 706 4015 quomodo
742 3906 1176 3999 intrabimus?
1201 3935 1488 4015 Diligite,
1523 3904 1763 4013 inlquit,
1798 3938 2090 3999 inimicos
2120 3945 2379 3997 vestros.
2418 3904 2627 4014 Dilige
2665 3936 3253 4014 igiturinimicum;
3307 3957 3433 3998 non
3472 3910 3642 4005 enim

372 4018 469 4079 illi
502 4016 947 4095 praestas,-sed
978 4017 1113 4077 tibi.
1148 4016 1779 4090 Quomodo?Similis
1811 4016 2103 4077 efﬁcieris
2137 4018 2291 4075 Deo.
2321 4016 2436 4075 Ille
2464 4015 2661 4092 igitur
2687 4015 2738 4076 si
2774 4021 3029 4077 ametur
3053 4023 3197 4088 ate,
3233 4017 3396 4077 nihil
3425 4018 3645 4081 lucra-

372 4103 518 4170 tur;
550 4113 589 4157 a
620 4112 938 4156 conservo
970 4095 1210 4172 quippe
1229 4095 1495 4155 dilectus
1529 4100 1665 4154 est:
1700 4099 1769 4154 tu
1796 4102 2011 4157 autem
2043 4096 2093 4155 si
2125 4095 2428 4155 dilexeris
2459 4111 2847 4173 conservum
2870 4139 2885 4168 ,
2920 4112 3225 4173 magnum
3256 4097 3509 4158 lucrum
3540 4099 3643 4159 fa-

373 4176 534 4247 cies,
564 4178 630 4237 et
658 4174 955 4235 efﬁcieris
984 4173 1211 4234 similis
1240 4174 1396 4234 Deo.
1421 4174 1609 4234 Vides
1635 4174 1791 4250 quia
1822 4174 1983 4234 nihil
2009 4175 2228 4253 gratiae
2260 4174 2349 4234 illi
2392 4178 2658 4253 praestas
2683 4217 2698 4244 ,
2730 4172 2843 4253 sed
2889 4173 2999 4234 tibi
3021 4172 3051 4233 ‘I
3085 4175 3298 4252 ipsum
3345 4177 3643 4240 meritum

374 4256 553 4336 enim
585 4270 717 4314 non
745 4253 1005 4336 illi,‘sed
1039 4253 1151 4313 tibi
1182 4270 1541 4336 comparas.
1573 4252 1738 4326 Quid
1774 4271 1952 4336 ergo,
1994 4252 2233 4336 inquis,
2275 4255 2329 4336 si
2360 4254 2442 4314 sit
2474 4252 3072 4336 malignusflTanto
3110 4255 3389 4336 amplius
3439 4257 3645 4336 major

375 4330 505 4394 eris
560 4337 628 4393 et
677 4333 965 4393 meritis:
1022 4349 1137 4409 pro
1175 4332 1570 4410 malignitate
1611 4349 1731 4393 sua
1773 4330 1962 4392 debes
2015 4332 2103 4391 illi
2137 4333 2436 4410 gratiam,
2481 4335 2546 4392 et
2588 4333 2667 4411 [Γ.
2702 4332 2874 4409 etsi]
2913 4334 3116 4395 multa
3158 4330 3361 4396 millia
3390 4330 3644 4397 beneﬁ~

379 4414 632 4475 ciorum
679 4412 1060 4488 suscipiens,
1106 4411 1315 4490 adhuc
1346 4411 1549 4472 malus
1584 4427 1920 4490 permanes
1954 4412 2029 4490 [f.
2055 4414 2445 4488 permanet].
2480 4410 2540 4490 Si
2583 4410 2755 4490 enim
2787 4429 2916 4471 non
2981 4418 3151 4474 esset
3183 4415 3364 4475 valde
3412 4417 3643 4489 malus,

379 4508 594 4568 neque
615 4491 729 4551 tibi
759 4508 1002 4573 merces
1029 4489 1211 4573 valde
1239 4494 1573 4573 cresceret.
1600 4489 1870 4549 Proinde
1900 4507 2094 4551 causa
2121 4508 2249 4573 non
2287 4489 2540 4552 amandi
2565 4494 2625 4573 et
2653 4489 2938 4561 dicendi,
2971 4492 3136 4566 Quia
3164 4494 3486 4573 malignus
3516 4501 3645 4565 est,

376 4585 581 4633 causa
610 4568 891 4631 amandi.
924 4569 1120 4629 Aufer
1154 4569 1549 4630 contrarium
1579 4573 1987 4641 certatorem,
2017 4574 2077 4629 et
2102 4569 2356 4631 auferes
2388 4570 2762 4631 occasiones
2795 4588 3210 4634 coronarum.
3241 4568 3382 4633 Non
3429 4575 3649 4634 intue—

380 4649 467 4729 ris
498 4647 1181 4729 praeconesquomodo
1213 4649 1504 4729 sacculos
1533 4664 1735 4709 arena
1764 4649 2108 4726 replentes,
2140 4648 2228 4710 ita
2261 4649 2743 4710 exercitantur?
2777 4651 2874 4711 Tu
2905 4656 3122 4712 autem
3155 4670 3317 4729 opus
3349 4671 3478 4712 non
3523 4652 3646 4713 ha—

378 4727 807 4790 bes’studium
849 4727 945 4786 his
984 4727 1349 4804 impendere
1383 4747 1397 4786 :
1429 4728 1619 4804 plena
1648 4734 1745 4788 est
1778 4729 1906 4790 vita
1934 4729 2216 4791 humana
2245 4728 2739 4790 exercitantium
2770 4735 2861 4800 te,
2895 4736 2957 4790 et
2997 4727 3366 4793 facientium
3408 4732 3646 4791 fortio-

380 4824 543 4887 rem.
575 4807 721 4867 Non
771 4805 944 4887 vides
995 4806 1251 4887 quiaiet
1313 4808 1575 4887 arbores
1628 4814 1876 4887 quanto
1936 4808 2137 4868 ventis
2185 4816 2716 4880 commoventur,
2767 4816 2948 4871 tanto
3010 4810 3289 4887 amplius
3341 4808 3641 4871 fortiores

381 4885 757 4967 efﬁciuntur
783 4890 847 4945 et
875 4885 1130 4967 deusve?
1156 4886 1234 4945 Et
1264 4902 1379 4967 nos
1416 4886 1633 4967 igitur,
1669 4887 1722 4967 si
1772 4886 2082 4947 fuerimus
2113 4889 2548 4966 longanimes,
2583 4890 2881 4956 [artiores
2927 4885 3192 4949 erimus.
3240 4888 3355 4951 l'ir
3408 4892 3647 4967 longa-

381 4965 607 5034 nimis,
637 4965 881 5047 inquit,
910 4962 1146 5047 multus
1191 4972 1278 5024 est
1324 4965 1391 5025 in
1423 4962 1741 5047 sapientia
1760 4986 1787 5047 :7
1809 4967 1918 5044 qui
1956 4976 2161 5027 autem
2207 4962 2293 5026 est
2316 4967 2782 5045 pusillaminis,
2837 4969 3023 5047 fortis
3070 4971 3323 5030 stultus.
3365 4962 3644 5028 Intueris

383 5051 633 5122 quanta
663 5044 859 5124 hujus
893 5043 1011 5124 viri
1040 5043 1186 5124 laus
1217 5048 1334 5115 est,
1369 5049 1429 5104 et
1458 5048 1703 5120 quanta
1727 5043 1898 5105 illius
1928 5043 2570 5113 accusatio?'lv‘ortis,
2603 5043 2852 5124 inquit,
2886 5050 3137 5115 stultus,
3170 5049 3291 5107 hoc
3312 5054 3430 5115 est,
3464 5047 3647 5107 valde

380 5126 644 5185 stultus.
679 5122 951 5184 Proinde
979 5140 1107 5182 non
1139 5122 1340 5182 simus
1374 5124 1816 5198 pusillanimes
1852 5125 1929 5185 ad
1967 5126 2243 5186 invicem
2272 5147 2287 5185 :
2321 5144 2449 5187 non
2483 5127 2654 5188 enim
2696 5122 2819 5186 hoc
2857 5145 2940 5186 ex
2986 5126 3332 5187 inimicitiis
3396 5126 3645 5188 contin-

382 5205 493 5274 git.
527 5204 639 5266 sed
672 5221 752 5265 ex
796 5201 1324 5278 pusillanimitate
1348 5202 1599 5263 animle.
1630 5202 1692 5263 Si
1731 5222 1882 5267 vero
1910 5207 2099 5267 fuerit
2131 5208 2333 5270 fortis.
2365 5209 2577 5267 omnia
2610 5207 2791 5267 facile
2823 5206 3077 5270 tolerat.
3102 5210 3161 5264 et
3185 5205 3345 5264 nihil
3367 5220 3647 5279 eampo-

375 5290 522 5350 terit
540 5288 946 5366 demergere,
980 5279 1616 5366 sedad‘tranquillos
1643 5300 1786 5366 ea_m
1819 5290 2039 5366 portus
2066 5283 2335 5366 adducet
2367 5306 2381 5343 :
2416 5304 2580 5362 quos
2613 5288 2942 5366 contingat
2972 5303 3086 5345 nos
3115 5298 3337 5366 omnes
3363 5278 3654 5366 adipisci,

372 5369 581 5447 gratia
613 5370 680 5447 et
709 5355 1154 5447 misericordia
1184 5355 1438 5418 Domini
1475 5361 1673 5419 nostri
1707 5355 1859 5421 Jesu
1894 5362 2153 5447 Christi,
2189 5383 2334 5447 eum
2377 5355 2506 5442 quo
2527 5368 2705 5447 Patri
2747 5355 2875 5447 una
2920 5380 3065 5424 cum
3101 5364 3325 5422 sancto
3390 5355 3653 5436 Spiritu,

369 5437 603 5524 gloria,
637 5441 1015 5521 imperium,
1044 5437 1279 5511 honor,
1308 5456 1479 5498 nunc
1506 5446 1561 5498 et
1591 5458 1864 5516 semper,
1900 5448 1961 5501 et
1991 5442 2052 5501 in
2088 5444 2324 5505 sa3cula
2356 5437 2763 5505 sicculorum.
2799 5445 3023 5503 Amen.

1693 5753 1833 5763 -—-
1850 5739 2213 5780 τους-πνουν-
