3954 6172
380 278 507 335 381-
1135 271 1195 329 S.
1234 269 1282 326 J.
1323 260 1804 326 CIIRYSOSTOMI
1847 261 2157 321 HOMILUE
2196 260 2266 319 IN
2297 261 2516 319 EPIST.
2556 260 2645 317 AD
2685 258 2892 322 HEBR.
3523 266 3618 321 58!

386 383 680 463 serabilis
718 379 1041 463 judicatur
1062 402 1082 463 ξς
1106 388 1177 463 et
1215 381 1512 463 quisquis
1544 382 1989 463 hereditatem
2021 381 2333 463 amiserit,
2362 379 2617 463 videtun
2638 378 2936 463 omnibus
2965 369 3448 463 essendolendus
3472 374 3613 463 τι(ιυί

386 463 542 523 caelo
569 453 880 539 privatur,
912 462 1022 537 qui
1056 461 1184 520 illic
1216 453 1509 539 repositis
1542 461 1746 529 bonis,
1771 461 2029 539 quantis
2073 460 2369 539 lacrymis
2404 459 2523 519 iste
2560 456 2955 539 plangendus
2997 453 3132 539 est?
3166 453 3381 539 magis
3420 455 3612 539 autem

386 544 404 616 [
432 522 477 600 Ι.
527 522 737 619 neque
782 522 997 618 plang.
1023 542 1041 616 ]
1069 522 1464 618 plangendus
1496 559 1511 596 :
1544 522 1867 622 plangitur
1909 539 2082 622 enim
2113 522 2456 617 quisquam
2484 522 2627 622 cum
2659 522 2885 622 passus
2921 531 3110 592 fuerit
3142 522 3418 622 aliquid,
3449 528 3613 620 cujus

388 606 526 697 ipse
553 606 748 681 causa
782 606 911 679 non
938 606 1089 688 Esi;
1111 606 1257 699 cum
1285 606 1607 699 autemex
1650 606 1912 699 pFopria
1947 606 2727 699 volun-tute'semetipsu:m
2767 614 3132 699 quisquam
3164 606 3370 699 infigit
3397 606 3611 699 iniqui-

388 689 523 768 tati,
563 716 771 775 neque
801 699 1099 774 lacrymis
1130 697 1385 775 dignus,
1417 697 1524 757 sed
1562 689 2146 765 lamentationibus,
2182 698 2382 775 magis
2414 689 2626 775 autem
2647 693 2857 775 luctu.
2888 692 3046 750 Nam
3079 696 3141 750 et
3162 689 3477 775 Dciminus
3508 703 3611 775 no-

384 764 519 838 ster
540 764 725 858 Iesus
757 764 1046 858 Christus
1076 764 1566 858 Jeros_olymam,
1596 776 1743 837 licet
1772 776 1963 858 impie
1992 764 2321 858 agentem:
2345 774 2511 858 iuxit
2548 778 2610 858 et
2642 772 3037 858 lacrimatu‘s.
3082 772 3200 828 est.
3242 767 3487 858 βεξηςῇ
3508 764 3613 858 (ξς-ε

383 874 518 917 cem
565 856 844 937 millibus
889 856 1187 933 lacrymis
1233 844 1406 932 dig-ni
1452 844 1714 937 sumus,
1763 844 1981 937 decem
2024 844 2307 937 millibus
2348 844 2939 937 lamentationibus.
2977 846 3053 937 Si
3084 846 3291 937 oin-nis
3324 844 3614 937 habitatio

383 938 567 995 terrae
596 936 855 993 extollat
897 924 1111 991 vat-5m
1145 924 1349 1002 suam,
1378 939 1441 993 et
1466 924 1731 1011 lapides.
1766 938 1822 992 et
1853 934 2050 1011 ligna,
2078 937 2141 991 et
2167 933 2458 998 arbores,
2490 933 2554 990 et
2583 928 2825 994 bestiae.
2859 931 2918 987 et
2956 924 3276 992 volatilia,
3307 927 3371 984 et
3399 924 3614 1000 pisces.

379 1032 444 1082 et
473 1024 544 1081 ut
565 1020 756 1081 simul
783 1019 1027 1099 dicam,
1046 1022 1219 1099 totus
1255 1019 1533 1099 mundus
1570 1021 1621 1079 si
1659 1038 1875 1083 vocem
1907 1024 2178 1085 extollat
2206 1021 2283 1085 ad
2309 1020 2797 1083 lamentandum
2828 1038 2947 1081 nos
2974 1066 2991 1092 ,
3028 1022 3140 1099 qui
3183 1024 3267 1084 ab
3312 1023 3436 1085 illis
3466 1027 3635 1088 bonis

384 1100 764 1167 excidimus,
805 1095 967 1179 nihil
996 1098 1259 1179 dignum
1285 1098 1833 1179 lamentabuntur.
1865 1104 2086 1175 Qualis
2119 1103 2290 1163 enim
2325 1117 2535 1161 sermo
2565 1100 2929 1179 exprimere
2960 1095 3216 1179 poterit,
3237 1105 3447 1179 qualis
3473 1124 3638 1168 mens

384 1180 560 1240 illam
596 1177 1396 1260 beatitudinem—illamque
1423 1178 1745 1260 virtutem,
1774 1181 1948 1240 illam
1979 1180 2463 1243 delectationem
2486 1224 2502 1250 ,
2536 1177 2713 1260 illam
2741 1178 3012 1260 gloriam
3034 1223 3050 1248 ,
3081 1177 3640 1260 illam’jucundita-

386 1265 537 1327 tem,
585 1256 1209 1336 illamhclaritatem?
1247 1253 1396 1336 Qure
1443 1257 1679 1325 oculus,
1733 1259 1964 1336 inquit,
2012 1280 2143 1321 non
2172 1260 2356 1326 ridit,
2389 1276 2499 1318 nec
2533 1258 2707 1318 auris
2736 1253 3005 1324 audivit,
3041 1266 3097 1317 et
3130 1259 3195 1319 in
3228 1253 3338 1319 cor
3392 1261 3640 1323 hominis

380 1355 512 1418 non
558 1334 859 1418 ascendit.
889 1335 1027 1394 Non
1078 1334 1241 1393 dixit
1287 1334 1438 1418 quia
1465 1334 1857 1418 transcendit
1893 1357 2005 1399 cor
2044 1339 2347 1418 hominis,
2395 1337 2506 1397 sed
2535 1337 2690 1415 quia
2727 1354 2938 1414 neque
2968 1338 3283 1398 intellexit
3310 1341 3639 1418 quisquam

385 1414 769 1497 aliquando,
802 1430 946 1497 qua:
978 1413 1362 1490 praeparavit
1394 1414 1564 1497 Deus
1612 1415 2021 1497 diligentibus
2071 1437 2163 1479 se.
2215 1417 2505 1490 Quorum
2534 1413 2867 1497 bonorum
2907 1422 3306 1497 prieparator
3332 1413 3405 1478 'et
3443 1413 3641 1497 opifex

383 1492 556 1555 Deus
583 1498 702 1575 est,
731 1492 953 1575 qualia
985 1510 1125 1552 esse
1156 1494 1476 1575 possunt?
1500 1493 1559 1553 Si
1588 1492 1756 1575 enim
1786 1494 2024 1558 faciens
2056 1515 2198 1566 nos,
2231 1496 2448 1557 statim
2473 1494 2684 1556 adhuc
2712 1492 3083 1575 nobis'nihil
3111 1497 3448 1575 agentibus
3475 1492 3639 1570 tanta

385 1575 555 1634 bona
607 1571 877 1649 largitus
932 1571 1507 1652 esttparadisum,
1565 1572 2152 1636 confabulationem
2216 1592 2426 1645 suam,
2481 1573 3050 1641 immortalitatem.
3111 1571 3411 1652 promisit
3458 1579 3640 1638 vitam

386 1653 640 1713 beatam
688 1657 749 1731 et
792 1668 829 1711 a
865 1651 1037 1711 curis
1069 1649 1339 1710 liberam
1372 1670 1387 1709 :
1418 1651 1508 1712 eis
1540 1652 1653 1731 qui
1691 1657 1868 1716 tanta
1890 1654 2162 1715 fecerint
2190 1659 2253 1715 et
2281 1654 2392 1731 qui
2425 1654 2816 1722 certaverint
2846 1658 2909 1713 et
2938 1653 3048 1731 qui
3082 1649 3197 1731 pro
3226 1672 3303 1714 eo
3333 1659 3639 1717 sustinue-

386 1732 539 1801 rint,
573 1730 725 1808 quid
758 1746 884 1810 non
917 1732 1516 1810 prmstaturusiest?
1539 1729 1881 1809 Unigenito
1902 1731 2190 1795 Filiosuo
2217 1729 2347 1794 non
2377 1733 2682 1810 pepercit,
2727 1729 2991 1810 propter
3026 1729 3142 1793 nos
3186 1733 3421 1794 Filium
3462 1754 3639 1796 suum

389 1808 839 1890 proprium‘in
886 1813 1156 1890 mortem
1197 1808 1481 1890 tradidit,
1500 1808 1783 1890 propter
1825 1829 1942 1873 nos
1998 1813 2293 1874 inimicos
2336 1808 2490 1871 dum
2527 1808 2765 1872 inimici
2811 1808 3097 1872 essemus
3135 1832 3151 1870 :
3189 1815 3427 1890 quibus
3458 1817 3641 1875 rebus

385 1906 514 1950 non
562 1906 677 1949 nos
721 1887 1113 1968 dignabitur,
1160 1887 1213 1946 si
1257 1887 1445 1968 amici
1473 1887 1798 1949 .fuerimus
1832 1890 2037 1952 effecti
2064 1893 2093 1951 ?
2120 1891 2273 1968 quid
2303 1890 2488 1951 nobis
2518 1908 2647 1950 non
2685 1891 2962 1951 tribuet?
2992 1891 3100 1950 Est
3140 1887 3312 1951 enim
3350 1892 3550 1965 dives,
3587 1901 3644 1954 et

388 1968 706 2035 inﬁnitus,
750 1972 811 2027 et
850 1966 1168 2026 desiderat
1197 1971 1257 2027 et
1287 1966 1546 2028 festinat
1589 1974 1877 2031 nostram
1905 1966 2251 2032 amicitiam
2280 1969 2541 2036 habere.
2579 1985 2697 2030 nos
2726 1974 2940 2030 autem
2972 1987 3101 2028 non
3135 1969 3516 2033 festinamus
3545 1992 3559 2031 :
3589 1979 3644 2032 ct

387 2047 542 2144 quid
587 2047 753 2118 dico,
801 2043 1411 2144 nonufestinam‘usz
1436 2064 1645 2144 neque
1676 2048 1978 2144 volumus
2009 2049 2275 2142 adipisci
2303 2048 2686 2144 ejus‘bona.
2719 2049 2887 2140 sicut
2932 2049 3039 2108 ille
3073 2050 3245 2121 vult,
3283 2056 3347 2144 et
3377 2052 3646 2144 amplius

386 2124 573 2187 vult:
610 2143 757 2218 nam
809 2143 893 2184 ex
942 2124 1018 2219 iis
1073 2140 1218 2202 qua:
1271 2125 1416 2219 fecii
1445 2126 1940 2219 .ostendit._‘1fl_os
1989 2124 2161 2189 enim
2205 2124 2712 2219 pro—nobisipsis
2754 2128 2868 2189 vix
2904 2144 3145 2219 paucos
3180 2124 3641 2219 contemnimus

384 2223 618 2268 aureos
651 2225 666 2264 :
702 2205 839 2285 ipse
890 2208 1107 2285 autem
1151 2221 1271 2285 pro
1311 2204 1495 2265 nobis
1533 2205 1735 2285 etiam
1782 2207 2011 2267 Filium
2055 2204 2246 2268 suum
2288 2204 2868 2268 tradidit.'Utamur
2908 2204 3106 2285 igitur
3145 2207 3221 2268 ad
3250 2209 3646 2269 commodum

384 2290 678 2367 nOstrum
704 2281 1136 2367 carjiate‘Dei.
1170 2282 1461 2367 fruamur
1489 2282 1629 2367 ejus
1657 2286 1960 2367 amicitia.
1992 2288 2130 2367 AVAos
2168 2285 2351 2367 enim,
2387 2285 2625 2367 inquit,
2661 2286 2849 2367 amici
2893 2281 3025 2367 uici
3058 2288 3204 2367 estis
3227 2333 3242 2353 ,
3290 2289 3347 2367 si
3389 2289 3648 2367 feceritis

386 2383 524 2442 quae
554 2363 692 2423 dico
726 2360 923 2422 vobis.
956 2360 1009 2420 Ο
1042 2361 1495 2442 inenarrabilis
1528 2360 2005 2442 misericordia!
2041 2365 2331 2427 inimicos
2360 2371 2422 2424 et
2450 2360 2700 2424 infinito
2732 2365 3074 2425 intervallo
3099 2366 3181 2426 ab
3209 2384 3286 2426 eo
3313 2360 3644 2429 distantes.

384 2439 422 2504 εὶ
454 2443 690 2519 quibus
729 2439 1214 2519 incomparabili
1251 2439 1597 2501 eminentia
1624 2441 1688 2501 in
1722 2444 2020 2504 omnibus
2046 2442 2399 2513 differebat,
2429 2444 2547 2504 hos
2571 2443 2809 2504 amicos
2834 2451 2896 2503 et
2918 2442 3063 2504 facit
3093 2448 3156 2504 et
3180 2449 3368 2505 vorat
3392 2446 3649 2505 amicos.

383 2517 551 2600 Quid
579 2520 776 2600 igitur
802 2518 937 2597 pati
970 2535 1099 2577 non
1130 2517 1484 2600 debemus?
1508 2520 1659 2596 quid
1689 2538 1819 2581 non
1863 2522 2138 2583 libenter
2178 2522 2462 2600 tolerare
2511 2538 2628 2600 pro
2666 2522 2787 2583 hac
2828 2523 3156 2589 amicitia?
3203 2524 3323 2583 Pro
3377 2524 3648 2585 amicitia

386 2599 622 2660 etenim
672 2598 1005 2679 hominum
1057 2614 1223 2675 saepe
1268 2598 1739 2674 periclitamur,
1773 2618 1891 2678 pro
1920 2601 2031 2661 Dei
2064 2599 2345 2662 amicitia
2389 2598 2531 2661 necs
2554 2602 2860 2679 pecunias
2910 2601 3228 2677 patienter
3271 2603 3647 2664 amittimus.

388 2680 597 2759 Luctu
634 2693 789 2759 vero
819 2675 1025 2759 digna}
1063 2694 1165 2736 res
1202 2682 1437 2759 nostrae
1467 2682 1619 2759 sunt
1642 2722 1663 2759 ,_
1698 2675 1875 2739 luctu
1916 2684 1980 2740 et
2012 2679 2319 2759 lacrymis
2366 2684 2428 2739 et
2471 2675 3038 2741 lamentationibus
3087 2685 3149 2739 et
3185 2681 3651 2742 ululationibus

386 2757 659 2838 magnis.
688 2754 1022 2838 H_umiliati
1054 2773 1280 2815 sumus
1311 2756 1386 2838 de
1413 2756 1800 2838 sublimitate
1828 2763 2071 2838 nostra,
2106 2754 2347 2838 indigni
2382 2759 2625 2819 honore
2650 2758 2763 2820 Dei
2786 2759 3173 2838 Aclaruimus,
3209 2760 3448 2837 ingrati
3481 2765 3650 2820 tanto

385 2835 696 2917 beneficio
737 2834 882 2896 facti
927 2851 1151 2895 sumus
1192 2838 1255 2893 et
1296 2834 1435 2917 sine
1473 2836 1703 2914 gratia,
1730 2836 2021 2917 nudavit
2060 2856 2174 2897 nos
2204 2834 2511 2917 omnibus
2546 2838 2731 2917 bonis
2767 2836 3061 2917 diabolus
3092 2834 3652 2917 :Aquiidignitatem

383 2914 663 2975 ﬁliorum
694 2930 1182 2994 acceperamus,
1205 2914 1315 2990 qui
1345 2913 1599 2994 fratres,
1631 2915 1742 2994 qui
1775 2916 2039 2978 heredes
2070 2934 2357 2985 eramus,
2392 2918 2473 2976 ab
2499 2915 2774 2978 inimicis
2805 2916 2945 2994 ejus
2974 2915 3133 2975 nihil
3162 2913 3526 2979 differimus
3557 2918 3649 2977 in-

380 2994 776 3073 juriantibus
804 3011 972 3073 eum.
1006 2992 1187 3066 Quod
1218 2993 1400 3073 nobis
1430 2994 1550 3053 erit
1579 2992 1877 3055 solatium
1908 2995 1984 3057 de
2015 3002 2244 3057 caetero
2265 2997 2293 3054 ?
2318 2996 2343 3055 Ι
2353 3014 2460 3073 pse
2486 3012 2601 3056 nos
2638 2992 2890 3056 vocavit
2918 2995 2995 3055 ad
3018 2995 3270 3073 caelum,
3296 3015 3421 3058 nos
3447 3003 3653 3059 autem

388 3071 683 3151 nosipsos
732 3074 807 3153 ini
840 3071 1199 3153 gehennam
1248 3071 1642 3153 impulimus.
1690 3074 2094 3136 Mendacium
2140 3081 2201 3135 ct
2242 3071 2628 3137 adulterium
2659 3080 2719 3134 et
2756 3074 2995 3135 furtum
3023 3072 3254 3137 diffusa
3284 3082 3447 3136 sunt
3471 3094 3657 3153 super

384 3149 624 3234 terram
657 3171 673 3210 :
691 3150 812 3234 alii
850 3149 1125 3234 :quidem
1178 3152 1578 3234 sanguinem!
1610 3170 1806 3234 super
1855 3154 2237 3234 sanguinem
2270 3153 2605 3234 fundunt,
2653 3154 2765 3216 alii
2812 3169 3041 3214 causas
3090 3160 3291 3234 agunt
3338 3149 3655 3234 sanguine

383 3233 660 3310 pejores.
690 3229 956 3310 Plurimi
993 3243 1142 3289 vero
1171 3247 1398 3290 eorum
1423 3230 1533 3307 qui
1564 3229 2005 3303 iniurianturf
2021 3232 2284 3310 plurimi
2311 3249 2533 3292 eorum
2564 3250 2845 3309 quorum
2867 3250 2971 3292 res
3003 3229 3427 3307 auferuntur,
3448 3229 3658 3295 decem

384 3309 585 3373 millia
616 3314 853 3391 mortes
886 3309 1344 3391 imprecantur,
1378 3325 1575 3391 quam
1603 3310 1707 3370 illa
1737 3312 1902 3391 pati;
1935 3316 1998 3371 et
2026 3309 2080 3372 Si
2113 3328 2240 3391 non
2274 3311 2499 3391 timore
2528 3311 2657 3370 Dci‘
2674 3317 3177 3385 revocarentur,
3208 3312 3470 3391 seipsos
3498 3313 3660 3391 into-

382 3391 710 3451 rimerent.
744 3389 893 3449 Hzec
920 3387 1117 3465 igitur
1148 3405 1273 3471 non
1305 3388 1621 3471 sanguine
1656 3388 1876 3467 pejora
1910 3391 2108 3471 sunt?
2138 3390 2283 3471 Heu
2320 3390 2473 3450 mihi
2498 3391 2728 3471 animo,
2758 3391 3073 3471 quoniam,
3095 3387 3553 3471 pertit'justus
3594 3388 3663 3451 dc

386 3480 577 3536 terra.
607 3477 663 3528 et
690 3476 924 3527 rectum
953 3484 1138 3542 agens
1158 3466 1227 3526 in
1247 3465 1601 3527 hominibus
1621 3465 1749 3526 non
1776 3477 1884 3527 est.
1914 3469 2099 3529 Nunc
2123 3468 2314 3528 etiam
2342 3486 2456 3529 nos
2487 3465 2840 3529 clamamus
2866 3468 2943 3528 de.
2974 3465 3657 3545 nob’isipsis'primum.

378 3547 497 3609 Sed
526 3547 680 3607 mihi
706 3547 1159 3629 eonsociamini
1193 3546 1273 3629 ad
1307 3546 1573 3608 luctum.
1610 3549 1932 3613 Fortassis
1967 3554 2140 3614 enim
2171 3549 2433 3629 quidam
2462 3550 2873 3629 augurantur
2896 3550 2958 3606 et
2983 3545 3277 3608 irrident.
3303 3548 3660 3629 PrOpterea

377 3629 629 3705 oportet
651 3628 852 3706 magis
882 3626 1227 3706 extendere
1260 3626 1524 3706 luctum,
1555 3629 1709 3705 quia
1741 3631 1829 3692 ita
1859 3624 2222 3695 insanimus
2254 3634 2318 3689 et
2347 3624 2671 3706 dementes
2705 3624 2851 3685 facti
2884 3642 3142 3706 sumus;
3166 3630 3234 3706 et
3259 3644 3340 3687 ne
3358 3624 3493 3706 qu'e
3514 3628 3662 3706 quia

380 3702 468 3788 ita
497 3702 879 3788 insanimus,
907 3705 1345 3784 agnoscimus,
1379 3704 1487 3788 sed
1514 3702 1844 3788 infquibus
1876 3713 2215 3788 Oportebat.
2237 3723 2516 3788 gemere,
2545 3704 2850 3788 ridemus.
2887 3702 3318 3788 Revelaiiitur,
3380 3702 3416 3767 ὀ
3449 3702 3622 3788 homo
3646 3749 3663 3775 φ

379 3786 481 3870 ira
506 3786 625 3870 Dei
651 3785 723 3845 de
757 3784 903 3870 creto
934 3782 1122 3863 super
1168 3802 1404 3870 onmem
1438 3782 1811 3870 impietatem
1857 3782 2891 3870 et'iniquitat‘einiomnibusﬂeus
2924 3783 3290 3870 mani/estus
3319 3786 3572 3853 veniet,
3615 3792 3664 3844 et

381 3865 547 3942 ignis
575 3871 719 3948 apte
746 3861 1312 3948 ipsu‘mjirwcedei.
1356 3871 1412 3922 et
1452 3861 1623 3926 cii‘ca
1665 3884 1799 3948 eum
1847 3861 2170 3948 tempestas
2201 3864 2433 3948 valida.
2469 3862 2652 3948 Ignis
2690 3862 2760 3923 in
2804 3861 3298 3948 conspectuejus
3342 3873 3663 3948 causante!

381 3940 437 4002 εὶ
467 3940 922 4023 εοηῙῖαπηηὶαὺίε
951 3940 1240 4023 inimicos
1268 3943 1337 4023 in
1366 3959 1612 4023 gyrum.
1654 3946 1806 4006 Dies
1830 3940 2091 4009 Domini
2118 3945 2345 4013 veniet,
2377 3950 2447 4002 ut
2479 3940 3050 4023 cliban‘usardens.
3083 3940 3163 4000 Et
3196 3958 3394 4023 nemo
3426 3944 3563 4005 haec
3599 3943 3662 4002 in

382 4019 661 4083 mentem
690 4038 877 4082 suam
921 4022 1148 4094 mittit,
1195 4021 1305 4082 sed
1338 4019 1533 4082 veluti
1570 4022 1820 4086 fabulas
1852 4026 2323 4088 contemnimus
2370 4023 2501 4082 haec
2543 4019 2855 4081 terribilia
2896 4025 2959 4079 et
2998 4020 3346 4083 metuenda
3379 4023 3659 4083 decreta.

372 4101 608 4161 ‘Nullus
636 4100 901 4161 audiens
932 4100 1327 4177 obstupescit
1355 4101 1456 4161 vel
1486 4104 1903 4176 congelascii,
1935 4122 2157 4167 omnes
2186 4103 2484 4163 irrisores
2503 4104 2566 4160 et
2587 4099 2883 4159 illusores
2911 4097 3054 4177 facti
3079 4104 3252 4158 sunt.
3276 4101 3444 4174 Quis
3476 4101 3656 4160 nobis

384 4180 504 4239 erit
551 4179 785 4251 aditus,
831 4178 1001 4239 unde
1046 4176 1319 4240 salutem
1368 4180 1808 4257 reperiemus?
1849 4184 2233 4253 Perivimus,
2280 4178 2644 4255 consumpti
2688 4195 2935 4248 sumus,
2969 4176 3116 4238 facti
3163 4195 3398 4241 sumus
3446 4179 3662 4241 irrisio

386 4258 793 4339 inimicorum
822 4262 1214 4339 nostrorum,
1240 4262 1300 4317 et
1326 4257 1541 4339 illusio
1568 4276 1991 4339 paganorum,
2023 4261 2217 4322 simul
2244 4265 2306 4321 et
2330 4257 2814 4339 daemoniorum.

463 4336 787 4409 Quantum
820 4336 1102 4399 exsultat
1128 4354 1301 4398 nunc
1326 4341 1389 4397 et
1415 4335 1743 4414 diabolus,
1772 4344 1835 4401 et
1860 4342 2140 4414 gestiens
2172 4341 2426 4400 laetatur
2451 4357 2464 4395 :
2502 4335 2712 4414 angeli
2742 4353 2896 4395 vero
2922 4335 3160 4412 quibus
3192 4338 3533 4399 commissi
3565 4353 3669 4396 su-

386 4433 569 4496 mus,
598 4415 667 4474 in
694 4414 1073 4477 confusione
1102 4422 1274 4475 sunt.
1312 4415 1549 4478 Omnes
1601 4419 1664 4478 in
1702 4414 1992 4496 proclivo
2036 4437 2297 4491 sumus,
2337 4416 2556 4496 nullus
2606 4414 3034 4485 convertitur,
3068 4415 3408 4496 superfluo
3438 4420 3666 4496 cuncta

387 4494 572 4555 nobis
608 4510 894 4574 expensa
924 4499 1107 4565 sunt,
1140 4511 1256 4555 nos
1281 4512 1543 4574 quoque
1576 4494 1867 4560 videmur
1890 4498 2066 4560 vobis
2090 4498 2391 4559 delirare.
2427 4495 2878 4574 Opportunum
2898 4498 3001 4574 est
3026 4495 3220 4574 etiam
3249 4512 3432 4557 nunc
3459 4495 3666 4574 advo-

387 4592 537 4635 care
564 4571 824 4643 caelum,
870 4574 1180 4651 quoniam
1233 4571 1454 4635 nullus
1500 4581 1598 4636 est
1639 4578 1943 4648 audiens,
1994 4576 2322 4639 testificari
2371 4571 2686 4635 elementa
2718 4592 2733 4631 :
2770 4571 2968 4639 Audi,
3019 4571 3261 4639 caelum,
3304 4584 3363 4634 et
3410 4571 3668 4635 auribus

385 4653 671 4733 percipe,
707 4660 907 4733 terra,
936 4652 1085 4733 quia
1115 4651 1409 4733 loquutus
1440 4663 1525 4714 est
1554 4656 1883 4717 Dominus.
1914 4659 2074 4718 Date
2104 4672 2401 4726 manum,
2435 4651 2739 4733 porrigite
2768 4651 2877 4733 qui
2908 4651 3179 4733 necdum
3204 4652 3473 4714 dimersi
3524 4651 3667 4733 estis

390 4727 645 4812 cum-iis
678 4732 789 4809 qui
818 4731 884 4791 in
917 4727 1226 4812 ebrietate
1263 4730 1623 4812 iniquitatis
1666 4736 2033 4811 perierunt,
2069 4753 2182 4797 vos
2228 4733 2338 4812 qui
2393 4727 2551 4812 sani
2581 4727 2732 4812 estis
2776 4727 3260 4812 laborantibus,
3307 4733 3428 4809 qui
3474 4727 3667 4812 sobrii

389 4812 542 4893 estis
576 4810 935 4893 furentibus
958 4815 1021 4893 et
1048 4809 1528 4893 bacchantibus.
1559 4809 1758 4873 Nemo
1779 4860 1794 4887 ,
1823 4817 2093 4876 obsecro
2113 4860 2128 4887 ,
2163 4809 2437 4893 gratiam
2462 4810 2653 4893 saluti
2693 4809 3045 4893 amicorum
3067 4819 3417 4893 iprfeponat
3447 4816 3557 4893 :_et
3580 4810 3670 4867 in-

386 4891 559 4970 juria
592 4896 650 4951 et
674 4890 1029 4968 increpatio
1055 4889 1135 4950 ad
1157 4907 1359 4970 unum
1390 4894 1637 4951 tantum
1664 4894 1946 4956 attendat
1967 4939 1984 4963 ,
2019 4894 2141 4954 hoc
2167 4888 2297 4961 est,
2331 4889 2409 4951 ad
2438 4889 2779 4970 utilitatem
2803 4888 3105 4970 proximi.
3129 4888 3287 4970 Cum
3321 4888 3523 4950 febris
3555 4904 3671 4970 oc»-

392 4966 724 5048 cupaverit
762 4966 1189 5046 quemquam,
1218 4969 1412 5029 etiam
1460 4970 1628 5030 servi
1672 4970 2089 5037 dominantur
2121 4970 2419 5032 dominis.
2464 4967 2622 5028 Cum
2664 4967 2835 5026 enim
2876 4966 2982 5026 ille
3011 4966 3411 5039 incenditur,
3460 4968 3670 5048 anima

393 5045 533 5129 ejus
563 5045 997 5129 confunditur.
1030 5048 1253 5129 Adstat
1296 5065 1451 5129 ergo
1482 5049 1637 5129 ordo
1668 5067 2002 5113 servorum
2024 5096 2041 5125 ,
2092 5050 2255 5111 nulli
2301 5049 2797 5129 obsequuntur,
2831 5052 3488 5129 nequeicognoscunt
3526 5045 3670 5129 jura

398 5123 711 5189 dominica
744 5128 822 5188 ad
853 5127 1178 5207 lzesionem
1206 5123 1472 5207 domini.
1506 5128 1897 5190 Convertant
1927 5123 2040 5195 vos
2069 5129 2299 5207 igitur,
2333 5123 2641 5207 obsecro,
2675 5123 2842 5207 bella
2886 5124 3262 5207 quotidiana
3284 5170 3299 5195 ,
3328 5125 3674 5185 dimersio-

399 5227 543 5280 nes,
581 5208 972 5286 perditiones
995 5206 1213 5267 decem
1237 5206 1436 5267 millia
1461 5207 1875 5269 circumcirca
1907 5229 1921 5268 :
1954 5203 2242 5286 undique
2271 5207 2371 5267 ira
2396 5205 2511 5286 Dei
2552 5221 2669 5286 nos
2701 5203 3165 5286 circumscpsit.
3199 5204 3323 5264 Nos
3365 5221 3525 5264 vero
3560 5220 3675 5286 ve:

399 5289 510 5349 luti
530 5275 1015 5365 'complacentes
1049 5286 1217 5359 Deo,
1246 5302 1501 5348 summa
1526 5305 1668 5346 cum
1702 5288 2089 5349 confidentia
2119 5275 2344 5365 manus
2375 5284 2453 5345 ad
2491 5282 2830 5365 avaritiam
2868 5275 3347 5365 przeparamus;
3379 5298 3575 5343 nemo
3601 5275 3676 5365 ad

398 5358 750 5449 juvanduin
784 5383 1048 5428 :omnes
1073 5358 1509 5449 adrapinam,
1543 5366 1762 5427 nullus
1794 5367 1874 5449 ad
1917 5364 2459 5449 patrocinandum
2495 5383 2510 5421 :
2543 5358 3017 5449 unusquisque
3045 5360 3304 5449 festinat
3349 5358 3677 5449 Quomodo

396 5438 823 5509 substantiam
850 5462 1034 5507 suam
1067 5438 1687 5523 faciat‘ampliorem;
1718 5438 1939 5507 nullus
1968 5443 2512 5524 quemadmodum
2544 5441 2802 5524 adjuvet
2827 5440 3217 5524 indigentem
3241 5460 3281 5524 _:_
3303 5438 3681 5524 unusquis—

395 5544 525 5604 que
552 5525 874 5603 quomodo
901 5524 1091 5605 addat
1118 5517 1409 5605 pecuniis
1442 5525 1576 5586 suis
1602 5526 1961 5605 excogitat,
1986 5517 2049 5585 et
2073 5525 2345 5605 multam
2375 5523 2565 5583 habet
2592 5517 3122 5605 sollicitudinem;
3147 5519 3370 5605 nullus
3402 5518 3681 5605 qualiter

398 5597 681 5666 animam
715 5622 901 5666 suam
930 5597 1137 5665 salvet
1176 5624 1191 5663 :
1236 5604 1430 5665 timor
1458 5597 1799 5666 continuit“
1816 5622 2077 5676 omnes,
2127 5622 2207 5664 ne
2239 5602 2318 5663 ad
2350 5600 2726 5679 pauperiem
2752 5597 3167 5679 redigantur;
3198 5603 3270 5658 ut
3295 5604 3525 5679 autem
3559 5609 3682 5655 non

402 5682 759 5744 incidamus
796 5684 860 5743 in
885 5684 1280 5761 gehennam,
1317 5684 1538 5744 nullus
1567 5684 1854 5758 laborat,
1886 5675 2109 5745 nullus
2162 5675 2399 5761 tremit.
2445 5675 2596 5740 Haec
2624 5678 2909 5761 luctibus
2954 5676 3146 5761 digna
3186 5680 3377 5761 sunt,
3413 5675 3553 5761 huic
3581 5690 3683 5761 ar-

401 5762 768 5844 cusatione,
797 5754 1390 5841 biecincusatione.
1418 5764 1559 5824 Non
1581 5763 1717 5826 ilth
1741 5754 2053 5836 dicerem,
2082 5761 2193 5841 sed
2222 5760 2445 5822 dolore
2475 5757 2851 5836 compellor.
2886 5754 3239 5835 Ignescite,
3268 5754 3485 5817 nimio
3515 5755 3684 5815 luctu
