  <div class='ocr_page' id='page_1' title='image "/cluster/home/n/w/nwhite01/storage/ocr_20150623/63/mdp.39015008641394/316.png"; bbox 0 0 3954 6172; ppageno 0'>
   <div class='ocr_carea' id='block_1_1' title="bbox 368 403 3651 477">
    <p class='ocr_par' dir='ltr' id='par_1_1' title="bbox 368 403 3651 477">
     <span class='ocr_line' id='line_1_1' title="bbox 368 403 3651 477; baseline -0.001 -9"><span class='ocrx_word' id='word_1_1' title='bbox 368 410 474 468; x_wconf 74' lang='lat'><strong>587</strong></span> <span class='ocrx_word' id='word_1_2' title='bbox 965 403 1280 469; x_wconf 67' lang='lat' dir='ltr'><strong>MUTMNO</strong></span> <span class='ocrx_word' id='word_1_3' title='bbox 1314 408 1561 467; x_wconf 77' lang='lat' dir='ltr'><strong>SCHOL.</strong></span> <span class='ocrx_word' id='word_1_4' title='bbox 1600 406 2060 469; x_wconf 81' lang='lat' dir='ltr'><strong>INTERPBETE.</strong></span> <span class='ocrx_word' id='word_1_5' title='bbox 2099 441 2171 454; x_wconf 92' lang='lat'><strong>--</strong></span> <span class='ocrx_word' id='word_1_6' title='bbox 2197 404 2353 468; x_wconf 71' lang='lat' dir='ltr'><strong>CAP.</strong></span> <span class='ocrx_word' id='word_1_7' title='bbox 2392 408 2492 467; x_wconf 66' lang='lat' dir='ltr'><strong>Xla</strong></span> <span class='ocrx_word' id='word_1_8' title='bbox 2527 406 2759 468; x_wconf 73' lang='lat' dir='ltr'><strong>llOlllL.</strong></span> <span class='ocrx_word' id='word_1_9' title='bbox 2800 407 2992 468; x_wconf 80' lang='lat' dir='ltr'><strong>XXIV.</strong></span> <span class='ocrx_word' id='word_1_10' title='bbox 3501 409 3611 465; x_wconf 62' lang='lat'><strong>583</strong></span> <span class='ocrx_word' id='word_1_11' title='bbox 3646 472 3651 477; x_wconf 28' lang='grc' dir='ltr'><strong>η</strong></span> 
     </span>
    </p>
   </div>
   <div class='ocr_carea' id='block_1_2' title="bbox 362 506 3601 595">
    <p class='ocr_par' dir='ltr' id='par_1_2' title="bbox 362 506 3601 595">
     <span class='ocr_line' id='line_1_2' title="bbox 362 506 3601 595; baseline -0.002 -11"><span class='ocrx_word' id='word_1_12' title='bbox 362 526 579 584; x_wconf 69' lang='lat' dir='ltr'><strong>‘vdcarz</strong></span> <span class='ocrx_word' id='word_1_13' title='bbox 607 515 799 581; x_wconf 84' lang='lat' dir='ltr'><strong>Deus.</strong></span> <span class='ocrx_word' id='word_1_14' title='bbox 830 515 969 595; x_wconf 73' lang='lat' dir='ltr'><strong>Nan</strong></span> <span class='ocrx_word' id='word_1_15' title='bbox 998 515 1206 577; x_wconf 91' lang='lat' dir='ltr'><strong>solum</strong></span> <span class='ocrx_word' id='word_1_16' title='bbox 1236 515 1474 577; x_wconf 90' lang='lat' dir='ltr'><strong>mundo</strong></span> <span class='ocrx_word' id='word_1_17' title='bbox 1502 518 1808 595; x_wconf 69' lang='lat' dir='ltr'><strong>aequales,</strong></span> <span class='ocrx_word' id='word_1_18' title='bbox 1840 518 1951 579; x_wconf 90' lang='lat' dir='ltr'><strong>sed</strong></span> <span class='ocrx_word' id='word_1_19' title='bbox 1977 506 2152 578; x_wconf 78' lang='lat' dir='ltr'><strong>mille</strong></span> <span class='ocrx_word' id='word_1_20' title='bbox 2182 515 2417 577; x_wconf 79' lang='lat' dir='ltr'><strong>talibus</strong></span> <span class='ocrx_word' id='word_1_21' title='bbox 2443 526 2849 595; x_wconf 73' lang='lat' dir='ltr'><strong>zeqmparant</strong></span> <span class='ocrx_word' id='word_1_22' title='bbox 2876 512 3265 595; x_wconf 72' lang='lat' dir='ltr'><strong>meritorum</strong></span> <span class='ocrx_word' id='word_1_23' title='bbox 3280 522 3601 595; x_wconf 87' lang='lat' dir='ltr'><strong>momenta</strong></span> 
     </span>
    </p>
   </div>
   <div class='ocr_carea' id='block_1_3' title="bbox 360 591 3608 677">
    <p class='ocr_par' dir='ltr' id='par_1_3' title="bbox 360 591 3608 677">
     <span class='ocr_line' id='line_1_3' title="bbox 360 591 3608 677; baseline -0.001 -15"><span class='ocrx_word' id='word_1_24' title='bbox 360 607 726 662; x_wconf 83' lang='lat' dir='ltr'><strong>sanctorum</strong></span> <span class='ocrx_word' id='word_1_25' title='bbox 757 616 773 655; x_wconf 91' lang='lat'><strong>:</strong></span> <span class='ocrx_word' id='word_1_26' title='bbox 801 594 1038 677; x_wconf 81' lang='lat' dir='ltr'><strong>Melior</strong></span> <span class='ocrx_word' id='word_1_27' title='bbox 1064 595 1303 672; x_wconf 90' lang='lat' dir='ltr'><strong>quippe</strong></span> <span class='ocrx_word' id='word_1_28' title='bbox 1316 614 1494 677; x_wconf 58' lang='lat' dir='ltr'><strong>pnus</strong></span> <span class='ocrx_word' id='word_1_29' title='bbox 1518 591 1755 677; x_wconf 57' lang='lat' dir='ltr'><strong>[abiens</strong></span> <span class='ocrx_word' id='word_1_30' title='bbox 1780 595 2470 677; x_wconf 58' lang='lat' dir='ltr'><strong>voluntatemﬂomiai,</strong></span> <span class='ocrx_word' id='word_1_31' title='bbox 2499 591 2688 677; x_wconf 58' lang='lat' dir='ltr'><strong>quam</strong></span> <span class='ocrx_word' id='word_1_32' title='bbox 2715 592 2915 677; x_wconf 81' lang='lat' dir='ltr'><strong>decem</strong></span> <span class='ocrx_word' id='word_1_33' title='bbox 2942 591 3144 652; x_wconf 77' lang='lat' dir='ltr'><strong>millia</strong></span> <span class='ocrx_word' id='word_1_34' title='bbox 3170 592 3407 677; x_wconf 41' lang='lat' dir='ltr'><strong>iniqua</strong></span> <span class='ocrx_word' id='word_1_35' title='bbox 3425 595 3608 670; x_wconf 87' lang='lat' dir='ltr'><strong>Quod</strong></span> 
     </span>
    </p>
   </div>
   <div class='ocr_carea' id='block_1_4' title="bbox 363 672 3610 767">
    <p class='ocr_par' dir='ltr' id='par_1_4' title="bbox 363 672 3610 767">
     <span class='ocr_line' id='line_1_4' title="bbox 363 672 3610 767; baseline -0.001 -28"><span class='ocrx_word' id='word_1_36' title='bbox 363 696 518 767; x_wconf 72' lang='lat' dir='ltr'><strong>vero</strong></span> <span class='ocrx_word' id='word_1_37' title='bbox 541 678 727 767; x_wconf 75' lang='lat' dir='ltr'><strong>sic_se</strong></span> <span class='ocrx_word' id='word_1_38' title='bbox 754 673 1121 767; x_wconf 85' lang='lat' dir='ltr'><strong>peregrinos</strong></span> <span class='ocrx_word' id='word_1_39' title='bbox 1153 675 1470 766; x_wconf 78' lang='lat' dir='ltr'><strong>vocabant</strong></span> <span class='ocrx_word' id='word_1_40' title='bbox 1493 672 2047 767; x_wconf 34' lang='lat' dir='ltr'><strong>manifestum‘est.</strong></span> <span class='ocrx_word' id='word_1_41' title='bbox 2074 674 2193 767; x_wconf 72' lang='lat' dir='ltr'><strong>Sed</strong></span> <span class='ocrx_word' id='word_1_42' title='bbox 2217 680 2380 767; x_wconf 67' lang='lat' dir='ltr'><strong>esto,</strong></span> <span class='ocrx_word' id='word_1_43' title='bbox 2409 672 2705 735; x_wconf 76' lang='lat' dir='ltr'><strong>istii‘orte</strong></span> <span class='ocrx_word' id='word_1_44' title='bbox 2735 676 2999 767; x_wconf 61' lang='lat' dir='ltr'><strong>proptsr</strong></span> <span class='ocrx_word' id='word_1_45' title='bbox 3019 672 3610 767; x_wconf 69' lang='lat' dir='ltr'><strong>peregrinationem</strong></span> 
     </span>
    </p>
   </div>
   <div class='ocr_carea' id='block_1_5' title="bbox 360 752 3613 832">
    <p class='ocr_par' dir='ltr' id='par_1_5' title="bbox 360 752 3613 832">
     <span class='ocr_line' id='line_1_5' title="bbox 360 752 3613 832; baseline -0.001 -14"><span class='ocrx_word' id='word_1_46' title='bbox 360 758 660 818; x_wconf 76' lang='lat' dir='ltr'><strong>dicebant</strong></span> <span class='ocrx_word' id='word_1_47' title='bbox 686 752 931 831; x_wconf 83' lang='lat' dir='ltr'><strong>scipsos</strong></span> <span class='ocrx_word' id='word_1_48' title='bbox 964 752 1336 831; x_wconf 87' lang='lat' dir='ltr'><strong>peregrinos</strong></span> <span class='ocrx_word' id='word_1_49' title='bbox 1367 772 1383 811; x_wconf 91' lang='lat'><strong>:</strong></span> <span class='ocrx_word' id='word_1_50' title='bbox 1412 754 1566 832; x_wconf 91' lang='lat' dir='ltr'><strong>quid</strong></span> <span class='ocrx_word' id='word_1_51' title='bbox 1610 762 1827 817; x_wconf 88' lang='lat' dir='ltr'><strong>autem</strong></span> <span class='ocrx_word' id='word_1_52' title='bbox 1869 757 2062 817; x_wconf 90' lang='lat' dir='ltr'><strong>etiam</strong></span> <span class='ocrx_word' id='word_1_53' title='bbox 2090 753 2340 816; x_wconf 84' lang='lat' dir='ltr'><strong>David?</strong></span> <span class='ocrx_word' id='word_1_54' title='bbox 2368 770 2583 814; x_wconf 85' lang='lat' dir='ltr'><strong>nonne</strong></span> <span class='ocrx_word' id='word_1_55' title='bbox 2603 770 2728 832; x_wconf 78' lang='lat' dir='ltr'><strong>rex</strong></span> <span class='ocrx_word' id='word_1_56' title='bbox 2771 752 2954 812; x_wconf 86' lang='lat' dir='ltr'><strong>erat?</strong></span> <span class='ocrx_word' id='word_1_57' title='bbox 2990 768 3206 832; x_wconf 79' lang='lat' dir='ltr'><strong>nonne</strong></span> <span class='ocrx_word' id='word_1_58' title='bbox 3251 753 3613 830; x_wconf 80' lang='lat' dir='ltr'><strong>propheta?</strong></span> 
     </span>
    </p>
   </div>
   <div class='ocr_carea' id='block_1_6' title="bbox 363 828 3612 915">
    <p class='ocr_par' dir='ltr' id='par_1_6' title="bbox 363 828 3612 915">
     <span class='ocr_line' id='line_1_6' title="bbox 363 828 3612 915; baseline -0 -18"><span class='ocrx_word' id='word_1_59' title='bbox 363 843 578 915; x_wconf 85' lang='lat' dir='ltr'><strong>nonne</strong></span> <span class='ocrx_word' id='word_1_60' title='bbox 612 834 679 892; x_wconf 91' lang='lat' dir='ltr'><strong>in</strong></span> <span class='ocrx_word' id='word_1_61' title='bbox 709 828 829 915; x_wconf 69' lang='lat' dir='ltr'><strong>sua</strong></span> <span class='ocrx_word' id='word_1_62' title='bbox 862 828 1069 911; x_wconf 72' lang='lat' dir='ltr'><strong>patria</strong></span> <span class='ocrx_word' id='word_1_63' title='bbox 1098 828 1407 915; x_wconf 67' lang='lat' dir='ltr'><strong>degebati</strong></span> <span class='ocrx_word' id='word_1_64' title='bbox 1427 828 1631 915; x_wconf 72' lang='lat' dir='ltr'><strong>quare</strong></span> <span class='ocrx_word' id='word_1_65' title='bbox 1657 843 1813 915; x_wconf 86' lang='lat' dir='ltr'><strong>ergo</strong></span> <span class='ocrx_word' id='word_1_66' title='bbox 1840 835 2003 896; x_wconf 89' lang='lat' dir='ltr'><strong>dixit</strong></span> <span class='ocrx_word' id='word_1_67' title='bbox 2035 854 2050 893; x_wconf 88' lang='lat'><strong>:</strong></span> <span class='ocrx_word' id='word_1_68' title='bbox 2082 832 2461 915; x_wconf 69' lang='lat' dir='ltr'><strong>Peregrinus</strong></span> <span class='ocrx_word' id='word_1_69' title='bbox 2485 840 2563 915; x_wconf 85' lang='lat' dir='ltr'><strong>_et</strong></span> <span class='ocrx_word' id='word_1_70' title='bbox 2595 830 2813 915; x_wconf 63' lang='lat' dir='ltr'><strong>hospes</strong></span> <span class='ocrx_word' id='word_1_71' title='bbox 2846 828 3191 915; x_wconf 81' lang='lat' dir='ltr'><strong>sum?_D_ic,</strong></span> <span class='ocrx_word' id='word_1_72' title='bbox 3225 828 3446 915; x_wconf 70' lang='lat' dir='ltr'><strong>sancte</strong></span> <span class='ocrx_word' id='word_1_73' title='bbox 3471 836 3612 896; x_wconf 83' lang='lat' dir='ltr'><strong>Da—</strong></span> 
     </span>
    </p>
   </div>
   <div class='ocr_carea' id='block_1_7' title="bbox 363 909 3597 994">
    <p class='ocr_par' dir='ltr' id='par_1_7' title="bbox 363 909 3597 994">
     <span class='ocr_line' id='line_1_7' title="bbox 363 909 3597 994; baseline -0.002 -21"><span class='ocrx_word' id='word_1_74' title='bbox 363 914 467 977; x_wconf 79' lang='lat' dir='ltr'><strong>vid</strong></span> <span class='ocrx_word' id='word_1_75' title='bbox 487 958 505 986; x_wconf 95' lang='lat'><strong>,</strong></span> <span class='ocrx_word' id='word_1_76' title='bbox 535 909 962 994; x_wconf 55' lang='lat' dir='ltr'><strong>quomodo&#39;es</strong></span> <span class='ocrx_word' id='word_1_77' title='bbox 989 909 1415 994; x_wconf 75' lang='lat' dir='ltr'><strong>peregrinus?</strong></span> <span class='ocrx_word' id='word_1_78' title='bbox 1443 909 1621 981; x_wconf 71' lang='lat' dir='ltr'><strong>Sicut</strong></span> <span class='ocrx_word' id='word_1_79' title='bbox 1641 909 1859 994; x_wconf 67' lang='lat' dir='ltr'><strong>patres</strong></span> <span class='ocrx_word' id='word_1_80' title='bbox 1881 958 1897 987; x_wconf 94' lang='lat'><strong>,</strong></span> <span class='ocrx_word' id='word_1_81' title='bbox 1929 914 2178 994; x_wconf 85' lang='lat' dir='ltr'><strong>inquit,</strong></span> <span class='ocrx_word' id='word_1_82' title='bbox 2208 909 2325 994; x_wconf 69' lang='lat' dir='ltr'><strong>nisi</strong></span> <span class='ocrx_word' id='word_1_83' title='bbox 2342 956 2362 981; x_wconf 88' lang='lat'><strong>,</strong></span> <span class='ocrx_word' id='word_1_84' title='bbox 2388 911 2544 991; x_wconf 86' lang='lat' dir='ltr'><strong>quia</strong></span> <span class='ocrx_word' id='word_1_85' title='bbox 2574 915 2638 972; x_wconf 91' lang='lat' dir='ltr'><strong>et</strong></span> <span class='ocrx_word' id='word_1_86' title='bbox 2667 911 2758 994; x_wconf 82' lang='lat' dir='ltr'><strong>illi</strong></span> <span class='ocrx_word' id='word_1_87' title='bbox 2799 909 3120 994; x_wconf 69' lang='lat' dir='ltr'><strong>peregrini</strong></span> <span class='ocrx_word' id='word_1_88' title='bbox 3149 917 3355 971; x_wconf 89' lang='lat' dir='ltr'><strong>erant.</strong></span> <span class='ocrx_word' id='word_1_89' title='bbox 3384 911 3597 994; x_wconf 70' lang='lat' dir='ltr'><strong>Habe-</strong></span> 
     </span>
    </p>
   </div>
   <div class='ocr_carea' id='block_1_8' title="bbox 365 986 3605 1071">
    <p class='ocr_par' dir='ltr' id='par_1_8' title="bbox 365 986 3605 1071">
     <span class='ocr_line' id='line_1_8' title="bbox 365 986 3605 1071; baseline -0.002 -18"><span class='ocrx_word' id='word_1_90' title='bbox 365 1005 531 1063; x_wconf 86' lang='lat' dir='ltr'><strong>mus,</strong></span> <span class='ocrx_word' id='word_1_91' title='bbox 557 986 817 1069; x_wconf 59' lang='lat' dir='ltr'><strong>&#39;inquit,</strong></span> <span class='ocrx_word' id='word_1_92' title='bbox 869 986 1179 1071; x_wconf 63' lang='lat' dir='ltr'><strong>patriam,</strong></span> <span class='ocrx_word' id='word_1_93' title='bbox 1220 1006 1450 1053; x_wconf 81' lang='lat' dir='ltr'><strong>revera</strong></span> <span class='ocrx_word' id='word_1_94' title='bbox 1473 986 1771 1071; x_wconf 75' lang='lat' dir='ltr'><strong>patriam.</strong></span> <span class='ocrx_word' id='word_1_95' title='bbox 1802 986 2138 1069; x_wconf 76' lang='lat' dir='ltr'><strong>Quomodo</strong></span> <span class='ocrx_word' id='word_1_96' title='bbox 2181 992 2335 1068; x_wconf 79' lang='lat' dir='ltr'><strong>ergo</strong></span> <span class='ocrx_word' id='word_1_97' title='bbox 2364 986 2433 1051; x_wconf 77' lang='lat' dir='ltr'><strong>tu</strong></span> <span class='ocrx_word' id='word_1_98' title='bbox 2486 986 2866 1071; x_wconf 83' lang='lat' dir='ltr'><strong>peregrinus</strong></span> <span class='ocrx_word' id='word_1_99' title='bbox 2905 986 3019 1071; x_wconf 74' lang='lat' dir='ltr'><strong>es?</strong></span> <span class='ocrx_word' id='word_1_100' title='bbox 3047 986 3122 1048; x_wconf 90' lang='lat' dir='ltr'><strong>In</strong></span> <span class='ocrx_word' id='word_1_101' title='bbox 3152 994 3345 1060; x_wconf 89' lang='lat' dir='ltr'><strong>terra,</strong></span> <span class='ocrx_word' id='word_1_102' title='bbox 3378 990 3605 1069; x_wconf 81' lang='lat' dir='ltr'><strong>inquit.</strong></span> 
     </span>
    </p>
   </div>
   <div class='ocr_carea' id='block_1_9' title="bbox 362 1069 3631 1164">
    <p class='ocr_par' dir='ltr' id='par_1_9' title="bbox 362 1069 3631 1164">
     <span class='ocr_line' id='line_1_9' title="bbox 362 1069 3631 1164; baseline -0.002 -25"><span class='ocrx_word' id='word_1_103' title='bbox 362 1074 637 1164; x_wconf 68' lang='lat' dir='ltr'><strong>Proinde</strong></span> <span class='ocrx_word' id='word_1_104' title='bbox 671 1071 1000 1164; x_wconf 46' lang='lat' dir='ltr'><strong>etiamhilli</strong></span> <span class='ocrx_word' id='word_1_105' title='bbox 1032 1070 1100 1132; x_wconf 93' lang='lat' dir='ltr'><strong>in</strong></span> <span class='ocrx_word' id='word_1_106' title='bbox 1128 1069 1325 1164; x_wconf 70' lang='lat' dir='ltr'><strong>terra.</strong></span> <span class='ocrx_word' id='word_1_107' title='bbox 1361 1069 1539 1132; x_wconf 81' lang='lat' dir='ltr'><strong>Sicut</strong></span> <span class='ocrx_word' id='word_1_108' title='bbox 1570 1071 1689 1144; x_wconf 91' lang='lat' dir='ltr'><strong>illi,</strong></span> <span class='ocrx_word' id='word_1_109' title='bbox 1719 1072 1951 1164; x_wconf 79' lang='lat' dir='ltr'><strong>inquit,</strong></span> <span class='ocrx_word' id='word_1_110' title='bbox 1984 1074 2077 1135; x_wconf 90' lang='lat' dir='ltr'><strong>sic</strong></span> <span class='ocrx_word' id='word_1_111' title='bbox 2105 1074 2300 1164; x_wconf 64' lang='lat' dir='ltr'><strong>etiam</strong></span> <span class='ocrx_word' id='word_1_112' title='bbox 2328 1089 2512 1164; x_wconf 43' lang='lat' dir='ltr'><strong>ego;</strong></span> <span class='ocrx_word' id='word_1_113' title='bbox 2541 1069 2717 1133; x_wconf 87' lang='lat' dir='ltr'><strong>Sicut</strong></span> <span class='ocrx_word' id='word_1_114' title='bbox 2755 1070 3101 1164; x_wconf 44' lang='lat' dir='ltr'><strong>ergohiste,</strong></span> <span class='ocrx_word' id='word_1_115' title='bbox 3150 1071 3249 1164; x_wconf 76' lang='lat' dir='ltr'><strong>sic</strong></span> <span class='ocrx_word' id='word_1_116' title='bbox 3293 1072 3484 1164; x_wconf 62' lang='lat' dir='ltr'><strong>etiam</strong></span> <span class='ocrx_word' id='word_1_117' title='bbox 3514 1071 3631 1164; x_wconf 74' lang='lat' dir='ltr'><strong>illi.</strong></span> 
     </span>
    </p>
   </div>
   <div class='ocr_carea' id='block_1_10' title="bbox 433 1150 3634 1228">
    <p class='ocr_par' dir='ltr' id='par_1_10' title="bbox 433 1150 3634 1228">
     <span class='ocr_line' id='line_1_10' title="bbox 433 1150 3634 1228; baseline -0.001 -13"><span class='ocrx_word' id='word_1_118' title='bbox 433 1154 811 1215; x_wconf 74' lang='lat' dir='ltr'><strong>Etiiciamur</strong></span> <span class='ocrx_word' id='word_1_119' title='bbox 857 1151 1076 1228; x_wconf 84' lang='lat' dir='ltr'><strong>itaque</strong></span> <span class='ocrx_word' id='word_1_120' title='bbox 1119 1151 1314 1211; x_wconf 88' lang='lat' dir='ltr'><strong>etiam</strong></span> <span class='ocrx_word' id='word_1_121' title='bbox 1353 1166 1470 1211; x_wconf 91' lang='lat' dir='ltr'><strong>nos</strong></span> <span class='ocrx_word' id='word_1_122' title='bbox 1502 1150 1857 1228; x_wconf 84' lang='lat' dir='ltr'><strong>peregrini,</strong></span> <span class='ocrx_word' id='word_1_123' title='bbox 1888 1169 1970 1212; x_wconf 88' lang='lat' dir='ltr'><strong>ne</strong></span> <span class='ocrx_word' id='word_1_124' title='bbox 1999 1150 2430 1213; x_wconf 74' lang='lat' dir='ltr'><strong>confundatur</strong></span> <span class='ocrx_word' id='word_1_125' title='bbox 2465 1152 2637 1213; x_wconf 92' lang='lat' dir='ltr'><strong>Deus</strong></span> <span class='ocrx_word' id='word_1_126' title='bbox 2668 1150 2880 1212; x_wconf 90' lang='lat' dir='ltr'><strong>vocari</strong></span> <span class='ocrx_word' id='word_1_127' title='bbox 2913 1150 3081 1211; x_wconf 90' lang='lat' dir='ltr'><strong>Deus</strong></span> <span class='ocrx_word' id='word_1_128' title='bbox 3111 1156 3350 1212; x_wconf 85' lang='lat' dir='ltr'><strong>noster.</strong></span> <span class='ocrx_word' id='word_1_129' title='bbox 3386 1150 3634 1212; x_wconf 80' lang='lat' dir='ltr'><strong>Confu-</strong></span> 
     </span>
    </p>
   </div>
   <div class='ocr_carea' id='block_1_11' title="bbox 357 1228 3627 1312">
    <p class='ocr_par' dir='ltr' id='par_1_11' title="bbox 357 1228 3627 1312">
     <span class='ocr_line' id='line_1_11' title="bbox 357 1228 3627 1312; baseline -0.002 -16"><span class='ocrx_word' id='word_1_130' title='bbox 357 1236 453 1297; x_wconf 88' lang='lat' dir='ltr'><strong>sio</strong></span> <span class='ocrx_word' id='word_1_131' title='bbox 482 1234 725 1312; x_wconf 79' lang='lat' dir='ltr'><strong>quippe</strong></span> <span class='ocrx_word' id='word_1_132' title='bbox 766 1231 857 1312; x_wconf 90' lang='lat' dir='ltr'><strong>illi</strong></span> <span class='ocrx_word' id='word_1_133' title='bbox 905 1237 1033 1312; x_wconf 87' lang='lat' dir='ltr'><strong>est,</strong></span> <span class='ocrx_word' id='word_1_134' title='bbox 1071 1228 1330 1307; x_wconf 85' lang='lat' dir='ltr'><strong>quando</strong></span> <span class='ocrx_word' id='word_1_135' title='bbox 1360 1229 1790 1312; x_wconf 81' lang='lat' dir='ltr'><strong>malignorum</strong></span> <span class='ocrx_word' id='word_1_136' title='bbox 1829 1230 2503 1312; x_wconf 11' lang='lat' dir='ltr'><strong>hominumgvocatur,</strong></span> <span class='ocrx_word' id='word_1_137' title='bbox 2552 1236 2615 1291; x_wconf 90' lang='lat' dir='ltr'><strong>et</strong></span> <span class='ocrx_word' id='word_1_138' title='bbox 2643 1228 2977 1312; x_wconf 83' lang='lat' dir='ltr'><strong>confundit</strong></span> <span class='ocrx_word' id='word_1_139' title='bbox 3021 1230 3164 1290; x_wconf 89' lang='lat' dir='ltr'><strong>illos</strong></span> <span class='ocrx_word' id='word_1_140' title='bbox 3209 1229 3399 1312; x_wconf 84' lang='lat' dir='ltr'><strong>etiam</strong></span> <span class='ocrx_word' id='word_1_141' title='bbox 3442 1231 3577 1312; x_wconf 88' lang='lat' dir='ltr'><strong>ipse</strong></span> <span class='ocrx_word' id='word_1_142' title='bbox 3612 1250 3627 1288; x_wconf 88' lang='lat'><strong>:</strong></span> 
     </span>
    </p>
   </div>
   <div class='ocr_carea' id='block_1_12' title="bbox 358 1308 3632 1390">
    <p class='ocr_par' dir='ltr' id='par_1_12' title="bbox 358 1308 3632 1390">
     <span class='ocr_line' id='line_1_12' title="bbox 358 1308 3632 1390; baseline -0.003 -13"><span class='ocrx_word' id='word_1_143' title='bbox 358 1308 523 1377; x_wconf 76' lang='lat' dir='ltr'><strong>sicut</strong></span> <span class='ocrx_word' id='word_1_144' title='bbox 547 1308 742 1373; x_wconf 85' lang='lat' dir='ltr'><strong>etiam</strong></span> <span class='ocrx_word' id='word_1_145' title='bbox 764 1308 1194 1390; x_wconf 85' lang='lat' dir='ltr'><strong>gloriﬁcatur,</strong></span> <span class='ocrx_word' id='word_1_146' title='bbox 1223 1309 1481 1390; x_wconf 90' lang='lat' dir='ltr'><strong>quando</strong></span> <span class='ocrx_word' id='word_1_147' title='bbox 1517 1308 1944 1390; x_wconf 84' lang='lat' dir='ltr'><strong>benignorum</strong></span> <span class='ocrx_word' id='word_1_148' title='bbox 1972 1315 2036 1390; x_wconf 87' lang='lat' dir='ltr'><strong>et</strong></span> <span class='ocrx_word' id='word_1_149' title='bbox 2063 1310 2453 1388; x_wconf 84' lang='lat' dir='ltr'><strong>Optimorum</strong></span> <span class='ocrx_word' id='word_1_150' title='bbox 2486 1309 2824 1369; x_wconf 89' lang='lat' dir='ltr'><strong>hominum</strong></span> <span class='ocrx_word' id='word_1_151' title='bbox 2856 1316 3125 1390; x_wconf 78' lang='lat' dir='ltr'><strong>vocatur</strong></span> <span class='ocrx_word' id='word_1_152' title='bbox 3174 1313 3238 1390; x_wconf 86' lang='lat' dir='ltr'><strong>et</strong></span> <span class='ocrx_word' id='word_1_153' title='bbox 3281 1309 3632 1371; x_wconf 89' lang='lat' dir='ltr'><strong>colentium</strong></span> 
     </span>
    </p>
   </div>
   <div class='ocr_carea' id='block_1_13' title="bbox 359 1387 3635 1464">
    <p class='ocr_par' dir='ltr' id='par_1_13' title="bbox 359 1387 3635 1464">
     <span class='ocr_line' id='line_1_13' title="bbox 359 1387 3635 1464; baseline -0.002 -8"><span class='ocrx_word' id='word_1_154' title='bbox 359 1396 683 1456; x_wconf 76' lang='lat' dir='ltr'><strong>virtutem.</strong></span> <span class='ocrx_word' id='word_1_155' title='bbox 708 1387 975 1450; x_wconf 57' lang='lat' dir='ltr'><strong>Si&#39;enim</strong></span> <span class='ocrx_word' id='word_1_156' title='bbox 1007 1404 1122 1448; x_wconf 83' lang='lat' dir='ltr'><strong>nos</strong></span> <span class='ocrx_word' id='word_1_157' title='bbox 1165 1389 1483 1448; x_wconf 84' lang='lat' dir='ltr'><strong>evitamus</strong></span> <span class='ocrx_word' id='word_1_158' title='bbox 1514 1388 1732 1448; x_wconf 83' lang='lat' dir='ltr'><strong>vocari</strong></span> <span class='ocrx_word' id='word_1_159' title='bbox 1760 1387 2004 1449; x_wconf 89' lang='lat' dir='ltr'><strong>domini</strong></span> <span class='ocrx_word' id='word_1_160' title='bbox 2032 1387 2354 1451; x_wconf 87' lang='lat' dir='ltr'><strong>malorum</strong></span> <span class='ocrx_word' id='word_1_161' title='bbox 2400 1405 2774 1458; x_wconf 89' lang='lat' dir='ltr'><strong>servorum,</strong></span> <span class='ocrx_word' id='word_1_162' title='bbox 2827 1391 2890 1447; x_wconf 89' lang='lat' dir='ltr'><strong>et</strong></span> <span class='ocrx_word' id='word_1_163' title='bbox 2915 1387 3346 1464; x_wconf 90' lang='lat' dir='ltr'><strong>relinquimus</strong></span> <span class='ocrx_word' id='word_1_164' title='bbox 3383 1405 3532 1461; x_wconf 87' lang='lat' dir='ltr'><strong>eos;</strong></span> <span class='ocrx_word' id='word_1_165' title='bbox 3571 1394 3635 1448; x_wconf 89' lang='lat' dir='ltr'><strong>et</strong></span> 
     </span>
    </p>
   </div>
   <div class='ocr_carea' id='block_1_14' title="bbox 366 1466 3616 1548">
    <p class='ocr_par' dir='ltr' id='par_1_14' title="bbox 366 1466 3616 1548">
     <span class='ocr_line' id='line_1_14' title="bbox 366 1466 3616 1548; baseline -0.002 -13"><span class='ocrx_word' id='word_1_166' title='bbox 366 1477 415 1535; x_wconf 88' lang='lat' dir='ltr'><strong>si</strong></span> <span class='ocrx_word' id='word_1_167' title='bbox 447 1488 562 1532; x_wconf 90' lang='lat' dir='ltr'><strong>nos</strong></span> <span class='ocrx_word' id='word_1_168' title='bbox 591 1468 921 1548; x_wconf 81' lang='lat' dir='ltr'><strong>appellans</strong></span> <span class='ocrx_word' id='word_1_169' title='bbox 948 1466 1183 1548; x_wconf 86' lang='lat' dir='ltr'><strong>aliquis</strong></span> <span class='ocrx_word' id='word_1_170' title='bbox 1210 1467 1412 1538; x_wconf 89' lang='lat' dir='ltr'><strong>dicat,</strong></span> <span class='ocrx_word' id='word_1_171' title='bbox 1445 1466 1600 1544; x_wconf 91' lang='lat' dir='ltr'><strong>quia</strong></span> <span class='ocrx_word' id='word_1_172' title='bbox 1631 1466 1834 1548; x_wconf 86' lang='lat' dir='ltr'><strong>multa</strong></span> <span class='ocrx_word' id='word_1_173' title='bbox 1862 1469 2033 1530; x_wconf 89' lang='lat' dir='ltr'><strong>mala</strong></span> <span class='ocrx_word' id='word_1_174' title='bbox 2060 1473 2403 1548; x_wconf 87' lang='lat' dir='ltr'><strong>operatur,</strong></span> <span class='ocrx_word' id='word_1_175' title='bbox 2436 1483 2836 1548; x_wconf 80' lang='lat' dir='ltr'><strong>numservus</strong></span> <span class='ocrx_word' id='word_1_176' title='bbox 2869 1471 3017 1548; x_wconf 84' lang='lat' dir='ltr'><strong>tuus</strong></span> <span class='ocrx_word' id='word_1_177' title='bbox 3049 1468 3187 1548; x_wconf 64' lang='lat' dir='ltr'><strong>est?</strong></span> <span class='ocrx_word' id='word_1_178' title='bbox 3216 1484 3432 1527; x_wconf 89' lang='lat' dir='ltr'><strong>nonne</strong></span> <span class='ocrx_word' id='word_1_179' title='bbox 3463 1485 3616 1528; x_wconf 91' lang='lat' dir='ltr'><strong>con-</strong></span> 
     </span>
    </p>
   </div>
   <div class='ocr_carea' id='block_1_15' title="bbox 364 1543 3631 1626">
    <p class='ocr_par' dir='ltr' id='par_1_15' title="bbox 364 1543 3631 1626">
     <span class='ocr_line' id='line_1_15' title="bbox 364 1543 3631 1626; baseline -0.003 -11"><span class='ocrx_word' id='word_1_180' title='bbox 364 1552 574 1615; x_wconf 79' lang='lat' dir='ltr'><strong>festim</strong></span> <span class='ocrx_word' id='word_1_181' title='bbox 593 1543 858 1611; x_wconf 75' lang='lat' dir='ltr'><strong>dicimus</strong></span> <span class='ocrx_word' id='word_1_182' title='bbox 889 1543 1484 1626; x_wconf 13' lang='lat' dir='ltr'><strong>quiaﬁnequaquam:</strong></span> <span class='ocrx_word' id='word_1_183' title='bbox 1504 1589 1520 1615; x_wconf 92' lang='lat'><strong>,</strong></span> <span class='ocrx_word' id='word_1_184' title='bbox 1545 1545 1935 1626; x_wconf 84' lang='lat' dir='ltr'><strong>repellentes</strong></span> <span class='ocrx_word' id='word_1_185' title='bbox 1960 1543 2383 1626; x_wconf 74' lang='lat' dir='ltr'><strong>opprobrium</strong></span> <span class='ocrx_word' id='word_1_186' title='bbox 2405 1545 2765 1626; x_wconf 71' lang='lat' dir='ltr'><strong>Thabitudo</strong></span> <span class='ocrx_word' id='word_1_187' title='bbox 2795 1545 2964 1626; x_wconf 89' lang='lat' dir='ltr'><strong>enim</strong></span> <span class='ocrx_word' id='word_1_188' title='bbox 2995 1543 3286 1626; x_wconf 65' lang='lat' dir='ltr'><strong>quaedam</strong></span> <span class='ocrx_word' id='word_1_189' title='bbox 3318 1552 3412 1626; x_wconf 75' lang='lat' dir='ltr'><strong>est</strong></span> <span class='ocrx_word' id='word_1_190' title='bbox 3439 1564 3631 1626; x_wconf 84' lang='lat' dir='ltr'><strong>servo</strong></span> 
     </span>
    </p>
   </div>
   <div class='ocr_carea' id='block_1_16' title="bbox 360 1624 3629 1704">
    <p class='ocr_par' dir='ltr' id='par_1_16' title="bbox 360 1624 3629 1704">
     <span class='ocr_line' id='line_1_16' title="bbox 360 1624 3629 1704; baseline -0.002 -11"><span class='ocrx_word' id='word_1_191' title='bbox 360 1632 440 1694; x_wconf 90' lang='lat' dir='ltr'><strong>ad</strong></span> <span class='ocrx_word' id='word_1_192' title='bbox 485 1630 850 1700; x_wconf 90' lang='lat' dir='ltr'><strong>dominum,</strong></span> <span class='ocrx_word' id='word_1_193' title='bbox 883 1624 945 1687; x_wconf 86' lang='lat' dir='ltr'><strong>et</strong></span> <span class='ocrx_word' id='word_1_194' title='bbox 989 1625 1220 1687; x_wconf 87' lang='lat' dir='ltr'><strong>transit</strong></span> <span class='ocrx_word' id='word_1_195' title='bbox 1249 1624 1601 1704; x_wconf 81' lang='lat' dir='ltr'><strong>ignominia</strong></span> <span class='ocrx_word' id='word_1_196' title='bbox 1626 1627 1708 1685; x_wconf 92' lang='lat' dir='ltr'><strong>ab</strong></span> <span class='ocrx_word' id='word_1_197' title='bbox 1740 1625 1850 1686; x_wconf 91' lang='lat' dir='ltr'><strong>illo</strong></span> <span class='ocrx_word' id='word_1_198' title='bbox 1898 1626 1979 1687; x_wconf 93' lang='lat' dir='ltr'><strong>ad</strong></span> <span class='ocrx_word' id='word_1_199' title='bbox 2008 1624 2296 1687; x_wconf 59' lang='lat' dir='ltr'><strong>illum“</strong></span> <span class='ocrx_word' id='word_1_200' title='bbox 2342 1624 2462 1686; x_wconf 86' lang='lat' dir='ltr'><strong>Sed</strong></span> <span class='ocrx_word' id='word_1_201' title='bbox 2502 1625 2593 1685; x_wconf 83' lang='lat' dir='ltr'><strong>illi</strong></span> <span class='ocrx_word' id='word_1_202' title='bbox 2635 1629 2821 1686; x_wconf 91' lang='lat' dir='ltr'><strong>erant</strong></span> <span class='ocrx_word' id='word_1_203' title='bbox 2859 1624 3057 1694; x_wconf 90' lang='lat' dir='ltr'><strong>clari,</strong></span> <span class='ocrx_word' id='word_1_204' title='bbox 3107 1626 3194 1686; x_wconf 89' lang='lat' dir='ltr'><strong>ita</strong></span> <span class='ocrx_word' id='word_1_205' title='bbox 3245 1624 3629 1687; x_wconf 79' lang='lat' dir='ltr'><strong>confidentia</strong></span> 
     </span>
    </p>
   </div>
   <div class='ocr_carea' id='block_1_17' title="bbox 361 1703 3631 1790">
    <p class='ocr_par' dir='ltr' id='par_1_17' title="bbox 361 1703 3631 1790">
     <span class='ocr_line' id='line_1_17' title="bbox 361 1703 3631 1790; baseline -0.002 -19"><span class='ocrx_word' id='word_1_206' title='bbox 361 1710 532 1790; x_wconf 80' lang='lat' dir='ltr'><strong>pleni</strong></span> <span class='ocrx_word' id='word_1_207' title='bbox 558 1713 677 1790; x_wconf 81' lang='lat' dir='ltr'><strong>~,_ut</strong></span> <span class='ocrx_word' id='word_1_208' title='bbox 702 1724 833 1790; x_wconf 77' lang='lat' dir='ltr'><strong>non</strong></span> <span class='ocrx_word' id='word_1_209' title='bbox 872 1705 1084 1790; x_wconf 79' lang='lat' dir='ltr'><strong>solum</strong></span> <span class='ocrx_word' id='word_1_210' title='bbox 1115 1721 1243 1764; x_wconf 89' lang='lat' dir='ltr'><strong>non</strong></span> <span class='ocrx_word' id='word_1_211' title='bbox 1283 1703 1821 1790; x_wconf 39' lang='lat' dir='ltr'><strong>&#39;conjunieretur,</strong></span> <span class='ocrx_word' id='word_1_212' title='bbox 1867 1723 2015 1767; x_wconf 86' lang='lat' dir='ltr'><strong>cum</strong></span> <span class='ocrx_word' id='word_1_213' title='bbox 2053 1708 2139 1790; x_wconf 73' lang='lat' dir='ltr'><strong>ab</strong></span> <span class='ocrx_word' id='word_1_214' title='bbox 2175 1706 2302 1790; x_wconf 77' lang='lat' dir='ltr'><strong>illis</strong></span> <span class='ocrx_word' id='word_1_215' title='bbox 2339 1707 2695 1790; x_wconf 60' lang='lat' dir='ltr'><strong>vocabatur</strong></span> <span class='ocrx_word' id='word_1_216' title='bbox 2718 1704 2900 1790; x_wconf 67' lang='lat' dir='ltr'><strong>‘De_us</strong></span> <span class='ocrx_word' id='word_1_217' title='bbox 2922 1705 3333 1790; x_wconf 45' lang='lat' dir='ltr'><strong>,_sc_dmet_iam</strong></span> <span class='ocrx_word' id='word_1_218' title='bbox 3374 1705 3518 1790; x_wconf 75' lang='lat' dir='ltr'><strong>ipse</strong></span> <span class='ocrx_word' id='word_1_219' title='bbox 3552 1706 3631 1765; x_wconf 89' lang='lat' dir='ltr'><strong>ad</strong></span> 
     </span>
    </p>
   </div>
   <div class='ocr_carea' id='block_1_18' title="bbox 361 1781 3634 1867">
    <p class='ocr_par' dir='ltr' id='par_1_18' title="bbox 361 1781 3634 1867">
     <span class='ocr_line' id='line_1_18' title="bbox 361 1781 3634 1867; baseline -0.002 -16"><span class='ocrx_word' id='word_1_220' title='bbox 361 1781 533 1867; x_wconf 83' lang='lat' dir='ltr'><strong>ipsos</strong></span> <span class='ocrx_word' id='word_1_221' title='bbox 563 1787 816 1867; x_wconf 77' lang='lat' dir='ltr'><strong>diccbat</strong></span> <span class='ocrx_word' id='word_1_222' title='bbox 851 1805 866 1867; x_wconf 67' lang='grc' dir='ltr'><strong><em>ς</em></strong></span> <span class='ocrx_word' id='word_1_223' title='bbox 899 1785 1066 1867; x_wconf 83' lang='lat' dir='ltr'><strong>Quia</strong></span> <span class='ocrx_word' id='word_1_224' title='bbox 1084 1801 1355 1867; x_wconf 40' lang='lat' dir='ltr'><strong>ego‘sum</strong></span> <span class='ocrx_word' id='word_1_225' title='bbox 1386 1784 1545 1843; x_wconf 84' lang='lat' dir='ltr'><strong>Deus</strong></span> <span class='ocrx_word' id='word_1_226' title='bbox 1571 1783 1875 1867; x_wconf 58' lang='lat' dir='ltr'><strong>Abraham</strong></span> <span class='ocrx_word' id='word_1_227' title='bbox 1897 1793 2008 1853; x_wconf 61' lang='grc' dir='ltr'><strong>,ιι</strong></span> <span class='ocrx_word' id='word_1_228' title='bbox 2041 1787 2207 1847; x_wconf 74' lang='lat' dir='ltr'><strong>Deus</strong></span> <span class='ocrx_word' id='word_1_229' title='bbox 2238 1787 2421 1867; x_wconf 76' lang='lat' dir='ltr'><strong>Isaac</strong></span> <span class='ocrx_word' id='word_1_230' title='bbox 2446 1792 2551 1867; x_wconf 79' lang='lat' dir='ltr'><strong>,_et</strong></span> <span class='ocrx_word' id='word_1_231' title='bbox 2588 1784 2753 1867; x_wconf 73' lang='lat' dir='ltr'><strong>Deus</strong></span> <span class='ocrx_word' id='word_1_232' title='bbox 2780 1781 3410 1867; x_wconf 35' lang='lat' dir='ltr'><strong>JacobLEt‘ﬁciamur</strong></span> <span class='ocrx_word' id='word_1_233' title='bbox 3438 1785 3634 1863; x_wconf 81' lang='lat' dir='ltr'><strong>igitur</strong></span> 
     </span>
    </p>
   </div>
   <div class='ocr_carea' id='block_1_19' title="bbox 360 1860 3631 1942">
    <p class='ocr_par' dir='ltr' id='par_1_19' title="bbox 360 1860 3631 1942">
     <span class='ocr_line' id='line_1_19' title="bbox 360 1860 3631 1942; baseline -0.001 -13"><span class='ocrx_word' id='word_1_234' title='bbox 360 1860 475 1929; x_wconf 77' lang='lat' dir='ltr'><strong>nos</strong></span> <span class='ocrx_word' id='word_1_235' title='bbox 502 1911 519 1940; x_wconf 89' lang='lat'><strong>,</strong></span> <span class='ocrx_word' id='word_1_236' title='bbox 563 1883 605 1927; x_wconf 90' lang='lat' dir='ltr'><strong>o</strong></span> <span class='ocrx_word' id='word_1_237' title='bbox 655 1864 1090 1936; x_wconf 88' lang='lat' dir='ltr'><strong>dilectissimi,</strong></span> <span class='ocrx_word' id='word_1_238' title='bbox 1122 1860 1479 1924; x_wconf 77' lang='lat' dir='ltr'><strong>efﬁciamur</strong></span> <span class='ocrx_word' id='word_1_239' title='bbox 1509 1864 1867 1941; x_wconf 79' lang='lat' dir='ltr'><strong>peregrini,</strong></span> <span class='ocrx_word' id='word_1_240' title='bbox 1907 1868 1980 1924; x_wconf 91' lang='lat' dir='ltr'><strong>ut</strong></span> <span class='ocrx_word' id='word_1_241' title='bbox 2024 1882 2156 1925; x_wconf 90' lang='lat' dir='ltr'><strong>non</strong></span> <span class='ocrx_word' id='word_1_242' title='bbox 2199 1863 2634 1927; x_wconf 83' lang='lat' dir='ltr'><strong>confundatur</strong></span> <span class='ocrx_word' id='word_1_243' title='bbox 2675 1861 2753 1923; x_wconf 88' lang='lat' dir='ltr'><strong>de</strong></span> <span class='ocrx_word' id='word_1_244' title='bbox 2784 1862 2970 1923; x_wconf 90' lang='lat' dir='ltr'><strong>nobis</strong></span> <span class='ocrx_word' id='word_1_245' title='bbox 3005 1860 3177 1922; x_wconf 87' lang='lat' dir='ltr'><strong>Deus</strong></span> <span class='ocrx_word' id='word_1_246' title='bbox 3203 1907 3220 1933; x_wconf 90' lang='lat'><strong>,</strong></span> <span class='ocrx_word' id='word_1_247' title='bbox 3251 1866 3315 1923; x_wconf 91' lang='lat' dir='ltr'><strong>et</strong></span> <span class='ocrx_word' id='word_1_248' title='bbox 3370 1860 3489 1923; x_wconf 78' lang='lat' dir='ltr'><strong>nos</strong></span> <span class='ocrx_word' id='word_1_249' title='bbox 3521 1882 3631 1942; x_wconf 84' lang='lat' dir='ltr'><strong>ge-</strong></span> 
     </span>
    </p>
   </div>
   <div class='ocr_carea' id='block_1_20' title="bbox 362 1942 3634 2021">
    <p class='ocr_par' dir='ltr' id='par_1_20' title="bbox 362 1942 3634 2021">
     <span class='ocr_line' id='line_1_20' title="bbox 362 1942 3634 2021; baseline -0.002 -13"><span class='ocrx_word' id='word_1_250' title='bbox 362 1949 589 2009; x_wconf 62' lang='lat' dir='ltr'><strong>hennae</strong></span> <span class='ocrx_word' id='word_1_251' title='bbox 617 1943 975 2007; x_wconf 90' lang='lat' dir='ltr'><strong>contradat.</strong></span> <span class='ocrx_word' id='word_1_252' title='bbox 1007 1942 1196 2005; x_wconf 90' lang='lat' dir='ltr'><strong>Tales</strong></span> <span class='ocrx_word' id='word_1_253' title='bbox 1227 1942 1465 2020; x_wconf 88' lang='lat' dir='ltr'><strong>quippe</strong></span> <span class='ocrx_word' id='word_1_254' title='bbox 1494 1948 1679 2004; x_wconf 90' lang='lat' dir='ltr'><strong>erant</strong></span> <span class='ocrx_word' id='word_1_255' title='bbox 1704 1943 1830 2017; x_wconf 91' lang='lat' dir='ltr'><strong>illi,</strong></span> <span class='ocrx_word' id='word_1_256' title='bbox 1857 1944 1970 2021; x_wconf 89' lang='lat' dir='ltr'><strong>qui</strong></span> <span class='ocrx_word' id='word_1_257' title='bbox 1995 1944 2293 2007; x_wconf 87' lang='lat' dir='ltr'><strong>dicebant</strong></span> <span class='ocrx_word' id='word_1_258' title='bbox 2324 1964 2338 2004; x_wconf 89' lang='lat'><strong>:</strong></span> <span class='ocrx_word' id='word_1_259' title='bbox 2372 1943 2675 2021; x_wconf 64' lang='lat' dir='ltr'><strong>Domine,</strong></span> <span class='ocrx_word' id='word_1_260' title='bbox 2703 1959 2909 2021; x_wconf 72' lang='lat' dir='ltr'><strong>nonne</strong></span> <span class='ocrx_word' id='word_1_261' title='bbox 2938 1942 3007 2003; x_wconf 72' lang='lat' dir='ltr'><strong>in</strong></span> <span class='ocrx_word' id='word_1_262' title='bbox 3033 1942 3281 2021; x_wconf 69' lang='lat' dir='ltr'><strong>nomine</strong></span> <span class='ocrx_word' id='word_1_263' title='bbox 3320 1948 3429 2002; x_wconf 82' lang='lat' dir='ltr'><strong>tuo</strong></span> <span class='ocrx_word' id='word_1_264' title='bbox 3470 1960 3634 2021; x_wconf 86' lang='lat' dir='ltr'><strong>pro-</strong></span> 
     </span>
    </p>
   </div>
   <div class='ocr_carea' id='block_1_21' title="bbox 356 2020 3629 2117">
    <p class='ocr_par' dir='ltr' id='par_1_21' title="bbox 356 2020 3629 2117">
     <span class='ocr_line' id='line_1_21' title="bbox 356 2020 3629 2117; baseline -0.001 -31"><span class='ocrx_word' id='word_1_265' title='bbox 356 2024 798 2117; x_wconf 48' lang='lat' dir='ltr'><strong>pitciaot&#39;musj</strong></span> <span class='ocrx_word' id='word_1_266' title='bbox 840 2040 1055 2113; x_wconf 44' lang='lat' dir='ltr'><strong>nonne.</strong></span> <span class='ocrx_word' id='word_1_267' title='bbox 1093 2024 1162 2084; x_wconf 78' lang='lat' dir='ltr'><strong>in</strong></span> <span class='ocrx_word' id='word_1_268' title='bbox 1199 2023 1596 2117; x_wconf 37' lang='lat' dir='ltr'><strong>nomin‘eétuo</strong></span> <span class='ocrx_word' id='word_1_269' title='bbox 1625 2022 1892 2117; x_wconf 64' lang='lat' dir='ltr'><strong>virtutes</strong></span> <span class='ocrx_word' id='word_1_270' title='bbox 1932 2022 2158 2117; x_wconf 63' lang='lat' dir='ltr'><strong>multas</strong></span> <span class='ocrx_word' id='word_1_271' title='bbox 2184 2023 2491 2117; x_wconf 66' lang='lat' dir='ltr'><strong>fecimus?</strong></span> <span class='ocrx_word' id='word_1_272' title='bbox 2534 2020 2653 2117; x_wconf 75' lang='lat' dir='ltr'><strong>Sed</strong></span> <span class='ocrx_word' id='word_1_273' title='bbox 2698 2020 3002 2117; x_wconf 75' lang='lat' dir='ltr'><strong>attendite</strong></span> <span class='ocrx_word' id='word_1_274' title='bbox 3032 2020 3387 2117; x_wconf 30' lang='lat' dir='ltr'><strong>quidﬁdicit</strong></span> <span class='ocrx_word' id='word_1_275' title='bbox 3414 2020 3491 2117; x_wconf 77' lang='lat' dir='ltr'><strong>ad</strong></span> <span class='ocrx_word' id='word_1_276' title='bbox 3518 2039 3629 2084; x_wconf 89' lang='lat' dir='ltr'><strong>eos</strong></span> 
     </span>
    </p>
   </div>
   <div class='ocr_carea' id='block_1_22' title="bbox 357 2099 3627 2180">
    <p class='ocr_par' dir='ltr' id='par_1_22' title="bbox 357 2099 3627 2180">
     <span class='ocr_line' id='line_1_22' title="bbox 357 2099 3627 2180; baseline -0.002 -13"><span class='ocrx_word' id='word_1_277' title='bbox 357 2099 653 2167; x_wconf 74' lang='lat' dir='ltr'><strong>Christus</strong></span> <span class='ocrx_word' id='word_1_278' title='bbox 688 2100 880 2166; x_wconf 84' lang='lat' dir='ltr'><strong>:Non</strong></span> <span class='ocrx_word' id='word_1_279' title='bbox 907 2101 1181 2163; x_wconf 79' lang='lat' dir='ltr'><strong>novivos</strong></span> <span class='ocrx_word' id='word_1_280' title='bbox 1207 2100 1419 2178; x_wconf 90' lang='lat' dir='ltr'><strong>:quod</strong></span> <span class='ocrx_word' id='word_1_281' title='bbox 1448 2099 1933 2180; x_wconf 81' lang='lat' dir='ltr'><strong>faciuntutique</strong></span> <span class='ocrx_word' id='word_1_282' title='bbox 1958 2099 2202 2164; x_wconf 81' lang='lat' dir='ltr'><strong>domini</strong></span> <span class='ocrx_word' id='word_1_283' title='bbox 2237 2103 2444 2165; x_wconf 84' lang='lat' dir='ltr'><strong>servis</strong></span> <span class='ocrx_word' id='word_1_284' title='bbox 2484 2100 2786 2180; x_wconf 83' lang='lat' dir='ltr'><strong>malignis</strong></span> <span class='ocrx_word' id='word_1_285' title='bbox 2825 2100 3360 2180; x_wconf 73' lang='lat' dir='ltr'><strong>concurrentibus</strong></span> <span class='ocrx_word' id='word_1_286' title='bbox 3411 2100 3489 2162; x_wconf 88' lang='lat' dir='ltr'><strong>ad</strong></span> <span class='ocrx_word' id='word_1_287' title='bbox 3521 2119 3627 2172; x_wconf 86' lang='lat' dir='ltr'><strong>se,</strong></span> 
     </span>
    </p>
   </div>
   <div class='ocr_carea' id='block_1_23' title="bbox 360 2179 3633 2260">
    <p class='ocr_par' dir='ltr' id='par_1_23' title="bbox 360 2179 3633 2260">
     <span class='ocr_line' id='line_1_23' title="bbox 360 2179 3633 2260; baseline -0.002 -14"><span class='ocrx_word' id='word_1_288' title='bbox 360 2185 651 2246; x_wconf 86' lang='lat' dir='ltr'><strong>volentes</strong></span> <span class='ocrx_word' id='word_1_289' title='bbox 685 2199 724 2243; x_wconf 92' lang='lat' dir='ltr'><strong>a</strong></span> <span class='ocrx_word' id='word_1_290' title='bbox 754 2199 824 2243; x_wconf 87' lang='lat' dir='ltr'><strong>se</strong></span> <span class='ocrx_word' id='word_1_291' title='bbox 854 2180 1276 2260; x_wconf 84' lang='lat' dir='ltr'><strong>opprobrium</strong></span> <span class='ocrx_word' id='word_1_292' title='bbox 1318 2180 1569 2241; x_wconf 90' lang='lat' dir='ltr'><strong>amoliri</strong></span> <span class='ocrx_word' id='word_1_293' title='bbox 1606 2199 1622 2238; x_wconf 90' lang='lat'><strong>:</strong></span> <span class='ocrx_word' id='word_1_294' title='bbox 1660 2180 1886 2242; x_wconf 88' lang='lat' dir='ltr'><strong>Nescio</strong></span> <span class='ocrx_word' id='word_1_295' title='bbox 1935 2199 2087 2256; x_wconf 89' lang='lat' dir='ltr'><strong>vos,</strong></span> <span class='ocrx_word' id='word_1_296' title='bbox 2142 2182 2467 2260; x_wconf 76' lang='lat' dir='ltr'><strong>inquiunt.</strong></span> <span class='ocrx_word' id='word_1_297' title='bbox 2510 2179 2674 2254; x_wconf 90' lang='lat' dir='ltr'><strong>Quid</strong></span> <span class='ocrx_word' id='word_1_298' title='bbox 2709 2196 2869 2260; x_wconf 85' lang='lat' dir='ltr'><strong>ergo</strong></span> <span class='ocrx_word' id='word_1_299' title='bbox 2909 2179 3103 2257; x_wconf 92' lang='lat' dir='ltr'><strong>punis</strong></span> <span class='ocrx_word' id='word_1_300' title='bbox 3151 2196 3318 2260; x_wconf 80' lang='lat' dir='ltr'><strong>quos</strong></span> <span class='ocrx_word' id='word_1_301' title='bbox 3378 2180 3633 2242; x_wconf 77' lang='lat' dir='ltr'><strong>nescis?</strong></span> 
     </span>
    </p>
   </div>
   <div class='ocr_carea' id='block_1_24' title="bbox 358 2258 3630 2338">
    <p class='ocr_par' dir='ltr' id='par_1_24' title="bbox 358 2258 3630 2338">
     <span class='ocr_line' id='line_1_24' title="bbox 358 2258 3630 2338; baseline -0.001 -13"><span class='ocrx_word' id='word_1_302' title='bbox 358 2263 586 2324; x_wconf 87' lang='lat' dir='ltr'><strong>Nescio</strong></span> <span class='ocrx_word' id='word_1_303' title='bbox 616 2261 803 2323; x_wconf 88' lang='lat' dir='ltr'><strong>aliter</strong></span> <span class='ocrx_word' id='word_1_304' title='bbox 831 2258 991 2321; x_wconf 78' lang='lat' dir='ltr'><strong>dixit</strong></span> <span class='ocrx_word' id='word_1_305' title='bbox 1019 2280 1034 2318; x_wconf 88' lang='lat'><strong>:</strong></span> <span class='ocrx_word' id='word_1_306' title='bbox 1070 2260 1190 2319; x_wconf 90' lang='lat' dir='ltr'><strong>hoc</strong></span> <span class='ocrx_word' id='word_1_307' title='bbox 1220 2263 1316 2319; x_wconf 90' lang='lat' dir='ltr'><strong>est</strong></span> <span class='ocrx_word' id='word_1_308' title='bbox 1334 2302 1350 2330; x_wconf 90' lang='lat'><strong>,</strong></span> <span class='ocrx_word' id='word_1_309' title='bbox 1375 2260 1626 2338; x_wconf 90' lang='lat' dir='ltr'><strong>abnego</strong></span> <span class='ocrx_word' id='word_1_310' title='bbox 1650 2276 1761 2320; x_wconf 91' lang='lat' dir='ltr'><strong>vos</strong></span> <span class='ocrx_word' id='word_1_311' title='bbox 1789 2265 1852 2321; x_wconf 89' lang='lat' dir='ltr'><strong>et</strong></span> <span class='ocrx_word' id='word_1_312' title='bbox 1880 2262 2072 2323; x_wconf 88' lang='lat' dir='ltr'><strong>evito.</strong></span> <span class='ocrx_word' id='word_1_313' title='bbox 2094 2261 2212 2322; x_wconf 90' lang='lat' dir='ltr'><strong>Sed</strong></span> <span class='ocrx_word' id='word_1_314' title='bbox 2232 2258 2409 2323; x_wconf 55' lang='lat' dir='ltr'><strong>&#39;absit</strong></span> <span class='ocrx_word' id='word_1_315' title='bbox 2428 2278 2469 2323; x_wconf 91' lang='lat' dir='ltr'><strong>a</strong></span> <span class='ocrx_word' id='word_1_316' title='bbox 2499 2259 2684 2321; x_wconf 89' lang='lat' dir='ltr'><strong>nobis</strong></span> <span class='ocrx_word' id='word_1_317' title='bbox 2709 2302 2726 2334; x_wconf 92' lang='lat'><strong>,</strong></span> <span class='ocrx_word' id='word_1_318' title='bbox 2753 2258 2827 2320; x_wconf 86' lang='lat' dir='ltr'><strong>ut</strong></span> <span class='ocrx_word' id='word_1_319' title='bbox 2854 2259 3022 2321; x_wconf 88' lang='lat' dir='ltr'><strong>hanc</strong></span> <span class='ocrx_word' id='word_1_320' title='bbox 3043 2258 3382 2322; x_wconf 88' lang='lat' dir='ltr'><strong>audiamus</strong></span> <span class='ocrx_word' id='word_1_321' title='bbox 3411 2277 3630 2322; x_wconf 89' lang='lat' dir='ltr'><strong>vocem</strong></span> 
     </span>
    </p>
   </div>
   <div class='ocr_carea' id='block_1_25' title="bbox 356 2338 3633 2422">
    <p class='ocr_par' dir='ltr' id='par_1_25' title="bbox 356 2338 3633 2422">
     <span class='ocr_line' id='line_1_25' title="bbox 356 2338 3633 2422; baseline -0.002 -18"><span class='ocrx_word' id='word_1_322' title='bbox 356 2340 847 2422; x_wconf 88' lang='lat' dir='ltr'><strong>abnegatoriam</strong></span> <span class='ocrx_word' id='word_1_323' title='bbox 876 2343 939 2400; x_wconf 90' lang='lat' dir='ltr'><strong>et</strong></span> <span class='ocrx_word' id='word_1_324' title='bbox 965 2339 1450 2422; x_wconf 79' lang='lat' dir='ltr'><strong>peremptricem</strong></span> <span class='ocrx_word' id='word_1_325' title='bbox 1476 2343 1539 2399; x_wconf 90' lang='lat' dir='ltr'><strong>et</strong></span> <span class='ocrx_word' id='word_1_326' title='bbox 1567 2339 1986 2422; x_wconf 77' lang='lat' dir='ltr'><strong>tremendam.</strong></span> <span class='ocrx_word' id='word_1_327' title='bbox 2016 2340 2078 2401; x_wconf 88' lang='lat' dir='ltr'><strong>Si</strong></span> <span class='ocrx_word' id='word_1_328' title='bbox 2109 2340 2280 2422; x_wconf 87' lang='lat' dir='ltr'><strong>enim</strong></span> <span class='ocrx_word' id='word_1_329' title='bbox 2297 2340 2409 2417; x_wconf 93' lang='lat' dir='ltr'><strong>qui</strong></span> <span class='ocrx_word' id='word_1_330' title='bbox 2431 2339 2751 2422; x_wconf 62' lang='lat' dir='ltr'><strong>daemones</strong></span> <span class='ocrx_word' id='word_1_331' title='bbox 2782 2338 3234 2422; x_wconf 78' lang='lat' dir='ltr'><strong>excludebant,</strong></span> <span class='ocrx_word' id='word_1_332' title='bbox 3258 2344 3320 2398; x_wconf 81' lang='lat' dir='ltr'><strong>et</strong></span> <span class='ocrx_word' id='word_1_333' title='bbox 3345 2339 3633 2422; x_wconf 86' lang='lat' dir='ltr'><strong>prophe-</strong></span> 
     </span>
    </p>
   </div>
   <div class='ocr_carea' id='block_1_26' title="bbox 358 2417 3629 2498">
    <p class='ocr_par' dir='ltr' id='par_1_26' title="bbox 358 2417 3629 2498">
     <span class='ocr_line' id='line_1_26' title="bbox 358 2417 3629 2498; baseline -0.002 -15"><span class='ocrx_word' id='word_1_334' title='bbox 358 2422 482 2483; x_wconf 88' lang='lat' dir='ltr'><strong>tias</strong></span> <span class='ocrx_word' id='word_1_335' title='bbox 508 2417 988 2498; x_wconf 56' lang='lat' dir='ltr'><strong>o&#39;perabantur,</strong></span> <span class='ocrx_word' id='word_1_336' title='bbox 1025 2417 1177 2498; x_wconf 82' lang='lat' dir='ltr'><strong>quia</strong></span> <span class='ocrx_word' id='word_1_337' title='bbox 1218 2419 1409 2478; x_wconf 88' lang='lat' dir='ltr'><strong>vitam</strong></span> <span class='ocrx_word' id='word_1_338' title='bbox 1435 2434 1585 2498; x_wconf 21' lang='lat' dir='ltr'><strong>Anon</strong></span> <span class='ocrx_word' id='word_1_339' title='bbox 1632 2417 1956 2498; x_wconf 75' lang='lat' dir='ltr'><strong>habebant</strong></span> <span class='ocrx_word' id='word_1_340' title='bbox 1993 2420 2520 2492; x_wconf 86' lang='lat' dir='ltr'><strong>convenientem,</strong></span> <span class='ocrx_word' id='word_1_341' title='bbox 2562 2417 3060 2498; x_wconf 89' lang='lat' dir='ltr'><strong>abnegati_sunt</strong></span> <span class='ocrx_word' id='word_1_342' title='bbox 3092 2422 3377 2498; x_wconf 85' lang='lat' dir='ltr'><strong>:quanto</strong></span> <span class='ocrx_word' id='word_1_343' title='bbox 3424 2420 3629 2497; x_wconf 84' lang='lat' dir='ltr'><strong>magis</strong></span> 
     </span>
    </p>
   </div>
   <div class='ocr_carea' id='block_1_27' title="bbox 357 2495 3630 2577">
    <p class='ocr_par' dir='ltr' id='par_1_27' title="bbox 357 2495 3630 2577">
     <span class='ocr_line' id='line_1_27' title="bbox 357 2495 3630 2577; baseline -0.001 -15"><span class='ocrx_word' id='word_1_344' title='bbox 357 2515 502 2563; x_wconf 87' lang='lat' dir='ltr'><strong>nos.</strong></span> <span class='ocrx_word' id='word_1_345' title='bbox 539 2495 874 2573; x_wconf 80' lang='lat' dir='ltr'><strong>Quomodo</strong></span> <span class='ocrx_word' id='word_1_346' title='bbox 915 2496 1221 2577; x_wconf 90' lang='lat' dir='ltr'><strong>possibile</strong></span> <span class='ocrx_word' id='word_1_347' title='bbox 1251 2504 1389 2577; x_wconf 54' lang='lat' dir='ltr'><strong>esi,</strong></span> <span class='ocrx_word' id='word_1_348' title='bbox 1417 2495 1565 2557; x_wconf 84' lang='lat' dir='ltr'><strong>dicit</strong></span> <span class='ocrx_word' id='word_1_349' title='bbox 1596 2496 1869 2577; x_wconf 84' lang='lat' dir='ltr'><strong>aliquis,</strong></span> <span class='ocrx_word' id='word_1_350' title='bbox 1902 2503 1973 2559; x_wconf 91' lang='lat' dir='ltr'><strong>ut</strong></span> <span class='ocrx_word' id='word_1_351' title='bbox 1998 2499 2109 2576; x_wconf 90' lang='lat' dir='ltr'><strong>qui</strong></span> <span class='ocrx_word' id='word_1_352' title='bbox 2144 2498 2512 2577; x_wconf 88' lang='lat' dir='ltr'><strong>prophetias</strong></span> <span class='ocrx_word' id='word_1_353' title='bbox 2548 2505 2612 2557; x_wconf 83' lang='lat' dir='ltr'><strong>et</strong></span> <span class='ocrx_word' id='word_1_354' title='bbox 2655 2495 2835 2575; x_wconf 81' lang='lat' dir='ltr'><strong>signa</strong></span> <span class='ocrx_word' id='word_1_355' title='bbox 2869 2495 3158 2577; x_wconf 80' lang='lat' dir='ltr'><strong>fecerunt</strong></span> <span class='ocrx_word' id='word_1_356' title='bbox 3195 2502 3258 2558; x_wconf 91' lang='lat' dir='ltr'><strong>et</strong></span> <span class='ocrx_word' id='word_1_357' title='bbox 3308 2495 3630 2559; x_wconf 62' lang='lat' dir='ltr'><strong>daemones</strong></span> 
     </span>
    </p>
   </div>
   <div class='ocr_carea' id='block_1_28' title="bbox 354 2575 3628 2655">
    <p class='ocr_par' dir='ltr' id='par_1_28' title="bbox 354 2575 3628 2655">
     <span class='ocr_line' id='line_1_28' title="bbox 354 2575 3628 2655; baseline -0.002 -13"><span class='ocrx_word' id='word_1_358' title='bbox 354 2577 829 2648; x_wconf 89' lang='lat' dir='ltr'><strong>excludebant,</strong></span> <span class='ocrx_word' id='word_1_359' title='bbox 859 2575 1305 2655; x_wconf 59' lang='lat' dir='ltr'><strong>abnegenturi</strong></span> <span class='ocrx_word' id='word_1_360' title='bbox 1327 2575 1642 2655; x_wconf 81' lang='lat' dir='ltr'><strong>Fortassis</strong></span> <span class='ocrx_word' id='word_1_361' title='bbox 1674 2575 1888 2638; x_wconf 81' lang='lat' dir='ltr'><strong>ﬁdeles</strong></span> <span class='ocrx_word' id='word_1_362' title='bbox 1910 2575 2095 2639; x_wconf 78' lang='lat' dir='ltr'><strong>erant</strong></span> <span class='ocrx_word' id='word_1_363' title='bbox 2118 2575 2231 2650; x_wconf 54' lang='lat' dir='ltr'><strong>{et</strong></span> <span class='ocrx_word' id='word_1_364' title='bbox 2259 2575 2479 2655; x_wconf 85' lang='lat' dir='ltr'><strong>postea</strong></span> <span class='ocrx_word' id='word_1_365' title='bbox 2522 2577 2750 2637; x_wconf 88' lang='lat' dir='ltr'><strong>mutati</strong></span> <span class='ocrx_word' id='word_1_366' title='bbox 2782 2579 2933 2636; x_wconf 88' lang='lat' dir='ltr'><strong>sunt</strong></span> <span class='ocrx_word' id='word_1_367' title='bbox 2962 2581 3021 2636; x_wconf 91' lang='lat' dir='ltr'><strong>et</strong></span> <span class='ocrx_word' id='word_1_368' title='bbox 3053 2575 3197 2637; x_wconf 85' lang='lat' dir='ltr'><strong>facti</strong></span> <span class='ocrx_word' id='word_1_369' title='bbox 3228 2582 3380 2636; x_wconf 90' lang='lat' dir='ltr'><strong>sunt</strong></span> <span class='ocrx_word' id='word_1_370' title='bbox 3407 2576 3628 2654; x_wconf 87' lang='lat' dir='ltr'><strong>pravi:</strong></span> 
     </span>
    </p>
   </div>
   <div class='ocr_carea' id='block_1_29' title="bbox 356 2653 3631 2738">
    <p class='ocr_par' dir='ltr' id='par_1_29' title="bbox 356 2653 3631 2738">
     <span class='ocr_line' id='line_1_29' title="bbox 356 2653 3631 2738; baseline -0.001 -20"><span class='ocrx_word' id='word_1_371' title='bbox 356 2665 627 2738; x_wconf 81' lang='lat' dir='ltr'><strong>propter</strong></span> <span class='ocrx_word' id='word_1_372' title='bbox 649 2655 824 2734; x_wconf 87' lang='lat' dir='ltr'><strong>quod</strong></span> <span class='ocrx_word' id='word_1_373' title='bbox 851 2655 1011 2738; x_wconf 79' lang='lat' dir='ltr'><strong>nihil</strong></span> <span class='ocrx_word' id='word_1_374' title='bbox 1041 2653 1401 2738; x_wconf 20' lang='lat' dir='ltr'><strong>eis‘profuit</strong></span> <span class='ocrx_word' id='word_1_375' title='bbox 1419 2653 1736 2738; x_wconf 77' lang='lat' dir='ltr'><strong>de_p_rima_</strong></span> <span class='ocrx_word' id='word_1_376' title='bbox 1754 2656 2009 2738; x_wconf 85' lang='lat' dir='ltr'><strong>virtute.</strong></span> <span class='ocrx_word' id='word_1_377' title='bbox 2041 2658 2180 2718; x_wconf 87' lang='lat' dir='ltr'><strong>Non</strong></span> <span class='ocrx_word' id='word_1_378' title='bbox 2209 2653 2380 2738; x_wconf 83' lang='lat' dir='ltr'><strong>enim</strong></span> <span class='ocrx_word' id='word_1_379' title='bbox 2415 2655 2681 2738; x_wconf 85' lang='lat' dir='ltr'><strong>exordia</strong></span> <span class='ocrx_word' id='word_1_380' title='bbox 2709 2656 2850 2738; x_wconf 73' lang='lat' dir='ltr'><strong>sola</strong></span> <span class='ocrx_word' id='word_1_381' title='bbox 2880 2659 3132 2732; x_wconf 79' lang='lat' dir='ltr'><strong>Oportet</strong></span> <span class='ocrx_word' id='word_1_382' title='bbox 3160 2657 3404 2738; x_wconf 78' lang='lat' dir='ltr'><strong>habere</strong></span> <span class='ocrx_word' id='word_1_383' title='bbox 3413 2653 3631 2738; x_wconf 28' lang='lat' dir='ltr'><strong>’clara,</strong></span> 
     </span>
    </p>
   </div>
   <div class='ocr_carea' id='block_1_30' title="bbox 355 2733 3635 2807">
    <p class='ocr_par' dir='ltr' id='par_1_30' title="bbox 355 2733 3635 2807">
     <span class='ocr_line' id='line_1_30' title="bbox 355 2733 3635 2807; baseline -0.002 -6"><span class='ocrx_word' id='word_1_384' title='bbox 355 2733 695 2801; x_wconf 46' lang='lat' dir='ltr'><strong>sed&#39;ctiam</strong></span> <span class='ocrx_word' id='word_1_385' title='bbox 744 2740 807 2797; x_wconf 90' lang='lat' dir='ltr'><strong>et</strong></span> <span class='ocrx_word' id='word_1_386' title='bbox 857 2734 1049 2795; x_wconf 83' lang='lat' dir='ltr'><strong>ﬁnem</strong></span> <span class='ocrx_word' id='word_1_387' title='bbox 1101 2733 1465 2795; x_wconf 89' lang='lat' dir='ltr'><strong>clariorem.</strong></span> <span class='ocrx_word' id='word_1_388' title='bbox 1496 2734 1609 2795; x_wconf 88' lang='lat' dir='ltr'><strong>Dic</strong></span> <span class='ocrx_word' id='word_1_389' title='bbox 1637 2734 1807 2795; x_wconf 89' lang='lat' dir='ltr'><strong>enim</strong></span> <span class='ocrx_word' id='word_1_390' title='bbox 1849 2737 2045 2807; x_wconf 90' lang='lat' dir='ltr'><strong>mihi,</strong></span> <span class='ocrx_word' id='word_1_391' title='bbox 2080 2755 2293 2797; x_wconf 87' lang='lat' dir='ltr'><strong>nonne</strong></span> <span class='ocrx_word' id='word_1_392' title='bbox 2323 2736 2544 2795; x_wconf 84' lang='lat' dir='ltr'><strong>rhetor</strong></span> <span class='ocrx_word' id='word_1_393' title='bbox 2577 2735 2749 2796; x_wconf 85' lang='lat' dir='ltr'><strong>circa</strong></span> <span class='ocrx_word' id='word_1_394' title='bbox 2796 2734 2987 2793; x_wconf 84' lang='lat' dir='ltr'><strong>ﬁnem</strong></span> <span class='ocrx_word' id='word_1_395' title='bbox 3020 2735 3330 2794; x_wconf 84' lang='lat' dir='ltr'><strong>orationis</strong></span> <span class='ocrx_word' id='word_1_396' title='bbox 3379 2734 3635 2795; x_wconf 84' lang='lat' dir='ltr'><strong>festinat</strong></span> 
     </span>
    </p>
   </div>
   <div class='ocr_carea' id='block_1_31' title="bbox 354 2812 3655 2894">
    <p class='ocr_par' dir='ltr' id='par_1_31' title="bbox 354 2812 3655 2894">
     <span class='ocr_line' id='line_1_31' title="bbox 354 2812 3655 2894; baseline -0.002 -16"><span class='ocrx_word' id='word_1_397' title='bbox 354 2817 602 2879; x_wconf 89' lang='lat' dir='ltr'><strong>clarior</strong></span> <span class='ocrx_word' id='word_1_398' title='bbox 631 2831 944 2894; x_wconf 88' lang='lat' dir='ltr'><strong>apparere</strong></span> <span class='ocrx_word' id='word_1_399' title='bbox 965 2857 981 2887; x_wconf 94' lang='lat'><strong>,</strong></span> <span class='ocrx_word' id='word_1_400' title='bbox 1037 2818 1105 2894; x_wconf 88' lang='lat' dir='ltr'><strong>ut</strong></span> <span class='ocrx_word' id='word_1_401' title='bbox 1138 2830 1283 2894; x_wconf 92' lang='lat' dir='ltr'><strong>cu_m</strong></span> <span class='ocrx_word' id='word_1_402' title='bbox 1332 2813 1664 2890; x_wconf 86' lang='lat' dir='ltr'><strong>plausibus</strong></span> <span class='ocrx_word' id='word_1_403' title='bbox 1695 2813 2020 2877; x_wconf 79' lang='lat' dir='ltr'><strong>discedat?</strong></span> <span class='ocrx_word' id='word_1_404' title='bbox 2050 2833 2266 2875; x_wconf 90' lang='lat' dir='ltr'><strong>nonne</strong></span> <span class='ocrx_word' id='word_1_405' title='bbox 2311 2814 2683 2891; x_wconf 78' lang='lat' dir='ltr'><strong>periunclor</strong></span> <span class='ocrx_word' id='word_1_406' title='bbox 2729 2813 2899 2894; x_wconf 83' lang='lat' dir='ltr'><strong>circa</strong></span> <span class='ocrx_word' id='word_1_407' title='bbox 2930 2812 3121 2894; x_wconf 77' lang='lat' dir='ltr'><strong>tinem</strong></span> <span class='ocrx_word' id='word_1_408' title='bbox 3154 2814 3655 2892; x_wconf 45' lang='lat' dir='ltr'><strong>perl&#39;unctionis,</strong></span> 
     </span>
    </p>
   </div>
   <div class='ocr_carea' id='block_1_32' title="bbox 356 2891 3633 2973">
    <p class='ocr_par' dir='ltr' id='par_1_32' title="bbox 356 2891 3633 2973">
     <span class='ocr_line' id='line_1_32' title="bbox 356 2891 3633 2973; baseline -0.002 -15"><span class='ocrx_word' id='word_1_409' title='bbox 356 2913 497 2958; x_wconf 70' lang='lat' dir='ltr'><strong>sua:</strong></span> <span class='ocrx_word' id='word_1_410' title='bbox 525 2891 738 2973; x_wconf 72' lang='lat' dir='ltr'><strong>opera</strong></span> <span class='ocrx_word' id='word_1_411' title='bbox 755 2911 870 2955; x_wconf 91' lang='lat' dir='ltr'><strong>sua</strong></span> <span class='ocrx_word' id='word_1_412' title='bbox 897 2893 1172 2954; x_wconf 88' lang='lat' dir='ltr'><strong>clariora</strong></span> <span class='ocrx_word' id='word_1_413' title='bbox 1201 2891 1634 2952; x_wconf 86' lang='lat' dir='ltr'><strong>demonstrat?</strong></span> <span class='ocrx_word' id='word_1_414' title='bbox 1662 2910 1874 2955; x_wconf 91' lang='lat' dir='ltr'><strong>nonne</strong></span> <span class='ocrx_word' id='word_1_415' title='bbox 1901 2895 2143 2957; x_wconf 90' lang='lat' dir='ltr'><strong>athleta</strong></span> <span class='ocrx_word' id='word_1_416' title='bbox 2163 2940 2178 2965; x_wconf 92' lang='lat'><strong>,</strong></span> <span class='ocrx_word' id='word_1_417' title='bbox 2216 2895 2338 2955; x_wconf 83' lang='lat' dir='ltr'><strong>nisi</strong></span> <span class='ocrx_word' id='word_1_418' title='bbox 2369 2895 2563 2954; x_wconf 84' lang='lat' dir='ltr'><strong>tinem</strong></span> <span class='ocrx_word' id='word_1_419' title='bbox 2589 2892 2884 2973; x_wconf 86' lang='lat' dir='ltr'><strong>ostendat</strong></span> <span class='ocrx_word' id='word_1_420' title='bbox 2914 2892 3252 2954; x_wconf 87' lang='lat' dir='ltr'><strong>clariorem</strong></span> <span class='ocrx_word' id='word_1_421' title='bbox 3275 2937 3291 2964; x_wconf 93' lang='lat'><strong>,</strong></span> <span class='ocrx_word' id='word_1_422' title='bbox 3324 2898 3386 2973; x_wconf 88' lang='lat' dir='ltr'><strong>et</strong></span> <span class='ocrx_word' id='word_1_423' title='bbox 3424 2911 3633 2970; x_wconf 88' lang='lat' dir='ltr'><strong>usque</strong></span> 
     </span>
    </p>
   </div>
   <div class='ocr_carea' id='block_1_33' title="bbox 357 2972 3632 3048">
    <p class='ocr_par' dir='ltr' id='par_1_33' title="bbox 357 2972 3632 3048">
     <span class='ocr_line' id='line_1_33' title="bbox 357 2972 3632 3048; baseline -0.002 -12"><span class='ocrx_word' id='word_1_424' title='bbox 357 2975 439 3037; x_wconf 91' lang='lat' dir='ltr'><strong>ad</strong></span> <span class='ocrx_word' id='word_1_425' title='bbox 473 2972 1097 3035; x_wconf 86' lang='lat' dir='ltr'><strong>consummationem</strong></span> <span class='ocrx_word' id='word_1_426' title='bbox 1122 2988 1374 3048; x_wconf 89' lang='lat' dir='ltr'><strong>semper</strong></span> <span class='ocrx_word' id='word_1_427' title='bbox 1401 2977 1787 3047; x_wconf 81' lang='lat' dir='ltr'><strong>exsuperet,</strong></span> <span class='ocrx_word' id='word_1_428' title='bbox 1819 2990 1894 3033; x_wconf 89' lang='lat' dir='ltr'><strong>ac</strong></span> <span class='ocrx_word' id='word_1_429' title='bbox 1923 2973 1976 3033; x_wconf 91' lang='lat' dir='ltr'><strong>si</strong></span> <span class='ocrx_word' id='word_1_430' title='bbox 2004 2991 2227 3033; x_wconf 66' lang='lat' dir='ltr'><strong>omnes</strong></span> <span class='ocrx_word' id='word_1_431' title='bbox 2258 2973 2519 3044; x_wconf 84' lang='lat' dir='ltr'><strong>vicerit,</strong></span> <span class='ocrx_word' id='word_1_432' title='bbox 2560 2972 2856 3032; x_wconf 86' lang='lat' dir='ltr'><strong>vincatur</strong></span> <span class='ocrx_word' id='word_1_433' title='bbox 2895 2976 3111 3031; x_wconf 89' lang='lat' dir='ltr'><strong>autem</strong></span> <span class='ocrx_word' id='word_1_434' title='bbox 3154 2988 3189 3031; x_wconf 91' lang='lat' dir='ltr'><strong>a</strong></span> <span class='ocrx_word' id='word_1_435' title='bbox 3241 2972 3632 3043; x_wconf 89' lang='lat' dir='ltr'><strong>novissimo,</strong></span> 
     </span>
    </p>
   </div>
   <div class='ocr_carea' id='block_1_34' title="bbox 357 3049 3657 3129">
    <p class='ocr_par' dir='ltr' id='par_1_34' title="bbox 357 3049 3657 3129">
     <span class='ocr_line' id='line_1_34' title="bbox 357 3049 3657 3129; baseline -0.003 -15"><span class='ocrx_word' id='word_1_436' title='bbox 357 3072 580 3115; x_wconf 87' lang='lat' dir='ltr'><strong>nonne</strong></span> <span class='ocrx_word' id='word_1_437' title='bbox 610 3052 825 3112; x_wconf 91' lang='lat' dir='ltr'><strong>omnia</strong></span> <span class='ocrx_word' id='word_1_438' title='bbox 854 3051 945 3111; x_wconf 87' lang='lat' dir='ltr'><strong>illi</strong></span> <span class='ocrx_word' id='word_1_439' title='bbox 976 3049 1375 3129; x_wconf 61' lang='lat' dir='ltr'><strong>infructuosa</strong></span> <span class='ocrx_word' id='word_1_440' title='bbox 1404 3049 1602 3109; x_wconf 83' lang='lat' dir='ltr'><strong>(ient?</strong></span> <span class='ocrx_word' id='word_1_441' title='bbox 1638 3068 1851 3112; x_wconf 87' lang='lat' dir='ltr'><strong>nonne</strong></span> <span class='ocrx_word' id='word_1_442' title='bbox 1880 3053 2273 3126; x_wconf 78' lang='lat' dir='ltr'><strong>gubernator</strong></span> <span class='ocrx_word' id='word_1_443' title='bbox 2293 3096 2308 3124; x_wconf 92' lang='lat'><strong>,</strong></span> <span class='ocrx_word' id='word_1_444' title='bbox 2355 3051 2407 3111; x_wconf 90' lang='lat' dir='ltr'><strong>si</strong></span> <span class='ocrx_word' id='word_1_445' title='bbox 2454 3050 2723 3129; x_wconf 76' lang='lat' dir='ltr'><strong>pelagus</strong></span> <span class='ocrx_word' id='word_1_446' title='bbox 2752 3055 2955 3124; x_wconf 81' lang='lat' dir='ltr'><strong>totum</strong></span> <span class='ocrx_word' id='word_1_447' title='bbox 2988 3054 3431 3127; x_wconf 87' lang='lat' dir='ltr'><strong>pertranseat,</strong></span> <span class='ocrx_word' id='word_1_448' title='bbox 3462 3050 3657 3112; x_wconf 28' lang='lat' dir='ltr'><strong>circa.</strong></span> 
     </span>
    </p>
   </div>
   <div class='ocr_carea' id='block_1_35' title="bbox 371 3119 3639 3214">
    <p class='ocr_par' dir='ltr' id='par_1_35' title="bbox 371 3119 3639 3214">
     <span class='ocr_line' id='line_1_35' title="bbox 371 3119 3639 3214; baseline 0.002 -25"><span class='ocrx_word' id='word_1_449' title='bbox 371 3137 628 3205; x_wconf 85' lang='lat' dir='ltr'><strong>portum</strong></span> <span class='ocrx_word' id='word_1_450' title='bbox 660 3136 873 3214; x_wconf 64' lang='lat' dir='ltr'><strong>autem</strong></span> <span class='ocrx_word' id='word_1_451' title='bbox 902 3119 1511 3214; x_wconf 7' lang='lat' dir='ltr'><strong>coql‘ringatgratem,</strong></span> <span class='ocrx_word' id='word_1_452' title='bbox 1539 3145 1793 3214; x_wconf 81' lang='lat' dir='ltr'><strong>omnem</strong></span> <span class='ocrx_word' id='word_1_453' title='bbox 1827 3119 2104 3209; x_wconf 80' lang='lat' dir='ltr'><strong>perdidit</strong></span> <span class='ocrx_word' id='word_1_454' title='bbox 2132 3119 2513 3214; x_wconf 75' lang='lat' dir='ltr'><strong>anteriorem</strong></span> <span class='ocrx_word' id='word_1_455' title='bbox 2542 3119 2869 3214; x_wconf 74' lang='lat' dir='ltr'><strong>laborem?</strong></span> <span class='ocrx_word' id='word_1_456' title='bbox 2900 3119 3069 3209; x_wconf 76' lang='lat' dir='ltr'><strong>Quid</strong></span> <span class='ocrx_word' id='word_1_457' title='bbox 3095 3134 3286 3214; x_wconf 83' lang='lat' dir='ltr'><strong>etiam</strong></span> <span class='ocrx_word' id='word_1_458' title='bbox 3317 3119 3639 3197; x_wconf 81' lang='lat' dir='ltr'><strong>medicus?</strong></span> 
     </span>
    </p>
   </div>
   <div class='ocr_carea' id='block_1_36' title="bbox 375 3203 3639 3294">
    <p class='ocr_par' dir='ltr' id='par_1_36' title="bbox 375 3203 3639 3294">
     <span class='ocr_line' id='line_1_36' title="bbox 375 3203 3639 3294; baseline 0.002 -28"><span class='ocrx_word' id='word_1_459' title='bbox 375 3203 592 3294; x_wconf 81' lang='lat' dir='ltr'><strong>nonne</strong></span> <span class='ocrx_word' id='word_1_460' title='bbox 620 3204 702 3294; x_wconf 84' lang='lat' dir='ltr'><strong>_si</strong></span> <span class='ocrx_word' id='word_1_461' title='bbox 751 3203 1047 3294; x_wconf 81' lang='lat' dir='ltr'><strong>liberavit</strong></span> <span class='ocrx_word' id='word_1_462' title='bbox 1096 3203 1503 3294; x_wconf 58' lang='lat' dir='ltr'><strong>iegrotantem</strong></span> <span class='ocrx_word' id='word_1_463' title='bbox 1559 3203 1998 3294; x_wconf 47' lang='lat' dir='ltr'><strong>morbofcum</strong></span> <span class='ocrx_word' id='word_1_464' title='bbox 2049 3218 2263 3272; x_wconf 85' lang='lat' dir='ltr'><strong>autem</strong></span> <span class='ocrx_word' id='word_1_465' title='bbox 2311 3211 2387 3271; x_wconf 83' lang='lat' dir='ltr'><strong>ad</strong></span> <span class='ocrx_word' id='word_1_466' title='bbox 2422 3212 2896 3294; x_wconf 74' lang='lat' dir='ltr'><strong>perfectionem</strong></span> <span class='ocrx_word' id='word_1_467' title='bbox 2923 3203 3167 3274; x_wconf 52' lang='lat' dir='ltr'><strong>‘salutis</strong></span> <span class='ocrx_word' id='word_1_468' title='bbox 3207 3220 3639 3294; x_wconf 85' lang='lat' dir='ltr'><strong>perventurus</strong></span> 
     </span>
    </p>
   </div>
   <div class='ocr_carea' id='block_1_37' title="bbox 373 3286 3641 3372">
    <p class='ocr_par' dir='ltr' id='par_1_37' title="bbox 373 3286 3641 3372">
     <span class='ocr_line' id='line_1_37' title="bbox 373 3286 3641 3372; baseline 0.002 -27"><span class='ocrx_word' id='word_1_469' title='bbox 373 3286 1024 3372; x_wconf 40' lang='lat' dir='ltr'><strong>erat‘szg&#39;rotus,.tuno</strong></span> <span class='ocrx_word' id='word_1_470' title='bbox 1054 3286 1195 3372; x_wconf 79' lang='lat' dir='ltr'><strong>ejus</strong></span> <span class='ocrx_word' id='word_1_471' title='bbox 1241 3292 1607 3372; x_wconf 73' lang='lat' dir='ltr'><strong>corrumpat</strong></span> <span class='ocrx_word' id='word_1_472' title='bbox 1634 3287 2103 3372; x_wconf 63' lang='lat' dir='ltr'><strong>valetudinem,</strong></span> <span class='ocrx_word' id='word_1_473' title='bbox 2144 3305 2380 3372; x_wconf 77' lang='lat' dir='ltr'><strong>nonne,</strong></span> <span class='ocrx_word' id='word_1_474' title='bbox 2416 3286 2704 3372; x_wconf 73' lang='lat' dir='ltr'><strong>inquam,</strong></span> <span class='ocrx_word' id='word_1_475' title='bbox 2737 3298 2940 3353; x_wconf 87' lang='lat' dir='ltr'><strong>totum</strong></span> <span class='ocrx_word' id='word_1_476' title='bbox 2981 3307 3147 3369; x_wconf 88' lang='lat' dir='ltr'><strong>opus</strong></span> <span class='ocrx_word' id='word_1_477' title='bbox 3198 3286 3547 3369; x_wconf 80' lang='lat' dir='ltr'><strong>corrumpit</strong></span> <span class='ocrx_word' id='word_1_478' title='bbox 3579 3302 3641 3352; x_wconf 90' lang='lat' dir='ltr'><strong>et</strong></span> 
     </span>
    </p>
   </div>
   <div class='ocr_carea' id='block_1_38' title="bbox 379 3361 3640 3446">
    <p class='ocr_par' dir='ltr' id='par_1_38' title="bbox 379 3361 3640 3446">
     <span class='ocr_line' id='line_1_38' title="bbox 379 3361 3640 3446; baseline 0.002 -23"><span class='ocrx_word' id='word_1_479' title='bbox 379 3361 628 3439; x_wconf 84' lang='lat' dir='ltr'><strong>perdit?</strong></span> <span class='ocrx_word' id='word_1_480' title='bbox 658 3362 761 3423; x_wconf 90' lang='lat' dir='ltr'><strong>Sic</strong></span> <span class='ocrx_word' id='word_1_481' title='bbox 787 3361 976 3422; x_wconf 86' lang='lat' dir='ltr'><strong>etiam</strong></span> <span class='ocrx_word' id='word_1_482' title='bbox 998 3361 1062 3421; x_wconf 88' lang='lat' dir='ltr'><strong>in</strong></span> <span class='ocrx_word' id='word_1_483' title='bbox 1092 3361 1334 3446; x_wconf 11' lang='lat' dir='ltr'><strong>ivirtuto</strong></span> <span class='ocrx_word' id='word_1_484' title='bbox 1366 3361 1699 3442; x_wconf 85' lang='lat' dir='ltr'><strong>contingit.</strong></span> <span class='ocrx_word' id='word_1_485' title='bbox 1726 3365 2055 3446; x_wconf 88' lang='lat' dir='ltr'><strong>Quotquot</strong></span> <span class='ocrx_word' id='word_1_486' title='bbox 2084 3368 2370 3430; x_wconf 80' lang='lat' dir='ltr'><strong>exordiis</strong></span> <span class='ocrx_word' id='word_1_487' title='bbox 2402 3361 2588 3430; x_wconf 79' lang='lat' dir='ltr'><strong>tinem</strong></span> <span class='ocrx_word' id='word_1_488' title='bbox 2624 3385 2753 3431; x_wconf 92' lang='lat' dir='ltr'><strong>non</strong></span> <span class='ocrx_word' id='word_1_489' title='bbox 2790 3361 3145 3445; x_wconf 78' lang='lat' dir='ltr'><strong>posuerunt</strong></span> <span class='ocrx_word' id='word_1_490' title='bbox 3172 3361 3640 3446; x_wconf 59' lang='lat' dir='ltr'><strong>compete&#39;ntem</strong></span> 
     </span>
    </p>
   </div>
   <div class='ocr_carea' id='block_1_39' title="bbox 380 3440 3644 3525">
    <p class='ocr_par' dir='ltr' id='par_1_39' title="bbox 380 3440 3644 3525">
     <span class='ocr_line' id='line_1_39' title="bbox 380 3440 3644 3525; baseline 0.002 -25"><span class='ocrx_word' id='word_1_491' title='bbox 380 3446 439 3500; x_wconf 85' lang='lat' dir='ltr'><strong>et</strong></span> <span class='ocrx_word' id='word_1_492' title='bbox 486 3445 1111 3525; x_wconf 70' lang='lat' dir='ltr'><strong>consequentem_et_</strong></span> <span class='ocrx_word' id='word_1_493' title='bbox 1144 3440 1617 3525; x_wconf 69' lang='lat' dir='ltr'><strong>concinentem,</strong></span> <span class='ocrx_word' id='word_1_494' title='bbox 1653 3440 1980 3525; x_wconf 78' lang='lat' dir='ltr'><strong>perierunt</strong></span> <span class='ocrx_word' id='word_1_495' title='bbox 2025 3453 2086 3508; x_wconf 92' lang='lat' dir='ltr'><strong>et</strong></span> <span class='ocrx_word' id='word_1_496' title='bbox 2133 3456 2415 3522; x_wconf 76' lang='lat' dir='ltr'><strong>COI‘l‘Upll</strong></span> <span class='ocrx_word' id='word_1_497' title='bbox 2466 3456 2655 3525; x_wconf 55' lang='lat' dir='ltr'><strong>sunt.</strong></span> <span class='ocrx_word' id='word_1_498' title='bbox 2694 3440 2887 3525; x_wconf 83' lang='lat' dir='ltr'><strong>Tales</strong></span> <span class='ocrx_word' id='word_1_499' title='bbox 2918 3463 3195 3525; x_wconf 80' lang='lat' dir='ltr'><strong>namque</strong></span> <span class='ocrx_word' id='word_1_500' title='bbox 3226 3440 3376 3510; x_wconf 82' lang='lat' dir='ltr'><strong>sunt</strong></span> <span class='ocrx_word' id='word_1_501' title='bbox 3417 3448 3527 3524; x_wconf 84' lang='lat' dir='ltr'><strong>qui</strong></span> <span class='ocrx_word' id='word_1_502' title='bbox 3560 3463 3644 3508; x_wconf 87' lang='lat' dir='ltr'><strong>ex</strong></span> 
     </span>
    </p>
   </div>
   <div class='ocr_carea' id='block_1_40' title="bbox 381 3514 3639 3600">
    <p class='ocr_par' dir='ltr' id='par_1_40' title="bbox 381 3514 3639 3600">
     <span class='ocr_line' id='line_1_40' title="bbox 381 3514 3639 3600; baseline 0.002 -21"><span class='ocrx_word' id='word_1_503' title='bbox 381 3514 737 3579; x_wconf 78' lang='lat' dir='ltr'><strong>carceribus</strong></span> <span class='ocrx_word' id='word_1_504' title='bbox 776 3517 939 3600; x_wconf 88' lang='lat' dir='ltr'><strong>ipsis</strong></span> <span class='ocrx_word' id='word_1_505' title='bbox 961 3514 1114 3600; x_wconf 81' lang='lat' dir='ltr'><strong>clari</strong></span> <span class='ocrx_word' id='word_1_506' title='bbox 1145 3524 1207 3578; x_wconf 91' lang='lat' dir='ltr'><strong>et</strong></span> <span class='ocrx_word' id='word_1_507' title='bbox 1230 3514 1981 3600; x_wconf 62' lang='lat' dir='ltr'><strong>gestientesprosiiiunt,</strong></span> <span class='ocrx_word' id='word_1_508' title='bbox 2016 3531 2236 3600; x_wconf 88' lang='lat' dir='ltr'><strong>postea</strong></span> <span class='ocrx_word' id='word_1_509' title='bbox 2268 3514 2420 3585; x_wconf 78' lang='lat' dir='ltr'><strong>vero</strong></span> <span class='ocrx_word' id='word_1_510' title='bbox 2460 3524 2846 3586; x_wconf 83' lang='lat' dir='ltr'><strong>dissolutius</strong></span> <span class='ocrx_word' id='word_1_511' title='bbox 2879 3514 3220 3586; x_wconf 69' lang='lat' dir='ltr'><strong>laxiusque</strong></span> <span class='ocrx_word' id='word_1_512' title='bbox 3259 3514 3590 3587; x_wconf 49' lang='lat' dir='ltr'><strong>moveatur</strong></span> <span class='ocrx_word' id='word_1_513' title='bbox 3622 3550 3639 3586; x_wconf 86' lang='lat'><strong>:</strong></span> 
     </span>
    </p>
   </div>
   <div class='ocr_carea' id='block_1_41' title="bbox 372 3596 3646 3689">
    <p class='ocr_par' dir='ltr' id='par_1_41' title="bbox 372 3596 3646 3689">
     <span class='ocr_line' id='line_1_41' title="bbox 372 3596 3646 3689; baseline 0.001 -26"><span class='ocrx_word' id='word_1_514' title='bbox 372 3603 608 3689; x_wconf 82' lang='lat' dir='ltr'><strong>idcirco</strong></span> <span class='ocrx_word' id='word_1_515' title='bbox 638 3600 852 3678; x_wconf 90' lang='lat' dir='ltr'><strong>palma</strong></span> <span class='ocrx_word' id='word_1_516' title='bbox 871 3597 1274 3689; x_wconf 58' lang='lat' dir='ltr'><strong>fraudantur</strong></span> <span class='ocrx_word' id='word_1_517' title='bbox 1297 3640 1313 3668; x_wconf 89' lang='lat'><strong>,</strong></span> <span class='ocrx_word' id='word_1_518' title='bbox 1340 3612 1380 3689; x_wconf 62' lang='grc' dir='ltr'><strong><em>ξι</em></strong></span> <span class='ocrx_word' id='word_1_519' title='bbox 1417 3596 1712 3689; x_wconf 43' lang='lat' dir='ltr'><strong>Domino.</strong></span> <span class='ocrx_word' id='word_1_520' title='bbox 1732 3614 1871 3689; x_wconf 72' lang='lat' dir='ltr'><strong>non</strong></span> <span class='ocrx_word' id='word_1_521' title='bbox 1894 3596 2360 3689; x_wconf 55' lang='lat' dir='ltr'><strong>agnoscuntur.</strong></span> <span class='ocrx_word' id='word_1_522' title='bbox 2393 3600 2747 3689; x_wconf 78' lang='lat' dir='ltr'><strong>Audiamus</strong></span> <span class='ocrx_word' id='word_1_523' title='bbox 2766 3600 2970 3689; x_wconf 72' lang='lat' dir='ltr'><strong>igitur</strong></span> <span class='ocrx_word' id='word_1_524' title='bbox 2996 3600 3131 3689; x_wconf 65' lang='lat' dir='ltr'><strong>haec</strong></span> <span class='ocrx_word' id='word_1_525' title='bbox 3154 3644 3171 3671; x_wconf 94' lang='lat'><strong>,</strong></span> <span class='ocrx_word' id='word_1_526' title='bbox 3206 3601 3316 3678; x_wconf 91' lang='lat' dir='ltr'><strong>qui</strong></span> <span class='ocrx_word' id='word_1_527' title='bbox 3354 3617 3646 3689; x_wconf 80' lang='lat' dir='ltr'><strong>amamus</strong></span> 
     </span>
    </p>
   </div>
   <div class='ocr_carea' id='block_1_42' title="bbox 374 3675 3648 3761">
    <p class='ocr_par' dir='ltr' id='par_1_42' title="bbox 374 3675 3648 3761">
     <span class='ocr_line' id='line_1_42' title="bbox 374 3675 3648 3761; baseline 0 -17"><span class='ocrx_word' id='word_1_528' title='bbox 374 3675 679 3761; x_wconf 76' lang='lat' dir='ltr'><strong>pecunias</strong></span> <span class='ocrx_word' id='word_1_529' title='bbox 710 3700 725 3738; x_wconf 89' lang='lat'><strong>:</strong></span> <span class='ocrx_word' id='word_1_530' title='bbox 758 3677 967 3761; x_wconf 80' lang='lat' dir='ltr'><strong>major</strong></span> <span class='ocrx_word' id='word_1_531' title='bbox 994 3677 1236 3761; x_wconf 79' lang='lat' dir='ltr'><strong>quippe</strong></span> <span class='ocrx_word' id='word_1_532' title='bbox 1264 3679 1361 3737; x_wconf 87' lang='lat' dir='ltr'><strong>est</strong></span> <span class='ocrx_word' id='word_1_533' title='bbox 1387 3675 1748 3761; x_wconf 75' lang='lat' dir='ltr'><strong>cupiditatis</strong></span> <span class='ocrx_word' id='word_1_534' title='bbox 1785 3675 2091 3761; x_wconf 74' lang='lat' dir='ltr'><strong>iniquitas</strong></span> <span class='ocrx_word' id='word_1_535' title='bbox 2124 3698 2138 3737; x_wconf 88' lang='lat'><strong>:</strong></span> <span class='ocrx_word' id='word_1_536' title='bbox 2176 3676 2388 3738; x_wconf 74' lang='lat' dir='ltr'><strong>Radix</strong></span> <span class='ocrx_word' id='word_1_537' title='bbox 2413 3677 2574 3761; x_wconf 60' lang='lat' dir='ltr'><strong>enim</strong></span> <span class='ocrx_word' id='word_1_538' title='bbox 2610 3675 2879 3761; x_wconf 69' lang='lat' dir='ltr'><strong>omnium</strong></span> <span class='ocrx_word' id='word_1_539' title='bbox 2906 3675 3648 3761; x_wconf 44' lang='lat' dir='ltr'><strong>malorum—estoearitz&#39;a.</strong></span> 
     </span>
    </p>
   </div>
   <div class='ocr_carea' id='block_1_43' title="bbox 374 3754 3647 3835">
    <p class='ocr_par' dir='ltr' id='par_1_43' title="bbox 374 3754 3647 3835">
     <span class='ocr_line' id='line_1_43' title="bbox 374 3754 3647 3835; baseline 0 -12"><span class='ocrx_word' id='word_1_540' title='bbox 374 3754 798 3823; x_wconf 55' lang='lat' dir='ltr'><strong>hdvertamus</strong></span> <span class='ocrx_word' id='word_1_541' title='bbox 831 3754 943 3835; x_wconf 79' lang='lat' dir='ltr'><strong>qui</strong></span> <span class='ocrx_word' id='word_1_542' title='bbox 975 3754 1271 3835; x_wconf 77' lang='lat' dir='ltr'><strong>volumus</strong></span> <span class='ocrx_word' id='word_1_543' title='bbox 1301 3754 1609 3835; x_wconf 76' lang='lat' dir='ltr'><strong>majorem</strong></span> <span class='ocrx_word' id='word_1_544' title='bbox 1637 3754 2064 3819; x_wconf 80' lang='lat' dir='ltr'><strong>substantiam</strong></span> <span class='ocrx_word' id='word_1_545' title='bbox 2090 3762 2377 3817; x_wconf 91' lang='lat' dir='ltr'><strong>nostram</strong></span> <span class='ocrx_word' id='word_1_546' title='bbox 2424 3756 2667 3827; x_wconf 88' lang='lat' dir='ltr'><strong>facere,</strong></span> <span class='ocrx_word' id='word_1_547' title='bbox 2693 3756 3100 3835; x_wconf 87' lang='lat' dir='ltr'><strong>advertamus</strong></span> <span class='ocrx_word' id='word_1_548' title='bbox 3133 3763 3195 3819; x_wconf 89' lang='lat' dir='ltr'><strong>et</strong></span> <span class='ocrx_word' id='word_1_549' title='bbox 3236 3759 3647 3835; x_wconf 81' lang='lat' dir='ltr'><strong>quiescamus</strong></span> 
     </span>
    </p>
   </div>
   <div class='ocr_carea' id='block_1_44' title="bbox 374 3834 3646 3914">
    <p class='ocr_par' dir='ltr' id='par_1_44' title="bbox 374 3834 3646 3914">
     <span class='ocr_line' id='line_1_44' title="bbox 374 3834 3646 3914; baseline 0 -13"><span class='ocrx_word' id='word_1_550' title='bbox 374 3843 457 3902; x_wconf 92' lang='lat' dir='ltr'><strong>ab</strong></span> <span class='ocrx_word' id='word_1_551' title='bbox 477 3838 775 3913; x_wconf 87' lang='lat' dir='ltr'><strong>avaritia,</strong></span> <span class='ocrx_word' id='word_1_552' title='bbox 806 3834 887 3898; x_wconf 81' lang='lat' dir='ltr'><strong>ne</strong></span> <span class='ocrx_word' id='word_1_553' title='bbox 915 3834 1253 3914; x_wconf 85' lang='lat' dir='ltr'><strong>audiamus</strong></span> <span class='ocrx_word' id='word_1_554' title='bbox 1280 3834 1451 3912; x_wconf 88' lang='lat' dir='ltr'><strong>quod</strong></span> <span class='ocrx_word' id='word_1_555' title='bbox 1483 3834 1573 3893; x_wconf 93' lang='lat' dir='ltr'><strong>illi</strong></span> <span class='ocrx_word' id='word_1_556' title='bbox 1602 3852 1861 3914; x_wconf 87' lang='lat' dir='ltr'><strong>quoque</strong></span> <span class='ocrx_word' id='word_1_557' title='bbox 1883 3835 2253 3914; x_wconf 81' lang='lat' dir='ltr'><strong>audierunt.</strong></span> <span class='ocrx_word' id='word_1_558' title='bbox 2275 3837 2454 3895; x_wconf 84' lang='lat' dir='ltr'><strong>Nunc</strong></span> <span class='ocrx_word' id='word_1_559' title='bbox 2493 3851 2571 3896; x_wconf 88' lang='lat' dir='ltr'><strong>ea</strong></span> <span class='ocrx_word' id='word_1_560' title='bbox 2601 3834 2939 3895; x_wconf 89' lang='lat' dir='ltr'><strong>audiamus</strong></span> <span class='ocrx_word' id='word_1_561' title='bbox 2968 3834 3646 3914; x_wconf 83' lang='lat' dir='ltr'><strong>etcontremiscamus,</strong></span> 
     </span>
    </p>
   </div>
   <div class='ocr_carea' id='block_1_45' title="bbox 376 3913 3650 3993">
    <p class='ocr_par' dir='ltr' id='par_1_45' title="bbox 376 3913 3650 3993">
     <span class='ocr_line' id='line_1_45' title="bbox 376 3913 3650 3993; baseline 0.001 -14"><span class='ocrx_word' id='word_1_562' title='bbox 376 3938 458 3993; x_wconf 78' lang='lat' dir='ltr'><strong>ne</strong></span> <span class='ocrx_word' id='word_1_563' title='bbox 486 3926 633 3980; x_wconf 87' lang='lat' dir='ltr'><strong>tunc</strong></span> <span class='ocrx_word' id='word_1_564' title='bbox 663 3936 741 3979; x_wconf 88' lang='lat' dir='ltr'><strong>ea</strong></span> <span class='ocrx_word' id='word_1_565' title='bbox 775 3916 940 3977; x_wconf 88' lang='lat' dir='ltr'><strong>male</strong></span> <span class='ocrx_word' id='word_1_566' title='bbox 971 3913 1310 3977; x_wconf 85' lang='lat' dir='ltr'><strong>audiamus</strong></span> <span class='ocrx_word' id='word_1_567' title='bbox 1347 3933 1362 3971; x_wconf 87' lang='lat'><strong>:</strong></span> <span class='ocrx_word' id='word_1_568' title='bbox 1400 3931 1574 3973; x_wconf 88' lang='lat' dir='ltr'><strong>nunc</strong></span> <span class='ocrx_word' id='word_1_569' title='bbox 1603 3913 2010 3975; x_wconf 89' lang='lat' dir='ltr'><strong>advertamus</strong></span> <span class='ocrx_word' id='word_1_570' title='bbox 2041 3932 2185 3976; x_wconf 91' lang='lat' dir='ltr'><strong>cum</strong></span> <span class='ocrx_word' id='word_1_571' title='bbox 2214 3913 2441 3974; x_wconf 82' lang='lat' dir='ltr'><strong>timore</strong></span> <span class='ocrx_word' id='word_1_572' title='bbox 2467 3957 2481 3983; x_wconf 92' lang='lat'><strong>,</strong></span> <span class='ocrx_word' id='word_1_573' title='bbox 2514 3932 2591 3975; x_wconf 90' lang='lat' dir='ltr'><strong>ne</strong></span> <span class='ocrx_word' id='word_1_574' title='bbox 2621 3919 2774 3974; x_wconf 85' lang='lat' dir='ltr'><strong>tunc</strong></span> <span class='ocrx_word' id='word_1_575' title='bbox 2801 3932 2944 3973; x_wconf 91' lang='lat' dir='ltr'><strong>cum</strong></span> <span class='ocrx_word' id='word_1_576' title='bbox 2972 3915 3301 3992; x_wconf 82' lang='lat' dir='ltr'><strong>suppliciis</strong></span> <span class='ocrx_word' id='word_1_577' title='bbox 3332 3913 3650 3981; x_wconf 51' lang='lat' dir='ltr'><strong>advertaé</strong></span> 
     </span>
    </p>
   </div>
   <div class='ocr_carea' id='block_1_46' title="bbox 376 3993 3648 4072">
    <p class='ocr_par' dir='ltr' id='par_1_46' title="bbox 376 3993 3648 4072">
     <span class='ocr_line' id='line_1_46' title="bbox 376 3993 3648 4072; baseline 0.001 -14"><span class='ocrx_word' id='word_1_578' title='bbox 376 4017 521 4060; x_wconf 88' lang='lat' dir='ltr'><strong>mus</strong></span> <span class='ocrx_word' id='word_1_579' title='bbox 554 4019 568 4056; x_wconf 89' lang='lat'><strong>:</strong></span> <span class='ocrx_word' id='word_1_580' title='bbox 605 3994 915 4057; x_wconf 76' lang='lat' dir='ltr'><strong>Discedite</strong></span> <span class='ocrx_word' id='word_1_581' title='bbox 943 4014 981 4054; x_wconf 92' lang='lat' dir='ltr'><strong>a</strong></span> <span class='ocrx_word' id='word_1_582' title='bbox 1009 4012 1131 4062; x_wconf 82' lang='lat' dir='ltr'><strong>me,</strong></span> <span class='ocrx_word' id='word_1_583' title='bbox 1162 4009 1495 4072; x_wconf 74' lang='lat' dir='ltr'><strong>numquam</strong></span> <span class='ocrx_word' id='word_1_584' title='bbox 1522 3994 1756 4070; x_wconf 67' lang='lat' dir='ltr'><strong>agnovi</strong></span> <span class='ocrx_word' id='word_1_585' title='bbox 1776 4013 1906 4060; x_wconf 78' lang='lat' dir='ltr'><strong>cos,</strong></span> <span class='ocrx_word' id='word_1_586' title='bbox 1942 4012 2060 4055; x_wconf 86' lang='lat' dir='ltr'><strong>nec</strong></span> <span class='ocrx_word' id='word_1_587' title='bbox 2092 4000 2244 4054; x_wconf 91' lang='lat' dir='ltr'><strong>tunc</strong></span> <span class='ocrx_word' id='word_1_588' title='bbox 2269 4038 2286 4063; x_wconf 91' lang='lat'><strong>,</strong></span> <span class='ocrx_word' id='word_1_589' title='bbox 2311 3993 2554 4070; x_wconf 89' lang='lat' dir='ltr'><strong>inquit,</strong></span> <span class='ocrx_word' id='word_1_590' title='bbox 2584 3993 2845 4072; x_wconf 81' lang='lat' dir='ltr'><strong>quando</strong></span> <span class='ocrx_word' id='word_1_591' title='bbox 2862 3994 3228 4072; x_wconf 88' lang='lat' dir='ltr'><strong>prophetias</strong></span> <span class='ocrx_word' id='word_1_592' title='bbox 3259 3999 3648 4060; x_wconf 85' lang='lat' dir='ltr'><strong>ostendeba—</strong></span> 
     </span>
    </p>
   </div>
   <div class='ocr_carea' id='block_1_47' title="bbox 375 4070 3651 4155">
    <p class='ocr_par' dir='ltr' id='par_1_47' title="bbox 375 4070 3651 4155">
     <span class='ocr_line' id='line_1_47' title="bbox 375 4070 3651 4155; baseline 0.001 -18"><span class='ocrx_word' id='word_1_593' title='bbox 375 4080 456 4139; x_wconf 77' lang='lat' dir='ltr'><strong>tis</strong></span> <span class='ocrx_word' id='word_1_594' title='bbox 482 4082 545 4138; x_wconf 87' lang='lat' dir='ltr'><strong>et</strong></span> <span class='ocrx_word' id='word_1_595' title='bbox 574 4076 895 4137; x_wconf 63' lang='lat' dir='ltr'><strong>daamones</strong></span> <span class='ocrx_word' id='word_1_596' title='bbox 928 4070 1335 4155; x_wconf 29' lang='lat' dir='ltr'><strong>eil‘ugabatis.’</strong></span> <span class='ocrx_word' id='word_1_597' title='bbox 1352 4070 1695 4155; x_wconf 78' lang='lat' dir='ltr'><strong>Fortassis</strong></span> <span class='ocrx_word' id='word_1_598' title='bbox 1723 4073 2014 4155; x_wconf 78' lang='lat' dir='ltr'><strong>etiamin</strong></span> <span class='ocrx_word' id='word_1_599' title='bbox 2049 4074 2190 4134; x_wconf 87' lang='lat' dir='ltr'><strong>loco</strong></span> <span class='ocrx_word' id='word_1_600' title='bbox 2224 4078 2285 4133; x_wconf 88' lang='lat' dir='ltr'><strong>et</strong></span> <span class='ocrx_word' id='word_1_601' title='bbox 2318 4072 2489 4155; x_wconf 74' lang='lat' dir='ltr'><strong>aliud</strong></span> <span class='ocrx_word' id='word_1_602' title='bbox 2536 4070 2836 4149; x_wconf 89' lang='lat' dir='ltr'><strong>quiddam</strong></span> <span class='ocrx_word' id='word_1_603' title='bbox 2864 4070 3199 4155; x_wconf 77' lang='lat' dir='ltr'><strong>signiﬁcat</strong></span> <span class='ocrx_word' id='word_1_604' title='bbox 3223 4119 3248 4155; x_wconf 13' lang='grc' dir='ltr'><strong>,ί</strong></span> <span class='ocrx_word' id='word_1_605' title='bbox 3287 4082 3348 4134; x_wconf 88' lang='lat' dir='ltr'><strong>et</strong></span> <span class='ocrx_word' id='word_1_606' title='bbox 3386 4079 3538 4155; x_wconf 89' lang='lat' dir='ltr'><strong>quia</strong></span> <span class='ocrx_word' id='word_1_607' title='bbox 3587 4086 3651 4139; x_wconf 84' lang='lat' dir='ltr'><strong>et</strong></span> 
     </span>
    </p>
   </div>
   <div class='ocr_carea' id='block_1_48' title="bbox 375 4151 3649 4231">
    <p class='ocr_par' dir='ltr' id='par_1_48' title="bbox 375 4151 3649 4231">
     <span class='ocr_line' id='line_1_48' title="bbox 375 4151 3649 4231; baseline -0 -12"><span class='ocrx_word' id='word_1_608' title='bbox 375 4166 531 4219; x_wconf 85' lang='lat' dir='ltr'><strong>tunc</strong></span> <span class='ocrx_word' id='word_1_609' title='bbox 554 4155 700 4216; x_wconf 70' lang='lat' dir='ltr'><strong>vita:</strong></span> <span class='ocrx_word' id='word_1_610' title='bbox 729 4158 915 4216; x_wconf 86' lang='lat' dir='ltr'><strong>erant</strong></span> <span class='ocrx_word' id='word_1_611' title='bbox 943 4153 1276 4231; x_wconf 70' lang='lat' dir='ltr'><strong>pessimae:</strong></span> <span class='ocrx_word' id='word_1_612' title='bbox 1310 4151 1377 4210; x_wconf 91' lang='lat' dir='ltr'><strong>in</strong></span> <span class='ocrx_word' id='word_1_613' title='bbox 1407 4151 1562 4228; x_wconf 91' lang='lat' dir='ltr'><strong>ipsis</strong></span> <span class='ocrx_word' id='word_1_614' title='bbox 1586 4151 1824 4229; x_wconf 89' lang='lat' dir='ltr'><strong>quippe</strong></span> <span class='ocrx_word' id='word_1_615' title='bbox 1852 4152 2046 4213; x_wconf 80' lang='lat' dir='ltr'><strong>initiis</strong></span> <span class='ocrx_word' id='word_1_616' title='bbox 2089 4156 2149 4213; x_wconf 89' lang='lat' dir='ltr'><strong>et</strong></span> <span class='ocrx_word' id='word_1_617' title='bbox 2176 4170 2290 4230; x_wconf 90' lang='lat' dir='ltr'><strong>per</strong></span> <span class='ocrx_word' id='word_1_618' title='bbox 2320 4152 2614 4229; x_wconf 84' lang='lat' dir='ltr'><strong>indignos</strong></span> <span class='ocrx_word' id='word_1_619' title='bbox 2659 4152 3053 4231; x_wconf 77' lang='lat' dir='ltr'><strong>operabatur</strong></span> <span class='ocrx_word' id='word_1_620' title='bbox 3089 4154 3317 4230; x_wconf 84' lang='lat' dir='ltr'><strong>gratia.</strong></span> <span class='ocrx_word' id='word_1_621' title='bbox 3368 4151 3429 4215; x_wconf 82' lang='lat' dir='ltr'><strong>Si</strong></span> <span class='ocrx_word' id='word_1_622' title='bbox 3477 4160 3649 4218; x_wconf 87' lang='lat' dir='ltr'><strong>enim</strong></span> 
     </span>
    </p>
   </div>
   <div class='ocr_carea' id='block_1_49' title="bbox 374 4230 3647 4315">
    <p class='ocr_par' dir='ltr' id='par_1_49' title="bbox 374 4230 3647 4315">
     <span class='ocr_line' id='line_1_49' title="bbox 374 4230 3647 4315; baseline 0 -18"><span class='ocrx_word' id='word_1_623' title='bbox 374 4254 493 4315; x_wconf 90' lang='lat' dir='ltr'><strong>per</strong></span> <span class='ocrx_word' id='word_1_624' title='bbox 521 4234 784 4296; x_wconf 83' lang='lat' dir='ltr'><strong>Balaam</strong></span> <span class='ocrx_word' id='word_1_625' title='bbox 811 4230 1078 4315; x_wconf 83' lang='lat' dir='ltr'><strong>operata</strong></span> <span class='ocrx_word' id='word_1_626' title='bbox 1121 4230 1487 4315; x_wconf 84' lang='lat' dir='ltr'><strong>est,_mult0</strong></span> <span class='ocrx_word' id='word_1_627' title='bbox 1512 4231 1721 4315; x_wconf 71' lang='lat' dir='ltr'><strong>magis</strong></span> <span class='ocrx_word' id='word_1_628' title='bbox 1776 4237 1995 4315; x_wconf 82' lang='lat' dir='ltr'><strong>et__p_er</strong></span> <span class='ocrx_word' id='word_1_629' title='bbox 2021 4232 2327 4315; x_wconf 77' lang='lat' dir='ltr'><strong>indignos</strong></span> <span class='ocrx_word' id='word_1_630' title='bbox 2354 4276 2373 4304; x_wconf 92' lang='lat'><strong>,</strong></span> <span class='ocrx_word' id='word_1_631' title='bbox 2414 4236 2676 4315; x_wconf 78' lang='lat' dir='ltr'><strong>propter</strong></span> <span class='ocrx_word' id='word_1_632' title='bbox 2720 4230 2880 4315; x_wconf 79' lang='lat' dir='ltr'><strong>alios</strong></span> <span class='ocrx_word' id='word_1_633' title='bbox 2920 4231 3286 4315; x_wconf 80' lang='lat' dir='ltr'><strong>lucrandos.</strong></span> <span class='ocrx_word' id='word_1_634' title='bbox 3318 4235 3381 4315; x_wconf 84' lang='lat' dir='ltr'><strong>Si</strong></span> <span class='ocrx_word' id='word_1_635' title='bbox 3430 4243 3647 4297; x_wconf 80' lang='lat' dir='ltr'><strong>autem</strong></span> 
     </span>
    </p>
   </div>
   <div class='ocr_carea' id='block_1_50' title="bbox 376 4309 3653 4394">
    <p class='ocr_par' dir='ltr' id='par_1_50' title="bbox 376 4309 3653 4394">
     <span class='ocr_line' id='line_1_50' title="bbox 376 4309 3653 4394; baseline 0 -18"><span class='ocrx_word' id='word_1_636' title='bbox 376 4309 564 4394; x_wconf 76' lang='lat' dir='ltr'><strong>signa</strong></span> <span class='ocrx_word' id='word_1_637' title='bbox 596 4324 659 4374; x_wconf 91' lang='lat' dir='ltr'><strong>et</strong></span> <span class='ocrx_word' id='word_1_638' title='bbox 686 4310 977 4394; x_wconf 81' lang='lat' dir='ltr'><strong>prodigia</strong></span> <span class='ocrx_word' id='word_1_639' title='bbox 1025 4327 1155 4394; x_wconf 82' lang='lat' dir='ltr'><strong>non</strong></span> <span class='ocrx_word' id='word_1_640' title='bbox 1182 4309 1527 4394; x_wconf 79' lang='lat' dir='ltr'><strong>valuerunt</strong></span> <span class='ocrx_word' id='word_1_641' title='bbox 1581 4326 1618 4371; x_wconf 93' lang='lat' dir='ltr'><strong>a</strong></span> <span class='ocrx_word' id='word_1_642' title='bbox 1658 4310 1989 4394; x_wconf 74' lang='lat' dir='ltr'><strong>suppliciis</strong></span> <span class='ocrx_word' id='word_1_643' title='bbox 2021 4311 2329 4394; x_wconf 79' lang='lat' dir='ltr'><strong>liberare,</strong></span> <span class='ocrx_word' id='word_1_644' title='bbox 2364 4310 2566 4394; x_wconf 76' lang='lat' dir='ltr'><strong>multo</strong></span> <span class='ocrx_word' id='word_1_645' title='bbox 2597 4310 2870 4388; x_wconf 87' lang='lat' dir='ltr'><strong>amplius</strong></span> <span class='ocrx_word' id='word_1_646' title='bbox 2898 4311 2994 4394; x_wconf 85' lang='lat' dir='ltr'><strong>,_si</strong></span> <span class='ocrx_word' id='word_1_647' title='bbox 3037 4313 3098 4370; x_wconf 91' lang='lat' dir='ltr'><strong>in</strong></span> <span class='ocrx_word' id='word_1_648' title='bbox 3132 4314 3511 4376; x_wconf 82' lang='lat' dir='ltr'><strong>sacerdotali</strong></span> <span class='ocrx_word' id='word_1_649' title='bbox 3545 4317 3653 4376; x_wconf 76' lang='lat' dir='ltr'><strong>di—</strong></span> 
     </span>
    </p>
   </div>
   <div class='ocr_carea' id='block_1_51' title="bbox 374 4388 3651 4476">
    <p class='ocr_par' dir='ltr' id='par_1_51' title="bbox 374 4388 3651 4476">
     <span class='ocr_line' id='line_1_51' title="bbox 374 4388 3651 4476; baseline 0.001 -23"><span class='ocrx_word' id='word_1_650' title='bbox 374 4388 619 4476; x_wconf 64' lang='lat' dir='ltr'><strong>giiitate</strong></span> <span class='ocrx_word' id='word_1_651' title='bbox 670 4388 1017 4476; x_wconf 81' lang='lat' dir='ltr'><strong>quisquam</strong></span> <span class='ocrx_word' id='word_1_652' title='bbox 1058 4389 1143 4476; x_wconf 82' lang='lat' dir='ltr'><strong>sit</strong></span> <span class='ocrx_word' id='word_1_653' title='bbox 1178 4388 1563 4476; x_wconf 78' lang='lat' dir='ltr'><strong>censtltutus</strong></span> <span class='ocrx_word' id='word_1_654' title='bbox 1591 4433 1607 4460; x_wconf 92' lang='lat'><strong>,</strong></span> <span class='ocrx_word' id='word_1_655' title='bbox 1657 4406 1733 4476; x_wconf 87' lang='lat' dir='ltr'><strong>ac</strong></span> <span class='ocrx_word' id='word_1_656' title='bbox 1779 4390 1832 4449; x_wconf 89' lang='lat' dir='ltr'><strong>si</strong></span> <span class='ocrx_word' id='word_1_657' title='bbox 1878 4391 1955 4450; x_wconf 89' lang='lat' dir='ltr'><strong>ad</strong></span> <span class='ocrx_word' id='word_1_658' title='bbox 1987 4389 2388 4476; x_wconf 75' lang='lat' dir='ltr'><strong>superiorem</strong></span> <span class='ocrx_word' id='word_1_659' title='bbox 2432 4389 3124 4476; x_wconf 71' lang='lat' dir='ltr'><strong>honorempertingat,</strong></span> <span class='ocrx_word' id='word_1_660' title='bbox 3167 4408 3240 4452; x_wconf 91' lang='lat' dir='ltr'><strong>ac</strong></span> <span class='ocrx_word' id='word_1_661' title='bbox 3269 4395 3323 4453; x_wconf 87' lang='lat' dir='ltr'><strong>si</strong></span> <span class='ocrx_word' id='word_1_662' title='bbox 3372 4395 3436 4453; x_wconf 86' lang='lat' dir='ltr'><strong>in</strong></span> <span class='ocrx_word' id='word_1_663' title='bbox 3466 4396 3651 4456; x_wconf 87' lang='lat' dir='ltr'><strong>ordi-</strong></span> 
     </span>
    </p>
   </div>
   <div class='ocr_carea' id='block_1_52' title="bbox 377 4467 3653 4552">
    <p class='ocr_par' dir='ltr' id='par_1_52' title="bbox 377 4467 3653 4552">
     <span class='ocr_line' id='line_1_52' title="bbox 377 4467 3653 4552; baseline 0 -17"><span class='ocrx_word' id='word_1_664' title='bbox 377 4467 644 4536; x_wconf 75' lang='lat' dir='ltr'><strong>natione</strong></span> <span class='ocrx_word' id='word_1_665' title='bbox 682 4467 821 4550; x_wconf 82' lang='lat' dir='ltr'><strong>ejus</strong></span> <span class='ocrx_word' id='word_1_666' title='bbox 844 4467 1169 4552; x_wconf 44' lang='lat' dir='ltr'><strong>&#39;0peretur</strong></span> <span class='ocrx_word' id='word_1_667' title='bbox 1211 4468 1417 4552; x_wconf 77' lang='lat' dir='ltr'><strong>gratia</strong></span> <span class='ocrx_word' id='word_1_668' title='bbox 1439 4511 1455 4539; x_wconf 94' lang='lat'><strong>,</strong></span> <span class='ocrx_word' id='word_1_669' title='bbox 1503 4474 1764 4546; x_wconf 83' lang='lat' dir='ltr'><strong>prepter</strong></span> <span class='ocrx_word' id='word_1_670' title='bbox 1788 4486 1898 4529; x_wconf 91' lang='lat' dir='ltr'><strong>eos</strong></span> <span class='ocrx_word' id='word_1_671' title='bbox 1927 4469 2039 4547; x_wconf 91' lang='lat' dir='ltr'><strong>qui</strong></span> <span class='ocrx_word' id='word_1_672' title='bbox 2068 4468 2432 4552; x_wconf 66' lang='lat' dir='ltr'><strong>prazpositis</strong></span> <span class='ocrx_word' id='word_1_673' title='bbox 2456 4486 2619 4546; x_wconf 91' lang='lat' dir='ltr'><strong>opus</strong></span> <span class='ocrx_word' id='word_1_674' title='bbox 2657 4467 2894 4552; x_wconf 79' lang='lat' dir='ltr'><strong>habent</strong></span> <span class='ocrx_word' id='word_1_675' title='bbox 2930 4489 2943 4527; x_wconf 89' lang='lat'><strong>:</strong></span> <span class='ocrx_word' id='word_1_676' title='bbox 2979 4467 3195 4531; x_wconf 79' lang='lat' dir='ltr'><strong>audiet</strong></span> <span class='ocrx_word' id='word_1_677' title='bbox 3219 4478 3428 4533; x_wconf 89' lang='lat' dir='ltr'><strong>tamen</strong></span> <span class='ocrx_word' id='word_1_678' title='bbox 3460 4476 3653 4537; x_wconf 88' lang='lat' dir='ltr'><strong>etiam</strong></span> 
     </span>
    </p>
   </div>
   <div class='ocr_carea' id='block_1_53' title="bbox 375 4546 3651 4633">
    <p class='ocr_par' dir='ltr' id='par_1_53' title="bbox 375 4546 3651 4633">
     <span class='ocr_line' id='line_1_53' title="bbox 375 4546 3651 4633; baseline 0 -18"><span class='ocrx_word' id='word_1_679' title='bbox 375 4555 519 4633; x_wconf 85' lang='lat' dir='ltr'><strong>ipse</strong></span> <span class='ocrx_word' id='word_1_680' title='bbox 540 4546 1053 4633; x_wconf 68' lang='lat' dir='ltr'><strong>,Numquamte</strong></span> <span class='ocrx_word' id='word_1_681' title='bbox 1069 4546 1338 4633; x_wconf 87' lang='lat' dir='ltr'><strong>cognovi</strong></span> <span class='ocrx_word' id='word_1_682' title='bbox 1363 4591 1378 4619; x_wconf 92' lang='lat'><strong>,</strong></span> <span class='ocrx_word' id='word_1_683' title='bbox 1408 4564 1619 4624; x_wconf 87' lang='lat' dir='ltr'><strong>neque</strong></span> <span class='ocrx_word' id='word_1_684' title='bbox 1645 4555 1833 4633; x_wconf 78' lang='lat' dir='ltr'><strong>tunc,</strong></span> <span class='ocrx_word' id='word_1_685' title='bbox 1865 4546 2364 4633; x_wconf 80' lang='lat' dir='ltr'><strong>neque_quando</strong></span> <span class='ocrx_word' id='word_1_686' title='bbox 2417 4547 2482 4607; x_wconf 90' lang='lat' dir='ltr'><strong>iu</strong></span> <span class='ocrx_word' id='word_1_687' title='bbox 2519 4550 3033 4633; x_wconf 72' lang='lat' dir='ltr'><strong>eo_operabatur</strong></span> <span class='ocrx_word' id='word_1_688' title='bbox 3058 4552 3287 4633; x_wconf 79' lang='lat' dir='ltr'><strong>gratia.</strong></span> <span class='ocrx_word' id='word_1_689' title='bbox 3321 4553 3373 4611; x_wconf 94' lang='grc' dir='ltr'>Ο</span> <span class='ocrx_word' id='word_1_690' title='bbox 3408 4562 3651 4629; x_wconf 86' lang='lat' dir='ltr'><strong>quanta</strong></span> 
     </span>
    </p>
   </div>
   <div class='ocr_carea' id='block_1_54' title="bbox 376 4626 3651 4709">
    <p class='ocr_par' dir='ltr' id='par_1_54' title="bbox 376 4626 3651 4709">
     <span class='ocr_line' id='line_1_54' title="bbox 376 4626 3651 4709; baseline -0.001 -15"><span class='ocrx_word' id='word_1_691' title='bbox 376 4626 475 4694; x_wconf 69' lang='lat' dir='ltr'><strong>est</strong></span> <span class='ocrx_word' id='word_1_692' title='bbox 515 4631 668 4692; x_wconf 62' lang='lat' dir='ltr'><strong>vitae</strong></span> <span class='ocrx_word' id='word_1_693' title='bbox 707 4626 1055 4709; x_wconf 80' lang='lat' dir='ltr'><strong>munditia!</strong></span> <span class='ocrx_word' id='word_1_694' title='bbox 1111 4631 1426 4703; x_wconf 90' lang='lat' dir='ltr'><strong>quantum</strong></span> <span class='ocrx_word' id='word_1_695' title='bbox 1472 4627 1786 4709; x_wconf 63' lang='lat' dir='ltr'><strong>quieritur</strong></span> <span class='ocrx_word' id='word_1_696' title='bbox 1841 4627 2012 4705; x_wconf 89' lang='lat' dir='ltr'><strong>apud</strong></span> <span class='ocrx_word' id='word_1_697' title='bbox 2059 4627 2297 4709; x_wconf 76' lang='lat' dir='ltr'><strong>Deum!</strong></span> <span class='ocrx_word' id='word_1_698' title='bbox 2348 4626 2672 4709; x_wconf 78' lang='lat' dir='ltr'><strong>quomodo</strong></span> <span class='ocrx_word' id='word_1_699' title='bbox 2700 4626 2840 4709; x_wconf 83' lang='lat' dir='ltr'><strong>ipsa</strong></span> <span class='ocrx_word' id='word_1_700' title='bbox 2882 4626 3203 4709; x_wconf 78' lang='lat' dir='ltr'><strong>sufﬁcitin</strong></span> <span class='ocrx_word' id='word_1_701' title='bbox 3233 4626 3502 4709; x_wconf 78' lang='lat' dir='ltr'><strong>regnum</strong></span> <span class='ocrx_word' id='word_1_702' title='bbox 3536 4652 3651 4693; x_wconf 81' lang='lat' dir='ltr'><strong>nos</strong></span> 
     </span>
    </p>
   </div>
   <div class='ocr_carea' id='block_1_55' title="bbox 377 4705 3653 4788">
    <p class='ocr_par' dir='ltr' id='par_1_55' title="bbox 377 4705 3653 4788">
     <span class='ocr_line' id='line_1_55' title="bbox 377 4705 3653 4788; baseline -0.002 -12"><span class='ocrx_word' id='word_1_703' title='bbox 377 4708 1102 4788; x_wconf 67' lang='lat' dir='ltr'><strong>introducerctAbsens</strong></span> <span class='ocrx_word' id='word_1_704' title='bbox 1131 4709 1347 4788; x_wconf 77' lang='lat' dir='ltr'><strong>autem</strong></span> <span class='ocrx_word' id='word_1_705' title='bbox 1377 4705 1603 4788; x_wconf 78' lang='lat' dir='ltr'><strong>prodet</strong></span> <span class='ocrx_word' id='word_1_706' title='bbox 1637 4705 1845 4788; x_wconf 85' lang='lat' dir='ltr'><strong>virum</strong></span> <span class='ocrx_word' id='word_1_707' title='bbox 1867 4750 1883 4777; x_wconf 90' lang='lat'><strong>,</strong></span> <span class='ocrx_word' id='word_1_708' title='bbox 1915 4723 1993 4768; x_wconf 91' lang='lat' dir='ltr'><strong>ac</strong></span> <span class='ocrx_word' id='word_1_709' title='bbox 2020 4705 2073 4788; x_wconf 83' lang='lat' dir='ltr'><strong>si</strong></span> <span class='ocrx_word' id='word_1_710' title='bbox 2117 4705 2336 4768; x_wconf 88' lang='lat' dir='ltr'><strong>decem</strong></span> <span class='ocrx_word' id='word_1_711' title='bbox 2385 4706 2587 4788; x_wconf 83' lang='lat' dir='ltr'><strong>millia</strong></span> <span class='ocrx_word' id='word_1_712' title='bbox 2622 4707 3046 4788; x_wconf 77' lang='lat' dir='ltr'><strong>possitsigna</strong></span> <span class='ocrx_word' id='word_1_713' title='bbox 3098 4716 3161 4788; x_wconf 87' lang='lat' dir='ltr'><strong>et</strong></span> <span class='ocrx_word' id='word_1_714' title='bbox 3218 4705 3505 4788; x_wconf 73' lang='lat' dir='ltr'><strong>prodigia</strong></span> <span class='ocrx_word' id='word_1_715' title='bbox 3536 4713 3653 4772; x_wconf 89' lang='lat' dir='ltr'><strong>de-</strong></span> 
     </span>
    </p>
   </div>
   <div class='ocr_carea' id='block_1_56' title="bbox 379 4784 3649 4866">
    <p class='ocr_par' dir='ltr' id='par_1_56' title="bbox 379 4784 3649 4866">
     <span class='ocr_line' id='line_1_56' title="bbox 379 4784 3649 4866; baseline -0 -15"><span class='ocrx_word' id='word_1_716' title='bbox 379 4794 771 4853; x_wconf 87' lang='lat' dir='ltr'><strong>monstrare.</strong></span> <span class='ocrx_word' id='word_1_717' title='bbox 821 4785 1121 4866; x_wconf 16' lang='lat' dir='ltr'><strong>Nihilgita</strong></span> <span class='ocrx_word' id='word_1_718' title='bbox 1161 4784 1439 4866; x_wconf 61' lang='lat' dir='ltr'><strong>lastiticat</strong></span> <span class='ocrx_word' id='word_1_719' title='bbox 1466 4784 1897 4866; x_wconf 44' lang='lat' dir='ltr'><strong>Deumisicut</strong></span> <span class='ocrx_word' id='word_1_720' title='bbox 1920 4786 2160 4864; x_wconf 81' lang='lat' dir='ltr'><strong>Optima</strong></span> <span class='ocrx_word' id='word_1_721' title='bbox 2182 4786 2609 4847; x_wconf 89' lang='lat' dir='ltr'><strong>conversatio.</strong></span> <span class='ocrx_word' id='word_1_722' title='bbox 2634 4784 2716 4846; x_wconf 78' lang='lat' dir='ltr'><strong>Si</strong></span> <span class='ocrx_word' id='word_1_723' title='bbox 2745 4786 2904 4845; x_wconf 80' lang='lat' dir='ltr'><strong>enim</strong></span> <span class='ocrx_word' id='word_1_724' title='bbox 2927 4784 3333 4863; x_wconf 16' lang='lat' dir='ltr'><strong>diligitis-imo</strong></span> <span class='ocrx_word' id='word_1_725' title='bbox 3356 4835 3369 4854; x_wconf 90' lang='lat'><strong>,</strong></span> <span class='ocrx_word' id='word_1_726' title='bbox 3408 4784 3649 4866; x_wconf 83' lang='lat' dir='ltr'><strong>inquit.</strong></span> 
     </span>
    </p>
   </div>
   <div class='ocr_carea' id='block_1_57' title="bbox 379 4862 3648 4945">
    <p class='ocr_par' dir='ltr' id='par_1_57' title="bbox 379 4862 3648 4945">
     <span class='ocr_line' id='line_1_57' title="bbox 379 4862 3648 4945; baseline -0.001 -12"><span class='ocrx_word' id='word_1_727' title='bbox 379 4889 512 4933; x_wconf 87' lang='lat' dir='ltr'><strong>non</strong></span> <span class='ocrx_word' id='word_1_728' title='bbox 543 4868 741 4940; x_wconf 81' lang='lat' dir='ltr'><strong>dixit,</strong></span> <span class='ocrx_word' id='word_1_729' title='bbox 772 4866 964 4945; x_wconf 88' lang='lat' dir='ltr'><strong>Signa</strong></span> <span class='ocrx_word' id='word_1_730' title='bbox 995 4862 1203 4945; x_wconf 83' lang='lat' dir='ltr'><strong>facite,</strong></span> <span class='ocrx_word' id='word_1_731' title='bbox 1241 4863 1350 4945; x_wconf 81' lang='lat' dir='ltr'><strong>sed</strong></span> <span class='ocrx_word' id='word_1_732' title='bbox 1376 4863 1617 4945; x_wconf 83' lang='lat' dir='ltr'><strong>inquit,</strong></span> <span class='ocrx_word' id='word_1_733' title='bbox 1644 4862 2111 4945; x_wconf 48' lang='lat' dir='ltr'><strong>Mandata—inea</strong></span> <span class='ocrx_word' id='word_1_734' title='bbox 2134 4874 2410 4933; x_wconf 69' lang='lat' dir='ltr'><strong>servate,-</strong></span> <span class='ocrx_word' id='word_1_735' title='bbox 2442 4872 2501 4925; x_wconf 90' lang='lat' dir='ltr'><strong>et</strong></span> <span class='ocrx_word' id='word_1_736' title='bbox 2538 4866 2765 4945; x_wconf 72' lang='lat' dir='ltr'><strong>iterum</strong></span> <span class='ocrx_word' id='word_1_737' title='bbox 2787 4910 2802 4937; x_wconf 93' lang='lat'><strong>,</strong></span> <span class='ocrx_word' id='word_1_738' title='bbox 2827 4865 3028 4927; x_wconf 78' lang='lat' dir='ltr'><strong>Amici</strong></span> <span class='ocrx_word' id='word_1_739' title='bbox 3051 4862 3167 4925; x_wconf 63' lang='lat' dir='ltr'><strong>inci</strong></span> <span class='ocrx_word' id='word_1_740' title='bbox 3196 4866 3368 4926; x_wconf 75' lang='lat' dir='ltr'><strong>eritis</strong></span> <span class='ocrx_word' id='word_1_741' title='bbox 3391 4913 3405 4934; x_wconf 93' lang='lat'><strong>,</strong></span> <span class='ocrx_word' id='word_1_742' title='bbox 3440 4862 3566 4928; x_wconf 81' lang='lat' dir='ltr'><strong>non</strong></span> <span class='ocrx_word' id='word_1_743' title='bbox 3597 4871 3648 4929; x_wconf 92' lang='lat' dir='ltr'><strong>si</strong></span> 
     </span>
    </p>
   </div>
   <div class='ocr_carea' id='block_1_58' title="bbox 377 4942 3647 5022">
    <p class='ocr_par' dir='ltr' id='par_1_58' title="bbox 377 4942 3647 5022">
     <span class='ocr_line' id='line_1_58' title="bbox 377 4942 3647 5022; baseline -0 -13"><span class='ocrx_word' id='word_1_744' title='bbox 377 4950 705 5012; x_wconf 58' lang='lat' dir='ltr'><strong>damones</strong></span> <span class='ocrx_word' id='word_1_745' title='bbox 735 4942 1141 5007; x_wconf 42' lang='lat' dir='ltr'><strong>exc—luseritis</strong></span> <span class='ocrx_word' id='word_1_746' title='bbox 1170 4988 1185 5016; x_wconf 92' lang='lat'><strong>,</strong></span> <span class='ocrx_word' id='word_1_747' title='bbox 1214 4942 1323 5004; x_wconf 91' lang='lat' dir='ltr'><strong>sed</strong></span> <span class='ocrx_word' id='word_1_748' title='bbox 1345 4987 1361 5015; x_wconf 90' lang='lat'><strong>,</strong></span> <span class='ocrx_word' id='word_1_749' title='bbox 1390 4943 1445 5003; x_wconf 79' lang='lat' dir='ltr'><strong>si</strong></span> <span class='ocrx_word' id='word_1_750' title='bbox 1484 4943 1855 5004; x_wconf 74' lang='lat' dir='ltr'><strong>custodiatis</strong></span> <span class='ocrx_word' id='word_1_751' title='bbox 1878 4943 2063 5005; x_wconf 78' lang='lat' dir='ltr'><strong>verba</strong></span> <span class='ocrx_word' id='word_1_752' title='bbox 2088 4962 2239 5004; x_wconf 85' lang='lat' dir='ltr'><strong>mea.</strong></span> <span class='ocrx_word' id='word_1_753' title='bbox 2274 4945 2389 5006; x_wconf 85' lang='lat' dir='ltr'><strong>illa</strong></span> <span class='ocrx_word' id='word_1_754' title='bbox 2414 4944 2671 5022; x_wconf 87' lang='lat' dir='ltr'><strong>quidem</strong></span> <span class='ocrx_word' id='word_1_755' title='bbox 2713 4945 2909 5004; x_wconf 84' lang='lat' dir='ltr'><strong>divini</strong></span> <span class='ocrx_word' id='word_1_756' title='bbox 2964 4951 3115 5004; x_wconf 90' lang='lat' dir='ltr'><strong>sunt</strong></span> <span class='ocrx_word' id='word_1_757' title='bbox 3143 4947 3428 5006; x_wconf 83' lang='lat' dir='ltr'><strong>muneris</strong></span> <span class='ocrx_word' id='word_1_758' title='bbox 3448 4992 3462 5018; x_wconf 90' lang='lat'><strong>,</strong></span> <span class='ocrx_word' id='word_1_759' title='bbox 3513 4948 3647 5008; x_wconf 70' lang='lat' dir='ltr'><strong>hmo</strong></span> 
     </span>
    </p>
   </div>
   <div class='ocr_carea' id='block_1_59' title="bbox 379 5023 3650 5104">
    <p class='ocr_par' dir='ltr' id='par_1_59' title="bbox 379 5023 3650 5104">
     <span class='ocr_line' id='line_1_59' title="bbox 379 5023 3650 5104; baseline -0.002 -12"><span class='ocrx_word' id='word_1_760' title='bbox 379 5035 601 5092; x_wconf 86' lang='lat' dir='ltr'><strong>autem</strong></span> <span class='ocrx_word' id='word_1_761' title='bbox 636 5032 780 5104; x_wconf 85' lang='lat' dir='ltr'><strong>post</strong></span> <span class='ocrx_word' id='word_1_762' title='bbox 826 5023 938 5085; x_wconf 85' lang='lat' dir='ltr'><strong>Dei</strong></span> <span class='ocrx_word' id='word_1_763' title='bbox 981 5023 1226 5104; x_wconf 76' lang='lat' dir='ltr'><strong>donum</strong></span> <span class='ocrx_word' id='word_1_764' title='bbox 1252 5023 1443 5083; x_wconf 88' lang='lat' dir='ltr'><strong>etiam</strong></span> <span class='ocrx_word' id='word_1_765' title='bbox 1482 5023 1697 5104; x_wconf 81' lang='lat' dir='ltr'><strong>nostri</strong></span> <span class='ocrx_word' id='word_1_766' title='bbox 1729 5026 1879 5104; x_wconf 85' lang='lat' dir='ltr'><strong>sunt</strong></span> <span class='ocrx_word' id='word_1_767' title='bbox 1909 5024 2124 5086; x_wconf 91' lang='lat' dir='ltr'><strong>studii.</strong></span> <span class='ocrx_word' id='word_1_768' title='bbox 2173 5023 2575 5104; x_wconf 88' lang='lat' dir='ltr'><strong>Festinemus</strong></span> <span class='ocrx_word' id='word_1_769' title='bbox 2606 5024 2820 5100; x_wconf 89' lang='lat' dir='ltr'><strong>itaque</strong></span> <span class='ocrx_word' id='word_1_770' title='bbox 2853 5023 2988 5083; x_wconf 83' lang='lat' dir='ltr'><strong>ﬁeri</strong></span> <span class='ocrx_word' id='word_1_771' title='bbox 3024 5024 3210 5083; x_wconf 88' lang='lat' dir='ltr'><strong>amici</strong></span> <span class='ocrx_word' id='word_1_772' title='bbox 3248 5024 3361 5084; x_wconf 85' lang='lat' dir='ltr'><strong>Dei</strong></span> <span class='ocrx_word' id='word_1_773' title='bbox 3391 5071 3405 5096; x_wconf 92' lang='lat'><strong>,</strong></span> <span class='ocrx_word' id='word_1_774' title='bbox 3434 5031 3495 5085; x_wconf 92' lang='lat' dir='ltr'><strong>et</strong></span> <span class='ocrx_word' id='word_1_775' title='bbox 3521 5046 3650 5088; x_wconf 92' lang='lat' dir='ltr'><strong>non</strong></span> 
     </span>
    </p>
   </div>
   <div class='ocr_carea' id='block_1_60' title="bbox 379 5101 3652 5187">
    <p class='ocr_par' dir='ltr' id='par_1_60' title="bbox 379 5101 3652 5187">
     <span class='ocr_line' id='line_1_60' title="bbox 379 5101 3652 5187; baseline -0 -18"><span class='ocrx_word' id='word_1_776' title='bbox 379 5101 1169 5187; x_wconf 74' lang='lat' dir='ltr'><strong>permaneamusinimici.</strong></span> <span class='ocrx_word' id='word_1_777' title='bbox 1194 5101 1456 5187; x_wconf 83' lang='lat' dir='ltr'><strong>Semper</strong></span> <span class='ocrx_word' id='word_1_778' title='bbox 1480 5102 1616 5164; x_wconf 62' lang='lat' dir='ltr'><strong>hmo</strong></span> <span class='ocrx_word' id='word_1_779' title='bbox 1643 5102 1953 5187; x_wconf 77' lang='lat' dir='ltr'><strong>dicimus,</strong></span> <span class='ocrx_word' id='word_1_780' title='bbox 1988 5122 2241 5187; x_wconf 67' lang='lat' dir='ltr'><strong>semper</strong></span> <span class='ocrx_word' id='word_1_781' title='bbox 2273 5103 2403 5187; x_wconf 59' lang='lat' dir='ltr'><strong>base</strong></span> <span class='ocrx_word' id='word_1_782' title='bbox 2448 5121 2781 5187; x_wconf 73' lang='lat' dir='ltr'><strong>monemus</strong></span> <span class='ocrx_word' id='word_1_783' title='bbox 2830 5108 2891 5163; x_wconf 91' lang='lat' dir='ltr'><strong>et</strong></span> <span class='ocrx_word' id='word_1_784' title='bbox 2928 5120 3039 5163; x_wconf 77' lang='lat' dir='ltr'><strong>vos</strong></span> <span class='ocrx_word' id='word_1_785' title='bbox 3079 5108 3140 5162; x_wconf 91' lang='lat' dir='ltr'><strong>et</strong></span> <span class='ocrx_word' id='word_1_786' title='bbox 3180 5106 3606 5187; x_wconf 75' lang='lat' dir='ltr'><strong>nosmetipsos</strong></span> <span class='ocrx_word' id='word_1_787' title='bbox 3636 5128 3652 5177; x_wconf 90' lang='lat'><strong>;</strong></span> 
     </span>
    </p>
   </div>
   <div class='ocr_carea' id='block_1_61' title="bbox 381 5180 3656 5262">
    <p class='ocr_par' dir='ltr' id='par_1_61' title="bbox 381 5180 3656 5262">
     <span class='ocr_line' id='line_1_61' title="bbox 381 5180 3656 5262; baseline -0.001 -14"><span class='ocrx_word' id='word_1_788' title='bbox 381 5180 491 5248; x_wconf 69' lang='lat' dir='ltr'><strong>sed</strong></span> <span class='ocrx_word' id='word_1_789' title='bbox 526 5185 809 5262; x_wconf 89' lang='lat' dir='ltr'><strong>amplius</strong></span> <span class='ocrx_word' id='word_1_790' title='bbox 842 5180 1091 5262; x_wconf 83' lang='lat' dir='ltr'><strong>nihilﬁt</strong></span> <span class='ocrx_word' id='word_1_791' title='bbox 1123 5201 1139 5241; x_wconf 88' lang='lat'><strong>:</strong></span> <span class='ocrx_word' id='word_1_792' title='bbox 1171 5183 1255 5262; x_wconf 82' lang='lat' dir='ltr'><strong>ob</strong></span> <span class='ocrx_word' id='word_1_793' title='bbox 1282 5197 1476 5258; x_wconf 86' lang='lat' dir='ltr'><strong>quam</strong></span> <span class='ocrx_word' id='word_1_794' title='bbox 1500 5200 1637 5262; x_wconf 80' lang='lat' dir='ltr'><strong>rem</strong></span> <span class='ocrx_word' id='word_1_795' title='bbox 1671 5183 1862 5262; x_wconf 85' lang='lat' dir='ltr'><strong>etiam</strong></span> <span class='ocrx_word' id='word_1_796' title='bbox 1887 5183 2101 5244; x_wconf 90' lang='lat' dir='ltr'><strong>timeo.</strong></span> <span class='ocrx_word' id='word_1_797' title='bbox 2130 5183 2207 5243; x_wconf 93' lang='lat' dir='ltr'><strong>Et</strong></span> <span class='ocrx_word' id='word_1_798' title='bbox 2237 5183 2463 5262; x_wconf 84' lang='lat' dir='ltr'><strong>vellem</strong></span> <span class='ocrx_word' id='word_1_799' title='bbox 2490 5181 2747 5259; x_wconf 89' lang='lat' dir='ltr'><strong>quidem</strong></span> <span class='ocrx_word' id='word_1_800' title='bbox 2783 5191 2994 5243; x_wconf 88' lang='lat' dir='ltr'><strong>tacere</strong></span> <span class='ocrx_word' id='word_1_801' title='bbox 3018 5226 3034 5254; x_wconf 95' lang='lat'><strong>,</strong></span> <span class='ocrx_word' id='word_1_802' title='bbox 3066 5184 3354 5262; x_wconf 19' lang='lat' dir='ltr'><strong>neivobis</strong></span> <span class='ocrx_word' id='word_1_803' title='bbox 3401 5180 3656 5261; x_wconf 79' lang='lat' dir='ltr'><strong>pericu--</strong></span> 
     </span>
    </p>
   </div>
   <div class='ocr_carea' id='block_1_62' title="bbox 382 5260 3651 5340">
    <p class='ocr_par' dir='ltr' id='par_1_62' title="bbox 382 5260 3651 5340">
     <span class='ocr_line' id='line_1_62' title="bbox 382 5260 3651 5340; baseline -0.001 -13"><span class='ocrx_word' id='word_1_804' title='bbox 382 5268 518 5327; x_wconf 84' lang='lat' dir='ltr'><strong>lum</strong></span> <span class='ocrx_word' id='word_1_805' title='bbox 546 5260 829 5327; x_wconf 74' lang='lat' dir='ltr'><strong>crescat:</strong></span> <span class='ocrx_word' id='word_1_806' title='bbox 869 5261 1102 5340; x_wconf 70' lang='lat' dir='ltr'><strong>saepius</strong></span> <span class='ocrx_word' id='word_1_807' title='bbox 1144 5260 1381 5340; x_wconf 90' lang='lat' dir='ltr'><strong>quippe</strong></span> <span class='ocrx_word' id='word_1_808' title='bbox 1421 5260 1778 5340; x_wconf 86' lang='lat' dir='ltr'><strong>audiendo,</strong></span> <span class='ocrx_word' id='word_1_809' title='bbox 1821 5266 1884 5322; x_wconf 93' lang='lat' dir='ltr'><strong>et</strong></span> <span class='ocrx_word' id='word_1_810' title='bbox 1921 5280 2132 5339; x_wconf 88' lang='lat' dir='ltr'><strong>neque</strong></span> <span class='ocrx_word' id='word_1_811' title='bbox 2166 5263 2259 5324; x_wconf 89' lang='lat' dir='ltr'><strong>sic</strong></span> <span class='ocrx_word' id='word_1_812' title='bbox 2300 5261 2624 5331; x_wconf 81' lang='lat' dir='ltr'><strong>faciendo,</strong></span> <span class='ocrx_word' id='word_1_813' title='bbox 2675 5262 3102 5322; x_wconf 83' lang='lat' dir='ltr'><strong>exacerbatur</strong></span> <span class='ocrx_word' id='word_1_814' title='bbox 3152 5260 3487 5323; x_wconf 85' lang='lat' dir='ltr'><strong>Dominus.</strong></span> <span class='ocrx_word' id='word_1_815' title='bbox 3536 5264 3651 5325; x_wconf 86' lang='lat' dir='ltr'><strong>Sed</strong></span> 
     </span>
    </p>
   </div>
   <div class='ocr_carea' id='block_1_63' title="bbox 382 5339 3656 5420">
    <p class='ocr_par' dir='ltr' id='par_1_63' title="bbox 382 5339 3656 5420">
     <span class='ocr_line' id='line_1_63' title="bbox 382 5339 3656 5420; baseline -0.001 -14"><span class='ocrx_word' id='word_1_816' title='bbox 382 5348 581 5407; x_wconf 87' lang='lat' dir='ltr'><strong>timeo</strong></span> <span class='ocrx_word' id='word_1_817' title='bbox 614 5344 806 5405; x_wconf 88' lang='lat' dir='ltr'><strong>etiam</strong></span> <span class='ocrx_word' id='word_1_818' title='bbox 830 5339 970 5419; x_wconf 83' lang='lat' dir='ltr'><strong>ipse</strong></span> <span class='ocrx_word' id='word_1_819' title='bbox 1003 5340 1175 5420; x_wconf 84' lang='lat' dir='ltr'><strong>aliud</strong></span> <span class='ocrx_word' id='word_1_820' title='bbox 1200 5339 1565 5420; x_wconf 78' lang='lat' dir='ltr'><strong>periculum</strong></span> <span class='ocrx_word' id='word_1_821' title='bbox 1596 5361 1609 5399; x_wconf 89' lang='lat'><strong>:</strong></span> <span class='ocrx_word' id='word_1_822' title='bbox 1642 5342 1763 5401; x_wconf 86' lang='lat' dir='ltr'><strong>hoc</strong></span> <span class='ocrx_word' id='word_1_823' title='bbox 1787 5347 1918 5413; x_wconf 91' lang='lat' dir='ltr'><strong>est,</strong></span> <span class='ocrx_word' id='word_1_824' title='bbox 1948 5342 2184 5401; x_wconf 89' lang='lat' dir='ltr'><strong>silentii</strong></span> <span class='ocrx_word' id='word_1_825' title='bbox 2207 5343 2329 5402; x_wconf 91' lang='lat' dir='ltr'><strong>mei</strong></span> <span class='ocrx_word' id='word_1_826' title='bbox 2354 5385 2369 5411; x_wconf 92' lang='lat'><strong>,</strong></span> <span class='ocrx_word' id='word_1_827' title='bbox 2398 5341 2452 5401; x_wconf 90' lang='lat' dir='ltr'><strong>si</strong></span> <span class='ocrx_word' id='word_1_828' title='bbox 2481 5340 2738 5420; x_wconf 89' lang='lat' dir='ltr'><strong>quidem</strong></span> <span class='ocrx_word' id='word_1_829' title='bbox 2769 5345 3031 5400; x_wconf 89' lang='lat' dir='ltr'><strong>tacuero</strong></span> <span class='ocrx_word' id='word_1_830' title='bbox 3056 5340 3120 5399; x_wconf 91' lang='lat' dir='ltr'><strong>in</strong></span> <span class='ocrx_word' id='word_1_831' title='bbox 3159 5341 3334 5401; x_wconf 87' lang='lat' dir='ltr'><strong>verbi</strong></span> <span class='ocrx_word' id='word_1_832' title='bbox 3369 5343 3656 5404; x_wconf 87' lang='lat' dir='ltr'><strong>ministe-</strong></span> 
     </span>
    </p>
   </div>
   <div class='ocr_carea' id='block_1_64' title="bbox 386 5417 3652 5498">
    <p class='ocr_par' dir='ltr' id='par_1_64' title="bbox 386 5417 3652 5498">
     <span class='ocr_line' id='line_1_64' title="bbox 386 5417 3652 5498; baseline -0.001 -12"><span class='ocrx_word' id='word_1_833' title='bbox 386 5425 556 5486; x_wconf 88' lang='lat' dir='ltr'><strong>rium</strong></span> <span class='ocrx_word' id='word_1_834' title='bbox 603 5417 1010 5484; x_wconf 81' lang='lat' dir='ltr'><strong>constitutus.</strong></span> <span class='ocrx_word' id='word_1_835' title='bbox 1052 5419 1215 5494; x_wconf 88' lang='lat' dir='ltr'><strong>Quid</strong></span> <span class='ocrx_word' id='word_1_836' title='bbox 1253 5435 1407 5497; x_wconf 88' lang='lat' dir='ltr'><strong>ergo</strong></span> <span class='ocrx_word' id='word_1_837' title='bbox 1442 5417 1780 5492; x_wconf 82' lang='lat' dir='ltr'><strong>faciemus,</strong></span> <span class='ocrx_word' id='word_1_838' title='bbox 1825 5427 1897 5480; x_wconf 88' lang='lat' dir='ltr'><strong>ut</strong></span> <span class='ocrx_word' id='word_1_839' title='bbox 1943 5420 2311 5482; x_wconf 88' lang='lat' dir='ltr'><strong>saivemur?</strong></span> <span class='ocrx_word' id='word_1_840' title='bbox 2360 5417 2824 5498; x_wconf 77' lang='lat' dir='ltr'><strong>Aggrediamur</strong></span> <span class='ocrx_word' id='word_1_841' title='bbox 2872 5420 3166 5479; x_wconf 88' lang='lat' dir='ltr'><strong>virtutem</strong></span> <span class='ocrx_word' id='word_1_842' title='bbox 3222 5438 3367 5479; x_wconf 90' lang='lat' dir='ltr'><strong>cum</strong></span> <span class='ocrx_word' id='word_1_843' title='bbox 3404 5427 3652 5498; x_wconf 74' lang='lat' dir='ltr'><strong>tempus</strong></span> 
     </span>
    </p>
   </div>
   <div class='ocr_carea' id='block_1_65' title="bbox 386 5497 3656 5576">
    <p class='ocr_par' dir='ltr' id='par_1_65' title="bbox 386 5497 3656 5576">
     <span class='ocr_line' id='line_1_65' title="bbox 386 5497 3656 5576; baseline -0.001 -11"><span class='ocrx_word' id='word_1_844' title='bbox 386 5505 706 5567; x_wconf 82' lang='lat' dir='ltr'><strong>habemus</strong></span> <span class='ocrx_word' id='word_1_845' title='bbox 727 5546 744 5573; x_wconf 94' lang='lat'><strong>,</strong></span> <span class='ocrx_word' id='word_1_846' title='bbox 771 5499 1228 5561; x_wconf 88' lang='lat' dir='ltr'><strong>distribuamus</strong></span> <span class='ocrx_word' id='word_1_847' title='bbox 1263 5497 1528 5558; x_wconf 87' lang='lat' dir='ltr'><strong>virtutes</strong></span> <span class='ocrx_word' id='word_1_848' title='bbox 1562 5502 1772 5571; x_wconf 91' lang='lat' dir='ltr'><strong>nobis,</strong></span> <span class='ocrx_word' id='word_1_849' title='bbox 1805 5500 1970 5560; x_wconf 90' lang='lat' dir='ltr'><strong>sicut</strong></span> <span class='ocrx_word' id='word_1_850' title='bbox 1999 5500 2116 5559; x_wconf 90' lang='lat' dir='ltr'><strong>sibi</strong></span> <span class='ocrx_word' id='word_1_851' title='bbox 2145 5497 2539 5567; x_wconf 85' lang='lat' dir='ltr'><strong>distribuunt</strong></span> <span class='ocrx_word' id='word_1_852' title='bbox 2569 5499 3035 5575; x_wconf 81' lang='lat' dir='ltr'><strong>agriculturam</strong></span> <span class='ocrx_word' id='word_1_853' title='bbox 3060 5499 3356 5576; x_wconf 63' lang='lat' dir='ltr'><strong>agricolae</strong></span> <span class='ocrx_word' id='word_1_854' title='bbox 3387 5520 3400 5557; x_wconf 90' lang='lat'><strong>:</strong></span> <span class='ocrx_word' id='word_1_855' title='bbox 3438 5501 3499 5560; x_wconf 93' lang='lat' dir='ltr'><strong>in</strong></span> <span class='ocrx_word' id='word_1_856' title='bbox 3531 5497 3656 5562; x_wconf 83' lang='lat' dir='ltr'><strong>hoc</strong></span> 
     </span>
    </p>
   </div>
   <div class='ocr_carea' id='block_1_66' title="bbox 387 5577 3657 5657">
    <p class='ocr_par' dir='ltr' id='par_1_66' title="bbox 387 5577 3657 5657">
     <span class='ocr_line' id='line_1_66' title="bbox 387 5577 3657 5657; baseline -0.001 -12"><span class='ocrx_word' id='word_1_857' title='bbox 387 5600 612 5645; x_wconf 85' lang='lat' dir='ltr'><strong>mense</strong></span> <span class='ocrx_word' id='word_1_858' title='bbox 643 5582 975 5641; x_wconf 82' lang='lat' dir='ltr'><strong>vincamus</strong></span> <span class='ocrx_word' id='word_1_859' title='bbox 1006 5577 1428 5639; x_wconf 89' lang='lat' dir='ltr'><strong>detractiones</strong></span> <span class='ocrx_word' id='word_1_860' title='bbox 1449 5621 1464 5648; x_wconf 93' lang='lat'><strong>,</strong></span> <span class='ocrx_word' id='word_1_861' title='bbox 1494 5577 1764 5657; x_wconf 90' lang='lat' dir='ltr'><strong>injurias</strong></span> <span class='ocrx_word' id='word_1_862' title='bbox 1786 5623 1802 5651; x_wconf 93' lang='lat'><strong>,</strong></span> <span class='ocrx_word' id='word_1_863' title='bbox 1829 5579 2223 5640; x_wconf 88' lang='lat' dir='ltr'><strong>iracundiam</strong></span> <span class='ocrx_word' id='word_1_864' title='bbox 2249 5626 2263 5650; x_wconf 91' lang='lat'><strong>,</strong></span> <span class='ocrx_word' id='word_1_865' title='bbox 2297 5577 2709 5656; x_wconf 85' lang='lat' dir='ltr'><strong>injustitiam;</strong></span> <span class='ocrx_word' id='word_1_866' title='bbox 2742 5584 2804 5637; x_wconf 89' lang='lat' dir='ltr'><strong>et</strong></span> <span class='ocrx_word' id='word_1_867' title='bbox 2837 5578 3122 5657; x_wconf 82' lang='lat' dir='ltr'><strong>dicamus</strong></span> <span class='ocrx_word' id='word_1_868' title='bbox 3146 5623 3161 5647; x_wconf 90' lang='lat'><strong>,</strong></span> <span class='ocrx_word' id='word_1_869' title='bbox 3190 5578 3390 5637; x_wconf 87' lang='lat' dir='ltr'><strong>Hodie</strong></span> <span class='ocrx_word' id='word_1_870' title='bbox 3419 5581 3501 5641; x_wconf 90' lang='lat' dir='ltr'><strong>ab</strong></span> <span class='ocrx_word' id='word_1_871' title='bbox 3532 5582 3657 5641; x_wconf 85' lang='lat' dir='ltr'><strong>hoc</strong></span> 
     </span>
    </p>
   </div>
   <div class='ocr_carea' id='block_1_67' title="bbox 386 5656 3653 5736">
    <p class='ocr_par' dir='ltr' id='par_1_67' title="bbox 386 5656 3653 5736">
     <span class='ocr_line' id='line_1_67' title="bbox 386 5656 3653 5736; baseline -0.001 -12"><span class='ocrx_word' id='word_1_872' title='bbox 386 5680 506 5724; x_wconf 81' lang='lat' dir='ltr'><strong>nos</strong></span> <span class='ocrx_word' id='word_1_873' title='bbox 534 5660 697 5724; x_wconf 90' lang='lat' dir='ltr'><strong>vitio</strong></span> <span class='ocrx_word' id='word_1_874' title='bbox 713 5658 1108 5736; x_wconf 83' lang='lat' dir='ltr'><strong>corrigamus</strong></span> <span class='ocrx_word' id='word_1_875' title='bbox 1139 5677 1153 5715; x_wconf 91' lang='lat'><strong>:</strong></span> <span class='ocrx_word' id='word_1_876' title='bbox 1192 5657 1255 5716; x_wconf 90' lang='lat' dir='ltr'><strong>in</strong></span> <span class='ocrx_word' id='word_1_877' title='bbox 1277 5657 1388 5716; x_wconf 91' lang='lat' dir='ltr'><strong>illo</strong></span> <span class='ocrx_word' id='word_1_878' title='bbox 1410 5656 1623 5716; x_wconf 87' lang='lat' dir='ltr'><strong>autem</strong></span> <span class='ocrx_word' id='word_1_879' title='bbox 1652 5676 1870 5717; x_wconf 88' lang='lat' dir='ltr'><strong>mense</strong></span> <span class='ocrx_word' id='word_1_880' title='bbox 1901 5660 2271 5736; x_wconf 88' lang='lat' dir='ltr'><strong>patientiam</strong></span> <span class='ocrx_word' id='word_1_881' title='bbox 2299 5658 2639 5717; x_wconf 86' lang='lat' dir='ltr'><strong>doceamus</strong></span> <span class='ocrx_word' id='word_1_882' title='bbox 2662 5700 2677 5726; x_wconf 90' lang='lat'><strong>,</strong></span> <span class='ocrx_word' id='word_1_883' title='bbox 2710 5663 2769 5715; x_wconf 87' lang='lat' dir='ltr'><strong>et</strong></span> <span class='ocrx_word' id='word_1_884' title='bbox 2802 5657 2866 5715; x_wconf 92' lang='lat' dir='ltr'><strong>in</strong></span> <span class='ocrx_word' id='word_1_885' title='bbox 2907 5656 3034 5736; x_wconf 90' lang='lat' dir='ltr'><strong>alio</strong></span> <span class='ocrx_word' id='word_1_886' title='bbox 3064 5657 3258 5716; x_wconf 89' lang='lat' dir='ltr'><strong>aliam</strong></span> <span class='ocrx_word' id='word_1_887' title='bbox 3302 5659 3596 5720; x_wconf 82' lang='lat' dir='ltr'><strong>virtutem</strong></span> <span class='ocrx_word' id='word_1_888' title='bbox 3640 5683 3653 5719; x_wconf 91' lang='lat'><strong>:</strong></span> 
     </span>
    </p>
   </div>
   <div class='ocr_carea' id='block_1_68' title="bbox 386 5735 3658 5817">
    <p class='ocr_par' dir='ltr' id='par_1_68' title="bbox 386 5735 3658 5817">
     <span class='ocr_line' id='line_1_68' title="bbox 386 5735 3658 5817; baseline -0.001 -13"><span class='ocrx_word' id='word_1_889' title='bbox 386 5749 447 5804; x_wconf 90' lang='lat' dir='ltr'><strong>et</strong></span> <span class='ocrx_word' id='word_1_890' title='bbox 474 5758 627 5804; x_wconf 85' lang='lat' dir='ltr'><strong>cum</strong></span> <span class='ocrx_word' id='word_1_891' title='bbox 657 5739 824 5800; x_wconf 89' lang='lat' dir='ltr'><strong>hanc</strong></span> <span class='ocrx_word' id='word_1_892' title='bbox 856 5735 1150 5817; x_wconf 85' lang='lat' dir='ltr'><strong>virtutem</strong></span> <span class='ocrx_word' id='word_1_893' title='bbox 1174 5737 1240 5795; x_wconf 92' lang='lat' dir='ltr'><strong>in</strong></span> <span class='ocrx_word' id='word_1_894' title='bbox 1270 5736 1489 5817; x_wconf 81' lang='lat' dir='ltr'><strong>habitu</strong></span> <span class='ocrx_word' id='word_1_895' title='bbox 1518 5738 1989 5813; x_wconf 83' lang='lat' dir='ltr'><strong>perceperimus</strong></span> <span class='ocrx_word' id='word_1_896' title='bbox 2018 5783 2033 5810; x_wconf 90' lang='lat'><strong>,</strong></span> <span class='ocrx_word' id='word_1_897' title='bbox 2067 5739 2142 5799; x_wconf 87' lang='lat' dir='ltr'><strong>ad</strong></span> <span class='ocrx_word' id='word_1_898' title='bbox 2177 5739 2371 5817; x_wconf 80' lang='lat' dir='ltr'><strong>aliam</strong></span> <span class='ocrx_word' id='word_1_899' title='bbox 2388 5742 2801 5817; x_wconf 73' lang='lat' dir='ltr'><strong>transeamus</strong></span> <span class='ocrx_word' id='word_1_900' title='bbox 2838 5753 2852 5793; x_wconf 92' lang='lat'><strong>:</strong></span> <span class='ocrx_word' id='word_1_901' title='bbox 2888 5735 3051 5817; x_wconf 81' lang='lat' dir='ltr'><strong>sicut</strong></span> <span class='ocrx_word' id='word_1_902' title='bbox 3079 5736 3286 5817; x_wconf 62' lang='lat' dir='ltr'><strong>solent</strong></span> <span class='ocrx_word' id='word_1_903' title='bbox 3316 5737 3613 5817; x_wconf 88' lang='lat' dir='ltr'><strong>discipuli</strong></span> <span class='ocrx_word' id='word_1_904' title='bbox 3643 5786 3658 5812; x_wconf 94' lang='lat'><strong>,</strong></span> 
     </span>
    </p>
   </div>
   <div class='ocr_carea' id='block_1_69' title="bbox 387 5813 3653 5899">
    <p class='ocr_par' dir='ltr' id='par_1_69' title="bbox 387 5813 3653 5899">
     <span class='ocr_line' id='line_1_69' title="bbox 387 5813 3653 5899; baseline 0 -18"><span class='ocrx_word' id='word_1_905' title='bbox 387 5822 501 5899; x_wconf 89' lang='lat' dir='ltr'><strong>qui</strong></span> <span class='ocrx_word' id='word_1_906' title='bbox 530 5835 680 5899; x_wconf 76' lang='lat' dir='ltr'><strong>quae</strong></span> <span class='ocrx_word' id='word_1_907' title='bbox 705 5814 1604 5899; x_wconf 68' lang='lat' dir='ltr'><strong>acquisierunt,custodiunt;</strong></span> <span class='ocrx_word' id='word_1_908' title='bbox 1628 5834 1772 5892; x_wconf 68' lang='lat' dir='ltr'><strong>qua:</strong></span> <span class='ocrx_word' id='word_1_909' title='bbox 1805 5835 1954 5899; x_wconf 82' lang='lat' dir='ltr'><strong>vero</strong></span> <span class='ocrx_word' id='word_1_910' title='bbox 1980 5818 2245 5899; x_wconf 77' lang='lat' dir='ltr'><strong>necdum</strong></span> <span class='ocrx_word' id='word_1_911' title='bbox 2276 5816 2668 5899; x_wconf 80' lang='lat' dir='ltr'><strong>didicerunt,</strong></span> <span class='ocrx_word' id='word_1_912' title='bbox 2699 5813 2998 5876; x_wconf 89' lang='lat' dir='ltr'><strong>discendo</strong></span> <span class='ocrx_word' id='word_1_913' title='bbox 3018 5815 3368 5899; x_wconf 81' lang='lat' dir='ltr'><strong>acquirunt</strong></span> <span class='ocrx_word' id='word_1_914' title='bbox 3394 5863 3410 5890; x_wconf 91' lang='lat'><strong>,</strong></span> <span class='ocrx_word' id='word_1_915' title='bbox 3443 5813 3653 5882; x_wconf 82' lang='lat' dir='ltr'><strong>disca—</strong></span> 
     </span>
    </p>
   </div>
   <div class='ocr_carea' id='block_1_70' title="bbox 390 5894 3655 5976">
    <p class='ocr_par' dir='ltr' id='par_1_70' title="bbox 390 5894 3655 5976">
     <span class='ocr_line' id='line_1_70' title="bbox 390 5894 3655 5976; baseline 0 -16"><span class='ocrx_word' id='word_1_916' title='bbox 390 5894 766 5962; x_wconf 51' lang='lat' dir='ltr'><strong>mus&#39;etiam</strong></span> <span class='ocrx_word' id='word_1_917' title='bbox 803 5894 941 5958; x_wconf 89' lang='lat' dir='ltr'><strong>uos.</strong></span> <span class='ocrx_word' id='word_1_918' title='bbox 1001 5896 1145 5955; x_wconf 89' lang='lat' dir='ltr'><strong>Post</strong></span> <span class='ocrx_word' id='word_1_919' title='bbox 1192 5894 1379 5957; x_wconf 89' lang='lat' dir='ltr'><strong>istam</strong></span> <span class='ocrx_word' id='word_1_920' title='bbox 1435 5895 1728 5956; x_wconf 83' lang='lat' dir='ltr'><strong>virtutem</strong></span> <span class='ocrx_word' id='word_1_921' title='bbox 1780 5897 2108 5958; x_wconf 79' lang='lat' dir='ltr'><strong>veniamus</strong></span> <span class='ocrx_word' id='word_1_922' title='bbox 2175 5897 2248 5957; x_wconf 79' lang='lat' dir='ltr'><strong>ad</strong></span> <span class='ocrx_word' id='word_1_923' title='bbox 2311 5898 2741 5969; x_wconf 81' lang='lat' dir='ltr'><strong>contemptum</strong></span> <span class='ocrx_word' id='word_1_924' title='bbox 2802 5894 3243 5973; x_wconf 84' lang='lat' dir='ltr'><strong>pecuniarum.</strong></span> <span class='ocrx_word' id='word_1_925' title='bbox 3303 5900 3389 5958; x_wconf 84' lang='lat' dir='ltr'><strong>Ac</strong></span> <span class='ocrx_word' id='word_1_926' title='bbox 3444 5900 3655 5976; x_wconf 87' lang='lat' dir='ltr'><strong>primo</strong></span> 
     </span>
    </p>
   </div>
  </div>
