3954 6172
375 430 479 486 423
952 431 1268 489 MUTIANO
1306 431 1548 490 SCIIOL.
1591 433 2051 491 INTEBPRETE.
2098 469 2165 478 --
2206 437 2358 493 CAP.
2403 437 2516 494 Xll.
2563 437 2794 494 llOMlL.
2838 439 3027 494 XXIX.
3516 441 3618 493 ηδ

449 529 982 612 Disciplinaergo
1005 529 1411 612 participatio
1440 532 1795 594 sanctitatis
1825 537 1956 606 est,
1987 537 2050 594 et
2092 532 2395 606 maxime,
2429 533 2483 593 si
2518 532 2605 593 ita
2634 533 3086 612 negligentiam
3129 534 3326 612 pellit,
3363 535 3620 612 cupidi-

368 614 526 691 tates
567 607 884 691 escludit,
912 608 1315 691 saacu‘larium
1338 627 1551 691 rerum
1569 628 1818 691 amores
1843 612 2169 691 amolitur,
2193 607 2839 691 animamgconver'tit,
2857 612 3006 672 facit
3026 607 3170 672 eam
3183 613 3400 674 omnia
3426 607 3617 691 hujus

368 689 510 749 vita:
527 687 791 763 culpare
812 706 826 744 :
846 685 1220 768 hocquippe
1236 691 1331 768 est
1343 687 1515 768 quod
1535 689 1676 764 [ἀει.
1701 690 1895 766 quod]
1917 691 2276 751 tribulatio:
2302 707 2447 750 cum
2473 689 2604 768 haec
2620 689 2803 760 fiunt,
2829 708 3042 751 nonne
3057 697 3351 752 sanctum
3365 685 3620 768 perfici-

364 768 498 848 tur?
515 783 732 848 nonne
754 764 1095 840 specialem
1111 764 1178 840 [L
1202 765 1624 848 spiritualem]
1641 764 1804 848 adi—se
1819 764 2088 848 gratiam
2102 769 2453 848 pertrrabit?
2469 767 2956 848 Considerem-us
2970 769 3202 848 justos,
3219 764 3392 832 unde
3403 773 3616 832 cuncti

362 845 714 926 claruerint
745 862 760 899 :
793 859 1009 926 nonne
1026 859 1139 920 per
1159 843 1606 926 tribulatioues
1627 848 1654 904 ?
1683 843 2173 926 Enumeremu's,
2200 847 2252 908 si
2277 848 2509 924 placet,
2537 847 2777 926 abipso
2800 843 2988 909 initio
3001 849 3183 919 Abel,
3207 849 3418 926 ipsum
3433 850 3572 909 Noe
3597 871 3624 908 :*

361 941 490 1004 non
521 923 693 1004 enim
739 925 972 1004 potest,
1002 921 1474 1004 cumgsolussit
1511 923 1576 982 in
1609 925 2014 985 multitudine
2056 921 2484 1004 malignorum
2525 921 2764 1003 justus,
2799 921 3322 990 tribulationibus
3354 945 3487 988 non
3517 927 3619 990 af-

362 1003 513 1082 tligi.
547 1001 687 1063 Noe
716 999 963 1091 qyippe,
999 999 1452 1091 inquit,nsolus
1482 1004 1794 1091 perfectas
1843 1011 1974 1091 erat
2003 1003 2072 1091 ετξ
2111 999 2506 1091 generatione
2527 999 2688 1070 'sua,
2721 1011 2777 1091 e_t
2809 1005 2951 1091 _Deo
3001 1007 3268 1091 placuit.
3320 1007 3614 1091 intelligo

361 1077 640 1157 namque
667 1077 822 1159 mihi
844 1077 1024 1159 quod
1052 1078 1310 1159 dico._Si
1342 1077 1514 1140 nunc
1544 1077 1671 1142 tam
1707 1081 2016 1157 plurimos
2046 1077 2382 1153 habentes,
2418 1099 2700 1159 quorum
2729 1077 3031 1144 debemus
3065 1087 3355 1146 aemulari
3395 1077 3615 1146 virtti-

357 1155 635 1240 tem,sic
663 1155 1052 1240 affligimur:
1085 1157 1240 1240 quid
1291 1163 1479 1240 putas
1496 1155 1878 1240 patiebatur
1925 1160 2032 1220 ille
2064 1159 2241 1240 solus
2290 1160 2375 1240 in_
2409 1155 2586 1240 tanto
2636 1178 2906 1221 numero
2939 1164 3407 1240 pessimorum?
3449 1165 3612 1224 Num

359 1238 578 1309 vultis,
611 1240 683 1296 ut
707 1234 915 1295 dicam
944 1235 1289 1320 quzegcirca
1315 1236 1645 1320 diluvium
1667 1239 2126 1320 contigerunt?
2158 1255 2242 1320 an
2273 1238 2465 1299 vultis
2508 1243 2590 1320 ut
2625 1240 2905 1320 Abrahae
2923 1234 3420 1320 demigrationes
3473 1243 3613 1304 fre—

354 1320 625 1394 quentes
653 1330 984 1394 enarrem,
1005 1317 1118 1373 aut
1143 1313 1562 1394 direptionem
1591 1315 1729 1393 ejus
1768 1313 2018 1388 ux'oris,
2046 1321 2159 1378 aut
2182 1317 2432 1379 diversa
2461 1318 2770 1394 pericula,
2810 1319 2978 1380 bella
3009 1313 3378 1392 numerosa,
3409 1322 3609 1383 fames

356 1391 568 1456 tantas
599 1397 661 1454 et
691 1392 896 1477 tales?
937 1391 1100 1451 Num
1137 1391 1333 1477 vultis
1373 1398 1444 1454 ut
1473 1391 1799 1477 revolvam
1840 1400 2087 1473 quanta
2138 1396 2322 1477 Isaac
2363 1391 2756 1477 pertulerit?
2788 1397 3257 1477 Exagitabatur
3295 1391 3605 1477 undique,

355 1481 419 1534 et
461 1471 994 1554 perseqnuliones
1043 1471 1428 1554 patiebatur,
1478 1472 1823 1554 laborabat
1862 1471 2274 1554 mercenaria
2304 1471 2646 1554 servitute,
2679 1476 2822 1536 aliis
2873 1471 3147 1536 fructum
3191 1479 3430 1538 laboris
3468 1471 3608 1554 ejus

354 1548 779 1614 audientibus.
808 1549 974 1635 Num
1005 1548 1192 1609 vultis
1226 1553 1295 1608 ut
1320 1550 1517 1612 Jacob
1542 1553 1720 1635 vobis
1748 1552 2098 1635 producam
2130 1553 2194 1635 in
2229 1553 2508 1635 medium
2530 1554 2558 1612 ?
2587 1553 2664 1612 Et
2691 1555 2908 1614 omnia
2943 1555 3200 1631 quidem
3242 1556 3380 1635 ejus
3412 1548 3606 1617 enar-

352 1647 499 1692 rare
530 1627 1129 1711 necessariumesse
1159 1645 1288 1687 non
1315 1635 1507 1711 puto,_
1525 1629 1635 1690 sed
1667 1627 2270 1711 tes'timoniumejus
2299 1631 2587 1708 proferre
2621 1627 3054 1711 opportunum
3083 1627 3350 1711 prorsus
3379 1635 3612 1696 existi-

353 1725 497 1769 mo:
536 1707 673 1783 ipse
707 1705 946 1783 quippe
974 1705 1243 1789 loquens
1266 1724 1410 1766 cum
1444 1707 1776 1770 Pharaone
1811 1708 2117 1789 :‘Modici
2140 1705 2416 1789 (inquit,
2461 1718 2516 1769 et
2542 1705 2802 1786 ηιαιίᾱηί
2835 1711 2992 1789 facti
3021 1705 3165 1771 sunt
3195 1713 3326 1774 dies
3358 1715 3476 1775 mei
3496 1759 3512 1780 ,
3555 1722 3611 1774 et

350 1805 480 1847 non
516 1782 935 1868 pervenerunt
975 1782 1056 1843 ad
1097 1782 1504 1868 diespatrum
1531 1803 1818 1868 meefuin.
1850 1787 2017 1847 Num
2045 1782 2293 1868 Ioseph
2313 1789 2503 1868 vultis
2540 1794 2611 1848 ut
2648 1782 2855 1850 dicam
2876 1791 2904 1848 ?
2935 1807 3062 1850 non
3095 1791 3304 1868 ipsum
3339 1792 3562 1852 Mosen
3595 1836 3611 1861 ,

351 1862 750 1946 num—Iesum
780 1863 972 1946 Nave,
1009 1878 1164 1946 num
1199 1862 1428 1946 David,
1451 1865 1906 1946 num_Heliam,
1937 1862 2500 1946 numSamuelem,
2526 1883 2681 1946 num
2712 1868 3056 1946 prophetas
3075 1862 3338 1930 ?nonne
3367 1871 3617 1930 univer-

351 1961 455 2007 sos
513 1944 668 2004 istos
714 1958 797 2000 ex
852 1939 1373 2018 tribulationibus
1422 1943 1706 2018 reperies
1753 1943 2111 2004 claruisse?
2138 1944 2252 2004 Dic
2280 1944 2451 2005 enim
2504 1939 2808 2015 mihi,'tu
2835 1939 2921 2007 ex
2950 1949 3080 2007 otio
3127 1954 3190 2010 et
3236 1948 3478 2009 deliciis
3520 1949 3615 2007 vis

351 2023 565 2084 clarus
596 2019 969 2100 exsistere?
1020 2017 1137 2078 Sed
1192 2018 1312 2077 hoc
1365 2017 1798 2100 penitusnon
1843 2021 2121 2100 valebis.
2183 2023 2346 2081 Num
2415 2024 2743 2100 apostolos
2802 2025 2996 2085 vultis
3053 2031 3123 2086 ut
3173 2026 3436 2086 dicam?
3493 2026 3612 2086 Sed

349 2101 541 2162 etiam
589 2097 708 2178 ipsi
750 2113 1016 2178 omnes,
1071 2102 1385 2178 quantum
1439 2096 1516 2178 ad
1569 2099 2045 2178 tribulationem
2107 2101 2387 2178 pertinet
2402 2096 2724 2178 ,_czeteros
2777 2111 3188 2178 superarunt.
3248 2105 3365 2164 Sed
3420 2105 3611 2165 etiam

350 2114 541 2162 etiam
589 2116 708 2174 ψει
750 2114 1016 2187 omnes,
1064 2114 1385 2233 guantum
1439 2114 1516 2188 aq
1569 2114 2045 2188 tribulationem
2107 2114 2417 2175 pertinet,
2464 2114 2724 2162 caeteros
2777 2114 3188 2178 superarunt.
3248 2114 3365 2164 Sed
3420 2114 3610 2165 etiam

350 2179 636 2260 Christus
667 2175 788 2235 hoc
823 2173 1032 2234 dant:
1103 2193 1147 2233 η
1188 2175 1450 2242 mundo,
1499 2178 1736 2251 inquit,
1779 2176 2243 2238 tribulationem
2285 2176 2624 2244 habebitis;
2674 2186 2737 2238 et
2792 2181 3059 2253 iterum,
3129 2184 3250 2243 Vos
3276 2181 3610 2260 plorabitis

351 2252 763 2346 etilugebitis,
823 2267 1089 2328 mundus
1123 2275 1324 2328 autem
1373 2265 1684 2346 gaudebit.
1739 2267 1816 2346 Et
1867 2267 2021 2343 quia
2077 2267 2179 2326 via
2229 2265 2452 2346 salutis
2505 2270 2682 2346 arcta
2717 2270 2813 2346 est
2851 2252 3444 2346 etgan_gusta,_'ipse
3474 2267 3608 2324 Do—

351 2342 560 2406 minus
603 2346 747 2406 vitae
790 2346 910 2406 hoc
945 2346 1153 2405 dixit:
1186 2342 1394 2406 Arcta'
1421 2353 1544 2411 est,
1591 2345 1824 2422 inquit,
1864 2342 1920 2403 et
1955 2351 2229 2422 anguste
2272 2344 2414 2408 via,
2463 2361 2597 2421 quae
2641 2343 2814 2403 ducit
2849 2342 2931 2402 ad
2979 2344 3192 2422 vitam.
3252 2344 3346 2422 Tu
3389 2349 3604 2422 autem

353 2423 702 2500 spatiosam
727 2424 963 2499 quaeris
997 2444 1010 2481 :
1041 2429 1105 2485 et
1133 2423 1453 2501 quomodo
1493 2440 1619 2482 non
1662 2419 1760 2483 est
1797 2421 1966 2501 istud
1996 2419 2393 2501 absurdum?
2434 2419 2777 2501 Propterea
2805 2438 2936 2480 non
2967 2419 3340 2501 adipisceris
3374 2421 3602 2501 vitam,

353 2497 504 2577 quia
534 2519 650 2577 per
682 2497 877 2562 aliam
905 2497 1256 2580 ingrederis
1290 2501 1487 2580 viam,
1537 2501 1647 2563 sed
1693 2501 1771 2580 ad
1816 2500 2202 2580 perditiones
2245 2499 2500 2580 venies;
2546 2499 2703 2580 illuc
2719 2515 3009 2580 namque
3048 2497 3439 2580 descendens
3490 2499 3610 2557 iter

353 2576 620 2657 elegisti.
656 2580 862 2640 Vultis
896 2576 1088 2642 etiam
1117 2584 1186 2640 ut
1221 2579 1650 2656 producamus
1688 2579 1750 2638 in
1784 2576 2059 2638 medium
2099 2595 2238 2657 eos,
2281 2577 2392 2657 qui
2433 2578 2496 2636 in
2526 2576 2768 2657 deliciis
2803 2577 3165 2657 conversati
3201 2581 3442 2657 su_nt,_a
3479 2594 3610 2657 no-_

360 2654 630 2718 vissimis
655 2658 734 2718 ad
766 2659 1006 2735 primos
1037 2654 1332 2735 super—ius
1358 2659 1802 2718 recurrentes?
1831 2657 2019 2716 Dives
2051 2656 2156 2735 ille
2183 2655 2294 2732 qui
2320 2656 2648 2732 peruritur
2667 2655 2733 2714 in
2755 2654 3006 2735 camino
3039 2655 3242 2735 ignis;
3268 2654 3607 2735 Judaeiqui

359 2737 547 2796 vitam
576 2733 994 2798 suam—ventri
1021 2733 1341 2797 donavere
1377 2735 1784 2812 perdendam,
1807 2751 2085 2811 quorum
2114 2734 2268 2793 deus
2298 2740 2518 2794 venter
2543 2737 2669 2805 est;
2699 2733 2795 2792 vel
2826 2734 2916 2792 illi
2944 2734 3052 2810 qui
3081 2733 3144 2791 in
3171 2750 3385 2792 eremo
3406 2734 3606 2794 otium

357 2813 754 2888 requirentes
800 2816 1154 2891 perierunt,
1185 2814 1349 2874 sicut
1399 2815 1589 2875 etiam
1645 2815 1710 2873 in
1754 2813 2064 2884 Sodomis,
2097 2817 2358 2889 propter
2386 2812 2896 2890 gastrimargiam
2925 2813 3286 2891 consumpti
3324 2818 3516 2871 sunt:
3547 2817 3606 2873 ct

358 2893 446 2951 illi
478 2893 590 2969 qui
615 2890 1008 2969 temperibus
1044 2895 1172 2954 Noe
1200 2891 1481 2962 fuerunt,
1517 2908 1732 2952 nonne
1756 2891 1911 2968 quia
1941 2891 2264 2951 humidam
2289 2900 2352 2950 et
2383 2890 3159 2969 dissolutampersequuti
3189 2895 3342 2950 sunt
3369 2892 3609 2951 vitam?

363 2971 437 3029 In
462 2968 876 3037 saturitatem,
908 2972 1140 3048 inquit,
1167 2971 1352 3048 panis
1381 2969 1776 3050 deﬂuxerunt
1796 2969 2024 3050 ,deiis
2055 2971 2164 3050 qui
2198 2969 2262 3028 in
2293 2968 3027 3050 Sod_omis_babita_bant.
3071 2968 3608 3050 _Si_auter_n7panis

357 3049 660 3110 saturitas
694 3053 940 3109 tantum
975 3047 1332 3127 iniquitatis
1361 3047 1687 3124 operatur,
1719 3047 1871 3125 quid
1907 3047 2240 3107 dicendum
2271 3051 2368 3108 est
2392 3047 2468 3106 de
2511 3047 2676 3127 aliis
2700 3047 3168 3127 condimentis?
3195 3047 3356 3120 Quid
3387 3049 3608 3109 Esau?

358 3145 572 3187 nonne
598 3127 663 3186 in
689 3129 844 3206 vitio
865 3125 1174 3206 degebat?
1201 3128 1354 3204 quid
1376 3127 1500 3199 illi,
1524 3127 1634 3202 qui
1662 3127 2360 3206 aspectuipulchrarum
2384 3125 2683 3206 captivati
2711 3130 2859 3206 sunt
2887 3126 3403 3206 mulierum,qui
3427 3133 3610 3188 erant

359 3207 421 3264 in
455 3222 728 3266 numero
769 3203 1048 3266 filiorum
1091 3203 1242 3275 Dei,
1275 3211 1336 3266 et
1363 3223 1477 3282 per
1508 3203 1786 3281 praeceps
1815 3205 1891 3265 ad
1925 3203 2245 3264 infernum
2286 3204 2566 3263 libidinis
2609 3203 3018 3264 deciderunt?
3048 3203 3200 3279 quid
3249 3205 3372 3282 illi,
3399 3205 3509 3281 qui
3544 3206 3608 3264 in

358 3284 676 3344 masculos
707 3285 936 3345 insano
971 3285 1185 3356 furore
1217 3281 1626 3362 ferebantur?
1654 3283 1804 3358 quid
1845 3300 2066 3362 omnes
2109 3299 2291 3359 reges
2336 3284 2646 3362 gentium,
2692 3282 3227 3362 Babyloniorum,
3267 3281 3609 3362 JEgyptio-

359 3380 524 3432 rum,
555 3379 770 3422 nonne
792 3364 985 3424 vitam
1019 3364 1184 3424 male
1211 3369 1403 3439 atque
1435 3361 1770 3422 infeliciter
1799 3361 2348 3439 terminaverunt?
2389 3377 2601 3439 nonne
2631 3361 2696 3418 in
2721 3361 3050 3420 tormentis
3087 3361 3454 3439 exsistunt?
3490 3362 3607 3421 Sed

360 3458 554 3506 nunc,
588 3440 688 3500 dic
716 3442 896 3511 mihi,
933 3459 1146 3502 nonne
1171 3438 1324 3502 talia
1345 3442 1575 3502 iterum
1602 3439 1804 3500 ﬁunt?
1836 3440 2110 3500 Adverte
2131 3438 2453 3498 Christum
2480 3438 2790 3498 dicentem
2823 3459 2837 3495 :
2873 3439 2999 3511 Qui
3025 3438 3312 3499 mollibus
3340 3440 3609 3499 vestibus

361 3519 736 3586 induuntur,
789 3520 861 3579 in
906 3519 1186 3581 domibus
1222 3538 1437 3595 regum
1472 3527 1617 3579 sunt
1645 3539 1664 3577 :
1696 3519 1805 3595 qui
1851 3536 2003 3578 vero
2039 3535 2167 3577 non
2211 3517 2449 3578 habent
2488 3517 2639 3578 talia
2667 3517 3074 3586 vestimenta,
3111 3518 3174 3577 in
3215 3518 3383 3595 caelis
3433 3523 3606 3577 sunt.

362 3596 552 3676 Molle
581 3595 864 3674 namque
896 3593 1341 3659 vestimentum
1383 3599 1573 3659 etiam
1614 3593 1829 3676 veram
1876 3598 1954 3676 [Γ.
1990 3604 2051 3656 et
2088 3597 2474 3676 austeram]_
2497 3595 2783 3676 animam
2827 3595 3174 3676 dissolvit,
3205 3593 3501 3654 diffundit
3527 3601 3612 3676 _et

361 3674 634 3754 frangit:
664 3692 740 3736 ac
760 3673 826 3735 ’si
859 3693 1157 3754 asperum
1185 3677 1418 3737 habeat
1445 3691 1676 3753 corpus
1708 3673 1993 3754 etforte,
2045 3674 2397 3754 citiushper
2441 3673 2776 3754 delicatam
2820 3674 3370 3754 conversationem
3420 3673 3610 3734 molle

360 3751 706 3829 perficitur.
738 3755 896 3815 Nam
928 3751 1096 3816 unde
1121 3755 1382 3832 putatis,
1410 3760 1520 3817 aut
1541 3751 1622 3813 ex
1649 3753 1824 3828 quali
1854 3753 2102 3832 ratione
2132 3752 2431 3832 mulieres
2460 3753 2551 3812 sic
2576 3769 2718 3812 esse
2743 3751 2980 3832 debiles
3011 3756 3072 3832 et
3099 3751 3383 3832 infirmas
3401 3754 3429 3810 ?
3447 3770 3611 3832 fnum

359 3849 441 3890 ex
469 3832 834 3893 conditione
899 3846 1088 3894 sexus
1119 3829 1364 3893 tantum
1388 3835 1416 3891 ?
1456 3833 1900 3908 Nequaquam,
1933 3831 2043 3891 sed
2073 3831 2264 3892 etiam
2291 3850 2371 3891 ex
2400 3830 2890 3891 conversatione
2914 3835 2973 3888 et
2996 3829 3394 3890 educatione.
3425 3831 3610 3904 Quod

359 3909 530 3989 enim
561 3912 682 3970 sub
709 3912 1099 3971 umbraculis
1129 3911 1398 3989 degunt,
1421 3911 1590 3986 quod
1618 3910 1760 3969 oleo
1789 3910 2336 3989 unguntur,_qued
2361 3909 2798 3989 frequentibus
2822 3908 3092 3969 lavacris
3122 3913 3411 3989 utuntur,
3439 3909 3608 3989 quod

358 3987 617 4066 assidue
645 3989 988 4066 unguentis
1011 3987 1484 4050 abundantibus
1511 3992 1572 4048 et
1599 3989 1992 4049 aromatibus
2021 3987 2512 4064 perfunduntur,
2537 3992 2598 4047 et
2612 3987 2826 4065 jacent
2853 3989 2916 4046 in
2935 3987 3348 4066 straminibus
3370 3988 3607 4050 delica-

359 4065 464 4135 tis,
502 4066 624 4126 hoc
653 4065 942 4142 estquod
987 4085 1094 4128 eas
1127 4068 1284 4127 tales
1313 4066 1523 4127 efficit.
1559 4067 1636 4125 Et
1663 4071 1734 4126 ut
1775 4067 2001 4127 melius
2045 4067 2163 4126 hoc
2192 4083 2537 4144 agnoscas,
2568 4066 2820 4127 attende
2864 4066 3033 4143 quod
3077 4065 3217 4126 dico
3247 4086 3262 4124 :
3297 4084 3381 4127 ex
3427 4067 3612 4127 horto

356 4144 582 4219 aliquo
612 4144 676 4202 in
705 4163 920 4204 eremo
947 4147 1316 4218 constituto,
1348 4145 1458 4222 qui
1495 4145 1694 4206 ventis
1723 4150 1784 4204 et
1814 4145 2293 4222 tempestatibus
2331 4147 2728 4213 verberatur,
2759 4163 2938 4205 sume
2961 4146 3294 4205 arbustum
3323 4145 3609 4222 aliquod,

357 4231 619 4302 etipone
651 4222 715 4281 in
746 4240 948 4300 opaco
977 4230 1034 4284 et
1058 4242 1306 4300 aquoso
1340 4225 1508 4294 loco,
1541 4229 1601 4283 et
1631 4224 1874 4284 videbis
1910 4224 2081 4300 quod
2111 4223 2376 4283 multum
2413 4239 2465 4302 a7
2494 4223 2864 4282 fortitudine
2895 4229 2955 4282 et
2984 4224 3290 4302 dignitate
3321 4242 3438 4285 sua
3471 4242 3610 4284 mu-

356 4300 624 4368 tabitur,
657 4318 852 4377 quam
890 4303 1163 4362 habebat
1189 4303 1253 4361 in
1297 4302 1418 4362 hoc
1447 4302 1588 4362 loco
1625 4302 1792 4362 unde
1821 4306 2071 4362 constat
2100 4320 2242 4362 esse
2275 4301 2675 4362 translatum.
2705 4302 2870 4375 Quia
2903 4300 3125 4362 verum
3156 4307 3217 4362 et
3243 4308 3486 4362 certum
3517 4308 3613 4362 est

353 4377 506 4458 hoc,
539 4378 794 4458 attende
819 4381 1145 4451 mulieres,
1178 4397 1323 4457 qua:
1354 4380 1417 4439 in
1449 4381 1619 4458 agris
1657 4385 1859 4457 agunt
1882 4381 2077 4441 vitam
2108 4399 2122 4437 :
2157 4379 2452 4441 fortiores
2482 4396 2763 4457 namque
2793 4381 2947 4440 viris
2979 4384 3161 4453 sunt,
3196 4381 3308 4457 qui
3350 4385 3502 4441 sunt
3543 4381 3608 4441 in

352 4455 725 4536 civitatibus
757 4459 1118 4529 constituti;
1143 4455 1285 4519 et'si
1319 4476 1426 4519 eas
1459 4455 1784 4535 permittas
1820 4475 1965 4518 cum
1998 4459 2124 4517 illis
2155 4458 2455 4518 athletico
2483 4455 2673 4518 more
2693 4463 2962 4529 certare,
2987 4455 3609 4536 multos—hujusmodi

353 4535 534 4614 viros
574 4534 699 4595 illae
729 4537 869 4595 sine
903 4537 1097 4596 dubio
1128 4534 1546 4614 superabunt.
1579 4537 1862 4612 Corpore
1897 4553 2176 4612 namque
2210 4537 2386 4594 molli
2419 4536 2661 4595 reddito
2705 4542 2767 4596 et
2793 4537 3087 4608 delicato,
3133 4534 3396 4598 necesse
3426 4542 3522 4596 est
3552 4543 3612 4597 et

349 4612 642 4672 animam
674 4614 1056 4691 participare
1083 4634 1163 4677 ex
1195 4612 1482 4691 corporis
1509 4617 1756 4674 morbo.
1790 4615 1863 4673 In
1890 4615 2107 4674 multis
2131 4618 2420 4690 namque
2448 4615 2929 4691 compatiunlur
2958 4622 3020 4676 et
3048 4616 3419 4676 afficiuntur
3443 4632 3611 4691 ope—-

351 4692 645 4772 rationes
683 4693 914 4752 anima:
945 4694 1352 4772 passionibus
1389 4696 1450 4753 et
1490 4692 1932 4772 affectionibus
1980 4692 2289 4772 corporis.
2334 4694 2587 4752 Etenim
2633 4694 2697 4752 in
2747 4695 3228 4772 aagritudinibus
3273 4694 3460 4753 aliter
3490 4710 3608 4752 nos

337 4767 696 4848 habemus,
739 4767 998 4848 prepter
1043 4771 1211 4848 quod
1259 4773 1483 4830 morbo
1511 4771 1983 4841 mollescimus;
2016 4775 2079 4830 et
2094 4767 2337 4830 iterum
2373 4789 2518 4831 cum
2550 4767 2862 4842 valemus,
2904 4774 3088 4832 aliter
3121 4791 3235 4832 nos
3270 4773 3604 4831 habemus.

349 4846 531 4907 Sicut
557 4848 730 4906 enim
767 4847 846 4939 (f.
881 4846 1488 4939 etiam—)‘in‘ehordis
1520 4850 1830 4939 contingit
1859 4869 1874 4904 :
1903 4867 2047 4939 cum
2077 4849 2249 4939 enim
2283 4855 2434 4939 sunt
2463 4849 2871 4939 ipsi_s_onitus
2906 4852 3132 4939 molles
3163 4856 3238 4939 et_
3258 4849 3512 4909 delicati
3546 4854 3607 4939 et

351 4942 485 5005 non
531 4927 992 5005 convenienter
1021 4929 1300 4998 extenti,
1338 4927 1526 4988 etiam
1558 4945 1664 4988 ars
1712 4927 2122 5003 depravatur,
2155 4933 2217 4988 et
2261 4928 2513 5005 cogitur
2555 4928 2706 4987 vitio
2752 4931 2995 4990 servire
3044 4928 3429 4989 chordarum
3469 4947 3484 4986 :
3519 4929 3611 4988 sic

349 5003 546 5083 etiam
583 5003 654 5062 fit
685 5005 747 5062 in
781 5021 1046 5082 corpore
1081 5025 1096 5064 :
1127 5007 1360 5066 multas
1392 5008 1473 5066 ab
1512 5022 1588 5065 eo
1615 5006 1828 5066 anima
1855 5006 2122 5082 suscipit
2146 5003 2437 5067 laesiones
2476 5007 2836 5083 multasque
2875 5007 3308 5068 necessitates.
3338 5006 3611 5078 Quando

349 5081 524 5162 enim
556 5083 760 5142 multa
783 5081 944 5159 Opus
977 5084 1274 5144 habuerit
1299 5084 1376 5162 ad
1408 5085 1506 5143 sui
1533 5086 1958 5156 curationem,
1992 5081 2278 5144 amaram
2309 5087 2519 5144 anima
2544 5081 2817 5145 sustinet
2845 5087 3238 5145 servitutem.
3265 5086 3602 5162 PrOpterea

347 5161 647 5240 obsecro,
679 5165 748 5219 ut
775 5165 1062 5221 nostrum
1090 5179 1322 5238 corpus
1357 5161 1514 5222 forte
1540 5161 1902 5229 reddamus,
1932 5181 2046 5222 nec
2073 5163 2228 5221 illud
2260 5163 2599 5222 delicatum
2628 5168 2689 5223 et
2716 5164 3082 5240 aegrotabilc
3103 5161 3431 5223 faciamus.
3467 5163 3606 5221 Non

344 5237 425 5295 ad
461 5239 636 5298 viros
659 5242 931 5317 tantum,
961 5240 1067 5300 sed
1098 5237 1290 5300 etiam
1320 5239 1398 5300 ad
1427 5240 1726 5301 mulieres
1754 5241 1906 5299 mihi
1933 5249 2030 5300 est
2057 5259 2286 5303 sermo.
2319 5241 2480 5313 Quid
2511 5240 2662 5299 illud
2696 5237 2926 5317 saepius
2959 5243 3157 5312 lavas,
3186 5241 3338 5317 quid
3365 5241 3608 5301 deliciis

344 5316 741 5393 corrumpis,
774 5323 836 5376 et
865 5319 1101 5395 gracile
1132 5319 1310 5386 facis,
1341 5334 1379 5375 o
1416 5318 1683 5377 mulier!
1722 5318 1871 5394 quid
1918 5319 2350 5379 fortitudinem
2387 5319 2523 5396 ejus
2552 5316 2844 5378 debilitas
2868 5321 2899 5377 ?
2923 5319 3162 5379 deliciae
3188 5316 3427 5396 quippe
3460 5320 3598 5380 ias-

333 5410 685 5472 situdinem
714 5405 991 5481 faciunt.
1023 5419 1158 5481 non
1193 5400 1652 5481 fortitudinem.
1692 5399 1753 5459 Si
1793 5404 2010 5461 autem
2050 5404 2132 5481 ab
2168 5408 2260 5462 eis
2292 5407 2627 5481 recedens,
2675 5404 2862 5465 aliter
2905 5406 3312 5481 temetipsum
3349 5416 3608 5479 tractas,

335 5497 489 5550 tunc
518 5492 580 5548 et
617 5480 1030 5562 pulchritudo
1053 5480 1162 5562 tibi
1195 5479 1483 5562 corporis
1521 5483 1892 5562 generatur,
1916 5480 2560 5562 quandosecundum
2589 5482 2913 5562 rationein
2933 5489 2995 5543 et
3027 5479 3198 5545 val—et
3226 5490 3289 5545 et
3319 5486 3610 5548 habitum

334 5569 583 5627 obtinet
604 5556 956 5643 salutarem
990 5558 1100 5643 :_s_i_
1122 5575 1274 5618 vero
1293 5557 1606 5643 plurimis
1637 5556 1793 5643 illud
1825 5558 2280 5634 circumsepias
2312 5559 2576 5643 merbis,
2627 5577 2836 5643 neque
2880 5560 2994 5621 flos
3043 5562 3143 5624 vel
3187 5565 3374 5643 vigor
3404 5566 3612 5627 aderit

334 5644 654 5722 corporis,
695 5657 906 5716 neque
935 5637 1187 5722 habitus
1217 5635 1543 5722 salutaris,
1578 5634 1695 5722 sed
1717 5653 1968 5722 semper
1998 5643 2290 5722 incestum
2316 5637 2436 5697 crit
2462 5634 2947 5722 etlanguidum.
2981 5717 2992 5722 Α
3115 5719 3126 5722 _
3169 5721 3173 5722 ν
3256 5634 3295 5722 ’ί
3373 5666 3376 5668 ·

416 5683 858 5804 ὲιέῖἶῖξξιυῑεξῖη
899 5715 1053 5804 quia
1093 5716 1261 5804 sicut
1299 5683 1558 5804 domum
1587 5683 1928 5804 pulchram
1955 5733 2099 5774 cum
2132 5715 2277 5804 quis
2308 5715 2578 5774 ριτιδρνη
2608 5683 2696 5804 [ᾗ
2724 5733 2837 5776 am,
2863 5717 3204 5804 “rigori”,
3234 5721 3426 5784 eme"
3458 5728 3607 5804 pul-

339 5803 662 5863 chriorem
692 5818 708 5855 :
741 5797 833 5857 sic
878 5792 1680 5876 etiamfaciempulchram
1711 5793 2027 5876 splendor_
2055 5794 2286 5876 anima:
2335 5792 2797 5876 superveniens
2829 5797 3105 5874 amplius
3141 5792 3563 5868 convenustat
3591 5828 3605 5876 ;

341 5883 394 5942 si
429 5896 584 5943 vero
610 5878 678 5938 in
711 5873 1005 5936 mmstitia
1034 5873 1115 5933 sit
1144 5878 1207 5934 et
1237 5872 1563 5934 doloribus
1598 5872 1964 5946 constituta,
1995 5871 2296 5933 deformis
2330 5871 2622 5933 efficitur.
2657 5871 2958 5938 M'ccstitia
2982 5894 3258 5956 namque
3293 5889 3366 5943 et
3382 5871 3610 5947 mare?
