3954 6172
378 363 479 418 65$
955 360 1267 419 MUTIANO
1305 359 1548 417 SCHOL.
1591 360 2053 421 INTERPRETE.
2096 396 2165 408 -—
2213 364 2367 421 CAP.
2412 363 2525 419 XII.
2571 363 2804 421 llOMlL.
2847 364 3040 423 XXXI.
3521 369 3634 426 ηε,

395 465 791 546 conscientia
852 483 868 520 :
925 479 1042 522 nec
1086 462 1912 546 tantum__nos_peceatores
1945 474 2111 546 esse
2163 457 2633 546 dica_mus,_s_ed
2668 459 2862 522 etiam
2918 462 3059 540 ipsa
3114 471 3374 540 peccata
3403 484 3645 546 specm.

394 551 542 610 liter
568 543 821 623 singula
843 545 1306 623 computemus.
1337 536 1474 623 Neu
1512 535 1623 623 tibi
1654 535 1817 623 dico,
1849 542 1922 623 ut_
1942 541 2000 623 te
2033 537 2269 623 prodas
2302 537 2368 596 in
2390 538 2727 623 publicum
2757 584 2772 611 ,
2811 535 3020 623 neque
3055 535 3136 601 αι’
3166 547 3224 603 te
3269 535 3457 622 apud.
3482 549 3643 611 alios

393 610 710 696 accuses”,
761 620 868 682 sed
931 610 1188 678 obedire
1233 622 1294 674 te
1330 610 1846 696 volo_Propheta3
1878 610 2174 696 dicenti:
2218 610 2442 696 Revela
2489 610 2762 677 Domino
2806 610 2969 678 υἰαὶη
3012 628 3201 680 tuam.
3237 610 3400 684 Ante
3439 610 3642 691 Deum

394 721 548 785 ergo
577 691 1029 785 tua-conﬁtere
1044 698 1325 785 peccata,
1347 691 1516 770 apud
1537 709 1757 785 verum
1775 692 2059 785 Judieem
2087 711 2230 754 cum
2251 694 2542 785 oratione
2563 696 2808 785 delicta
2821 703 2936 785 tua
2961 702 3327 785 pronuntia,
3362 720 3490 762 non
3522 705 3640 764 lin-

435 771 547 856 ιὶξὶ,
575 782 685 842 sed
712 771 1116 859 conscientiae
1141 780 1266 834 tua:
1295 771 1624 859 memoria,
1653 777 1894 859 ettunc
1925 772 2182 833 demum
2214 789 2402 850 spera
2442 771 3045 859 misericordiam—te
3075 795 3263 859 posse
3307 771 3636 859 consequi.

437 864 454 923 i
490 851 793 922 habueris
821 857 886 916 in
917 859 1125 914 mente
1151 857 1411 930 peccata
1439 853 1560 931 tua
1575 851 1878 931 continue
1900 895 1918 930 ,_
1959 868 2308 927 numquam
2348 853 2589 913 malum
2617 854 2926 914 adversus
2957 851 3321 931 prokimum
3353 859 3420 919 in
3447 851 3636 923 eoi-de

392 939 724 1004 retinebis.
759 937 897 997 Non
923 933 1086 1006 dico,
1115 928 1168 992 si
1192 935 1435 1009 certum
1451 928 1564 1009 tibi
1594 930 1675 989 sit
1700 928 2099 1004 peccatorem
2128 948 2269 991 esse
2291 936 2392 1009 te:
2419 932 2539 991 hoc
2562 933 2803 1009 quippe
2831 928 3066 995 non’ita
3095 936 3269 996 valet
3298 936 3639 1001 humilia",

393 1021 708 1090 mentem,
742 1021 805 1075 et
838 1013 1116 1074 sobriam
1151 1008 1474 1090 perﬁcere,
1495 1008 1681 1090 _sicu_i
1715 1009 1855 1085 ipsa
1898 1025 2012 1084 per
2035 1026 2104 1090 se
2142 1008 2504 1090 specialiter
2542 1008 2947 1073 considerata
2988 1021 3287 1088 peccata:
3320 1017 3630 1078 adversus

395 1099 647 1158 nullum
677 1086 976 1155 retinebis
1001 1086 1239 1169 malum
1268 1088 1341 1169 in
1359 1086 1549 1146 corde
1574 1130 1590 1159 ,
1618 1087 1726 1147 illa
1756 1093 2017 1169 portans
2049 1088 2114 1169 in
2144 1089 2361 1169 animo
2397 1107 2412 1146 :
2444 1105 2571 1147 non
2605 1089 2934 1169 irasceris,
2969 1086 3126 1151 nulli
3155 1093 3474 1169 detrahes,
3506 1116 3634 1157 non

393 1177 605 1253 sapies
633 1173 856 1243 altum,
889 1185 1019 1229 non
1049 1166 1292 1230 recides
1328 1166 1582 1241 iterum,
1613 1182 1729 1227 nec
1753 1165 2104 1228 revolveris
2154 1167 2220 1226 iu
2264 1173 2548 1244 peccata,
2581 1168 2688 1228 sed
2720 1169 2800 1229 ad
2840 1171 3009 1230 bona
3046 1171 3112 1230 in
3148 1189 3259 1249 spe
3298 1165 3636 1236 vehemen-

394 1258 552 1316 tiore
575 1266 945 1316 consurges.

474 1270 1029 1406 {:tfizgissll'qgueinta
1072 1326 1238 1408 bona
1277 1339 1358 1383 ex
1402 1325 1808 1408 peccaiorum
1862 1323 2303 1408 recordatione
2352 1325 2785 1408 generantur?
2833 1325 3196 1408 Scribamus
3235 1328 3432 1408 igitur
3478 1350 3632 1408 pec-

393 1418 536 1474 cata
575 1400 904 1469 nostra—in
945 1404 1242 1464 cordibus
1283 1401 1543 1484 nostris.
1589 1400 1731 1460 Scio
1769 1401 2023 1477 quidem
2071 1404 2224 1484 qnia
2269 1400 2550 1484 nonest
2579 1405 2859 1484 tolerans
2902 1405 3118 1465 anima
3162 1400 3352 1484 huj'us
3393 1400 3631 1473 amarae

395 1487 742 1556 memoriae,
784 1484 892 1544 sed
933 1500 1048 1543 nos
1086 1496 1389 1558 cogamus
1434 1479 1610 1538 illam
1651 1484 1846 1555 atque
1883 1481 2365 1558 compellamus.
2407 1481 2634 1541 Melius
2674 1483 2914 1558 quippe
2955 1484 3137 1542 nobis
3185 1479 3304 1554 est,
3347 1492 3419 1545 ut
3456 1505 3631 1550 nunc

393 1569 613 1630 anima
643 1563 1010 1643 mordeatur
1032 1578 1114 1620 ex
1143 1557 1582 1643 recordatione
1614 1558 1875 1643 peccati,
1908 1575 2100 1643 quam
2134 1559 2197 1616 in
2231 1557 2445 1643 futuro
2476 1564 2759 1643 tempore
2792 1557 3100 1643 supplicia
3131 1564 3366 1624 sentiat
3394 1569 3628 1643 sempi-

393 1651 599 1706 terna.
651 1644 836 1702 Nunc
883 1639 1075 1710 enim,
1125 1638 1178 1718 si
1226 1635 1578 1718 recorderis
1627 1641 2033 1718 peccatorum
2079 1640 2358 1718 tuorum,
2391 1635 2980 1718 etfrequenter’ea
3033 1640 3096 1698 in
3131 1649 3472 1718 conspectu
3512 1635 3624 1705 Dei

391 1721 795 1802 pronunties,
827 1725 896 1802 et
930 1733 1047 1796 pro
1081 1717 1172 1802 eis
1202 1715 1339 1792 ejus
1371 1713 1769 1802 clementiam
1797 1714 2178 1802 depreceris,
2211 1715 2542 1802 c_itius_illa
2590 1713 2827 1802 delebis
2860 1717 2962 1802 :_si
2989 1725 3207 1802 autem
3250 1713 3422 1802 utine
3462 1723 3624 1802 obli-

397 1793 659 1862 viscaris
686 1793 1092 1877 peccatorum
1117 1799 1397 1863 tuorum,
1426 1799 1581 1877 tunc
1608 1809 1830 1877 eorum
1858 1793 2293 1877 recordaberis
2321 1793 2570 1877 nolens,
2599 1793 2858 1869 quando
2887 1797 2948 1852 in
2984 1801 3114 1854 toto
3145 1798 3383 1877 mundo
3413 1801 3623 1875 publi-

394 1869 733 1947 cabuntur,
764 1880 826 1937 et
857 1877 922 1934 in
951 1876 1297 1950 conspectu
1326 1869 1732 1950 proferentur
1758 1870 2066 1950 omnium,
2095 1875 2232 1950 tam,
2257 1871 2606 1950 amicorum
2627 1877 2920 1950 tuorum,
2951 1889 3146 1948 quam
3185 1869 3616 1948 inimicorum,

393 1964 457 2020 et
491 1962 860 2019 sanctorum
899 1948 1277 2030 angelorum
1313 1948 1785 2030 caelestiumque
1817 1948 2159 2030 Virtutum.
2189 1949 2324 2030 Non
2359 1949 2545 2030 enim_
2564 1949 2641 2008 ad
2674 1950 2868 2009 David
2901 1952 3107 2030 solum
3138 1952 3386 2013 dicebat
3418 1972 3434 2012 :
3467 1955 3620 2029 Qua

397 2046 466 2097 tu
491 2042 722 2096 secreto
764 2024 1130 2112 fecistifego
1164 2027 1406 2112 certetis
1434 2024 1835 2112 manifestabo
1862 2045 1882 2093 ;
1916 2045 1958 2112 _s

2085 2027 2208 2087 hoc
2244 2027 2437 2112 etiam
2471 2026 2547 2086 ad
2575 2043 2951 2112 omnesnos
2995 2029 3246 2112 dicitur.
3290 2024 3603 2108 Timuisti,

398 2115 626 2192 inquit,
653 2104 968 2192 homines,
999 2104 1074 2192 et
1093 2105 1406 2192 erubuisti
1450 2104 1652 2192 magis
1691 2120 1888 2180 quam
1915 2105 2118 2192 Deum
2145 2123 2162 2164 :
2189 2106 2691 2192 oculnumautcm
2719 2107 2841 2192 Dei
2871 2107 3142 2192 viventis
3175 2125 3303 2192 non
3329 2127 3397 2170 es
3428 2104 3610 2172 revel-

398 2181 578 2263 ritus,
611 2181 726 2252 sed
758 2205 976 2250 coram
1011 2183 1373 2263 hominibus
1402 2181 1660 2263 quidem
1688 2182 2152 2263 verecundatus
2182 2199 2272 2244 es.
2311 2182 2518 2250 Oculi,
2553 2183 2784 2260 inquit,
2817 2183 3132 2244 hominum
3160 2186 3351 2247 timor
3377 2207 3612 2250 eorum.

396 2259 762 2347 Propterea,
791 2265 1020 2342 inquit,
1047 2265 1116 2347 in
1138 2263 1282 2347 _hoc
1311 2262 1452 2347 ipso
1495 2259 1778 2336 punieris
1814 2279 1829 2318 :
1861 2261 2249 2347 redarguam
2276 2277 2552 2347 namque
2596 2259 2679 2332 te,
2714 2267 2862 2347 ante
2895 2263 3116 2324 oculos
3161 2266 3449 2326 omnium
3486 2285 3609 2345 po-

395 2336 553 2408 nens
581 2336 841 2424 peccata
871 2336 1002 2404 tua.
1032 2341 1208 2424 Quia
1228 2336 1397 2424 vero
1417 2338 1549 2424 hoe
1564 2355 1788 2396 verum
1818 2343 1938 2410 est,
1963 2336 2203 2424 et-quia
2233 2340 2297 2398 in
2328 2336 2579 2424 illo—die
2606 2342 2893 2424 omnium
2938 2348 3304 2424 nostrorum
3353 2336 3608 2424 peccata

395 2416 917 2503 publicabuntur,
949 2425 1013 2480 et
1057 2417 1610 2503 produeenturjn‘
1631 2433 1953 2503 pompam,
1982 2417 2105 2476 nisi
2153 2434 2229 2503 ea
2277 2416 2464 2503 modo
2503 2418 2810 2503 continua
2840 2420 3145 2503 memoria
3189 2416 3602 2503 sategerimus

395 2492 659 2565 abluere
692 2521 708 2559 :
740 2501 997 2562 adverte
1027 2492 1348 2575 quomodo
1379 2492 1802 2575 proferturjn
1833 2511 2130 2575 pompam
2158 2495 2391 2575 duritia
2425 2496 2521 2575 vel
2567 2496 3000 2557 inhumanitas
3034 2492 3388 2559 hominum.
3425 2501 3603 2562 Esu-

395 2582 545 2648 rioi,
576 2581 810 2656 inquit,
845 2586 900 2638 et
928 2571 1514 2658 nonfdedietismihi
1542 2571 1940 2658 mendiicare.
1966 2571 2236 2658 Quando
2261 2575 2399 2658 haee
2419 2573 2742 2658 dicuntur,
2771 2575 2872 2635 vel
2898 2576 3055 2658 ubi}
3067 2578 3326 2658 numini
3342 2581 3614 2658 angulo?

397 2678 550 2720 num
581 2659 649 2718 iu
667 2649 895 2733 aliquo
921 2654 1179 2716 abdito?
1203 2651 1497 2721 Minime;
1530 2649 1636 2710 sed
1667 2652 1801 2733 ubi,
1833 2658 1895 2733 et
1923 2651 2184 2728 quando
2203 2653 2239 2733 ?_
2257 2651 2505 2712 Scilicet
2537 2670 2683 2712 cum
2709 2654 2959 2733 evenerit
2989 2655 3188 2715 Filius
3219 2656 3331 2718 Dei
3363 2649 3586 2733 in'glo-

398 2740 492 2799 ria
524 2754 668 2804 sua,
702 2741 762 2795 et
785 2728 1013 2793 omnes
1048 2736 1266 2806 gentes
1309 2734 1709 2806 congregata:
1738 2728 1994 2797 fuerint,
2027 2730 2287 2804 quando
2316 2732 2748 2807 segregaverit
2782 2733 2937 2792 istos
2967 2734 3047 2792 ab
3084 2734 3209 2794 illis
3243 2754 3259 2792 :
3290 2728 3608 2798 tunc'hec

384 2824 548 2884 dicet
567 2821 814 2882 cunctis
835 2819 1281 2898 audienti_bus;_
1299 2821 1362 2898 et
1381 2817 1727 2898 constituet
1745 2817 1908 2898 aiios
1931 2817 2188 2898 quidem
2213 2833 2252 2898 a
2277 2815 2543 2889 dextris,
2567 2817 2729 2898 aiios
2757 2835 2911 2898 vero
2945 2835 2984 2880 a
3013 2819 3312 2882 sinistris.
3344 2823 3640 2898 Esuriei,

385 2901 620 2978 inquit,
655 2907 710 2958 et
737 2916 866 2958 non
897 2896 1154 2978 dedistis
1173 2895 1325 2978 mihi
1349 2894 1744 2978 manducare.
1766 2895 2465 2978 Contemplareiternm
2497 2900 2558 2978 et
2589 2895 2730 2956 illas
2753 2897 3040 2973 quinque
3072 2899 3376 2976 virgines,
3399 2919 3543 2978 quae
3573 2894 3637 2962 in

386 2973 734 3056 conspectu
768 2976 1056 3056 omnium
1084 2974 1375 3056 audient:
1397 2973 1622 3056 Nescio
1651 2975 2106 3056 vos:quinque
2133 2974 2398 3056 enim_et
2425 2973 2712 3051 quinque
2745 2992 2874 3033 non
2907 2973 3245 3056 numerum
3267 2973 3636 3055 quin-arium

387 3051 636 3120 tantam
659 3054 1044 3134 signiﬁcant,
1068 3052 1176 3134 sed
1201 3052 1402 3134 maias
1425 3056 1486 3134 et
1507 3051 1705 3134 duras
1724 3056 1787 3112 et
1815 3052 2225 3124 inhumanas;
2246 3053 2603 3134 aliasvero,
2625 3069 2768 3129 quae
2798 3070 2924 3112 non
2957 3060 3108 3113 sunt
3129 3051 3516 3132 hujusmodi.
3537 3059 3638 3120 Sic

387 3138 579 3198 etiam
597 3141 659 3196 et
686 3131 796 3210 qui
821 3150 1021 3214 unum
1043 3132 1164 3190 sub
1183 3131 1370 3214 terris
1391 3131 1606 3214 obruit
1626 3131 1958 3214 talentum,
1979 3148 2196 3192 coram
2220 3131 2519 3214 omnibus
2551 3131 2916 3214 increpatus
2938 3139 3056 3202 est,
3077 3137 3139 3192 et
3158 3131 3307 3214 ante
3328 3135 3506 3196 illum
3525 3139 3635 3214 qui

387 3207 1026 3292 quinqueobtulit,_et
1042 3215 1192 3269 ante
1210 3209 1390 3292 illum
1413 3209 1523 3284 qui
1541 3207 1668 3268 duo
1686 3208 1972 3292 lucratus
1990 3214 2106 3292 est,
2127 3209 2400 3292 audivit:
2423 3210 2608 3270 Serve
2627 3211 2781 3292 male
2801 3218 2854 3268 ct
2882 3227 3160 3292 nequam.
3181 3213 3258 3271 Et
3277 3230 3404 3273 non
3427 3207 3634 3278 verbis

390 3287 636 3353 tantum
664 3291 796 3371 haec
817 3289 1102 3371 audient,
1120 3287 1226 3347 sed
1252 3303 1516 3364 prorsus
1538 3303 1646 3346 eos
1669 3287 1862 3371 etiam
1887 3289 2039 3371 ipsis
2075 3287 2581 3371 tunc_reda_rguet
2599 3289 2791 3347 rebus
2811 3309 2826 3346 :
2849 3287 3014 3348 sicut
3034 3290 3222 3350 etiam
3243 3294 3637 3371 evangelista

388 3371 559 3440 dicit,
603 3367 910 3456 Videbunt
949 3367 1015 3426 in
1051 3383 1226 3456 quem
1255 3365 1910 3456 pupugerent._Simul
1941 3368 2108 3456 enim
2141 3368 2264 3456 erit
2295 3367 2746 3456 universorum
2790 3371 3179 3456 resurrectio
3226 3365 3634 3445 peccatorum

389 3447 944 3527 atquewjustorum
974 3463 994 3527 _:
1029 3443 1221 3527 simul
1273 3445 1443 3527 enim
1470 3443 1932 3527 iudicabuntur
1975 3446 2288 3527 universi.
2321 3444 2621 3527 _lntellige
2654 3445 2870 3527 itaque
2903 3447 3126 3527 quales
3177 3443 3330 3508 tunc
3359 3466 3636 3527 appare—

392 3521 547 3586 bunt
583 3521 701 3596 illi,
730 3524 850 3599 qui
877 3523 942 3581 in
971 3522 1329 3581 humilitate
1359 3526 1421 3580 et
1458 3521 1785 3580 doloribus
1818 3529 2028 3593 erunt,
2067 3523 2177 3599 qui
2216 3524 2550 3599 trahentur
2593 3523 2656 3581 in
2685 3523 2894 3599 ignem
2941 3524 3083 3583 aliis
3115 3521 3464 3586 coronatis:
3511 3530 3635 3588 ινσ-

390 3605 539 3669 nite,
568 3598 800 3679 inquit,
839 3598 1140 3660 benedicti
1179 3599 1564 3679 Patrismei,
1601 3601 1908 3676 percipite
1936 3598 2191 3678 regnum
2219 3600 2387 3679 quod
2432 3598 2607 3679 vobis
2647 3598 2939 3679 paratum
2989 3609 3076 3660 est
3105 3621 3142 3660 α
3185 3605 3632 3665 constitutione

388 3681 605 3742 mundi
628 3677 736 3748 {et
761 3680 992 3759 iterum
1020 3697 1036 3736 :
1068 3679 1165 3737 Ite
1193 3698 1232 3736 a
1257 3696 1348 3736 me
1384 3677 1452 3736 in
1482 3678 1695 3759 ignem
1710 3679 1819 3755 qui
1844 3677 2246 3759 purpuratus
2267 3687 2353 3738 est
2385 3677 2632 3739 diabolo
2655 3677 2723 3737 et
2758 3678 2995 3759 angelis
3031 3679 3183 3759 ejys.
3214 3681 3350 3740 Non
3380 3682 3632 3759 simpli-

390 3761 547 3821 citer
573 3760 784 3820 verbis
815 3756 1088 3816 audiunt
1120 3762 1389 3824 tantum,
1428 3755 1534 3815 sed
1578 3756 1734 3830 ipsis
1765 3755 1958 3816 rebus
1978 3755 2174 3817 etiam
2206 3759 2545 3817 verborum
2577 3757 3003 3832 complebitur
3035 3755 3318 3817 effectus.
3364 3755 3632 3820 Descri—

391 3839 616 3898 bamus
671 3837 866 3914 igitur
895 3835 1028 3894 haec
1059 3839 1208 3914 ante
1233 3834 1473 3914 oculos
1495 3840 1799 3914 nostros,
1845 3841 1908 3894 et
1942 3843 2238 3911 putemus
2285 3852 2457 3914 nunc
2487 3835 2829 3914 praesentia
2859 3851 3024 3914 esse,
3056 3841 3117 3895 et
3146 3837 3487 3896 Dominum
3521 3841 3630 3901 illa

390 3919 588 3977 verba
621 3910 854 3984 dicere,
886 3918 1103 3992 etinos
1131 3911 1358 3971 abduci
1391 3911 1454 3969 in
1492 3910 1670 3992 illum
1705 3912 1926 3992 ignem
1947 3910 2036 3972 ac
2067 3913 2374 3992 pertrahi.
2401 3913 2669 3992 Qualem
2699 3913 3075 3992 habebimus
3106 3921 3404 3987 mentem,
3436 3918 3627 3992 quale

390 3994 729 4054 solatium?
763 3991 914 4069 quid
954 3990 1110 4050 illud
1149 3994 1360 4049 autem
1397 3988 1654 4066 quando
1685 3989 2086 4069 dividemur?
2111 3991 2262 4067 quid
2307 3989 2564 4067 quando
2605 4007 2720 4066 pro
2753 3989 2980 4066 rapina
3019 4009 3234 4051 rerum
3266 3988 3625 4055 alienarum

392 4068 844 4148 culpabimur?
871 4069 1023 4148 quid
1068 4068 1402 4148 dicemus?
1446 4083 1667 4148 quem‘
1688 4068 1973 4148 colorem,
1999 4069 2432 4148 excusationis
2466 4069 2841 4128 habebimus
2866 4069 2894 4126 ?
2919 4069 3177 4145 qualem
3228 4072 3627 4133 inveniemus

388 4144 728 4219 rati-onem,
754 4144 1150 4224 quaisaltcm
1181 4145 1542 4226 verisimilis
1570 4144 1900 4226 videatur?
1929 4147 2490 4226 Nullam_scilicet:
2521 4164 2781 4207 necesse
2805 4151 2907 4226 est
2933 4144 3085 4226 ergo
3113 4154 3182 4207 ut
3216 4149 3415 4226 ligati,
3446 4151 3627 4212 vultu

388 4228 701 4305 deposito,
723 4223 1173 4305 pertrahamur
1200 4223 1277 4284 ad
1303 4223 1602 4305 horrifica
1633 4224 2055 4305 caminorum,
2076 4225 2151 4285 ad
2175 4224 2408 4305 ﬂumen
2440 4225 2723 4305 igneum,
2743 4224 2818 4285 ad
2844 4223 3139 4286 tenebras
3163 4223 3540 4300 exteriores,
3565 4237 3629 4291 et

387 4301 868 4368 adimmortale
898 4303 1308 4383 supplicium,
1342 4306 1402 4383 et
1433 4301 1682 4360 nullum
1712 4301 1844 4378 jam
1885 4319 2114 4383 rogare
2162 4304 2541 4364 valebimus.
2580 4303 2716 4361 Non
2746 4309 2978 4383 potest,
3010 4304 3241 4380 inquit,
3269 4323 3395 4365 non
3421 4314 3629 4383 potest

389 4384 648 4444 transiri
679 4383 832 4443 hinc
860 4383 1046 4442 illuc:
1071 4381 1265 4442 chaos
1294 4380 1463 4439 enim
1489 4396 1789 4457 magnum
1807 4386 1900 4440 est
1921 4381 2089 4441 inter
2115 4399 2232 4442 nos
2261 4386 2322 4442 et
2351 4396 2462 4440 vos
2491 4399 2504 4437 :
2531 4385 2592 4439 et
2619 4398 2827 4456 neque
2855 4381 3214 4443 volentibus
3243 4384 3388 4445 licet
3409 4380 3624 4447 trans-

387 4463 504 4534 ire,
524 4478 918 4537 manumque
943 4461 1290 4536 porrigere.
1317 4459 1582 4517 Necesse
1605 4463 1697 4517 est
1721 4475 1873 4537 ergo
1896 4465 1966 4517 ut
1987 4459 2288 4519 ardeatur
2314 4461 2378 4517 in
2398 4459 2879 4535 sempiternum,
2907 4460 3086 4518 nullo
3107 4462 3498 4523 adminiculo
3519 4465 3628 4524 de-

387 4536 918 4618 ferente,sive"sit
942 4543 1142 4618 pater,
1160 4537 1297 4618 sive
1324 4537 1406 4595 sit
1436 4536 1826 4618 mater,_sive
1853 4538 2131 4618 quilibet
2147 4539 2338 4618 alius,
2355 4553 2430 4618 ac
2460 4537 2512 4596 si
2543 4554 2840 4618 magnam
2866 4537 3160 4618 fiduciam
3190 4541 3424 4600 habeat
3452 4543 3622 4618 apud

390 4618 608 4678 Deum.
632 4618 886 4682 Frater,
905 4613 1136 4692 inquit,
1155 4616 1413 4694 fratrem
1433 4631 1560 4694 non
1576 4613 1865 4694 redimet:
1881 4633 2028 4674 num
2059 4615 2345 4676 liberabit
2363 4615 2542 4675 homo
2558 4613 2919 4694 ?Quoniam
2941 4633 3094 4694 ergo
3118 4613 3513 4693 impossibile
3529 4627 3625 4679 est

389 4695 625 4756 habere
670 4697 736 4754 in
766 4695 1042 4772 alterum
1081 4710 1257 4770 spem
1290 4692 1699 4772 salutisenisi
1735 4693 1800 4751 in
1831 4696 2171 4771 semetipso
2212 4699 2355 4772 post
2383 4693 2887 4753 misericordiam
2915 4692 3038 4753 Dei
3064 4714 3079 4752 :
3113 4692 3379 4755 obsecro
3409 4703 3478 4755 ut
3511 4697 3621 4759 illa

388 4791 710 4852 geramus,
731 4773 965 4849 quibus
985 4769 1358 4832 vitanostra
1377 4769 1741 4852 mentietur,
1767 4772 1998 4848 quibus
2014 4769 2266 4852 optima
2295 4772 2941 4852 conversatioinostra
2964 4772 3284 4852 reddatur.
3312 4773 3387 4852 Et
3413 4774 3622 4850 primo

387 4847 642 4928 quidem
671 4847 988 4928 quantum
1023 4865 1365 4928 possumus
1395 4847 1802 4928 laboremus,
1823 4854 1892 4928 ut
1921 4847 2130 4910 nullas
2164 4851 2547 4927 recipiamus
2578 4850 2794 4910 sordes
2822 4869 2836 4908 :
2869 4850 2922 4910 si
2958 4867 3110 4910 vero
3133 4850 3298 4910 sicut
3326 4847 3621 4913 homines

385 4925 818 5008 receperimus
845 4928 1120 5008 aliquas,
1153 4942 1282 4986 non
1312 4925 1726 5008 dormiamus,
1758 4927 1869 4986 sed
1901 4929 2237 5008 vigilanter
2263 4925 2592 5008 instemus,
2623 4934 2693 5008 ut
2725 4929 2776 4987 si
2803 4928 2955 5008 quid
2991 4928 3056 4987 in
3099 4928 3282 4988 nobis
3317 4935 3454 5008 erat
3479 4947 3624 5008 sor-

386 5005 584 5080 dium,
622 5025 739 5086 per
771 5005 1230 5086 paenitentiam,
1257 5021 1382 5086 per
1409 5005 1756 5086 orationes,
1795 5023 1908 5086 per
1934 5005 2277 5086 lacrymas,
2310 5025 2424 5086 per
2452 5006 2920 5086 misericordias
2951 5008 3276 5067 abluatur.
3302 5007 3622 5086 iSeddicet

387 5081 857 5163 aliquis—:Quid
905 5085 958 5143 si
1004 5100 1132 5142 non
1169 5081 1658 5163 habeamnnde
1694 5084 1932 5159 possim
1965 5081 2431 5146 misericordias
2481 5086 2779 5163 operari?
2807 5084 2922 5144 Sed
2971 5086 3168 5144 habes
3221 5085 3322 5145 vel
3357 5085 3628 5146 calicem

387 5159 572 5242 aqtiaa
607 5163 870 5241 frigidae,
911 5161 1384 5242 quantumlibet
1410 5159 1510 5242 sis
1539 5176 1787 5242 pauper
1818 5181 1833 5217 :
1868 5163 1968 5222 vel
1997 5164 2123 5222 duo
2166 5165 2408 5224 minuta
2440 5159 2660 5233 habes,
2693 5163 3090 5240 quantalibet
3117 5168 3492 5242 paupertate
3524 5169 3626 5224 te-

389 5237 603 5304 néaris
633 5263 649 5302 :
679 5237 874 5302 habes
911 5237 1122 5316 pedes,
1156 5238 1456 5319 utipossis
1495 5237 1781 5319 infirmos
1809 5247 2213 5319 mgrotosque
2243 5244 2527 5312 visitare,
2562 5248 2631 5301 ut
2667 5237 2870 5318 possis
2909 5237 3135 5301 venire
3159 5237 3374 5319 ad'eos
3409 5242 3521 5317 qui
3556 5243 3629 5302 in

390 5321 754 5383 carceribus
784 5320 1148 5398 detinentur
1180 5337 1193 5374 :
1230 5317 1425 5398 habes
1455 5317 1969 5398 saltem__tectum,
2002 5326 2073 5380 ut
2105 5317 2309 5398 possis
2333 5317 3126 5398 suscipere’peregrinum.
3160 5318 3348 5398 Nuila
3375 5325 3472 5378 est
3500 5320 3628 5397 igi-

392 5405 514 5472 tur,
545 5400 727 5460 nulla
757 5403 853 5459 est
883 5398 1067 5458 venia
1096 5396 1152 5456 ei
1183 5396 1294 5472 qui
1333 5395 1835 5475 misericordiam
1866 5415 1996 5458 non
2033 5395 2291 5460 exhibet
2326 5395 2651 5475 indigenti.
2684 5395 2760 5456 Et
2803 5395 2935 5457 hinc
2972 5396 3226 5473 quidem
3256 5395 3627 5474 frequenter

393 5479 568 5538 vobis
604 5477 896 5549 dicimus,
933 5481 1002 5536 ut
1048 5493 1130 5534 ex
1176 5473 1497 5553 continuis
1546 5473 2086 5553 admonitionibus
2124 5478 2349 5538 saltem
2391 5473 2711 5553 possimus
2754 5475 2996 5552 aliquid
3046 5473 3442 5553 promovere.
3475 5475 3634 5538 Haec

391 5562 605 5617 autem
640 5556 932 5626 dicimus,
967 5572 1095 5614 non
1133 5557 1380 5613 tantum
1409 5552 1484 5612 de
1520 5552 1668 5620 illis,
1708 5554 1817 5630 qui
1854 5562 2096 5616 vestras
2129 5551 2594 5616 misericordias
2635 5558 2784 5613 sunt
2824 5551 3208 5632 percepturi,
3242 5553 3628 5632 cogitantes,

391 5641 707 5709 quantum
739 5651 853 5709 pro
883 5638 1095 5694 vestra
1129 5632 1335 5692 salute
1369 5635 1753 5708 satagentes.
1790 5632 1917 5693 lllis
1954 5635 2190 5710 quippe
2222 5632 2596 5708 temporalia
2627 5635 2688 5690 et
2719 5637 2975 5691 terrena
3006 5637 3067 5690 et
3096 5630 3348 5691 caduca
3369 5632 3624 5692 tribuis-

395 5713 506 5794 tis;
545 5711 879 5794 recipietis
920 5718 1140 5794 autem
1176 5727 1282 5769 vos
1302 5710 1642 5794 _\pro_istis
1693 5711 1862 5771 bona
1911 5714 2186 5772 caelestia
2237 5710 2622 5794 sempiterna
2657 5727 2670 5764 :
2706 5724 2849 5783 qqu
2879 5726 2997 5769 nos
3044 5725 3264 5794 omnes
3297 5711 3628 5794 contingat

396 5786 782 5865 adipisci,_in
814 5789 1064 5848 Christo
1115 5789 1267 5846 Jesu
1302 5788 1573 5866 Domino
1625 5795 1867 5858 nostro.
1901 5810 2044 5849 cum
2091 5808 2220 5864 quo
2253 5788 2418 5848 Patri
2466 5786 2694 5862 gloria,
2729 5803 2860 5850 una
2896 5806 3040 5848 cum
3091 5792 3314 5848 sancto
3359 5786 3632 5866 Spiritu,

401 5864 568 5926 nunc
596 5874 654 5928 et
686 5886 951 5944 semper,
989 5872 1047 5926 et
1081 5866 1142 5924 in
1172 5864 1402 5925 swcula
1429 5867 1829 5927 sacculorum.
1867 5873 2086 5928 Amen.
