3954 6172
375 417 477 480 459
920 414 1234 473 MUTIANO
1274 415 1518 473 SCIIOL.
1573 415 2034 474 INTERPRETE.
2075 448 2146 464 —
2184 421 2338 477 CAP.
2381 423 2494 478 Xll.
2543 423 2773 481 IIOMIL.
2816 426 3032 483 XXXII.
3505 435 3611 492 440

367 545 468 587 res
496 521 759 604 alterius
796 519 995 597 partis
1028 519 1353 604 emineant
1375 538 1390 577 :
1416 519 1506 604 sic
1539 523 1602 604 et
1629 518 1743 604 hic
1761 536 1840 604 ex
1873 522 2351 604 comparatione
2380 523 2638 604 illorum
2682 533 2903 586 nostra
2933 527 3179 604 majora
3216 526 3629 589 declarantur

365 610 427 665 et
467 602 731 662 meliora
768 605 842 659 'et
879 599 1317 681 mansuetiora
1341 643 1356 667 ,
1385 597 1977 681 et_ad_mirationum
2019 599 2415 681 plenissima.
2450 603 2802 680 Dupliciter
2833 597 3110 681 namque
3141 607 3406 668 meliora
3434 617 3626 679 sunt,

363 682 674 761 quoniam
699 683 770 761 et
815 677 1065 761 majgra
1093 677 1281 761 simul
1321 677 1694 761 et‘clariora
1736 683 1926 761 sunt__:
1953 677 2638 761 undenaccessibilio—ra
2687 684 2979 759 pluribus
3008 677 3442 745 exstiterunt.
3494 677 3630 747 Hoc

362 754 602 843 quippe
630 758 822 843 etiam
858 754 1239 843 iu_.Epi_stp_la
1262 755 1339 816 ad
1371 754 1735 843 Corinthios
1765 756 2078 843 scribens,
2109 756 2260 843 dicit
2289 778 2304 816 :
2335 754 2805 843 Revelatafacie
2833 763 3098 839 gloriam
3128 764 3382 823 Domini
3406 784 3616 843 specu-

362 834 558 900 lantes
594 842 704 899 :et
738 853 866 916 non
916 834 1336 916 sicut_Moses
1367 854 1383 892 :
1416 835 1722 916 velamen
1753 835 1925 894 enim
1963 838 2242 916 ponebat
2277 854 2474 914 super
2519 834 2743 900 faciem
2779 834 2986 901 suam.
3019 843 3159 902 Non
3200 834 3576 904 meruerunt
3608 890 3624 916 ,

363 919 596 994 inquit,
629 916 722 975 illi
755 915 910 975 talia
938 913 1293 994 percipere,
1325 913 1546 994 qualia
1575 913 1760 994 nobis
1788 915 2153 994 contributa
2187 913 2562 977 noscuntur.
2593 918 2755 991 Quid
2788 921 2956 978 enim
2989 921 3079 979 illi
3114 921 3326 981 videre
3361 913 3627 983 meme;

363 991 563 1059 runt?
590 996 918 1059 Tenebras
962 999 1024 1072 et
1067 991 1429 1072 caliginem.
1465 991 1824 1052 Audierunt
1866 992 2131 1072 quidem
2182 999 2245 1053 et
2279 1012 2494 1056 vocem
2523 1017 2536 1054 :
2562 998 2669 1056 sed
2713 1003 2776 1058 et
2819 1003 2888 1058 tu
2931 1000 3162 1058 audisti
3192 1018 3415 1060 vocem
3444 1045 3458 1072 ,
3495 1019 3623 1061 non

363 1094 477 1153 per
512 1075 816 1155 nebulam
851 1071 1244 1155 venientem,
1278 1070 1386 1130 sed
1416 1088 1532 1148 per
1561 1087 1822 1155 carnem
1851 1070 2108 1155 Qhristi.
2141 1072 2280 1132 Non
2314 1090 2381 1155 es
2425 1077 2850 1137 tumultuatus
2878 1121 2894 1146 ,
2927 1095 3138 1154 neque
3169 1070 3578 1155 perturbatus
3607 1125 3622 1149 ,

361 1149 468 1215 sed
497 1153 768 1223 stetisti,
798 1154 861 1210 et
888 1150 1296 1226 colloquutus
1346 1165 1413 1208 es
1452 1149 1809 1211 mediatori.
1843 1149 2210 1225 Signiﬁcant
2250 1152 2442 1212 etiam
2490 1155 2768 1214 tenebrae
2816 1149 3317 1216 iuvisiliilitatem
3349 1158 3501 1217 Dei:
3540 1160 3624 1217 Et

361 1233 606 1297 nebula.
637 1230 869 1308 inquit,
897 1227 1007 1308 sub
1027 1226 1289 1307 pedibus
1315 1227 1467 1305 ejus.
1500 1228 1680 1288 Tunc
1714 1245 1867 1308 ergo
1896 1228 2106 1308 Moses
2140 1231 2372 1299 timuit,
2405 1249 2577 1292 nunc
2603 1236 2817 1293 autem
2850 1236 3073 1293 metuit
3101 1236 3316 1294 nullus
3345 1255 3360 1293 :
3385 1241 3442 1295 et
3475 1242 3626 1296 tunc

367 1312 542 1388 plebs
569 1305 743 1371 stetit
770 1312 900 1368 tota
921 1305 1382 1390 dedrsum,_nos
1404 1308 1618 1390 autem
1657 1305 1774 1390 etsi
1798 1305 1845 1367 7a
1865 1307 2020 1366 caelo
2050 1307 2350 1368 deorsum
2382 1321 2628 1381 sumus,
2648 1317 3090 1372 verumtamen
3113 1314 3622 1390 pr0piuquamus

367 1384 527 1450 Filio
556 1390 668 1449 Dei
696 1408 711 1446 :
737 1392 799 1447 et
825 1391 955 1446 noh
1002 1386 1166 1446 sicut
1201 1385 1433 1444 Moses.
1463 1385 1602 1444 lllic
1650 1384 1824 1444 enim
1869 1401 2121 1446 eremus
2165 1393 2304 1449 erat
2328 1431 2343 1459 ,
2375 1393 2438 1447 et
2467 1389 2880 1450 circumcirca
2928 1384 3386 1462 desertioihic'
3409 1398 3622 1452 autem

366 1469 620 1535 civitas,
650 1472 712 1527 et
743 1465 1014 1525 millium
1053 1465 1392 1546 celebritas
1433 1463 1833 1546 angelorum.
1867 1462 2104 1546 In__hoc
2141 1469 2334 1546 verbo
2374 1469 2678 1544 gaudium
2721 1469 3036 1546 signiﬁcat
3075 1476 3137 1528 et
3161 1470 3624 1546 jucunditatem

369 1565 484 1624 pro
509 1547 802 1626 caligine,
832 1560 949 1626 pro
976 1543 1256 1605 tenebris
1277 1587 1292 1613 ,
1323 1558 1441 1626 pro
1471 1542 1724 1626 turbine
1753 1541 2130 1626 procelloso.
2168 1541 2602 1626 Etitfcclesiam
2624 1593 2640 1614 ,
2674 1541 2918 1624 inquit,
2950 1541 3421 1625 primitivorum
3448 1594 3460 1612 ,
3493 1567 3626 1626 quis

365 1619 434 1685 in
468 1619 1020 1704 cwlis'eonseripta
1049 1629 1172 1704 est,
1199 1630 1254 1680 et
1280 1619 1648 1704 adjutlicem
1675 1621 1871 1704 Deum
1901 1621 2318 1704 omnium.__llli
2345 1640 2470 1704 non
2504 1619 3068 1696 accesserunt,'sed
3095 1626 3317 1704 procul
3345 1619 3622 1698 stabant;

370 1723 476 1765 vos
507 1710 721 1765 autem
753 1699 1131 1782 accessistis,
1159 1699 1389 1782 inquit.
1421 1699 1541 1782 _}_Iic
1564 1705 1778 1782 autem
1809 1701 2002 1782 terret
2031 1715 2156 1782 eos
2170 1701 2472 1782 dicendo:
2511 1704 2894 1782 Etjudicem
2926 1699 3116 1764 Deum
3152 1706 3422 1764 omnium
3448 1752 3462 1771 ,
3493 1722 3622 1764 non

365 1787 613 1843 tantum
651 1781 1026 1863 ludteorum
1061 1795 1270 1863 neque
1301 1776 1604 1863 ﬁdelium,
1633 1777 1739 1838 sed
1771 1778 1961 1863 totius
1994 1779 2288 1863 videlicet
2318 1782 2558 1863 mundi.
2588 1776 2787 1863 Etiad
2813 1784 3120 1861 Spiritus,
3154 1785 3386 1862 inquit,
3404 1784 3626 1863 justo—

365 1879 503 1940 [um
527 1861 963 1940 perfectorum:
996 1857 1258 1918 Animas
1289 1856 1480 1940 dicit,
1505 1873 1670 1940 quia
1691 1856 1860 1932 apud
1900 1857 2101 1940 Deum
2145 1860 2509 1940 probabiles
2545 1856 2952 1922 exstiterunt.
2981 1863 3075 1922 Et
3105 1863 3186 1922 ad
3227 1856 3624 1922 mediatorem

367 1935 893 1999 Testamentinovi
913 1937 1148 2016 Iesum,
1181 1943 1235 2016 et
1263 1935 1344 2016 ad
1370 1935 1702 2016 sanguinis
1726 1937 2174 2016 aspersionem,-
2209 1937 2325 1997 hoc
2356 1944 2473 2008 est,
2507 1940 3049 2002 emundationem.
3082 1940 3352 2007 Melius,
3389 1943 3621 2016 inquit,

369 2017 736 2096 loquentem,
763 2031 945 2096 quam
974 2013 1235 2096 Abel._S_i
1257 2058 1273 2083 ,
1308 2014 1552 2096 inquit,
1581 2013 1859 2096 sanguis
1877 2013 2188 2096 loquitur;
2220 2016 2422 2075 multo
2449 2018 2651 2096 magis
2675 2019 2987 2096 loquitur,
3019 2021 3130 2096 qui
3163 2020 3316 2079 vivit
3345 2013 3619 2078 occisus.

362 2091 527 2170 Quid
571 2091 792 2174 autem
832 2091 1166 2174 loquitur?
1192 2092 1336 2170 Ipse
1367 2137 1380 2157 .
1412 2092 1665 2174 inquit,
1695 2091 1964 2170 spiritus
2007 2092 2292 2174 loquitur
2317 2112 2434 2171 pro
2479 2091 2658 2155 nobis
2700 2091 3618 2174 gemitibusinenarrabilium.

363 2173 696 2254 Quomodo
724 2172 1061 2254 loquitur?
1086 2170 1421 2254 Ingressus
1441 2171 1679 2254 quippe
1709 2176 1989 2254 mentem
2010 2170 2373 2254 sinceritate
2397 2170 2759 2254 purgatam,
2787 2176 2976 2254 erigit
2999 2194 3163 2244 eam,
3189 2183 3249 2236 et
3276 2176 3420 2236 facit
3446 2177 3619 2252 loqui

366 2189 696 2249 uuomouo
726 2189 1014 2248 loquitur
1035 2189 1060 2229 τ
1086 2189 1421 2310 ingressus
1441 2189 1679 2248 quippe
1709 2189 1984 2230 mentem
2010 2189 2373 2232 sniceruate
2397 2189 2759 2251 purgatam,
2787 2189 2976 2254 erigit
2999 2194 3163 2244 eam,
3189 2189 3249 2236 et
3276 2189 3420 2236 facit
3447 2189 3619 2252 loqui

366 2249 1059 2334 m‘agnaliaLAttendite
1087 2267 1162 2310 vo
1208 2250 1296 2316 is,
1336 2249 1579 2326 inquit,
1608 2267 1684 2308 ne
1711 2249 2021 2334 respuatis
2065 2249 2444 2334 loque-ntept;
2476 2253 2595 2312 hoc
2633 2257 2758 2326 est,
2793 2269 2921 2313 non
2963 2256 3322 2334 negligatis.
3355 2255 3427 2315 Si
3446 2255 3623 2334 enim

367 2331 462 2392 illi
477 2327 621 2391 ἠοη
651 2329 1414 2468 egugeruntmespuentes
1453 2343 1641 2405 super
1681 2337 1912 2388 terram
1942 2327 2306 2406 loquentem.
2332 2330 2533 2403 Quem
2567 2336 2752 2408 putas
2798 2333 2864 2392 in
2915 2334 3035 2393 hoc
3051 2327 3213 2393 “meo
3258 2333 3624 2410 signiﬁcat?

367 2410 516 2468 Mihi
575 2411 684 2468 ani
729 2425 829 2468 em
884 2407 1134 2467 videtur
1187 2407 1359 2468 quod
1411 2406 1632 2466 Mosen
1697 2405 2036 2468 signiﬁcat.
2096 2405 2277 2468 Quod
2340 2414 2554 2468 autem
2617 2410 2804 2468 dicit.
2861 2413 2987 2468 tale
3049 2417 3145 2468 est
3186 2431 3200 2468 :
3244 2411 3306 2468 Si
3361 2411 3450 2468 illi
3507 2413 3620 2468 aui

365 2410 516 2471 Mihi
575 2405 829 2486 quidem
867 2405 1367 2488 _vid_etur'quod_
1411 2406 1632 2466 Mosen
1697 2405 2036 2488 significat.
2096 2405 2277 2480 Quod
2340 2405 2584 2468 autem_
2617 2410 2804 2482 dicit,
2861 2413 2987 2472 tale
3049 2417 3200 2471 est:
3244 2405 3450 2471 Si'illi
3507 2413 3620 2488 qui

367 2485 830 2550 recusaverunt
867 2485 1319 2567 legislatorem
1351 2485 1417 2544 in
1449 2491 1645 2567 terra
1699 2485 2114 2567 constitutum
2139 2529 2156 2556 ,
2187 2501 2316 2544 non
2376 2488 2717 2548 valuerunt
2758 2488 3037 2567 effugere
3071 2510 3085 2546 :
3118 2490 3442 2566 quomodo
3494 2485 3622 2548 va-

363 2567 635 2628 lebimus
666 2580 965 2645 recusare
997 2581 1144 2645 eum
1166 2607 1181 2636 ,
1213 2563 1540 2645 qui_no_bis
1569 2563 1841 2645 de_c1elo
1883 2563 2040 2645 le_gi-s
2073 2571 2385 2645 prtecepta
2418 2567 2794 2626 constituit?
2822 2563 2947 2628 Nec
2977 2563 3160 2645 putes
3190 2569 3360 2645 quod
3393 2570 3454 2628 in
3502 2567 3622 2628 hoc

365 2647 508 2707 loco
530 2647 805 2725 alterum
835 2643 1300 2725 dicat__lz_tt_orem
1330 2642 1512 2720 legis,
1538 2647 1596 2701 et
1622 2641 1895 2725 alterum
1917 2642 2266 2725 Evangelii.
2297 2643 2514 2725 _A_bsit,_
2549 2661 2676 2704 non
2709 2645 2829 2706 hoc
2857 2641 3041 2719 dicit,
3074 2647 3180 2706 sed
3212 2641 3333 2707 hoc
3361 2645 3622 2725 signiﬁ-

362 2730 486 2799 cat,
517 2724 834 2802 quoniam
855 2721 1160 2802 terribilis
1187 2719 1475 2802 apparet,
1503 2737 1652 2780 cum
1681 2719 1757 2802 de
1779 2719 1934 2780 caelo
1965 2721 2271 2795 loquitur.
2302 2721 2472 2802 ldem
2500 2723 2636 2802 ipse
2663 2731 2758 2783 est
2787 2725 3044 2800 quidem
3072 2729 3200 2785 tam
3231 2726 3349 2784 iste
3376 2771 3392 2798 ,
3421 2719 3618 2802 quam

362 2804 492 2882 ille,
525 2799 639 2882 sed
664 2801 1013 2863 terribilior
1033 2805 1185 2882 tunc
1220 2799 1666 2882 magis,_qnam
1689 2799 1811 2882 illo
1825 2805 2110 2882 tempore
2133 2818 2147 2855 :
2170 2815 2296 2857 non
2328 2799 2946 2882 enim‘dit't'erentiam
2969 2821 3258 2880 personae
3279 2799 3620 2882 signiﬁcat,

361 2876 482 2942 sed
500 2881 758 2942 modum
797 2896 930 2956 quo
961 2879 1145 2956 nobis
1173 2894 1410 2938 novam
1441 2878 1644 2954 legem
1675 2876 1876 2949 dedit,
1910 2877 2185 2956 alterum
2219 2894 2359 2937 esse
2390 2879 2560 2940 dicit.
2593 2880 2764 2940 Unde
2795 2881 2916 2941 hoc
2959 2876 3205 2941 certum
3247 2876 3391 2943 est"?
3419 2884 3492 2944 Si
3521 2882 3625 2944 illi

360 2960 539 3023 enim.
574 2955 965 3036 inquitﬁton
994 2955 1371 3034 effugerunt,
1403 2964 1754 3014 recusantes
1778 2973 1909 3014 eum
1934 2955 2046 3034 qui
2075 2955 2144 3016 in
2172 2965 2338 3014 terra
2363 2957 2572 3028 fuerat
2601 2959 3230 3020 constitutus:multo
3260 2961 3458 3038 magis
3481 2981 3618 3025 nos.

359 3044 470 3123 qui
497 3044 1132 3136 de__carlisnloquentem
1156 3042 1338 3136 nobis
1363 3044 1716 3136 avertimus.
1745 3042 1907 3136 Quid
1936 3060 2090 3134 ergo
2120 3042 2390 3133 dicimus
2409 3042 2438 3100 ?
2461 3042 2756 3136 alius_est
2783 3044 2924 3118 iste,
2948 3046 3627 3136 aliusil‘le?qu_ou_lodo

361 3121 518 3203 ergo
546 3124 730 3198 dixit,
758 3121 957 3203 Cujus
983 3141 1110 3184 v01:
1145 3123 1339 3203 movit
1371 3131 1599 3203 terram
1625 3131 1796 3181 tunc.
1825 3121 2092 3203 _Si_‘enim
2127 3138 2252 3203 vox
2295 3122 2437 3198 ejus
2487 3122 2947 3203 movit_terram
2970 3169 2986 3198 ,
3019 3125 3129 3203 qui
3183 3121 3340 3184 tunc
3369 3124 3628 3186 dederat

365 3197 568 3282 legem
599 3223 615 3262 :
647 3197 1080 3266 Nunc'autem
1125 3201 1443 3282 promittit
1471 3247 1488 3282 _,
1521 3201 1731 3282 dicens
1756 3221 1774 3261 :
1797 3199 2013 3282 Adh‘uc
2041 3199 2219 3282 semel
2241 3244 2256 3265 ,
2282 3197 2482 3282 στί-(ξαρ
2519 3197 2768 3282 m_op_ebo
2811 3197 3185 3282 nou_salum
3227 3210 3493 3282 terram,
3522 3204 3631 3264 sed

365 3276 546 3340 etiam
567 3282 780 3342 calum
801 3301 820 3340 :
843 3286 1085 3341 certum
1110 3276 1204 3340 est
1227 3279 1396 3356 quod
1428 3280 1592 3339 idem
1615 3279 1749 3355 ipse
1777 3281 1877 3338 sit.
1904 3277 2086 3351 Quod
2109 3287 2311 3356 autem
2333 3276 2512 3350 dicit,
2545 3277 2762 3338 Adhuc
2788 3279 2984 3346 semel,
3009 3281 3282 3341 declarat
3307 3281 3629 3343 mobilium

367 3360 845 3440 translationem
877 3367 1182 3440 tamquam
1214 3355 1545 3440 factorum.
1575 3357 1752 3440 Quid
1787 3361 1880 3417 est
1907 3356 2078 3440 quod
2122 3355 2218 3416 his
2257 3357 2468 3440 verbis
2499 3356 2952 3440 signiﬁcatur?
2973 3359 3282 3440 Nimirum
3313 3362 3625 3440 quoniam

365 3437 744 3499 auferentur
773 3435 1106 3499 cuncta'de
1138 3435 1377 3508 medio,
1409 3442 1471 3496 et
1501 3437 1565 3495 in
1606 3436 1836 3496 melius
1871 3435 2177 3495 universa
2207 3437 2629 3495 mutabuntur
2657 3455 2672 3493 :
2702 3436 2824 3496 hoc
2854 3437 3022 3499 enim
3050 3439 3202 3498 mihi
3234 3439 3297 3498 in
3333 3435 3453 3500 hoc
3484 3441 3626 3499 loco

367 3515 713 3594 signiﬁcari
741 3516 1011 3576 videtur.
1032 3515 1196 3588 Quid
1226 3533 1380 3593 ergo
1409 3515 1584 3575 doles
1612 3559 1628 3584 ,
1661 3515 1904 3594 inquit,
1928 3530 2073 3573 cum
2101 3513 2348 3594 pateris
2370 3513 2611 3594 aliquid
2631 3513 2708 3594 in
2729 3515 2861 3594 hoc
2890 3516 3126 3576 mundo
3147 3561 3162 3586 ,
3195 3517 3304 3592 qui
3338 3535 3464 3576 non
3498 3536 3628 3594 po-

371 3591 516 3654 terit
541 3612 922 3672 permanere
949 3638 965 3665 ,
993 3595 1103 3670 qui
1137 3598 1282 3671 post
1307 3591 1656 3670 paululum
1698 3593 2087 3672 transiturus
2119 3593 2262 3652 est?
2290 3591 2352 3650 Si
2381 3591 2458 3672 in
2496 3592 2865 3653 novissimis
2890 3595 3161 3672 saeculis
3205 3591 3308 3654 hic
3349 3591 3626 3655 mundus

371 3671 637 3734 forsitan
669 3673 958 3750 requiem
989 3673 1350 3742 habuisset,
1385 3677 1536 3732 tunc
1567 3671 1859 3750 tribulari
1898 3671 2110 3747 potius
2141 3671 2481 3750 oportebat
2533 3688 2680 3730 eum
2715 3672 2826 3750 qui
2877 3671 3136 3732 festinat
3165 3673 3241 3731 ad
3294 3674 3507 3733 ﬁnem.
3543 3675 3625 3734 Ut

367 3748 1070 3890 ςενῖηαηείξτᾶῐίβηὲιιὶι,
1103 3770 1173 3810 ea
1213 3768 1347 3830 qua:
1374 3759 1518 3810 sunt
1549 3748 1907 3812 immobilia.
1938 3750 2094 3824 Quae
2144 3765 2427 3827 namque
2455 3748 2575 3811 ista
2597 3792 2614 3824 ,
2649 3749 2753 3810 vel
2786 3750 3008 3828 qualia
3037 3755 3188 3812 sunt
3235 3752 3580 3812 immobilia
3600 3753 3630 3810 τ

421 3849 465 3890 u
493 3848 613 3890 ura
640 3850 698 3890 vn
743 3849 778 3890 e
807 3847 900 3890 Ice
935 3875 948 3888 .

421 3834 613 3893 utura
640 3829 948 3891 videlicet.

451 3912 572 3970 Pro
605 3912 728 3971 isto
751 3910 947 3987 igitur
977 3907 1103 3968 ﬁne
1136 3911 1366 3970 cuncta
1397 3907 1724 3982 faciamus,
1755 3911 1828 3968 ut
1859 3907 2033 3987 illam
2064 3907 2258 3987 vitam
2289 3906 2553 3985 adipisci
2583 3906 2930 3985 possimus,
2952 3913 3023 3987 ut
3053 3907 3178 3967 illis
3209 3908 3392 3969 bonis
3419 3907 3628 3970 ineffa-

375 3988 607 4049 bilibus
631 3985 1057 4067 perfruamur.
1082 3987 1198 4059 Ita,
1223 3988 1513 4060 obsecro,
1539 3987 1626 4048 ita
1656 3987 1860 4058 facite,
1884 3985 1962 4067 ad
1993 3986 2116 4067 hoc
2138 3986 2453 4067 deprecor
2472 3991 2543 4046 ut
2566 3991 2845 4067 vestrum
2872 3986 3300 4067 inﬂammetur
3321 3987 3624 4067 studium.

375 4067 570 4127 Nemo
599 4064 664 4126 in
688 4067 967 4138 civitate,
995 4083 1138 4142 quae
1169 4081 1402 4128 casura
1429 4070 1525 4125 est
1549 4083 1723 4126 sanie
1748 4065 1975 4125 mentis
2004 4064 2293 4126 aediﬁcat.
2329 4065 2443 4126 Dic
2477 4069 2692 4126 autem
2731 4065 2924 4138 mihi,
2953 4067 3219 4126 obsecro
3240 4110 3256 4140 ,
3289 4066 3343 4126 si
3389 4066 3626 4143 aliquis

373 4144 610 4206 diceret
637 4145 946 4235 quoniam
965 4149 1124 4235 ‘post
1152 4160 1394 4204 annum
1426 4143 1648 4235 civitas
1682 4144 1814 4204 haec
1836 4149 1978 4235 tota
2005 4143 2269 4235 lapsura
2288 4148 2418 4235 est,
2451 4144 2833 4235 aliamjero
2858 4144 3208 4235 quamlibet
3234 4160 3628 4235 permansu-

377 4240 512 4283 ram
538 4222 679 4284 esse
703 4223 986 4284 ﬁrmaret
1009 4240 1231 4302 gnum,
1259 4239 1440 4301 rogo,
1464 4222 1804 4302 mdiﬁcares
1833 4222 1897 4281 in
1925 4223 2179 4283 civitate
2203 4222 2500 4302 ruitura?
2523 4222 2793 4302 Proinde
2819 4222 3008 4302 etiam
3042 4222 3163 4282 hoc
3190 4233 3286 4283 est
3311 4223 3481 4300 quod
3511 4241 3629 4302 ego

377 4319 547 4362 nunc
571 4302 736 4374 dico,
772 4302 913 4362 Non
942 4300 1322 4362 mdiﬁcemus
1349 4300 1418 4360 in
1448 4302 1567 4362 hoc
1592 4301 1870 4363 mundo:
1895 4305 2040 4379 post
2068 4301 2404 4378 paululum
2435 4301 2606 4360 enim
2632 4302 2884 4377 lapsum
2913 4301 3120 4361 iturus
3151 4306 3269 4372 est,
3302 4308 3366 4363 et
3398 4300 3631 4363 cuncta

378 4380 690 4457 perditum
717 4382 923 4441 ibunt.
945 4380 1024 4439 Et
1050 4380 1203 4458 quid
1232 4379 1372 4441 dico
1395 4379 1565 4456 quod
1593 4380 1870 4442 mundus
1896 4396 2165 4440 casurus
2188 4379 2323 4439 est?
2346 4396 2460 4440 nos
2492 4386 2702 4440 autem
2724 4380 2792 4458 [f.
2817 4395 2934 4439 nos
2962 4380 3178 4456 etiam]
3198 4386 3347 4441 ante
3371 4380 3629 4441 ruinam

376 4458 517 4538 ejus
544 4460 901 4538 periemus,
930 4463 996 4520 et
1023 4457 1341 4520 tormenta
1374 4475 1541 4538 saeva
1571 4460 1910 4537 patiemur.
1946 4459 2073 4518 Nos
2107 4459 2254 4538 hinc
2285 4457 2796 4538 itaqueplurimi
2826 4476 3049 4538 sumus
3085 4459 3429 4538 egressuri.
3465 4459 3629 4532 Quid

376 4476 512 4536 ejus
544 4477 864 4538 periemus
884 4503 901 4532 ,
930 4476 996 4520 et
1023 4476 1341 4520 tormenta
1374 4476 1541 4519 saeva
1571 4476 1910 4537 patiemur.
1948 4476 2073 4518 nos
2107 4476 2254 4517 ninc
2285 4476 2503 4534 Itaque
2533 4476 2796 4536 pllll‘lml
2826 4476 3049 4520 sumus
3085 4476 3429 4596 egressuri.
3465 4476 3629 4532 quia

375 4537 759 4599 aediﬁcamus
787 4555 981 4616 super
1003 4552 1268 4598 arenam
1293 4537 1589 4616 mobilem
1611 4539 1639 4596 ?
1661 4538 1829 4612 Quin
1856 4538 2068 4614 potius
2097 4535 2477 4616 aediﬁcemus
2505 4536 2783 4616 inpetra
2808 4555 2822 4596 :
2849 4537 3115 4616 quidqui
3190 4539 3361 4599 enim
3393 4538 3629 4616 incide-

377 4617 480 4690 rit,
512 4617 753 4678 invicta
780 4614 1015 4678 fabrica
1041 4619 1431 4692 perseverat,
1455 4615 1618 4676 nihil
1642 4633 1784 4677 eam
1812 4619 2187 4686 commovet,
2217 4614 2377 4674 nihil
2400 4615 2650 4685 evertit;
2674 4620 2736 4676 et
2757 4614 2984 4678 merito
3007 4614 3123 4676 {ad
3146 4633 3367 4675 omnes
3391 4615 3628 4692 quippe

375 4695 538 4756 ictus
582 4694 903 4756 inadibilis
935 4694 1042 4754 ille
1085 4694 1263 4754 locus
1295 4695 1584 4767 exsistit,
1615 4695 1780 4756 sicut
1831 4711 1866 4754 e
1895 4698 2121 4754 contra
2157 4694 2275 4771 iste
2307 4694 2549 4754 cunctis
2583 4699 2757 4771 patet
2797 4695 3049 4755 ictibus.
3081 4695 3200 4753 Hic
3244 4709 3527 4769 namque
3568 4700 3630 4752 et

373 4779 560 4835 terrae
587 4780 800 4833 motus
826 4774 1132 4845 obruunt,
1164 4777 1226 4833 et
1254 4773 1550 4836 incendia
1578 4776 1986 4845 consumunt,
2010 4777 2071 4831 et
2096 4770 2466 4833 infestantia
2492 4770 2658 4833 bella
2683 4773 3039 4842 devastant,
3064 4777 3126 4832 et
3158 4772 3333 4830 vivos
3367 4787 3484 4830 nos
3514 4788 3628 4830 au-

371 4852 611 4923 ferunt,
647 4857 995 4928 antequam
1021 4851 1295 4911 mundus
1327 4851 1445 4912 iste
1475 4852 1767 4912 concidat
1793 4871 1808 4908 :
1835 4851 2088 4926 aliquos
2116 4856 2330 4910 autem
2359 4868 2574 4911 secum
2608 4855 2927 4912 tracturus
2955 4855 3054 4912 est
3083 4849 3160 4909 ad
3192 4853 3486 4928 mortem.
3509 4848 3628 4908 Sed

368 4932 565 4992 etiam
595 4935 805 4994 stante
827 4927 1070 4989 mundo
1103 4931 1363 4990 morbus
1395 4931 1621 5002 irruit,
1651 4936 1714 4990 et
1741 4935 1853 4990 aut
1881 4928 2172 4990 celeriter
2204 4929 2351 4989 hinc
2381 4929 2663 4990 excludit
2689 4974 2704 5003 ,
2737 4935 2850 4991 aut
2882 4932 3329 5007 permanentes
3364 4927 3627 5007 hicgnon

367 5009 527 5088 sinit
559 5010 774 5070 vivere
809 5011 1259 5088 congruenter.
1286 5009 1445 5069 Nam
1471 5009 1682 5086 qualis
1714 5009 2007 5088 voluptas
2033 5053 2050 5082 ,
2083 5011 2196 5088 aut
2225 5025 2368 5085 quae
2394 5008 2762 5088 jucunditas
2785 5055 2800 5083 ,
2829 5006 2940 5088 ubi
2967 5006 3495 5088 morbicontiuui
3518 5013 3630 5088 ,_et

366 5087 876 5149 calumniatores
903 5083 1186 5165 plurimi,
1215 5083 1580 5164 frequentes
1609 5083 1893 5146 insidias?
1918 5088 2044 5146 Aut
2071 5087 2123 5146 si
2151 5083 2575 5147 horum'uihil
2605 5087 2708 5161 sit,
2741 5087 2909 5165 quod
2940 5085 3334 5165 impossibile
3361 5089 3479 5165 est,
3503 5083 3632 5144 ali-

364 5166 636 5245 quando
666 5167 859 5227 etiam
885 5163 1052 5226 ﬁlios
1072 5182 1204 5245 non
1238 5163 1543 5226 habentes
1574 5165 2090 5245 intequanimiter
2116 5165 2403 5237 ferimus,
2431 5163 2812 5245 meroribus
2847 5163 3185 5245 afﬁcimur,
3218 5180 3359 5245 non
3378 5163 3633 5245 haben-

365 5241 464 5307 tes
499 5246 738 5324 quibus
765 5248 1022 5324 nostras
1052 5244 1273 5324 domos
1300 5249 1360 5304 et
1385 5249 1612 5324 caetera
1643 5243 2101 5324 contradamus
2116 5263 2146 5324 :_
2163 5248 2225 5324 et
2255 5244 2502 5324 magnis
2534 5248 2911 5324 torquemur
2935 5243 3285 5315 doloribus,
3303 5241 3362 5324 _si
3392 5241 3630 5302 nostris

363 5320 704 5387 laboribus
729 5322 933 5383 exteri
964 5321 1397 5400 perfruantur.
1429 5322 1791 5400 Aliquando
1816 5322 2007 5382 etiam
2029 5320 2423 5400 adinimicos
2445 5322 2616 5383 venit
2634 5321 2974 5393 hereditas,
2999 5325 3204 5380 etnon
3227 5320 3439 5400 solum
3460 5337 3633 5400 mor-

364 5405 499 5464 tuis
525 5403 740 5474 nobi‘s,
771 5396 1190 5461 verumetiam
1222 5396 1571 5477 aliquando
1596 5401 1979 5462 viventibus.
2006 5399 2167 5472 Quid
2200 5399 2397 5478 igitur
2423 5400 2542 5460 hoc
2567 5399 2859 5459 miserius
2887 5405 3095 5475 potest
3123 5416 3270 5478 esse,
3292 5398 3394 5458 vel
3423 5396 3634 5457 infeli-

361 5485 508 5544 cius
537 5526 555 5550 ,
583 5496 781 5557 quam
807 5479 1081 5540 inimicis
1107 5480 1241 5539 suis
1267 5496 1658 5557 quemquam
1689 5480 1987 5539 laborare
2010 5523 2026 5550 ,
2059 5482 2121 5538 et
2151 5477 2346 5557 utilli
2376 5478 2712 5557 indeliciis
2744 5478 3015 5556 degant,
3041 5477 3351 5557 pecunias
3383 5493 3634 5557 conger

361 5561 558 5621 rere?
587 5553 835 5620 Harum
877 5575 1093 5618 rerum
1139 5553 1433 5635 exempla
1476 5553 1676 5619 multa
1721 5562 2077 5618 cernuntur
2121 5557 2186 5614 in
2230 5556 2497 5616 diversis
2527 5553 2887 5635 civitatibus
2917 5553 3265 5635 accidisse;
3294 5553 3402 5614 sed
3431 5557 3452 5629 [
3479 5553 3628 5614 add.

361 5641 615 5714 taceo,]
641 5655 722 5699 ne
751 5636 1122 5696 contristem
1152 5633 1443 5709 forsitan,
1472 5637 1707 5714 quibus
1745 5636 1896 5697 talia
1927 5640 2398 5712 provenerunt;
2431 5634 2671 5714 alioqui
2702 5634 3081 5714 nominatim
3110 5633 3634 5714 aliquos_protu-

363 5710 617 5788 lissem,
647 5719 710 5776 et
737 5714 1089 5792 plurimum
1114 5715 1190 5773 de
1218 5715 1337 5776 hac
1361 5733 1433 5775 re
1461 5710 1716 5792 possem
1746 5710 2069 5791 protelare
2100 5729 2486 5792 sermonem,
2520 5712 2867 5792 pluresque
2899 5712 3121 5773 domos
3159 5710 3496 5792 ostendere
3521 5756 3537 5784 ,
3565 5713 3630 5772 in

365 5795 610 5876 quibus
638 5789 876 5876 inimici
906 5792 1312 5876 dominorum
1341 5789 1666 5876 factisunt
1693 5789 1958 5852 domini.
1984 5793 2112 5852 Nec
2146 5791 2266 5851 hoc
2294 5791 2369 5850 de
2401 5789 2776 5876 dominisjff
2796 5792 3115 5876 domibus]
3144 5790 3432 5876 invenies
3475 5794 3631 5852 tan--

369 5868 542 5946 tum,
577 5871 689 5935 sed
727 5873 918 5934 etiam
954 5869 1030 5933 de
1079 5873 1281 5934 servis
1333 5873 1675 5946 contigisse
1721 5887 2072 5948 cognoscas
2105 5888 2311 5946 :smpe
2344 5869 2583 5947 quippe
2621 5868 3025 5934 ad'inimicos
3054 5868 3372 5933 hereditas
3406 5877 3626 5931 nostra
