3954 6172
339 318 447 374 455
882 346 891 351 -
1069 310 1125 365 S.
1167 309 1216 364 J.
1259 307 1751 363 (illliYStlSTOMI
1797 306 1900 360 ill)!

2022 306 2097 360 [xli
2145 308 2208 362 IN
2254 307 2472 361 EPIST.
2517 306 2607 360 AD
2648 307 2849 363 llEBR.
3478 316 3583 374 ὀὶι

330 418 563 495 inquit,
594 407 1408 495 longitudinemisermonis
1441 406 1747 495 abnuere,
1771 406 1911 495 nisi
1958 407 2021 495 in
2062 406 2393 495 patientia:
2429 405 2564 495 Hoc
2591 408 2830 483 quippe
2867 410 3005 495 erat
3037 407 3363 495 quea-eo?
3399 422 3579 495 ειν-ρει-

332 483 457 557 stiri
487 483 776 557 faciebat.
810 492 945 551 Non
981 488 1113 548 vult
1140 488 1259 546 hoc
1286 483 1645 557 ostendere,
1678 485 1785 544 sed
1816 483 2089 544 latenter
2113 486 2233 545 hoc
2252 484 2403 544 dicit
2431 504 2447 543 :
2479 489 2809 560 tamquam
2839 483 2893 543 si
2920 483 3193 544 diceret:
3216 484 3349 543 Etsi
3384 486 3566 562 pusil-

334 575 600 635 lanimes
636 571 784 632 estis
816 589 832 630 :
878 568 1097 629 talium
1125 566 1296 625 enim
1347 580 1474 622 non
1505 567 1602 622 est
1643 563 1808 624 ferre
1836 566 2150 623 sermonis
2180 562 2666 642 longitudinem.
2700 562 3094 642 Cognoscite,
3148 563 3379 642 inquit,
3431 564 3568 642 fra-

334 663 485 712 trem
516 647 898 710 Timotheum
941 645 1261 705 dimissum
1289 660 1433 721 esse,
1469 658 1604 701 cum
1636 659 1789 721 quo,
1812 642 1867 702 si
1897 642 2175 703 celeriter
2196 640 2455 708 venerit,
2487 640 2700 721 videbo
2728 659 2857 701 vos.
2890 641 3027 703 Hoc
3071 642 3242 702 enim
3278 640 3575 702 idoneum

334 736 501 802 erat,
536 735 605 789 ut
635 743 743 788 eos
780 723 1245 786 mansuetiores
1282 720 1580 802 efficeret,
1624 719 1796 798 quod
1823 739 1890 802 se
1932 724 2229 797 paratum
2270 721 2432 780 dixit
2478 719 2559 781 ad
2596 736 2706 781 eos
2754 721 2975 802 venire
3015 727 3085 780 ut
3131 737 3241 802 eos
3280 739 3427 782 cum
3461 739 3577 802 suo

332 798 646 884 discipulo
675 804 932 864 videret.
972 801 1284 884 Salutate,
1307 799 1571 884 inquit,
1599 799 1971 884 priap‘ositos
2015 808 2253 884 veetros
2279 807 2579 884 ethomnes
2612 808 2885 884 auectas.
2936 798 3214 860 Intueris
3257 800 3577 884 quomodo

333 905 441 948 eos
475 876 1240 961 lionorahiliteritractat?
1268 877 1583 961 siquidem
1604 876 1704 961 ad
1738 877 1881 961 illos
1913 879 2194 961 pro_illis_
2222 878 2567 961 scribebat.
2597 876 2895 961 Salutant
2921 894 3032 937 vos
3076 876 3392 961 omnes’ex
3430 878 3579 938 Ita—

333 968 442 1027 lia.
485 956 738 1029 Gratia,
783 960 1015 1037 inquit,
1066 976 1200 1037 cum
1229 955 1511 1037 omnibus
1539 955 1735 1037 vobis.
1778 957 1987 1037 Amen.
2022 957 2304 1037 Gratiam
2327 956 2427 1037 eis
2467 960 2689 1037 optat:
2725 955 2896 1032 quod
2937 961 3043 1037 est
3073 956 3364 1037 omnium
3394 974 3577 1017 com—

336 1062 547 1103 mune.
579 1034 1117 1116 Qualiter'autem
1146 1036 1215 1116 fit
1244 1036 1447 1113 gratia
1476 1035 1857 1116 nobiscum?
1885 1034 1947 1094 Si
1983 1053 2114 1116 non
2146 1035 2449 1113 injuriam
2479 1034 2809 1116 faeiamils‘
2831 1034 3091 1116 quando
3141 1035 3327 1116 nobis
3375 1036 3580 1116 bene—

333 1123 475 1183 ficia
504 1112 946 1189 conferuntur,
977 1117 1028 1177 si
1053 1112 1445 1194 negligentes
1478 1129 1605 1194 non
1632 1114 2018 1194 exsistamus
2045 1112 2513 1194 circa’munera
2536 1113 2670 1194 Dei.
2690 1112 2976 1194 Quid_e_st
2995 1113 3245 1194 gratia?
3271 1113 3580 1194 Remissio

333 1201 627 1262 videlicet
654 1204 715 1258 et
745 1196 1041 1276 purgatio
1068 1191 1473 1276 peccatorum
1503 1211 1520 1251 :
1553 1191 1686 1253 haec
1718 1192 2051 1276 nobiscum
2077 1196 2193 1263 est,
2222 1191 2274 1252 si
2305 1194 2468 1276 bene
2492 1191 2833 1276 egerimus.
2860 1192 3029 1276 Nam
3051 1193 3208 1276 quis
3228 1192 3578 1276 injuriosus

334 1285 544 1361 potest
572 1270 1373 1361 istamrservare’gratiam,
1412 1275 1474 1329 et
1506 1271 1878 1361 uoqslalim
1910 1277 2258 1361 evacuatus
2288 1270 2600 1361 eﬂiciiur?
2628 1270 2821 1330 Verbi
2850 1271 3076 1361 gratia
3107 1270 3441 1361 :Jdon'avit
3468 1272 3576 1332 tibi

332 1348 549 1418 omnia
576 1360 855 1433 peccata,
890 1348 1461 1433 quomodotccum
1500 1350 1705 1426 gratia
1734 1349 2152 1433 permanebit,
2178 1350 2338 1433 isive
2371 1348 2642 1426 Spiritus
2689 1348 2890 1433 sancti
2921 1349 3233 1433 Operatio,
3273 1350 3399 1410 nisi
3442 1366 3580 1433 eam

334 1456 449 1515 per
472 1427 652 1515 bona
677 1448 875 1515 opera
901 1427 980 1492 ad
1024 1429 1430 1515 temetipsum
1472 1428 1815 1515 a‘ttraxeris
1837 1428 1865 1486 Ἰ
1901 1428 2055 1515 _Hzec
2082 1428 2322 1515 quippe
2350 1435 2671 1515 estcausa
2707 1427 2996 1515 omnium
3026 1430 3361 1515 bonorum
3378 1472 3410 1515 ,_
3428 1427 3480 1487 si
3506 1428 3582 1515 _in

335 1506 520 1575 nobis
560 1506 864 1588 spiritalis
905 1509 1111 1588 gratia
1146 1511 1574 1588 perseverat:
1628 1506 1761 1566 haec
1791 1506 2046 1588 _quippe
2073 1524 2190 1588 nos
2219 1506 2297 1568 ad
2314 1507 2544 1588 _omiiia
2583 1507 2754 1567 bona
2803 1512 2980 1588 recto
3024 1507 3250 1569 itinere
3296 1507 3580 1580 deducit,

336 1596 500 1654 sicut
529 1584 718 1652 etiam
748 1584 1005 1665 quando
1043 1587 1124 1646 ab
1159 1601 1235 1646 ea
1262 1584 1639 1665 excidimus,
1669 1584 1974 1665 perimus,
2008 1590 2070 1644 et
2097 1584 2327 1645 deserti
2359 1584 2672 1645 efficimur
2700 1585 2874 1645 omni
2901 1586 3117 1665 ibono.

417 1671 552 1729 Non
581 1663 796 1744 itaque
818 1684 956 1727 eam
978 1665 1410 1744 repellamus:
1446 1663 1509 1721 in
1540 1664 1724 1744 nobis
1752 1663 1995 1744 quippe
2028 1668 2125 1744 est
2153 1664 2368 1734 etiam,
2397 1669 2470 1744 ut
2500 1668 2876 1740 permaneat
2896 1663 2959 1722 in
2989 1663 3327 1744 nobis,_vel
3358 1663 3585 1744 utdis-

339 1748 515 1809 cedat
542 1764 579 1808 a
615 1740 837 1806 nobis:
874 1744 1025 1804 illud
1059 1740 1228 1805 enim
1256 1742 1346 1810 tit,
1374 1740 1634 1817 quando
1660 1742 1936 1803 cwlestia
1962 1741 2380 1814 meditamur;
2416 1742 2539 1803 hoc
2567 1747 2783 1802 autem
2807 1786 2823 1812 ,
2856 1742 3116 1819 quando
3142 1741 3221 1803 ad
3248 1743 3585 1803 szecularia

333 1827 750 1887 declinamus.
784 1824 975 1898 Quem
1002 1820 1296 1900 mundus,
1329 1820 1580 1900 inquit,
1598 1838 1729 1879 non
1747 1828 1954 1899 potest
1984 1837 2232 1900 capere,
2263 1820 2558 1898 quoniam
2586 1838 2720 1900 non
2744 1821 3100 1900 videtieum,
3134 1838 3324 1900 neque
3354 1838 3587 1895 cogno~

335 1905 451 1964 scit
482 1923 637 1963 eum.
670 1897 1132 1979 Contemplaris
1165 1899 1359 1978 igitur
1384 1898 1693 1979 quoniam
1727 1897 1854 1958 non
1887 1902 1982 1959 est
2017 1897 2347 1979 saecularis
2376 1900 2607 1979 animae
2645 1899 2883 1979 habere
2909 1897 3589 1979 Spiritum—sanctum?

331 1982 533 2043 Multo
562 1982 747 2042 nobis
775 1977 990 2057 itaque
1020 1997 1181 2057 Opus
1198 1977 1310 2039 est
1338 1977 1548 2057 studio
1572 2021 1589 2047 ,
1630 1982 1701 2037 ut
1739 1994 1887 2057 eum
1916 1977 2086 2057 apud
2116 1978 2539 2057 nosmetipsos
2574 1977 2850 2038 retinere
2877 1978 3198 2057 possimus
3219 2023 3236 2050 ,
3267 1982 3330 2038 et
3359 1977 3589 2038 muni-

332 2066 431 2123 tos
461 2079 576 2122 nos
610 2060 869 2121 reddere
887 2055 1088 2136 atque
1118 2058 1180 2117 in
1212 2074 1367 2135 pace
1392 2056 1729 2136 collocare.
1759 2055 1934 2136 Sicut
1958 2055 2129 2117 enim
2162 2056 2344 2117 navis
2366 2100 2382 2128 ,
2421 2073 2567 2133 quae
2600 2072 2911 2133 prospero
2948 2055 3105 2118 ﬂatu
3139 2056 3343 2118 fertur
3371 2057 3587 2136 inape-

334 2141 515 2218 lago,
546 2158 675 2226 non
703 2143 910 2226 potest
932 2134 1230 2226 impediri.
1252 2152 1463 2226 neque
1504 2134 1787 2226 demergi
1810 2177 1834 2226 ,_
1876 2152 2219 2211 usquequo
2262 2150 2577 2226 prospero
2607 2138 2799 2195 vento
2821 2152 2900 2226 ac
2930 2138 3394 2226 perseverante
3424 2135 3594 2226 frei—

330 2212 479 2304 tur;
500 2212 618 2280 sed
648 2212 837 2304 etiam
868 2212 1520 2304 post:navigatione_m
1547 2212 1753 2304 gloria
1779 2212 2491 2304 eis.ma‘gna.contingit,
2520 2212 3081 2304 eivennautis.’s_i_i_'e
3115 2214 3387 2304 epibatis
3417 2233 3432 2273 :
3465 2213 3593 2304 illis

329 2299 586 2372 quidem
620 2290 905 2372 requiem
935 2290 1225 2354 tribuens
1241 2337 1256 2362 ,
1276 2292 1459 2369 quod
1491 2290 1710 2352 labore
1742 2290 2184 2370 remigationis
2215 2308 2348 2351 non
2379 2290 2618 2352 fuerint
2648 2290 2892 2370 fatigati
2918 2313 2936 2365 ;
2966 2292 3095 2353 illis
3122 2290 3340 2355 autem
3365 2336 3382 2364 ,
3420 2291 3595 2368 quod

335 2392 443 2456 eos
475 2376 667 2456 maris
695 2375 988 2456 molestia
1014 2374 1341 2456 liberavit,
1379 2378 1444 2436 et
1475 2375 1955 2455 navigationem
1982 2376 2160 2456 illam
2191 2376 2460 2456 hilarem
2492 2376 2660 2456 fecit,
2693 2382 2754 2436 et
2788 2378 2960 2438 velut
2992 2380 3432 2456 spectaculum
3466 2382 3594 2445 illis

330 2453 685 2537 jucundum
732 2454 937 2537 ipsam
969 2453 2070 2537 pros‘peritatem‘cursus-attribuii:
2106 2455 2199 2515 sic
2223 2455 2421 2537 etiam
2464 2455 2679 2537 anima
2717 2470 2753 2537 a
2793 2453 3272 2537 divino'adjuta
3314 2460 3594 2537 Spiritu,

336 2532 636 2613 omnibus
679 2533 871 2613 rebus
914 2532 1212 2613 superior
1250 2532 1536 2613 exsistit,
1569 2541 1632 2594 et
1668 2534 1965 2596 omnibus
2000 2533 2524 2613 ﬂuctuationibus
2556 2533 2700 2594 vita:
2733 2533 2924 2613 hujus
2952 2532 3297 2611 eminebit,
3329 2532 3393 2599 et
3424 2532 3595 2602 viam

322 2612 403 2670 in
420 2611 652 2695 {asilum
673 2610 1006 2695 du_cente_m
1035 2610 1495 2695 vehementius,
1521 2628 1718 2695 quam
1742 2613 1853 2675 illa
1880 2614 2065 2695 navis
2084 2657 2099 2684 ,
2127 2611 2401 2695 incedit:
2431 2616 2652 2689 utpote
2675 2610 2973 2695 quas'min
2999 2618 3189 2695 vento
3215 2610 3594 2695 impellitur,

331 2689 441 2751 sed
466 2692 547 2750 ab
575 2690 714 2766 ipso
743 2690 1069 2768 Paraclelo
1099 2688 1321 2762 fertur,
1356 2688 1591 2751 munda
1620 2690 1762 2752 vela
1792 2691 2126 2768 possidens
2155 2735 2172 2763 ,
2216 2694 2280 2750 et
2317 2688 2523 2767 plena
2544 2688 2869 2768 prosperis
2900 2690 3156 2755 ﬂatibus
3187 2688 3446 2757 omnem
3482 2688 3593 2759 re;

340 2768 717 2849 missionem
740 2772 802 2827 et
822 2767 1374 2849 dissolutionema
1402 2784 1522 2849 su_a
1550 2773 1758 2849 mente
1788 2767 2161 2831 discutiens.
2190 2768 2367 2849 Sicut
2393 2767 2563 2849 enim
2598 2770 2663 2828 in
2695 2771 2849 2832 velis
2874 2772 3127 2849 jactatis
3157 2779 3384 2836 ventus
3423 2776 3597 2839 inci-

336 2848 494 2909 dens
516 2892 532 2918 ,
563 2847 725 2908 nihil
748 2851 1094 2932 operatur:
1125 2848 1223 2932 sic
1242 2847 1435 2932 etiam
1462 2846 1734 2932 Spiritus
1761 2852 2024 2932 sanctus
2054 2849 2129 2932 in
2152 2847 2669 2932 animaremissa
2700 2854 2763 2909 et
2790 2846 2970 2928 segni
3001 2868 3130 2912 non
3167 2855 3410 2930 patitur
3435 2873 3597 2932 per—

340 2944 639 2998 manere;
673 2925 782 2986 sed
805 2943 968 3003 Opus
997 2931 1092 2987 est
1119 2926 1303 2985 nobis
1333 2926 1509 2985 omni
1536 2926 1932 2988 districtione
1957 2927 2265 3004 omnique
2294 2928 2698 2987 vehementia
2723 2972 2738 3000 ,
2770 2935 2843 2989 ut
2869 2925 3055 2990 mens
3093 2925 3317 2993 nostra
3352 2925 3596 2995 ardens

332 3007 403 3065 in
437 3007 619 3066 nobis
650 3007 949 3087 exsistat,
991 3010 1053 3087 et
1100 3005 1317 3065 omnia
1346 3005 1412 3087 in
1442 3006 1626 3066 nobis
1659 3006 2287 3087 opera_intenta_sint
2315 3011 2376 3087 et
2399 3005 2607 3066 fortia.
2637 3007 2830 3087 Verbi
2859 3008 3066 3087 gratia
3092 3030 3107 3068 :
3132 3011 3396 3087 quando
3428 3030 3598 3076 ora-

338 3102 481 3145 mus
503 3128 524 3164 ,
554 3102 711 3164 cum
750 3084 953 3164 multa
994 3084 1351 3164 intentione
1383 3084 1504 3164 hoc
1529 3088 1783 3162 Oportet
1810 3084 2063 3145 efficere
2087 3084 3181 3164 ,.intendentcs.animum'nostrum
3208 3090 3288 3150 ad
3316 3091 3550 3153 caelum
3576 3136 3593 3164 ,

336 3180 468 3248 non
500 3162 758 3248 funibus
781 3207 797 3236 ,
834 3162 942 3223 sed
971 3162 1284 3248 desiderio
1316 3163 1580 3248 valido._
1604 3164 1761 3248 Item
1798 3164 2063 3248 quando
2109 3163 2952 3248 misericordiamiacimus,
3000 3167 3366 3248 intensione
3422 3162 3595 3248 opus

337 3247 476 3328 est,
526 3259 605 3328 ne
639 3241 797 3303 forte
825 3258 982 3328 cura
1007 3241 1231 3328 domus
1268 3247 1329 3328 et
1363 3241 1760 3328 provideaiia
1790 3241 2069 3328 filierum
2095 3242 2548 3328 atque-uxoris
2578 3241 2841 3305 affectus
2867 3289 2883 3318 ,
2934 3246 3033 3328 vel
3064 3247 3256 3307 timor
3283 3241 3593 3328 egestatis

334 3321 749 3405 sub_iutrans_,
788 3321 1159 3405 remissiora
1196 3320 1335 3381 vela
1367 3321 1550 3405 nobis
1591 3321 1845 3405 efficiat.
1876 3320 1937 3380 Si
1968 3321 2138 3382 enim
2167 3339 2347 3405 spem
2384 3321 2747 3382 futurorum
2788 3324 3192 3405 attendamus
3219 3328 3290 3405 [/1
3315 3320 3596 3404 intend]

335 3400 660 3480 undique,
709 3402 873 3461 bene
913 3399 1181 3480 suscipit
1208 3400 1646 3480 operationem
1675 3400 1948 3480 Spiritus
1980 3399 2223 3480 sancti:
2255 3400 2379 3462 illis
2422 3405 2639 3480 autem
2691 3403 3187 3480 cogitationibus
3220 3399 3282 3465 δι
3311 3399 3594 3468 miseriis

335 3479 868 3562 impedieniibus,
908 3478 1063 3538 nihil
1097 3480 1167 3562 in
1193 3495 1333 3540 eam
1377 3478 1598 3562 gratia;
1638 3479 1957 3562 permittit
1989 3478 2307 3562 incidere;
2341 3496 2431 3562 _ac
2459 3479 2510 3540 si
2542 3478 2703 3562 forte
2743 3478 3014 3555 incidat,
3066 3483 3273 3559 ipsam
3322 3485 3593 3562 quidem

335 3556 495 3618 nihil
545 3558 740 3629 laesit,
792 3557 1224 3635 repercutitur
1267 3556 1481 3617 autem
1526 3558 1631 3618 ille
1677 3556 1862 3618 ﬂatus
1905 3558 2092 3619 citius
2141 3558 2480 3635 gemitibus
2511 3559 2787 3628 animae,
2839 3565 2901 3620 et
2943 3556 3192 3621 excidet
3242 3556 3591 3626 excussus.

331 3639 679 3722 ,lfrOpterea
709 3638 904 3715 igitur
933 3637 1139 3722 mulia
1170 3636 1355 3722 nobis
1396 3653 1557 3722 opus
1602 3641 1698 3722 est
1741 3637 2101 3722 intensione
2129 3656 2142 3693 :
2173 3637 2408 3722 etenim
2443 3636 2575 3715 jam
2614 3653 2732 3697 nos
2764 3638 2829 3697 in
2852 3640 3025 3722 _mari
3071 3657 3304 3722 magno
3332 3647 3395 3702 et
3423 3662 3597 3722 spa-

331 3714 498 3776 tioso
526 3714 927 3795 navigamus,
962 3716 1175 3795 multis
1206 3714 1461 3795 quidem
1492 3715 1706 3795 bestiis
1729 3716 1919 3792 pleno
1946 3720 2009 3776 et
2033 3715 2315 3795 scopulis
2343 3735 2359 3776 :
2385 3714 2505 3795 hec
2533 3733 2709 3777 mare
2740 3718 2973 3779 multas
3003 3714 3404 3781 nobis'etiam
3431 3714 3595 3782 tém-

333 3801 611 3873 pestates
641 3792 908 3873 ingerit,
942 3798 1002 3854 et
1023 3793 1297 3874 obducto
1320 3794 1474 3874 caelo
1509 3793 1824 3874 nubibus,
1875 3795 2111 3855 excitat
2155 3792 2364 3874 ﬂatus.
2415 3793 2672 3871 Oportet
2715 3795 2939 3874 igitur,
2988 3797 3040 3857 si
3097 3799 3391 3859 volumus
3445 3802 3597 3862 sine

333 3875 626 3935 molestia
656 3872 885 3934 et’sine
922 3873 1208 3951 periculo
1237 3872 1573 3950 navigare,
1608 3873 1751 3935 vela
1783 3878 2016 3934 nostrae
2048 3874 2227 3934 navis
2260 3873 2541 3951 erigere,
2584 3873 2705 3932 hoc
2740 3872 2867 3949 est,
2916 3882 3153 3937 nostra;
3185 3879 3545 3941 voluntatis
3573 3901 3589 3938 :

331 3952 566 4013 sufﬁcit
609 3954 778 4012 enim
818 3953 939 4012 hoc
978 3952 1185 4012 nobis.
1228 3951 1385 4011 Nam
1415 3955 1478 4011 et
1507 3952 1855 4026 Abraham,
1898 3951 2205 4029 quoniam
2249 3951 2637 4029 desiderium,
2673 3970 2862 4012 suum
2896 3955 3211 4015 intentum
3252 3956 3487 4019 habuit
3509 3958 3595 4021 ad

330 4031 559 4111 Deum,
581 4032 1069 4111 Aetyvoluntatcm
1091 4045 1276 4090 suam
1303 4029 1713 4111 integramct
1747 4027 2090 4111 perfectam
2119 4030 2350 4089 obtulit
2372 4031 2540 4111 Deo,
2574 4027 2730 4090 nihil
2761 4032 2934 4093 aliud
2964 4050 3127 4111 opus
3159 4034 3424 4110 habuit,
3473 4038 3592 4099 sed

327 4109 791 4198 Qrediciitniieo,
823 4116 879 4168 et
907 4116 1260 4198 reputatum
1283 4116 1366 4167 est
1392 4108 1490 4169 illi
1516 4108 1597 4168 ad
1604 4108 1946 4198 jitstitiam.
1975 4108 2166 4198 _F_ide_s_
2182 4114 2397 4198 autem
2418 4109 2665 4198 integra
2694 4115 2758 4171 et
2788 4108 3097 4198 germana
3124 4108 3427 4198 voiuntas
3463 4122 3590 4177 est.

328 4188 575 4267 Obtulit
603 4187 803 4246 tilium
833 4204 1049 4267 suum,
1076 4192 1293 4267 etnon
1319 4204 1467 4247 eum
1494 4187 1788 4267 occidens
1812 4231 1827 4259 ,
1859 4187 2478 4267 occidentiscertum
2506 4193 2602 4247 est
2634 4187 2951 4267 recepisse
2985 4192 3337 4252 mercedem
3362 4237 3379 4267 ,
3414 4201 3485 4255 et
3516 4214 3591 4256 re

331 4284 462 4325 non
489 4265 652 4326 facta
677 4309 692 4334 ,
726 4282 969 4325 merces
997 4264 1052 4324 ei
1084 4264 1328 4326 reddita
1370 4269 1467 4344 est
1508 4266 1754 4344 integra
1779 4269 1840 4326 et
1862 4265 2160 4343 perfecta.
2194 4265 2331 4324 Sint
2370 4267 2568 4342 igitur
2598 4264 2799 4328 nobis
2815 4269 3053 4330 munda
3082 4270 3255 4343 vela,
3285 4264 3418 4331 non
3455 4276 3594 4334 sint

331 4350 745 4405 veteranosa:
774 4362 962 4404 omne
995 4359 1272 4421 namque
1294 4343 1465 4420 quod
1498 4343 1838 4405 veterascit
1864 4349 1925 4406 et
1954 4345 2020 4404 in
2051 4344 2303 4405 senium
2331 4345 2523 4415 cadit,
2554 4345 2839 4406 interitui
2867 4348 3238 4421 proximum
3274 4355 3413 4411 est:
3451 4370 3593 4412 non

325 4425 457 4506 eint
491 4423 766 4483 contrita
789 4422 1165 4506 etdirupta,
1198 4427 1267 4482 ut
1296 4422 1616 4506 spiritales
1646 4422 1830 4506 ﬂatus
1864 4440 1992 4506 non
2029 4427 2307 4484 teneant.
2340 4424 2832 4506 Animatisenim
2858 4422 3034 4486 homo
3057 4473 3072 4496 ,
3115 4427 3279 4490 dixit
3301 4430 3597 4506 Aposto-

286 4503 449 4583 ﬂlus,
475 4520 604 4562 non
624 4501 895 4580 percipit
918 4519 985 4561 ea
1011 4518 1146 4579 quo:
1170 4509 1311 4560 sunt
1340 4501 1643 4637 Spiritus.
1673 4501 1847 4562 Sicut
1868 4503 2039 4562 enim
2060 4517 2450 4563 aranearum
2476 4503 2751 4565 stamina
2773 4503 2993 4565 ﬂatum
3016 4506 3191 4566 venti
3217 4522 3346 4566 non
3360 4501 3595 4570 'susci-

309 4582 542 4637 'niunt:
578 4581 670 4637 sic
702 4598 911 4637 neque
950 4580 1164 4637 anima
1206 4596 1376 4637 smcu
1404 4581 1569 4637 aris.
1617 4598 1828 4637 neaue
1868 4581 2061 4637 homo
2108 4580 2406 4637 animalis
2448 4581 2725 4637 gratiam
2770 4585 3007 4637 noterit
3054 4584 3330 4637 Sniritns
3368 4588 3594 4637 sanpli

309 4582 542 4658 'piunt:
578 4581 670 4642 sic
702 4598 911 4661 neque
950 4580 1599 4661 a_uim_:_1_stncular_isA,_~
1614 4598 1828 4661 neque
1868 4581 2061 4661 homo
2108 4580 2406 4661 animalis
2448 4581 2725 4659 gratiam
2770 4585 3007 4659 poterit
3054 4584 3330 4661 Spiritus
3367 4588 3595 4649 sancti

321 4656 671 4738 suscipere.
702 4656 873 4719 Nihil
901 4659 1072 4738 enim
1100 4656 1401 4717 differunt
1424 4659 1506 4738 ab
1539 4658 1661 4738 illis
1707 4656 2087 4720 staminibus
2129 4656 2550 4737 cogitationes
2595 4656 2831 4723 nostra:
2855 4706 2872 4736 ,
2916 4663 3054 4723 solo
3084 4656 3228 4724 visu
3262 4664 3594 4728 habentes

318 4736 878 4819 consequentiam,
913 4737 1103 4796 totius
1134 4742 1356 4819 autem
1380 4736 1632 4819 virtutis
1653 4753 1891 4819 _vacuaa
1927 4736 2324 4819 permanent.
2361 4738 2481 4819 Sed
2523 4745 2744 4819 nostra
2783 4757 2912 4800 non
2943 4741 3177 4802 debent
3206 4759 3356 4803 esse
3382 4745 3549 4807 talia
3574 4789 3594 4819 ,
3658 4738 3666 4745 ’

320 4821 372 4901 si
402 4813 881 4901 quidemsobrii
909 4832 1131 4901 sumus
1159 4834 1174 4872 :
1206 4813 1518 4901 quidquid
1544 4814 1858 4901 inciderit,
1884 4813 2109 4901 omnia
2129 4816 2359 4901 tolerat
2391 4815 2821 4891 Christianus,
2859 4824 2921 4901 et
2940 4820 3365 4901 omnibusiest
3390 4813 3598 4901 such

315 4891 475 4970 rior,
508 4897 679 4957 omni
715 4897 903 4976 plaga
929 4891 1806 4976 fortier:_Sit_enim_quisque
1841 4895 2146 4976 spiritalis
2174 4895 2301 4976 vir,
2340 4902 2405 4976 ei
2436 4902 2782 4976 occurrant
2822 4897 2880 4958 ei
2924 4899 3099 4958 mille
3139 4900 3312 4962 mala
3334 4946 3351 4976 ,
3398 4891 3596 4963 nullo

316 4977 503 5037 modo
536 4970 849 5059 vincitur:
859 4975 937 5033 Et
957 4971 1110 5049 quid
1135 4971 1323 5032 dico?
1348 4970 1583 5059 incidat
1738 4970 2102 5059 pauperies,
2140 4973 2450 5059 aegritudo
2473 5018 2488 5045 ,
2521 4974 2798 5059 injuria),
2834 4976 3288 5059 detractiones,
3326 4970 3597 5059 vitupe-

323 5059 631 5127 retinnes,
665 5054 866 5131 plaga:
890 5096 907 5122 ,
938 5048 1127 5111 omne
1154 5067 1356 5125 genus
1387 5048 1889 5126 deprecationis,
1926 5058 1987 5113 et
2018 5048 2561 5129 imprOperiorum
2586 5048 2647 5112 et
2672 5054 3056 5128 injuriarum
3086 5076 3100 5113 :
3135 5057 3246 5116 sed
3272 5048 3497 5119 veluti
3543 5065 3596 5122 si

317 5148 504 5204 extra
534 5130 843 5203 mundum
876 5139 1067 5203 fuerit
1096 5139 1516 5210 constitutus,
1550 5138 1613 5197 et
1643 5132 1836 5196 veluti
1868 5133 1984 5195 sia
2010 5130 2421 5211 passionibus
2455 5133 2745 5211 corporis
2773 5132 2940 5195 liber
2961 5137 3267 5208 exsistat,
3299 5138 3394 5200 sic
3422 5156 3600 5201 cun-

316 5230 419 5285 cta
454 5222 564 5284 illa
588 5222 743 5281 risui
775 5220 1053 5282 habebit.
1084 5220 1164 5278 Et
1188 5218 1344 5296 quia
1373 5233 1502 5278 non
1532 5215 1665 5275 haec
1694 5210 2521 5296 verbisampiiﬂc‘arevolo,
2553 5210 2789 5296 multos
2820 5214 3017 5274 etiam
3048 5233 3223 5296 nunc
3255 5218 3415 5280 tales
3441 5221 3602 5277 exi—

318 5302 511 5362 stimo
540 5319 555 5359 :
590 5300 755 5361 sicut
778 5299 823 5359 ii
853 5299 964 5376 qui
993 5316 1061 5359 se
1087 5297 1168 5359 ad
1197 5288 1947 5376 éremumcontulerunt.
1991 5289 2109 5376 Sed
2133 5288 2308 5376 nihil
2339 5289 2460 5376 hec
2491 5290 2724 5376 mirum
2752 5311 2766 5350 :
2803 5308 2953 5353 nam
2974 5294 3174 5376 etiam
3201 5295 3267 5353 in
3298 5298 3604 5357 civitati-

320 5383 440 5441 bus
470 5380 670 5442 latere
698 5379 856 5441 tales
874 5368 1208 5439 existimo.
1238 5374 1419 5451 Quod
1450 5374 1503 5434 si
1534 5372 1700 5444 volo,
1741 5387 2003 5453 possum
2037 5368 2404 5453 hujusmodi
2427 5370 2737 5453 antiquos
2767 5371 3107 5453 ostendere
3135 5392 3149 5431 :
3176 5380 3346 5453 etut
3372 5391 3605 5453 agno-

318 5477 485 5531 scas,
521 5457 806 5537 intellige
842 5457 1154 5537 Paulum:
1184 5448 1335 5534 quid
1374 5454 1481 5537 ille
1531 5468 1659 5537 non
1684 5449 1855 5537 _mali
1897 5465 2135 5537 passus
2154 5448 2293 5506 est?
2330 5448 2484 5537 quid
2505 5465 2643 5537 non
2690 5449 3040 5537 sustinuit?
3082 5448 3603 5537 omniafoftiier

321 5526 659 5599 tolerabat.
689 5526 877 5597 Hvunc
903 5526 1251 5605 imitemur,
1283 5538 1347 5594 et
1375 5534 1467 5594 sic
1494 5529 1846 5609 poterimus
1887 5526 1964 5587 ad
1997 5530 2222 5609 portus
2252 5526 2470 5587 venire
2500 5527 2912 5609 tranquillos,
2948 5529 3130 5609 luera
3154 5532 3439 5592 maxima
3471 5532 3604 5593 de.

322 5617 619 5675 ferentes.
653 5614 1085 5676 Extendamus
1114 5604 1311 5692 igitur
1342 5604 1640 5692 nostram
1671 5611 1946 5692 mentem
1968 5650 1982 5677 ,
2023 5609 2085 5692 et
2111 5604 2447 5692 _elevemus
2478 5605 2558 5665 ad
2600 5606 2945 5692 caalum,_et
2972 5607 3086 5667 illo
3113 5625 3338 5692 amore
3362 5616 3602 5692 tenea—

320 5710 493 5775 mur,
521 5697 583 5751 ct
618 5694 748 5769 igni
789 5693 1061 5775 spiritali
1096 5683 1593 5775 magnanimiter
1627 5687 2003 5775 induamur.‘
2026 5683 2356 5775 Salvemus
2391 5685 2819 5775 nesmetipsos
2851 5683 3600 5775 ﬂammarum__in_cendio

322 5761 683 5830 divinarum
712 5790 726 5829 :
758 5761 973 5832 nullus
999 5771 1073 5831 iis
1103 5761 1371 5832 ﬂammis
1429 5768 1889 5841 circumseptus
1921 5762 2193 5840 alicujus
2226 5761 2521 5824 formidat
2566 5763 2893 5837 incursus,
2924 5764 3059 5830 sive
3109 5765 3297 5828 fuerit
3348 5766 3554 5827 homo
3577 5812 3595 5841 ,
