3954 6172
378 436 492 501 ϐὅρ.
1817 438 1939 494 MOI‘

2046 440 2158 495 ΗΜ.
3502 446 3607 503 456

376 552 508 610 sive
537 548 770 635 bestia,
802 551 937 635 sive
973 552 1148 635 mille
1189 552 1567 635 muscipula)
1591 555 1926 635 aquandiu
1964 555 2134 635 enim
2168 554 2448 635 quisque
2498 554 2737 635 ignitus
2768 554 3040 626 incedit,
3078 555 3288 635 omnia
3323 568 3603 635 superat,

380 632 585 714 omnia
626 628 906 714 excedit,
939 631 1151 714 omnia
1184 626 1560 714 contemnit.
1595 626 1871 714 Elamma
1906 634 2147 710 quippe
2186 626 2643 714 insuperabilis
2691 649 2805 693 res
2828 640 2943 714 est,
2981 626 3478 714 et-ijmportabile
3513 626 3609 695 est

378 704 623 788 cunctis
658 704 850 788 rebus
887 707 1260 788 incendium
1291 731 1305 766 :
1340 708 1506 788 ignis
1536 710 1780 788 quippe
1813 704 2039 771 cuncta
2074 704 2420 788 consumit.
2452 712 2589 771 Hoc
2620 710 2834 788 itaque
2863 709 3009 787 igne
3045 704 3612 788 cire'ttmsepiamur

376 782 701 872 exhortor,
734 782 1007 872 gloriam
1043 782 1393 872 oﬂ‘erentes
1414 782 1944 850 Domino'nostro
1975 789 2128 848 Jesu
2176 787 2450 872 Christo,
2485 805 2629 872 cum
2663 782 2789 865 quo
2830 782 3020 872 Patri,
3058 804 3185 872 una
3216 782 3613 851 eum'sancto

378 860 646 938 Spiritu,
688 860 915 939 gloria,
947 862 1319 942 imperium,
1353 862 1577 937 honer,
1613 882 1783 927 nunc
1813 872 1875 927 et
1905 883 2187 943 semper,
2220 872 2283 926 et
2314 866 2381 926 in
2415 865 2646 928 suaeula
2678 860 3083 927 saeculorum.
3132 867 3360 929 Amen.

1168 1146 1194 1174 .
1706 1229 2281 1321 MONITUM

938 1447 1022 1510 IN
1081 1446 1438 1511 UNDECIM
1503 1446 1567 1509 S.
1630 1447 1967 1511 JOANNIS
2028 1448 2599 1512 CHRYSOSTOMI
2658 1450 3061 1516 HOMILIAS

1342 1629 1531 1688 NUNC
1568 1627 1841 1686 PRIMUM
1884 1628 1937 1684 Ε
1966 1631 2315 1687 TENEBBIS
2349 1630 2651 1687 ERUTAS.

456 1800 532 1856 Eu
599 1802 716 1868 tibi,
772 1803 965 1861 Lector
1000 1809 1227 1874 erudite,
1286 1824 1499 1874 novam,
1534 1808 1788 1879 amplam,
1844 1809 2177 1878 omninoque
2222 1808 2551 1880 singularem
2592 1807 2934 1863 bomiliarum
2992 1808 3367 1880 Chrysostomi
3424 1827 3617 1869 acces-

385 1894 588 1949 sionem
629 1897 970 1965 proferimus,
1005 1916 1125 1970 qua:
1157 1903 1296 1957 baud
1322 1904 1391 1956 ita
1424 1905 1629 1971 pridem
1659 1917 1725 1956 ex
1756 1910 1937 1956 monte
1990 1902 2152 1968 Atho,
2190 1910 2249 1956 ut
2312 1901 2554 1971 quidam,
2598 1899 2680 1955 vel
2716 1914 2782 1954 ex
2817 1899 2985 1953 insula
3038 1899 3245 1965 Patmo,
3305 1910 3364 1955 ut
3413 1902 3502 1956 alii
3537 1902 3619 1955 di-

385 1993 530 2048 cunt,
568 1987 620 2040 iu
652 1986 1038 2045 Bibliotltecant
1076 1991 1387 2047 Vaticanum
1416 1993 1618 2061 allatae,
1652 2006 1683 2045 a
1711 1991 1986 2046 sodalibus
2032 1992 2253 2055 nostris,
2306 1991 2399 2061 qui
2459 1999 2571 2063 tum
2615 1988 2797 2045 Romae
2850 1989 3295 2057 Congregationis
3352 1989 3411 2044 S.
3447 1991 3616 2045 Mauri

384 2081 609 2147 negotiis
640 2082 1028 2151 advigilabant,
1060 2102 1088 2137 a
1126 2082 1313 2140 Graeco
1340 2085 1652 2139 atnattueusi
1686 2084 1992 2152 exscripta,
2040 2084 2373 2138 transmissa:
2412 2082 2543 2137 mihi
2595 2081 2776 2145 fuere;
2819 2081 3072 2133 nimirum
3112 2096 3142 2134 a
3174 2081 3232 2133 ι).
3267 2080 3429 2136 Petro
3497 2083 3613 2137 Ma~

385 2171 509 2234 luet,
555 2172 645 2242 qui
692 2181 816 2227 tunc
846 2176 1212 2241 procuratoris
1233 2176 1499 2241 generalis
1525 2175 1700 2229 ollicio
1728 2173 2066 2243 fungebatur,
2099 2185 2154 2229 et
2178 2176 2289 2244 jam
2326 2176 2379 2228 in
2411 2178 2738 2232 monasterio
2780 2178 2838 2234 S.
2884 2178 3138 2236 Germani
3173 2197 3204 2234 a
3231 2181 3407 2237 Pratis
3451 2181 3605 2237 Prior

379 2275 497 2330 est;
546 2276 600 2321 et
636 2281 666 2319 a
698 2267 757 2320 Ι).
787 2264 1018 2334 Josepho
1045 2266 1226 2333 Avril,
1257 2268 1374 2337 ejus
1402 2268 1575 2333 socio,
1600 2267 1712 2337 jam
1765 2269 1817 2321 itt
1870 2266 2197 2323 monasterio
2224 2267 2560 2338 ‘Corbeiensi
2608 2269 2817 2339 Priore,
2869 2272 2960 2344 qui
2990 2276 3149 2329 ambo
3195 2289 3431 2344 semper,
3485 2276 3609 2331 dum

380 2359 562 2413 nuntiat
588 2367 790 2424 essent,
825 2359 1096 2414 assiduam
1127 2359 1256 2413 mihi
1297 2361 1604 2428 prtestitere
1627 2373 1871 2427 operam.

398 2494 409 2499 -
442 2453 702 2523 Quodque
749 2467 969 2523 prorsus
1031 2467 1228 2506 novum
1281 2453 1659 2522 insolitumque
1699 2462 1809 2517 est,
1842 2460 2006 2521 atque
2033 2451 2276 2507 utilitatis
2310 2454 2535 2508 multum
2578 2452 2751 2521 affert,
2780 2456 2862 2511 Ita:
2897 2456 3130 2513 homilize
3161 2459 3443 2529 descriptae
3467 2460 3617 2516 fuere

376 2562 405 2599 a
433 2548 692 2615 quodam,
720 2545 811 2614 qui
842 2545 901 2599 S.
934 2543 1183 2599 Doctoris
1214 2543 1367 2599 lateri
1401 2543 1634 2600 haesisse
1652 2544 1885 2609 videtur,
1941 2542 2143 2613 quique
2181 2544 2233 2598 in
2299 2545 2643 2601 ltomiliarum
2679 2547 2848 2602 titulis
2883 2547 2998 2603 loca
3036 2550 3200 2605 refert
3248 2551 3333 2606 ubi
3375 2552 3611 2607 homilite

380 2640 576 2695 habita:
607 2649 757 2702 sunt,
788 2646 844 2695 et
870 2652 1013 2706 saepe
1053 2651 1272 2692 causam
1308 2651 1408 2692 cur
1437 2638 1790 2693 concinnatus
1828 2636 1901 2692 sit
1936 2636 2159 2703 indicat,
2188 2651 2252 2694 ac
2284 2653 2388 2694 non
2437 2654 2612 2709 pauca
2650 2640 2714 2694 ad
2759 2641 3039 2696 historiam
3072 2644 3394 2712 pertinentia
3442 2645 3611 2698 admi-

374 2739 510 2785 scet.
547 2729 1033 2800 Certissimumque
1070 2740 1156 2786 est
1188 2730 1307 2786 illas
1337 2728 1808 2803 Constantinopoli
1831 2732 2045 2787 habitas
2072 2730 2257 2799 fuisse,
2295 2748 2590 2804 omnesque
2616 2736 2773 2790 annis
2801 2737 2996 2793 598m
3022 2737 3150 2794 399;
3202 2739 3283 2792 An
3319 2753 3446 2792 vero
3474 2753 3615 2793 cou-

377 2829 613 2882 tinet-ter
642 2835 696 2881 et
717 2825 810 2880 illo
836 2839 943 2894 quo
970 2825 1165 2880 habita:
1199 2825 1347 2880 fuere
1381 2824 1571 2880 ordine
1604 2824 1693 2880 hic
1744 2826 2066 2893 referantur,
2100 2827 2165 2881 de
2205 2826 2388 2883 multis
2442 2827 2710 2897 liquidum
2763 2839 2865 2894 est,
2921 2832 2987 2885 de
3016 2831 3275 2887 omnibus
3327 2830 3607 2886 aftirmare

374 2938 478 2979 non
510 2919 707 2982 ausim,
741 2928 1028 2988 tamenque
1054 2917 1353 2975 verisimile
1379 2927 1462 2973 est
1492 2933 1682 2974 omnes
1717 2919 1827 2985 illo,
1856 2935 1963 2988 quo
1997 2921 2085 2976 hic
2110 2928 2406 2989 ponuntur,
2434 2922 2624 2978 ordine
2657 2922 2830 2979 dictas
2865 2923 3053 2980 fuisse.

441 3037 484 3089 Ι.
521 3036 699 3090 Prima
733 3033 786 3088 in
817 3034 1100 3104 mai-tyrio,
1131 3048 1226 3088 seu
1256 3034 1309 3088 in
1363 3032 1592 3089 ecclesia
1660 3034 1985 3105 Martyrum,
2014 3020 2137 3103 quae
2168 3035 2221 3088 iu
2253 3035 2486 3104 Antiqua
2515 3036 2701 3103 Petra,
2733 3040 2791 3093 ὲν
2822 3038 3036 3109 Halat;
3073 3040 3295 3110 Hérpqt,
3318 3039 3421 3092 sita
3468 3045 3606 3099 erat,

372 3129 512 3184 dicta
544 3130 664 3184 fuit.
720 3127 950 3195 Quinam
985 3127 1074 3181 hic
1101 3126 1249 3182 locus
1289 3137 1437 3182 esset
1472 3127 1614 3196 apud
1668 3142 1847 3181 rerum
1880 3125 2607 3196 Cottstantitmpolitanarum
2636 3131 3189 3200 scriptoresnoudum
3219 3130 3419 3198 reperi.
3453 3126 3613 3182 Tem-

372 3235 469 3287 pus
494 3229 672 3275 autem
706 3220 948 3286 assignat
978 3216 1416 3288 Chrysostomus,
1448 3234 1569 3272 eum
1628 3219 1790 3288 paulo
1818 3229 1940 3289 post
1966 3220 2174 3278 initium
2215 3220 2344 3277 dicit
2384 3221 2625 3275 habitam
2665 3224 2939 3278 homiliam
2982 3224 3149 3279 fuisse
3198 3238 3320 3278 cum
3376 3221 3613 3275 nondum

372 3313 584 3381 triginta
613 3311 730 3366 dies
758 3309 1095 3366 etlluxissent
1125 3311 1194 3364 ab
1219 3309 1419 3378 ingenti
1453 3308 1543 3362 illo
1572 3317 1733 3364 terra:
1765 3319 1933 3374 ntotu,
1966 3311 2059 3380 qui
2090 3319 2255 3364 totam
2292 3311 2478 3365 urbem
2512 3322 2865 3368 concusserat
2891 3332 2905 3368 :
2944 3313 3014 3368 ita
3042 3324 3099 3368 ttt
3129 3313 3345 3382 plurimi
3384 3326 3449 3366 ex
3476 3325 3613 3378 opu-

375 3404 715 3469 lentioribus,
745 3403 902 3458 bonis
932 3403 1205 3466 omuibus,
1238 3400 1672 3470 possessionibus
1704 3412 1758 3454 et
1786 3402 1961 3470 patria
1995 3402 2219 3466 relictis,
2257 3412 2410 3456 extra
2444 3402 2761 3471 patriamet
2795 3412 2944 3458 extra
2988 3402 3120 3459 lines
3162 3418 3273 3473 prae
3324 3401 3611 3456 formidine

378 3495 705 3565 aufugerim,
735 3493 934 3565 aliique
967 3494 1105 3548 bona
1134 3494 1345 3549 illorum
1379 3492 1695 3549 invaserint.
1726 3492 1944 3549 Certum
1982 3503 2163 3548 autem
2199 3492 2412 3547 videtur
2456 3502 2613 3548 terra!
2646 3505 2848 3550 motum
2879 3495 3028 3549 illum
3060 3511 3123 3549 ex
3152 3510 3379 3549 numero
3422 3507 3607 3547 eorum

373 3588 557 3652 fuisse,
587 3604 723 3659 quos
741 3588 1068 3644 Claudianus
1095 3588 1557 3659 Constantinopoli
1590 3589 1851 3642 accidisse
1882 3599 2147 3645 memorat
2175 3587 2486 3660 (Claudian.
2515 3587 2606 3641 lib.
2634 3588 2670 3642 2
2703 3588 2759 3642 in
2795 3587 3131 3657 Eutropium,
3164 3602 3209 3639 υ.
3234 3585 3307 3637 24
3332 3585 3469 3654 sqq.)
3491 3592 3616 3637 ante

371 3680 713 3734 consulatum
750 3680 1016 3749 Eulropii,
1052 3693 1195 3734 anno
1230 3679 1478 3736 videlicet
1526 3679 1659 3738 598.
1692 3678 1896 3737 Omnes
1947 3681 2144 3751 quippe
2180 3680 2428 3736 homilias
2463 3680 2595 3736 istas
2637 3680 2720 3734 vel
2767 3688 2892 3734 ante
2941 3676 3277 3733 consulatum
3340 3676 3614 3744 Eutropii,

374 3771 457 3824 vel
487 3772 605 3841 ipso
638 3772 879 3838 consule,
911 3773 1007 3828 sed
1029 3781 1155 3827 ante
1186 3770 1364 3841 fugam
1396 3771 1704 3841 caedemque
1733 3772 1895 3839 illius,
1925 3787 2044 3842 quae
2080 3787 2264 3828 mense
2294 3774 2531 3829 circiter
2563 3774 2803 3841 Augusto
2834 3770 2961 3825 antti
2988 3769 3092 3825 399
3122 3768 3342 3834 accidit,
3403 3767 3615 3829 habitas

380 3860 547 3915 fuisse
569 3873 780 3917 certum
813 3872 915 3916 est.

441 3954 836 4020 Tillemontius,
873 3954 973 4027 qui
1004 3954 1253 4011 ltomilias
1283 3954 1450 4010 hasce
1483 3970 1587 4011 non
1619 3956 1848 4020 viderat,
1880 3964 2031 4026 putat
2057 3955 2337 4012 homiliam
2377 3956 2520 4012 illam
2557 3956 2621 4011 de
2652 3965 2809 4010 terra;
2838 3964 3008 4020 motu,
3066 3967 3228 4022 quam
3260 3950 3638 4012 Combeﬁsius.

373 4045 760 4116 publicaverat,
812 4055 867 4102 et
927 4062 1087 4116 quam
1141 4061 1210 4102 ex
1276 4046 1755 4103 Yaticanocodice
1802 4048 2141 4103 emendatam
2181 4048 2424 4104 dedimus
2483 4046 2694 4112 tout.2,
2729 4062 2781 4116 p.
2813 4046 2963 4103 717‘;
3036 4044 3612 4113 homillam,iuqn_am,

374 4138 523 4192 illant
565 4139 804 4193 habitam
841 4137 1008 4199 fuisse
1037 4140 1158 4207 post
1193 4151 1350 4193 terrae
1380 4147 1608 4205 motum,
1647 4139 1738 4208 qui
1777 4154 1920 4193 anno
1953 4140 2083 4204 598,
2117 4150 2400 4210 postquam
2425 4139 2845 4208 Chrysostomus
2876 4136 3166 4205 episcopus
3187 4134 3469 4189 ordinatus
3495 4134 3611 4188 fue-

375 4241 473 4289 rat.
509 4231 724 4285 accidit.
773 4231 985 4286 Aleum
1027 4231 1113 4285 ille
1153 4242 1307 4286 terrae
1345 4241 1520 4284 motus
1554 4231 1771 4294 accidit,
1814 4229 2235 4303 Chrysostomus
2267 4233 2454 4285 morbo
2474 4230 2933 4292 detiucoatur,.ut
2965 4228 3078 4296 ipse
3115 4228 3165 4280 iu
3190 4226 3424 4282 homilia:
3464 4229 3618 4296 priu-

372 4324 515 4393 cipio
543 4323 706 4379 dicit:
744 4336 917 4393 neque
961 4324 1167 4391 uspiam
1206 4323 1432 4390 legimus
1493 4324 1937 4395 Chrysostomum
2000 4327 2176 4395 primo
2208 4325 2289 4379 vel
2325 4327 2566 4381 secundo
2599 4323 2942 4392 episcopatus
2974 4323 3057 4376 sul
3115 4335 3280 4388 anno,
3312 4322 3395 4376 vel
3428 4319 3645 4380 morbo.

372 4416 452 4469 vel
482 4415 795 4469 infirmitate
825 4415 1075 4484 quapiam
1107 4422 1412 4483 correptum
1440 4414 1637 4482 fuisse;
1674 4430 1846 4485 neque
1875 4416 1926 4469 in
1983 4418 2083 4471 hac
2146 4418 2319 4487 prima
2381 4415 2797 4484 hetuilia,,quat
2851 4422 2973 4483 post
3027 4422 3185 4471 terrae
3227 4422 3428 4467 motum
3469 4411 3616 4465 illum

373 4507 495 4561 anui
520 4505 836 4561 3982|tabita
868 4515 975 4570 est,
1008 4507 1074 4561 de
1101 4506 1416 4561 infirmitate
1446 4523 1542 4562 sua
1579 4508 1856 4578 quidpiam
1900 4508 2159 4578 loquitur.
2216 4510 2294 4563 Ad
2325 4510 2443 4564 hace
2470 4508 2698 4579 populus
2719 4509 2810 4578 qui
2837 4510 2962 4563 huic
3017 4509 3207 4578 prima:
3238 4507 3483 4563 concioui
3517 4506 3611 4557 ad-

374 4596 471 4651 fuit
504 4597 588 4651 vel
621 4598 813 4651 adesse
839 4596 1044 4661 debuit,
1071 4595 1141 4651 ob
1167 4596 1542 4666 negligentiam
1579 4606 1633 4651 et
1668 4598 1931 4668 ignaviam
1970 4600 2234 4653 acerrime
2276 4600 2545 4669 carpitur;
2578 4610 2767 4654 contra
2808 4614 2935 4653 vero
2966 4599 3017 4651 in
3055 4600 3142 4651 illa
3200 4599 3302 4651 alia
3352 4599 3417 4651 de
3461 4605 3618 4649 terra:

373 4698 518 4741 metu
552 4687 770 4742 bomilia
799 4686 1026 4755 populus
1054 4688 1123 4741 ob
1154 4689 1389 4741 Studium
1424 4698 1478 4740 et
1514 4687 1781 4741 fervorem
1822 4690 2333 4744 summislaudibus
2376 4689 2703 4755 celebratur,
2738 4704 2896 4758 quem
2928 4688 3322 4743 Antiochenum
3359 4684 3613 4752 populum

373 4794 492 4834 esse
516 4789 669 4848 puto.
692 4779 976 4833 Antiochia
1010 4779 1176 4841 enim,
1208 4786 1265 4832 ttt
1292 4779 1524 4833 diximus
1549 4788 1601 4832 et
1631 4779 1980 4847 probavimus
2011 4781 2063 4835 in
2098 4780 2298 4835 Monito
2324 4781 2393 4835 ad
2433 4780 2722 4835 Homiliam
2747 4781 2813 4834 de
2838 4778 3046 4833 Lazaro
3081 4787 3133 4832 et
3163 4777 3230 4831 de
3256 4775 3437 4829 Terrae
3473 4784 3614 4825 metu

376 4881 505 4928 tum.
562 4873 604 4938 l,
633 4888 684 4942 p.
721 4871 844 4934 772,
879 4870 1328 4940 frequentissimis
1359 4880 1516 4925 terrre
1550 4872 1786 4927 metilius
1830 4873 2155 4940 agitabatur.
2194 4873 2391 4929 Verum
2423 4875 2572 4929 addit
2604 4873 3002 4937 Tillemoutius,
3035 4872 3086 4924 in
3124 4869 3344 4925 humilia
3388 4869 3473 4920 illa
3511 4867 3616 4919 fre-

372 4967 726 5033 quentissime
749 4966 813 5018 de
842 4965 1043 5019 litaniis
1079 4967 1185 5034 agi,
1221 4980 1339 5033 quae
1367 4964 1670 5018 litanimah
1705 4965 1822 5033 ipso
1850 4965 2269 5035 Chrysostomo,
2295 4966 2456 5032 paulo
2480 4977 2764 5036 postquam
2791 4965 3076 5034 episcopus
3103 4961 3385 5015 ordinatus
3408 4959 3606 5019 fuerat,

373 5059 608 5131 primum
641 5059 901 5113 instituta:
934 5057 1104 5112 fuere.
1181 5057 1248 5109 At
1278 5058 1410 5111 nihil
1444 5057 1513 5112 de
1543 5057 1748 5111 litaniis
1788 5058 1898 5112 illic
1928 5059 2125 5127 agitur,
2159 5059 2249 5112 sed
2283 5060 2349 5113 de
2389 5059 2903 5125 cantu-psalmorum
2928 5067 2983 5110 et
3016 5056 3360 5125 hymnorum,
3401 5065 3534 5118 quos
3562 5050 3613 5103 iu

377 5164 615 5216 tempore
647 5150 1011 5204 calamitatum
1055 5150 1321 5203 canebant
1346 5148 1633 5203 Christiani
1671 5150 1737 5202 ad
1768 5150 2054 5203 ecclesiam
2087 5150 2380 5217 venientes,
2418 5152 2509 5204 diu
2551 5162 2839 5218 antequam
2890 5147 3303 5217 Chrysostomus
3332 5144 3614 5210 episcopus

375 5244 736 5297 ordinaretur.
774 5240 883 5297 Hac
927 5242 992 5296 de
1019 5255 1077 5294 re
1099 5242 1209 5310 jam
1239 5249 1418 5293 actuut
1453 5250 1535 5294 est
1571 5241 1622 5292 in
1655 5240 1774 5296 Vita
1810 5241 2201 5312 Chrysostomi.

449 5358 513 5414 11.
557 5357 809 5413 Secunda
838 5355 1057 5410 ltomilia
1107 5354 1475 5428 celebritatem
1507 5354 1662 5408 nobis
1699 5353 2024 5423 singularem
2064 5354 2285 5409 iudicat.
2363 5354 2496 5409 Cum
2552 5363 2848 5423 martyrum
2905 5348 3141 5417 reliquiae
3202 5345 3425 5403 solemni
3495 5344 3634 5397 ritu.

379 5448 802 5503 transferrentur
828 5460 893 5500 ex
925 5444 1115 5513 Magna
1148 5443 1383 5497 Ecclesia
1415 5443 1480 5495 ad
1515 5445 1830 5512 martyrium
1870 5459 1963 5497 seu
2002 5445 2289 5498 ecclesiam
2328 5445 2387 5498 S.
2419 5444 2639 5497 'l‘hontze
2662 5441 2886 5511 apostoli
2925 5449 2978 5493 et
3012 5439 3288 5505 martyris,
3321 5437 3371 5488 in
3408 5435 3600 5504 Drypia

380 5542 538 5594 sitam
568 5550 625 5595 et
659 5554 849 5595 novem
888 5539 1208 5593 ntilliaribus
1237 5554 1266 5590 a
1302 5537 1490 5607 Magna
1524 5538 1761 5591 Ecclesia
1799 5539 2109 5600 distantem,
2163 5540 2351 5607 ingens
2387 5540 2562 5606 populi
2598 5535 2897 5605 frequentia
2933 5533 3072 5597 fuit;
3135 5533 3239 5582 imo
3282 5529 3607 5594 lmperatrix

380 5633 490 5701 ipsa
525 5632 766 5687 Ettdoxia
800 5632 1012 5686 Arcadii
1053 5648 1205 5690 uxor,
1243 5640 1399 5684 nocte
1435 5641 1485 5684 et
1513 5630 1599 5683 dte
1631 5645 1726 5697 per
1761 5640 1967 5683 tantum
2004 5632 2100 5683 vim
2127 5632 2357 5699 spatium
2389 5647 2552 5701 prope
2582 5631 2680 5684 SS.
2718 5639 3013 5697 martyrum
3069 5627 3278 5678 thecam
3328 5625 3491 5691 pedes
3526 5624 3607 5677 in-

385 5726 561 5778 cessit.
643 5726 983 5791 Quapropter
1012 5723 1098 5775 ttbi
1133 5724 1195 5775 ad
1230 5723 1545 5791 martyrium
1583 5730 1899 5790 perventum
1932 5733 2035 5786 ρει,
2069 5723 2493 5788 Cltrysustoutus
2523 5723 2833 5778 concionem
2873 5718 3077 5779 habuit,
3116 5717 3201 5770 ubi
3236 5716 3602 5771 celebritatem

395 5816 537 5869 illam
567 5817 872 5874 descripsit.
907 5826 959 5871 ct
992 5816 1388 5885 luq‘tcralricmtt
1420 5816 1643 5870 summis
1674 5816 1919 5870 laudibus
1955 5817 2163 5871 extulit.
