3954 6172
306 347 332 399 ι
342 347 412 402 51
1759 349 1867 404 ΜΟᾹ

1990 351 2019 404 U
2031 351 2100 410 Mi.
3447 348 3551 405 458

389 455 479 512 lll.
516 455 834 529 lnsequente
863 457 947 514 die
979 456 1274 528 Imperator
1307 460 1372 512 ad
1419 458 1558 514 idem
1592 462 1910 534 martyrium
1967 476 2060 516 seu
2095 460 2378 518 ecclesiam
2442 462 2589 519 venit
2631 478 2754 519 cum
2811 464 3066 521 satellitio
3121 471 3174 518 et
3213 469 3541 517 armatorum

319 563 506 613 manu,
537 556 700 619 atque
726 550 972 619 deposito
1004 550 1326 616 diademate,
1379 551 1634 621 reliquias
1669 553 1850 608 debito
1880 553 2025 608 cultu
2076 560 2396 623 prosecutus
2451 563 2535 610 est
2569 572 2586 612 :
2622 557 2696 611 illi
2727 572 2942 628 quoque
2972 555 3162 626 positis
3189 554 3355 609 armis
3401 554 3553 622 paria

317 637 722 707 praestiterunt:
771 651 834 693 ac
862 654 966 693 non
1000 649 1312 709 exspectata
1346 642 1632 708 concione,
1666 644 1964 715 Imperator
1997 660 2118 698 cum
2145 645 2256 698 suis
2287 646 2531 701 recessit.
2587 647 2849 717 Tuncque
2894 647 3244 702 concionatus
3311 645 3547 714 Chryso-

319 739 528 783 stomus
557 737 658 794 est,
688 729 1040 800 pluribusque
1070 733 1317 801 probavit
1345 743 1462 803 post
1489 736 1616 789 Adae
1651 746 1929 804 peccatum
1955 737 2198 792 homines
2235 737 2301 792 ad
2339 737 2780 796 excellentiorem
2816 749 3016 794 statum
3048 747 3303 794 venturos
3327 751 3468 801 esse,
3501 735 3545 790 si

319 825 469 872 recte
499 819 665 874 vitam
692 821 1496 888 instituant;resurrectionem
1547 833 1725 880 tamen
1777 826 2009 881 futuram
2060 826 2289 883 obscure
2331 829 2530 898 priscis
2579 828 2684 884 illis
2747 831 3081 897 temporibus
3139 828 3556 898 prmnnntiatam.

319 907 487 965 fuisse
518 911 667 968 dicit.

391 1023 480 1079 IV.
513 1024 714 1092 Quarta
745 1030 964 1085 homilia
1006 1031 1057 1085 in
1090 1032 1287 1100 templo
1317 1032 1373 1086 S.
1413 1033 1715 1088 Anastasiae
1747 1034 1928 1089 habita
1968 1034 2101 1090 fuit:
2139 1037 2294 1106 pauci
2349 1037 2497 1090 fuere
2532 1035 2838 1101 auditores;
2873 1043 3165 1104 tamenque
3217 1032 3554 1102 Chrysoston

321 1126 440 1166 mus
471 1114 537 1169 de
565 1114 682 1171 Jobi
715 1121 976 1188 patientia
1005 1130 1058 1176 et
1088 1123 1284 1178 virtute
1314 1124 1524 1195 longam
1557 1134 1609 1179 et
1639 1125 1937 1194 elegantem
1971 1127 2158 1183 habuit
2179 1129 2485 1184 orationem
2517 1128 2618 1199 (α).

391 1221 455 1275 ν.
509 1224 744 1282 llomilia
783 1230 968 1298 quinta
1012 1231 1062 1284 in
1109 1231 1303 1300 templo
1334 1232 1392 1286 S.
1430 1234 1613 1288 lrenes
1649 1233 1830 1288 habita
1871 1243 1974 1290 est.
2038 1234 2096 1290 ln
2136 1251 2218 1309 ea
2246 1236 2668 1305 Chrysostomus
2699 1236 2764 1290 de
2801 1234 3120 1291 absentibus
3177 1236 3558 1304 conqueritur,

321 1327 374 1370 et
400 1320 756 1386 praesentibus
794 1323 1132 1390 gratulatur;
1157 1323 1222 1379 de
1253 1323 1585 1393 psalmorum
1617 1335 1780 1380 cantu
1817 1327 1950 1397 agit,
2006 1328 2306 1399 probatque
2340 1329 2662 1384 muliebrem
2693 1340 2883 1384 sexum
2940 1327 3388 1397 impedimentum
3447 1342 3551 1381 non

323 1421 446 1462 esse
472 1408 540 1463 ad
567 1409 782 1465 virtutis
814 1413 1154 1466 exercitium.

401 1523 484 1582 Vl.
516 1526 748 1584 Homilia
777 1540 926 1585 sexta
958 1530 1140 1585 habita
1169 1543 1252 1586 est
1279 1531 1330 1586 in
1366 1533 1596 1589 ecclesia
1628 1534 1950 1592 Sanctorum
1986 1537 2365 1606 Apostolorum
2396 1537 2450 1592 in
2487 1538 2574 1592 die
2601 1536 2890 1591 Theodosii
2935 1532 3306 1604 imperatoris,
3369 1540 3560 1586 contra

323 1628 422 1671 eos
447 1619 539 1687 qui
570 1632 630 1673 se
661 1619 926 1676 Catharos
951 1621 1064 1676 sive
1092 1620 1266 1678 Puros
1297 1624 1582 1680 vocabant.
1621 1625 2062 1697 Chrysostomus,
2093 1639 2374 1700 postquam
2411 1631 2517 1684 duo
2563 1629 2654 1683 alii
2690 1628 2929 1698 episcopi
2962 1625 3270 1683 concionati
3326 1622 3573 1690 fuerant,

326 1707 467 1760 hanc
496 1708 633 1763 dixit
663 1709 960 1766 homiliam.
2586 1711 2593 1716 I

394 1795 581 1855 Primo
607 1800 804 1857 ambos.
835 1803 1120 1873 episcenos
1155 1803 1357 1870 laudat,
1399 1820 1631 1875 quorum
1664 1807 1799 1863 alter
1838 1808 2043 1876 junior,
2107 1810 2303 1880 inquit,
2358 1812 2507 1866 senis
2539 1801 2886 1880 gravitatem,
2942 1809 3078 1863 alter
3110 1792 3296 1873 senex,
3327 1806 3576 1876 junioris

323 1888 561 1958 vigorem
591 1906 703 1961 pra:
729 1906 790 1947 se
825 1893 1053 1950 ferebat.
1088 1894 1292 1956 Deinde
1322 1897 1686 1954 Theodosium
1720 1898 1972 1968 Magnum
2006 1901 2252 1956 laudibus
2284 1900 2461 1965 eﬂ‘ert,
2495 1902 2649 1968 cujus
2681 1901 2796 1955 dies
2838 1909 2964 1954 tunc
2999 1901 3408 1966 celebrabatur;
3451 1899 3577 1957 dies,

323 1997 518 2054 nempe
545 1991 607 2040 ut
631 1985 925 2042 verisimile
947 1996 1031 2042 est
1059 1991 1251 2042 mortis
1279 1988 1416 2054 eius,
1450 1992 1538 2058 qui
1573 1990 1822 2046 Januarii
1859 1991 2070 2046 decimo
2100 1994 2333 2061 septimo
2376 1992 2463 2047 die
2495 1993 2743 2061 contigit.
2804 1992 2955 2048 Unde
2983 1992 3231 2062 arguitur
3292 1993 3433 2046 hanc
3463 1989 3570 2044 ho-

326 2074 528 2131 miltatn
558 2091 745 2133 mense
783 2075 1044 2134 Januario
1082 2080 1209 2132 anni
1243 2080 1347 2136 599.
1378 2082 1576 2137 dictam
1610 2083 1796 2140 fuisse.
1853 2084 2188 2139 Theodosius
2222 2095 2398 2138 autem
2437 2099 2580 2138 anno
2633 2083 2737 2139 595
2771 2085 3003 2139 obierat.
3056 2083 3212 2138 Hunc
3264 2085 3572 2153 imperato-1

325 2182 444 2223 rem
469 2167 708 2224 celebrat
740 2168 830 2224 ille
859 2185 888 2224 a
919 2170 1117 2238 pietate
1146 2179 1200 2223 et
1226 2185 1254 2223 a
1295 2170 1556 2236 victoriis,
1595 2187 1730 2241 quas
1757 2174 2060 2243 opitulante
2099 2174 2207 2228 Deo
2250 2173 2434 2227 retulit
2487 2175 2552 2228 de
2598 2174 2842 2244 tyrannis
2886 2171 3123 2227 Maximo
3177 2180 3230 2227 et
3288 2173 3562 2242 Eugenio.

325 2261 468 2328 Quis
497 2262 586 2314 ille
612 2261 891 2325 victorias,
924 2263 1090 2317 tacito
1126 2271 1478 2332 tyrannorum
1510 2267 1750 2329 nomine,
1784 2266 1858 2319 ita
1893 2266 2084 2332 refert,
2118 2275 2177 2320 ut
2208 2268 2274 2321 ab
2303 2267 2424 2321 aliis
2452 2267 2692 2321 historiae
2733 2265 3092 2334 scriptoribus
3115 2273 3434 2321 narrantur.

398 2351 634 2407 llomilia
664 2365 792 2408 vero
818 2351 965 2406 istaec
1005 2352 1058 2407 in
1090 2354 1269 2408 medio
1300 2370 1490 2423 magna
1523 2356 1606 2410 sui
1642 2365 1796 2424 parte
1839 2359 2025 2412 mutila
2051 2367 2156 2422 est,
2184 2359 2255 2410 ita
2296 2368 2352 2410 ut
2400 2358 2801 2427 quamplurima
2833 2371 3021 2411 eorum
3067 2370 3187 2425 qua
3235 2367 3423 2410 contra
3462 2353 3582 2411 Cas.

330 2445 515 2500 tharos
540 2457 634 2498 seu
664 2441 992 2500 Novatianos
1014 2446 1354 2510 dicebantur,
1397 2447 1771 2504 interciderint
1796 2463 1861 2503 ac
1892 2449 2176 2518 perierint.
2234 2448 2517 2503 Novatiani
2553 2459 2730 2503 autent
2772 2459 2896 2503 tunt-
2931 2447 3401 2516 Constantinopoli
3449 2462 3574 2502 ma-

325 2550 434 2606 gno
459 2549 683 2591 numero
710 2544 885 2604 erant,
921 2535 1226 2606 episcopum
1258 2550 1369 2591 sum
1403 2545 1562 2592 secta
1597 2539 1920 2606 peculiarem
1957 2538 2258 2601 habebant,
2296 2553 2359 2592 ac
2385 2553 2506 2592 sese
2534 2537 2826 2608 καθαρούς,
2850 2551 2943 2592 seu
2975 2551 3157 2605 puros,
3201 2537 3588 2606 appellabant,

328 2644 432 2699 qua
472 2631 538 2686 de
561 2642 721 2683 causa
758 2627 880 2682 illos
906 2627 1170 2682 acerrime
1204 2628 1522 2697 perstringit
1551 2628 1991 2701 Chrysostomus,
2027 2630 2158 2686 utin
2181 2629 2412 2685 homilia
2440 2629 2545 2686 ﬁne
2572 2630 2775 2684 videas.

397 2718 527 2774 Post
555 2718 703 2773 illam
735 2726 923 2773 contra
964 2718 1228 2772 Catharos
1274 2717 1572 2784 homiliam,
1620 2718 1672 2773 in
1703 2719 1898 2774 Codice
1925 2717 2187 2774 Vaticano
2213 2719 2457 2787 sequitur
2487 2719 2707 2774 homilia
2737 2717 2890 2788 cujus
2914 2717 3120 2784 titulus,
3157 2717 3418 2774 Adversus
3467 2737 3578 2780 eos,

326 2811 415 2876 qui
443 2810 512 2864 ad
535 2811 867 2880 hippodromi
897 2820 943 2864 et
972 2809 1298 2864 theatrorum
1333 2811 1632 2880 spectacula
1660 2828 1712 2866 se
1737 2812 2031 2881 conferunt.
2068 2811 2230 2882 Cujus
2260 2811 2470 2866 initium
2503 2821 2604 2874 est,
2634 2809 2876 2864 Ha'ccine
2895 2811 3146 2879 ferenda?
3174 2810 3404 2864 hwccine
3439 2811 3576 2867 loic-

329 2904 496 2958 randa
521 2904 547 2956 .9
574 2903 714 2958 vobis
735 2903 872 2956 enim
907 2903 1032 2970 ipsis
1085 2903 1350 2969 iudicibus
1377 2914 1561 2959 contra
1594 2921 1680 2960 vos
1710 2906 1784 2959 uti
1812 2905 1950 2960 volo.
2010 2905 2182 2974 Quam
2222 2905 2490 2963 edidimus
2534 2913 2666 2960 tom.
2706 2903 2793 2970 Vl,
2841 2917 2896 2972 p.
2939 2902 3070 2970 272,
3122 2918 3189 2961 ex
3233 2905 3590 2965 Coisliniano,

329 2996 530 3050 tlodice
566 2994 941 3063 desumptam:
975 2993 1201 3062 ideoque
1234 2994 1378 3048 illam
1416 2995 1505 3050 hic
1550 2997 2044 3066 praetermittimus.

405 3085 602 3140 Verum
635 3085 763 3155 quia
799 3085 851 3139 in
879 3083 1111 3139 homilia:
1147 3100 1301 3140 nonae
1334 3088 1615 3156 sequentis
1650 3087 1831 3151 titulo,
1871 3097 1927 3141 et
1957 3088 2008 3141 in
2042 3089 2154 3156 ipsa
2188 3086 2405 3142 homilia
2440 3101 2603 3150 nona,
2635 3085 2804 3140 multa
2840 3086 3107 3142 habentur
3137 3104 3258 3157 quze
3292 3090 3358 3144 ad
3402 3091 3588 3152 istam,

327 3179 604 3238 homiliam
640 3177 970 3243 referuntur,
1004 3179 1091 3233 hic
1125 3180 1433 3234 necessario
1478 3181 1722 3250 quaedam
1765 3182 1830 3236 de
1869 3179 2026 3250 hujus
2069 3179 2302 3236 homilia:
2339 3179 2625 3237 occasione
2660 3179 2831 3254 deque
2879 3179 2998 3239 aliis
3039 3180 3392 3254 quisbusdam
3432 3184 3578 3240 refe.-

330 3273 517 3326 renda.

403 3363 558 3417 Αιηιο
591 3363 720 3429 599,
759 3371 1040 3434 postquam
1074 3379 1238 3418 unum
1266 3363 1376 3433 jam
1411 3381 1612 3418 annum
1643 3365 1695 3419 in
1721 3367 2032 3436 episcopatu
2063 3381 2314 3422 emensus
2346 3375 2465 3420 erat
2514 3365 2963 3437 Chrysostontus,
3011 3366 3298 3421 ordinatus
3358 3381 3580 3437 nempe

326 3466 468 3507 anno
500 3452 626 3518 398,
661 3455 731 3514 26
763 3452 1078 3515 Februarii;
1108 3453 1244 3510 feria
1296 3469 1487 3523 quarta
1538 3457 1890 3512 hebdomade:
1937 3465 2306 3526 sanctae,qua:
2363 3457 2495 3511 feria
2556 3472 2699 3511 anno
2753 3457 2863 3512 399
2924 3457 3196 3516 incidebat
3244 3457 3297 3510 in
3354 3469 3579 3512 sextam

323 3545 547 3615 Aprilis,
580 3556 687 3602 tam
719 3548 914 3618 ingens
931 3547 1110 3617 pluvia
1139 3546 1360 3614 decidit,
1385 3558 1444 3601 ut
1477 3559 1650 3602 metus
1685 3556 1831 3603 esset
1870 3563 1938 3604 ne
1978 3547 2093 3618 agri
2128 3549 2556 3613 devastarentur,
2595 3562 2907 3616 messesque
2949 3562 3138 3602 omnes
3190 3548 3242 3602 in
3269 3549 3598 3618 perniciem.

327 3649 568 3694 ruerent.
629 3639 765 3694 llinc
794 3654 1004 3708 preces,
1033 3639 1457 3709 supplicationes
1477 3648 1531 3694 et
1557 3639 1847 3705 λιτανεῖαι,
1878 3655 1973 3694 seu
2025 3639 2422 3710 processiones,
2474 3640 2728 3708 episcopo
2751 3639 2887 3694 duce
2936 3647 2989 3694 et
3039 3646 3152 3692 toto
3198 3653 3584 3696 concurrente

326 3737 520 3804 populo
547 3736 611 3789 ad
641 3735 928 3791 ecclesiam
963 3736 1364 3805 Apostolorum.
1422 3735 1550 3791 Post
1590 3738 1726 3803 haec,
1763 3737 1935 3791 imbre
1965 3745 2231 3800 cessante,
2275 3737 2502 3790 necdum
2537 3736 2750 3789 sublata
2786 3735 3092 3800 formidine,
3141 3735 3365 3804 trajecta
3421 3738 3584 3791 navi-

326 3829 428 3882 bus
467 3828 729 3896 Bosporo,
757 3828 823 3882 ad
852 3827 1136 3883 ecclesiam
1167 3827 1265 3885 SS.
1301 3829 1446 3884 Petri
1469 3838 1524 3884 et
1544 3829 1718 3893 Pauli,
1747 3830 1798 3883 in
1829 3829 2074 3898 opposita
2117 3829 2283 3882 maris
2313 3844 2407 3884 ora
2435 3829 2617 3895 sitam,
2643 3844 2780 3889 cum,
2803 3829 3058 3898 episcopo
3106 3837 3247 3883 totus
3275 3835 3454 3886 cintus
3490 3844 3591 3885 ac-

325 3924 516 3979 currit.
572 3923 684 3977 lloc
739 3922 1003 3992 perfuncti
1037 3924 1275 3993 periculo
1313 3925 1888 3995 Constantinopolitani
1943 3923 2205 3993 plerique,
2243 3939 2348 3978 una
2401 3933 2606 3976 tantttm
2657 3923 2970 3992 interposita
3025 3922 3131 3986 die,
3185 3936 3379 3990 nempe
3441 3921 3588 3976 feria

324 4015 511 4082 quinta
548 4014 602 4068 in
629 4014 791 4070 Cmna
819 4015 1049 4081 Domini,
1082 4031 1206 4069 cum
1238 4016 1290 4069 in
1317 4015 1618 4070 Parasceve
1647 4015 1754 4071 ludi
1789 4023 2077 4086 equestres
2107 4014 2465 4086 agitarentur,
2495 4013 2627 4069 nihil
2674 4023 2929 4069 curantes
2963 4013 3104 4068 diem
3161 4011 3320 4078 illam
3358 4028 3609 4068 sacram.

327 4105 395 4159 ad
422 4106 524 4160 hoc
553 4105 918 4175 spectaculum
951 4117 1329 4171 accurrerunt,
1357 4107 1572 4160 interim
1612 4107 2003 4177 ingemiscente
2041 4107 2293 4176 domique
2316 4107 2538 4161 sedente
2559 4105 2988 4175 Chrysostomo;
3028 4106 3138 4160 imo
3172 4106 3258 4160 die
3283 4117 3587 4173 sequente,

331 4210 523 4264 nempe
550 4195 785 4252 Sabbato
819 4205 1026 4261 sancto,
1060 4198 1126 4251 ad
1156 4198 1448 4252 theatrales
1476 4197 1628 4252 ludos
1658 4213 1717 4252 se
1746 4197 2110 4261 contulerunt,
2146 4198 2235 4252 ubi
2266 4197 2570 4251 meretricia
2605 4207 2762 4251 erant
2799 4196 3129 4266 spectacula,
3165 4211 3286 4265 quae
3319 4196 3584 4266 singula-

331 4290 425 4342 tim
456 4300 511 4346 et
537 4291 752 4358 egregie
791 4291 1030 4360 depingit
1054 4290 1476 4363 Chrysostnnnts
1499 4293 1550 4346 in
1579 4295 1680 4346 ista
1711 4293 1991 4357 concione,
2027 4293 2115 4347 ubi
2139 4293 2189 4344 in
2214 4291 2656 4361 prmvaricatores
2684 4288 2986 4358 hujnsmodi
3020 4288 3340 4358 gravissime
3364 4287 3590 4340 invehi-

331 4391 440 4444 tur,
474 4382 801 4451 demumque
833 4385 885 4436 in
917 4385 1037 4440 illos
1065 4386 1624 4444 excommunicationi:
1658 4387 1982 4442 sententiain
2019 4384 2485 4454 pronuntiat,sed
2529 4381 2919 4440 comminando
2947 4390 3178 4446 tantum,
3219 4391 3278 4434 ut
3321 4388 3481 4448 puto,
3530 4388 3592 4433 et

328 4480 388 4525 ut
410 4470 609 4527 ibidem
641 4473 884 4542 pluribus
919 4476 1053 4529 dixi.

398 4583 555 4641 Circa
585 4587 726 4642 diem
753 4603 857 4656 qua
887 4589 1000 4644 haec
1026 4591 1215 4644 concio
1243 4592 1383 4646 dicta
1417 4591 1538 4658 fuit,
1571 4592 1772 4660 aliquid
1809 4591 2144 4648 difficultatis
2177 4591 2308 4645 mihi
2333 4591 2514 4645 oﬁerri
2542 4591 2842 4644 videbatur.
2907 4589 3050 4648 Dixit
3102 4586 3190 4642 ille
3223 4587 3274 4640 in
3311 4586 3611 4648 concione

328 4689 449 4732 ante
479 4687 580 4732 tres
610 4679 722 4733 dics
758 4679 922 4734 imber
947 4681 1148 4750 ingens.
1213 4681 1389 4738 Imber
1417 4695 1598 4739 autem
1629 4666 1717 4738 ille
1743 4684 1879 4739 feria
1908 4692 2100 4752 quarta
2134 4683 2355 4752 majoris
2379 4682 2729 4736 hebdomade:
2762 4681 2989 4745 decidit;
3028 4679 3159 4734 feria
3193 4678 3383 4747 quinta
3424 4675 3577 4731 nihil

329 4781 661 4828 memoratur
688 4775 975 4841 incidisse;
1013 4774 1144 4827 ferio
1174 4785 1327 4827 sexta
1362 4774 1416 4826 in
1448 4775 1743 4828 Parasceve
1770 4775 1835 4828 ad
1861 4774 2013 4828 ludos
2046 4774 2318 4829 circenses
2358 4774 2492 4827 itum
2524 4783 2630 4839 est,
2663 4773 2902 4827 Sabban
2932 4774 2998 4824 ad
3029 4768 3317 4823 theatralia
3352 4777 3590 4837 specta-

329 4861 484 4929 cula;
512 4862 584 4916 ita
617 4875 674 4918 ut
713 4864 932 4921 homilia
969 4866 1117 4920 istaec
1153 4864 1293 4917 dicta
1327 4862 1497 4918 fuisse
1524 4864 1747 4917 omnino
1777 4863 2024 4918 videatur
2057 4863 2335 4919 Dominica
2384 4862 2822 4918 Resurrectionis
2863 4861 3104 4914 Domini.
3135 4857 3335 4912 Verum
3364 4861 3611 4927 aliquid.

331 4963 457 5008 tunc
487 4955 633 5008 dubii
667 4969 751 5008 nte
796 4955 1120 5019 incessebat,
1173 4970 1288 5014 cur,
1321 4953 1368 5007 si
1393 4953 1508 5007 dies
1534 4950 1817 5007 Paschalis
1847 4962 2008 5018 esset,
2043 4968 2109 5008 ne
2141 4955 2362 5008 verbum
2421 4953 2636 5022 quidem
2685 4955 2750 5008 de
2807 4952 3069 5008 Paschate
3123 4951 3305 5004 faciat.
3371 4949 3590 5004 Verum

326 5047 440 5113 jam
471 5045 615 5101 nulla
654 5045 948 5101 difficultas
981 5055 1248 5115 superest,
1290 5060 1413 5098 cum
1450 5044 1504 5098 in
1534 5044 1691 5099 titulo
1711 5045 1944 5099 homilia:
1973 5060 2130 5100 nonae
2176 5045 2473 5114 sequentis,
2507 5055 2560 5098 et
2591 5045 2642 5098 in
2703 5043 2926 5098 homilia
2987 5042 3100 5110 ipsa
3152 5043 3366 5096 dicatur
3426 5040 3610 5106 dietrt

331 5138 480 5192 illum
511 5138 564 5191 in
597 5153 705 5206 quo
747 5147 858 5191 tam
893 5138 1133 5208 graviter
1156 5137 1275 5193 illos
1300 5137 1628 5191 circensium
1657 5144 1711 5188 et
1741 5134 2086 5188 theatralium
2117 5133 2362 5188 ludorum
2391 5144 2729 5200 Spectatores
2772 5134 3071 5187 insectatus
3096 5141 3199 5198 est,
3232 5131 3590 5185 Dominicam

331 5227 522 5294 fuisse,
554 5238 719 5299 atque
747 5229 884 5283 adeo
905 5230 1048 5283 diem
1077 5227 1512 5284 Resurrectionis
1532 5226 1781 5282 Domini:
1810 5240 1971 5295 quam
2001 5226 2122 5280 ideo
2141 5240 2245 5278 non
2270 5224 2711 5279 commemoravit
2735 5222 3181 5293 Chrysostomus,
3207 5222 3349 5292 quod
3378 5230 3592 5276 contra

334 5333 670 5396 spectatores
700 5325 819 5393 illos
843 5325 1080 5396 graviter
1107 5340 1403 5388 succensus
1429 5332 1593 5390 esset,
1621 5323 1877 5393 illamque
1904 5337 2015 5378 rem
2048 5321 2203 5376 unice
2229 5322 2493 5392 cogitaret
2523 5319 2620 5389 (b).

333 5591 356 5640 ἰ
390 5529 466 5600 .(a)
503 5527 894 5636 Mintf.,lnescio
925 5529 1106 5590 quibus
1129 5530 1373 5578 rationum
1397 5528 1664 5580 momentis
1685 5530 1882 5582 ductus.
1908 5527 2032 5583 hanc
2058 5522 2310 5573 homiliam
2342 5528 2453 5584 post
2474 5520 2822 5583 Septembrem
2857 5531 3080 5567 mensem
3105 5517 3220 5566 anni
3243 5518 3336 5566 398
3358 5515 3600 5566 habitam

355 5604 485 5638 uisse
511 5603 700 5640 susotca
729 5604 803 5639 ur.

355 5604 485 5638 uisse
511 5603 803 5649 suSptcatur.

336 5734 371 5781 Γ
398 5672 785 5779 (ωὶΜξιιιὴωίιις,
812 5679 895 5735 qui
924 5678 1085 5726 locum
1110 5677 1324 5728 homiliae
1349 5682 1495 5728 aliter
1529 5679 1785 5740 intelligit,
1817 5676 2074 5726 contendit
2104 5672 2354 5724 homiliam
2377 5677 2547 5722 contra
2579 5667 2770 5715 theatra
2799 5665 3015 5715 habitam
3042 5665 3191 5713 fuisse
3220 5663 3425 5712 Sabbato
3461 5670 3600 5712 ante

363 5748 453 5780 ast-
479 5748 538 5779 Ia.

363 5748 538 5780 iasrna.
