3954 6172
361 388 465 438 4521
1813 393 1922 444 MUi

2035 394 2069 442 U
2085 394 2124 441 Eli
2137 431 2148 444 .
3493 393 3518 436 -ἦ
3528 391 3596 437 lii)

431 498 536 552 VII.
577 496 804 553 lIomilia
835 500 1060 570 septima
1090 502 1142 557 in
1173 502 1400 558 ecclesia
1435 503 1650 558 Sanctae
1683 503 1981 560 Anastasiae
2010 504 2190 557 habita
2223 502 2356 568 fuit,
2393 503 2479 557 ubi
2512 504 2754 558 modicus
2776 511 2915 567 erat,
2950 501 3123 568 inquit
3150 500 3258 565 ille,
3291 499 3592 551 auditorum

359 603 636 653 numerus,
674 605 850 659 neque
885 602 1063 647 tamen
1106 593 1224 648 ideo
1253 595 1624 661 conqueritur,
1684 595 1774 649 sed
1803 595 2106 663 exemplum
2138 593 2494 648 Samaritanre
2525 593 2716 650 aii‘crt:
2769 609 2929 662 quam
2985 593 3107 646 licet
3148 606 3310 644 unam
3360 597 3591 655 tantum,

353 682 478 750 quia
515 690 695 735 tamen
728 683 978 737 audiendi
1014 685 1193 740 studio
1217 684 1484 752 fervebat,
1528 686 1686 755 longo
1722 696 1959 755 tempore
1987 685 2293 753 alloquutns
2321 696 2402 740 est
2426 686 2696 741 Christus.
2746 686 2944 742 Deinde
2971 699 3097 739 vero
3136 683 3376 753 pluribus
3418 679 3594 750 expli:

357 779 444 826 cat
465 772 594 841 quid
622 773 724 827 sibi
765 773 894 828 velit
922 773 1138 840 Paulus,
1173 791 1297 831 cum
1329 779 1427 841 ait,
1469 777 1546 832 De
1579 778 1982 846 conﬁrmatione
2007 776 2297 844 Evangelii,
2331 786 2384 830 et
2416 779 2466 830 in
2499 778 2584 831 his
2614 776 3170 832 orationemclaudit.

428 859 578 914 Dicta
610 859 786 916 fuisse
815 863 1029 918 videtur
1059 863 1172 920 haec
1203 865 1426 920 homilia
1463 867 1515 922 in
1549 867 1884 922 ltebdomada
1922 865 2239 920 Paschatis:
2273 882 2395 919 nam
2449 867 2538 935 qui
2573 865 2826 922 homilias
2872 866 3033 922 hasce
3065 865 3119 920 in
3174 867 3294 934 ipso
3356 870 3629 930 tempore.

358 951 664 1020 colligebat,
709 963 767 1008 ut
799 969 864 1009 ex
895 955 1065 1011 titulis
1093 958 1420 1013 concionum
1453 957 1900 1029 deprehenditur,
1931 958 2022 1011 illo
2047 974 2156 1026 quo
2187 958 2506 1012 dicebantur
2531 959 2720 1012 ordine
2754 974 2848 1013 eas
2877 959 3183 1025 descripsit.

430 1041 566 1097 VIII.
603 1043 837 1098 Homilia
881 1057 1072 1100 octava
1125 1062 1239 1102 rem
1288 1062 1517 1118 prorsus
1563 1049 1838 1104 insolitam
1875 1049 2029 1103 nobis
2057 1046 2278 1102 exhibet
2330 1057 2492 1113 atque
2529 1049 2849 1103 inauditam.
2902 1046 3053 1101 Tunc
3094 1046 3420 1105 Gotthorum
3474 1063 3617 1117 pars,

361 1137 620 1201 maxima,
656 1138 747 1206 qui
776 1138 860 1192 vel
883 1135 1348 1208 Constantinopoli
1374 1139 1458 1194 Vel
1480 1135 1682 1193 circum
1719 1143 1893 1196 erant.
1921 1133 2285 1190 Ariauismum
2318 1133 2684 1189 sectabantur.
2722 1133 2890 1187 Erant
2941 1147 3115 1191 tamen
3148 1136 3420 1191 Catholici
3466 1153 3603 1208 gen-

362 1231 428 1284 tis
457 1227 698 1296 ejusdem
729 1242 832 1283 non
860 1229 1038 1298 pauci.
1100 1229 1234 1282 Cum
1276 1239 1456 1284 autem
1497 1230 1552 1283 in
1606 1229 1890 1284 ecclesiam
1929 1225 2116 1281 Sancti
2165 1225 2314 1281 Pauli
2351 1227 2756 1286 convenissent,
2803 1224 2968 1293 jussit
3016 1225 3435 1294 Chrysostomus
3463 1225 3600 1286 Gote

363 1323 480 1376 thos
507 1321 708 1390 aliquot
738 1321 856 1377 loca
882 1323 1125 1393 quardam
1148 1323 1574 1390 Scripturarum,
1608 1338 1730 1393 quae
1763 1323 1817 1376 in
1839 1321 2144 1375 Gotthicam
2181 1321 2417 1388 linguam
2454 1333 2732 1372 conversae
2761 1319 2995 1381 fuerant,
3027 1317 3278 1372 Gotthice
3310 1320 3512 1389 legere,
3546 1330 3603 1376 et

362 1423 544 1478 postea
569 1412 823 1468 Gotthum
849 1417 1224 1484 presbyterum
1259 1416 1513 1471 Gotthice
1547 1415 1882 1472 concionari.
1915 1414 2024 1468 Cur
2051 1423 2230 1467 autem
2262 1414 2332 1466 ita
2354 1412 2580 1478 jusserit
2613 1411 2746 1465 satis
2771 1410 3014 1465 declarat
3058 1413 3110 1464 in
3141 1412 3404 1466 concione
3431 1427 3594 1480 quam

365 1504 478 1570 ipse
501 1503 843 1558 continenter
865 1512 985 1572 post
1014 1505 1270 1559 Gotthqu
1304 1506 1682 1577 presbyterum
1716 1505 1906 1560 eadem
1938 1504 1990 1558 in
2035 1503 2263 1558 ecclesia
2295 1502 2517 1568 habuit;
2577 1512 2635 1556 ut
2674 1502 2926 1556 videlicet
2983 1501 3202 1556 Graecos
3252 1502 3606 1573 philosophos

362 1606 660 1661 eorumque
689 1593 968 1663 religionis
993 1608 1275 1663 sequaces,
1314 1604 1367 1648 et
1397 1591 1610 1649 Iudaeos
1645 1608 1861 1662 quoque
1891 1590 2094 1661 pudore
2121 1591 2488 1646 suil‘uuderet:
2523 1590 2662 1660 quod
2693 1590 2816 1645 dum
2853 1590 2925 1643 illi
2958 1591 3204 1647 veritatis
3266 1589 3442 1645 lucem
3499 1606 3603 1645 re-

365 1689 641 1749 spuerent,
683 1683 922 1736 barbara:
951 1699 1046 1752 per
1092 1691 1260 1738 totmn
1295 1685 1482 1738 orbem
1528 1684 1773 1738 nationes
1834 1681 1946 1736 sole
1993 1680 2336 1751 fulgidiorem
2376 1680 2650 1750 Evangelii
2706 1681 2879 1734 lucem
2929 1680 3403 1748 amplecterentur.
3439 1681 3603 1740 Addit

364 1769 524 1822 etiam
554 1782 701 1836 eum,
733 1771 821 1840 qni
853 1770 902 1826 in
939 1767 1116 1826 Veteri
1155 1772 1502 1829 Testamento
1530 1775 1734 1843 primus
1768 1784 1996 1829 voeatus
2023 1774 2141 1838 fuit,
2170 1789 2362 1843 nempe
2388 1775 2784 1839 Abrahamam,
2818 1771 3107 1829 barbarum
3141 1773 3307 1831 fuisse
3336 1776 3388 1829 in
3421 1778 3599 1830 medio

364 1857 714 1913 barbarorum
754 1873 1086 1930 versantem;
1139 1862 1397 1919 barbaros
1421 1878 1636 1934 quoque
1668 1865 1836 1920 fuisse
1886 1865 2008 1919 illos
2031 1867 2121 1934 qui
2174 1865 2378 1922 Christi
2411 1876 2590 1922 ortum
2660 1867 2819 1935 primi
2874 1865 3292 1933 annuntiarunt,
3345 1867 3605 1921 nimirum

366 1963 573 2019 magos,
602 1954 693 2022 qui
722 1968 788 2007 ex
819 1952 1039 2008 Oriente
1070 1964 1347 2009 venerant.

433 2040 558 2098 Ilaec
587 2054 765 2098 autem
795 2047 989 2099 concio
1020 2045 1199 2099 habita
1249 2045 1351 2099 fuit
1385 2047 1436 2100 in
1466 2045 1694 2101 ecclesia
1726 2043 1784 2099 S.
1825 2045 1979 2102 Pauli
2030 2046 2169 2099 intra
2203 2043 2592 2098 hebdomadam
2623 2042 2906 2100 Paschatis
2935 2042 3130 2096 festum
3185 2043 3606 2110 subsequentem

363 2143 419 2188 et
455 2149 553 2204 per
585 2145 860 2200 octavam,
901 2147 958 2190 ut
1007 2152 1072 2191 ex
1113 2139 1391 2206 sequentis
1423 2139 1657 2195 homilia:
1708 2138 1884 2199 titulo,
1933 2138 2001 2193 ab
2047 2153 2112 2192 eo
2139 2138 2231 2207 qui
2265 2138 2349 2191 his
2381 2137 2736 2190 concionibus
2785 2135 2972 2190 aderat
3006 2136 3308 2204 praemisso,
3339 2135 3600 2204 liquidum

365 2234 444 2278 est
470 2243 484 2289 ;
513 2226 784 2295 etiamque
811 2227 1166 2282 continuatur
1195 2245 1258 2282 ex
1293 2230 1360 2283 iis
1389 2245 1507 2297 quae
1539 2229 1693 2282 initio
1729 2229 1964 2282 homilia:
1998 2229 2275 2296 sequentis
2301 2230 2572 2283 dicuntur.

437 2321 650 2376 Etenim
684 2339 805 2374 cum
839 2322 957 2377 illos
983 2323 1298 2391 gravissime
1328 2325 1642 2392 pupugisset
1678 2324 1916 2392 ipsisque
1952 2324 2258 2376 tnolestiam
2289 2331 2529 2377 creasset
2567 2322 2620 2376 in
2651 2336 2717 2376 ea
2752 2322 2994 2388 homilia,
3037 2337 3197 2390 quam
3229 2325 3282 2378 in
3312 2321 3594 2378 Dominica

375 2409 809 2468 Resttrreclionis
836 2413 1041 2469 Christi
1072 2416 1357 2477 habuerat,
1391 2431 1456 2470 eo
1484 2415 1630 2484 quod
1668 2416 1721 2469 in
1751 2416 1838 2468 die
1867 2414 2194 2468 Paraseeves
2222 2423 2270 2467 et
2316 2416 2368 2468 in
2399 2414 2639 2469 Sabbato
2694 2425 2885 2468 sancto
2921 2415 2987 2467 ad
3025 2415 3299 2469 circenses
3332 2424 3387 2468 et
3440 2397 3598 2467 thes.-

367 2500 528 2554 trales
570 2499 723 2552 ludos
753 2515 814 2554 se
837 2503 1220 2568 contulissent,
1257 2505 1364 2558 imo
1387 2504 1968 2559 excommunicationis
2014 2504 2364 2568 sententiam,
2401 2503 2591 2558 saltem
2633 2505 3127 2570 comminatorism,
3159 2504 3211 2557 in
3246 2504 3364 2558 illos
3413 2514 3603 2573 pratu-

371 2589 553 2644 lisset:
589 2589 664 2644 illi
695 2601 872 2644 tatnen
907 2603 1112 2660 postea,
1147 2608 1203 2647 re
1227 2609 1415 2648 secum
1446 2595 1592 2649 serio
1631 2605 1919 2664 perpensa,
1946 2607 2050 2647 non
2084 2591 2204 2648 sine
2225 2607 2387 2649 causa
2423 2609 2482 2649 se
2522 2593 2724 2648 acriter
2758 2593 3032 2662 impetitos
3058 2592 3228 2649 fuisse
3261 2594 3530 2657 videntes,
3555 2603 3611 2650 et

367 2682 514 2751 plura
547 2683 630 2736 his
656 2684 722 2739 de
759 2687 919 2739 rebus
947 2686 1137 2738 audire
1174 2685 1480 2754 cupientes,
1515 2687 1582 2740 ad
1618 2685 1867 2755 Magnam
1907 2685 2230 2750 Ecclesiam,
2265 2694 2322 2739 ut
2362 2684 2609 2740 concioui
2662 2683 3008 2748 interiorem,
3049 2683 3253 2754 ingenti
3297 2697 3526 2738 numero
3555 2701 3614 2742 se

366 2778 663 2834 contulere.
695 2779 897 2835 Verum
924 2783 1116 2837 accidit
1151 2795 1206 2837 ut
1240 2782 1330 2837 illo
1361 2783 1468 2849 die,
1502 2797 1696 2851 nempe
1725 2783 1997 2836 Dominica
2037 2789 2158 2850 post
2193 2781 2424 2845 Pascha,
2471 2782 2687 2853 quidam
2729 2782 2944 2836 adesset
2971 2795 3034 2834 ex
3065 2777 3277 2835 Galatia
3302 2780 3608 2848 episcopus.

366 2874 449 2927 vir
477 2885 588 2928 tntn
617 2890 684 2930 ex
709 2886 1007 2942 senectute,
1043 2886 1152 2930 tum
1185 2893 1250 2931 ex
1282 2878 1404 2931 aliis
1434 2877 1600 2931 animi
1627 2877 1841 2931 dotibus
1865 2877 2228 2936 venerandus.
2265 2877 2348 2931 cui
2375 2877 2735 2931 concionandi
2769 2877 2938 2931 vicem
2965 2876 3388 2946 Chrysostomus
3415 2875 3603 2930 cessit:

367 2967 509 3037 quod
538 2969 811 3022 auditores
841 2971 1119 3038 aegerrime
1150 2970 1356 3024 tulere:
1388 2983 1600 3024 summo
1630 2969 1771 3022 enim
1805 2967 2177 3040 Chrysostomi
2221 2982 2281 3022 se
2317 2967 2510 3022 iterum
2541 2969 2843 3038 carpentis,
2905 2969 3014 3020 imo
3060 2967 3322 3032 secantis,
3378 2975 3436 3020 ut
3495 2964 3612 3035 ipse

369 3060 465 3126 ait,
498 3062 750 3117 audiendi
784 3063 1055 3118 desiderio
1091 3065 1433 3118 tenebantur.

444 3157 534 3213 IX.
561 3158 900 3229 Quapropter
921 3159 1010 3213 ille
1039 3159 1338 3223 Dominica,
1375 3171 1428 3211 ut
1481 3155 1703 3212 credere
1753 3167 1854 3221 est,
1905 3157 2178 3228 sequenti,
2240 3157 2477 3212 secunda
2540 3155 2797 3211 videlicet
2847 3165 2969 3225 post
3016 3156 3250 3221 Pascha,
3280 3155 3332 3210 in
3374 3156 3614 3212 Ecclesia

371 3251 557 3322 Magna
587 3252 902 3306 concionem
937 3250 1074 3306 hanc
1111 3251 1319 3315 habuit,
1351 3251 1438 3303 ubi
1465 3252 1648 3306 statim
1675 3251 2017 3305 auditoribus
2047 3251 2369 3320 gratulatur,
2410 3251 2553 3318 quod
2574 3249 2700 3305 licet
2723 3261 2829 3304 tam
2860 3251 3100 3320 graviter
3120 3252 3332 3320 excepti
3388 3251 3440 3302 itt
3471 3265 3604 3305 con-

375 3345 529 3402 cione
555 3343 642 3397 illa
674 3341 967 3400 Dominicte
1003 3345 1454 3411 Resurrcetionis,
1494 3355 1601 3399 tam
1633 3346 1905 3400 ferventer
1937 3356 1992 3399 et
2020 3355 2166 3400 tanto
2197 3361 2425 3399 numero
2451 3346 2646 3399 iterum
2677 3355 3044 3415 compareant.
3080 3345 3216 3399 Tum
3242 3360 3363 3400 sese
3382 3350 3610 3400 excusat

373 3440 512 3504 quod
541 3437 815 3492 Dominica
856 3439 1178 3508 praecedenti
1208 3440 1462 3508 episcopo
1494 3439 1720 3494 Galatiae
1758 3441 1959 3495 seniori
1994 3440 2350 3495 concionandi
2406 3440 2583 3495 locum
2625 3441 2882 3506 cesserit;
2939 3441 3240 3509 iterumque
3268 3454 3456 3497 contra
3506 3441 3618 3495 cir-

372 3547 561 3588 censes
591 3533 763 3598 ludos,
807 3535 1034 3596 etiamsi
1057 3535 1239 3590 mitius
1278 3537 1720 3604 moderatiusque
1745 3535 2002 3604 loquitur,
2043 3550 2262 3603 remque
2299 3537 2475 3604 tangit
2505 3535 2726 3589 omnino
2764 3534 3166 3603 deplorandam,
3209 3549 3330 3603 qua;
3365 3533 3614 3588 hesterna

373 3625 458 3680 die
494 3625 548 3678 iu
580 3625 934 3695 hippodromo
971 3628 1293 3694 contigerat,
1325 3626 1471 3680 etab
1495 3625 1797 3692 huiusmodi
1835 3627 1976 3681 ludis
2006 3627 2140 3682 alios
2169 3635 2420 3681 avertere
2461 3627 2710 3681 debebat.
2749 3624 2978 3691 Quidam
3015 3624 3182 3689 enim,
3211 3625 3303 3694 qui
3355 3622 3618 3692 postridie

373 3735 594 3778 uxorem
627 3725 884 3779 ducturus
920 3735 1058 3788 erat,
1090 3726 1214 3777 dum
1250 3738 1371 3777 cum
1409 3725 1530 3780 aliis
1564 3727 1879 3780 cursoribus
1924 3736 2268 3780 concertaret
2311 3728 2663 3796 interceptus,
2715 3725 3012 3780 miserabili
3066 3739 3194 3778 casu
3244 3724 3422 3791 capite
3469 3732 3618 3774 trun-

372 3829 547 3883 Catus,
581 3828 636 3872 et
673 3819 930 3873 extremis
966 3820 1220 3874 membris
1245 3821 1501 3875 abscissis
1531 3820 1600 3873 ibi
1633 3829 1926 3876 manserat.
1997 3820 2194 3875 Deinde
2223 3822 2456 3891 explicat
2505 3820 2632 3874 illud
2669 3819 2943 3890 Evangelii
2980 3819 3207 3881 dictum,
3275 3814 3435 3870 Pater
3473 3829 3620 3868 meus

374 3925 531 3979 usque
560 3909 713 3963 modo
743 3919 1007 3975 operatur,
1042 3915 1090 3963 et
1123 3925 1216 3978 ego
1243 3927 1450 3974 aper-or,
1476 3911 1772 3980 probatque
1799 3911 1991 3964 Filium
2019 3913 2278 3981 aequalem
2303 3928 2424 3967 esse
2445 3909 2613 3966 Patri.

441 4000 509 4054 Χ.
551 3999 776 4053 Humilia
811 4001 1013 4054 decima
1052 4001 1230 4053 habita
1263 4001 1360 4054 fuit
1393 4001 1442 4054 in
1473 4003 1698 4055 ecclesia
1731 4003 1969 4071 Apostoli
2004 4003 2103 4074 (a),
2140 4012 2425 4072 postquam
2474 4019 2640 4060 senex
2695 4001 2914 4072 quidam
2947 4001 3235 4069 episcopus
3275 4005 3401 4053 ante
3452 3996 3620 4068 Chry-

374 4101 670 4149 sostomum
703 4095 1050 4152 concionatus
1084 4094 1291 4149 fuerat:
1326 4096 1578 4165 quodque
1611 4098 2012 4153 observandum
2040 4112 2148 4165 est,
2185 4099 2331 4154 illum
2365 4114 2570 4167 senem,
2611 4108 2665 4155 et
2696 4115 2755 4154 se
2780 4097 3032 4167 juvenem
3067 4105 3246 4162 vocat,
3279 4095 3382 4151 etsi
3408 4109 3474 4148 ex
3504 4094 3622 4147 vui-

376 4183 489 4252 gari
522 4182 778 4250 opinione
806 4197 1006 4244 annum
1038 4180 1108 4236 52
1138 4183 1246 4251 jam
1279 4199 1533 4239 emensus
1564 4198 1683 4238 erat
1716 4185 1813 4257 (li).

447 4272 535 4328 XI.
574 4273 864 4330 Undecima
897 4289 1110 4344 quoque
1133 4286 1187 4331 et
1226 4285 1496 4345 postrema
1564 4277 1783 4334 homilia
1820 4281 1960 4336 dicta
1993 4282 2093 4336 fuit
2127 4297 2155 4336 a
2191 4283 2578 4352 Chrysostomo
2609 4284 2721 4353 (die
2761 4281 2889 4338 festi
2928 4282 3407 4350 illachahaeorum),
3466 4289 3617 4352 post-

377 4378 533 4431 quam
565 4379 730 4419 senex
764 4367 978 4436 quidatn
1003 4369 1354 4421 concionatus
1395 4369 1587 4423 fuerat.
1645 4369 1699 4422 Id
1731 4371 1904 4439 ipsum
1940 4386 2082 4441 saepe
2116 4373 2383 4438 videmus,
2411 4373 2545 4427 duas
2574 4388 2764 4442 nempe
2801 4383 2854 4428 et
2889 4372 3180 4442 aliquando
3214 4381 3322 4426 tres
3371 4368 3620 4426 homilias

379 4458 720 4512 continenter
742 4459 928 4513 haberi
953 4458 1006 4512 in
1039 4460 1227 4513 eadem
1260 4459 1487 4516 ecclesia
1523 4471 1575 4515 et
1605 4462 1795 4517 eodem
1847 4464 2098 4520 audiente
2153 4464 2371 4535 populo.
2432 4465 2488 4521 In
2546 4465 2647 4522 hac
2698 4475 2878 4522 autem
2935 4451 3045 4536 agit
3077 4466 3500 4536 (ihrysostomus
3555 4465 3623 4520 de

381 4549 634 4608 Eleazaro
663 4563 715 4608 et
749 4551 813 4606 de
830 4551 1172 4620 Macltabatis,
1205 4569 1342 4625 quos
1371 4557 1561 4625 probat
1587 4556 1672 4612 ille
1696 4571 1792 4633 pro
1823 4552 2040 4624 Christo
2071 4575 2258 4629 passos
2289 4562 2473 4619 fuisse.

437 4774 509 4836 (et)
535 4774 814 4838 hiatthzias
839 4775 1093 4823 contendit
1118 4772 1524 4838 illamrhomllism
1556 4765 1774 4838 habitam
1813 4773 1968 4824 fuisse
2000 4775 2060 4838 in
2077 4773 2291 4838 ecclesia
2309 4773 2348 4838 ΔΑ
2361 4776 2704 4838 postolorum,_
2734 4769 2782 4822 id
2809 4785 2870 4838 ex
2887 4785 2961 4838 eo
2974 4769 3259 4838 _c_onjicieps
3282 4768 3420 4838 quod
3445 4769 3505 4838 in
3527 4770 3614 4838 αυτ

379 4829 522 4884 cursu
547 4836 686 4900 illius
711 4835 936 4900 dicatur;
965 4838 1038 4900 At!
1072 4837 1409 4896 Apostolorum
1436 4835 1832 4900 thecasvenimus
1863 4839 1990 4894 (Col.
2021 4837 2129 4884 5°26.
2151 4834 2238 4885 lin.
2263 4829 2373 4896 5i):
2409 4837 2543 4884 Idem
2571 4850 2631 4883 ex
2658 4829 2730 4883 his
2761 4835 2944 4892 verbis,
2969 4833 3044 4900 Iis
3067 4829 3176 4900 ante
3197 4829 3343 4900 hodie
3365 4829 3486 4900 lecta
3509 4835 3615 4900 sunt

381 4895 779 4962 (nempe-Matth:
798 4896 846 4954 9,
875 4897 965 4962 337)
998 4892 1166 4962 demus
1190 4910 1416 4961 operam,
1443 4911 1553 4962 quae
1576 4896 1779 4962 ibidem,
1803 4892 1914 4962 post
1936 4900 2125 4962 aliquot
2152 4900 2310 4946 lineas
2331 4892 2584 4962 leguntur,
2612 4911 2709 4956 quo
2726 4904 2872 4962 temp
2894 4909 2961 4942 ire
2998 4892 3208 4962 homilia
3234 4892 3398 4962 habita
3438 4892 3616 4962 luerit.

329 4979 334 4982 ~
378 4950 644 5026 concludit.
675 4972 693 5002 ι
721 4950 1068 5026 Hinc,_inquit,
1096 4950 1284 5026 constat
1314 4950 1420 5026 quo_
1436 4950 1525 5026 die
1543 4962 1667 5006 hanc
1709 4950 2219 5026 honiiliant‘ltapugrit
2255 4974 2276 5026 ε¹
2305 4950 2541 5026 nimirum
2562 4950 2817 5026 tricesimo
2843 4950 3038 5026 'mensis
3076 4955 3231 5026 Jnnli‘l.
3270 4953 3350 5026 lio
3366 4950 3616 5026 illiillfiie

379 5020 660 5068 celebratur
682 5024 916 5068 memoria
942 5014 1007 5070 in
1029 5014 1379 5081 apostolorum.
1408 5018 1612 5080 Legitur
1633 5028 1801 5069 autem
1835 5016 2006 5069 Matth.
2039 5021 2088 5080 9,
2114 5021 2175 5068 36
2211 5018 2276 5068 ad
2324 5021 2398 5079 10,
2430 5022 2476 5069 8.
2521 5021 2572 5068 Id
2609 5021 2725 5066 mihi
2766 5027 2934 5066 notum
2969 5025 3046 5065 est
3076 5028 3136 5063 ex
3164 5014 3450 5072 Synaxariis
3485 5014 3619 5058 timo

380 5091 563 5128 corum.
594 5097 611 5128 δ

2461 5101 2476 5115 p-

439 5140 509 5201 (ὁ)
539 5143 810 5203 Perperam
833 5143 938 5205 hinc
963 5147 1134 5191 notant
1157 5141 1486 5201 Benedictini,
1509 5154 1618 5192 cum
1653 5143 1704 5191 in
1729 5143 1819 5191 hac
1844 5143 2046 5192 homilia
2075 5141 2354 5205 minimese
2373 5144 2609 5203 juvenem
2633 5146 2791 5205 vocet,
2814 5140 2903 5205 sed
2931 5139 3214 5205 episcopum
3239 5134 3323 5195 qui
3344 5135 3458 5182 ante
3481 5130 3627 5189 Ilium,

380 5211 489 5252 ent
510 5202 844 5254 concinnatus.
877 5203 1106 5252 invenem
1131 5206 1272 5253 simul
1296 5211 1350 5252 et
1369 5215 1540 5252 senem
1568 5216 1678 5254 csse
1704 5205 1850 5263 dicat,
1886 5206 1977 5252 sub
2001 5205 2185 5266 duplici
2209 5202 2401 5253 scilicet
2427 5207 2654 5263 respectu
2679 5202 2823 5249 animi
2851 5208 2898 5249 et
2922 5202 3159 5260 corporis.

1887 5541 2197 5558 «mum.
2208 5549 2223 5555 α
2234 5552 2240 5553 κ
