3954 6172
231 345 316 400 ιῦΙ
1034 335 1088 391 S.
1128 334 1411 390 JOANNIS
1450 331 1937 392 CHRYSOSTOMI
1973 331 2290 390 ARCmEP.
2333 319 2872 386 CONSTANTINOP.

3543 313 3635 368 {6‘2

303 522 3536 590 Μ

1665 559 2550 574 ————————————-—-

1022 763 1252 852 ΤΟΥ
1315 765 1459 849 ΕΝ
1526 758 1881 847 ΑΓΙΟΙΣ.
1951 752 2382 845 ΠΑΤΡΟΣ
2457 753 2780 843 ΗΜΩΝ

1229 959 2620 1184 ΙΩΑΝΝΟΥ,

1061 1292 1727 1349 ΔΡΧΙΕΗῙΣΚΟΠΟΥ
1789 1286 2798 1355 ΚΩΝΣΤΑΝΤΙΝΟΥΠΟΛΕΩΣ,

1246 1478 1508 1564 ΤΟΥ
1598 1472 2614 1563 ΧΡΥΣΟΣΤΟΜΟΥ,

241 1717 475 1789 Ὃμιλία
505 1711 786 1789 λεχθεῖσα
807 1711 877 1766 ἐν
901 1709 982 1789 τῷ
998 1709 1300 1789 μαρτυρίᾳ)
1324 1707 1402 1789 τῷ
1425 1707 1522 1789 ἐπὶ
1551 1705 1624 1774 τῇ
1663 1702 2125 1789 παλαιᾷιπέτρᾳ.
2156 1705 2374 1789 (Lyra)?-
2427 1704 2844 1789 συλλεγέντων
2869 1702 2966 1789 8ιρ
2998 1704 3105 1758 τὸν
3145 1705 3423 1789 χειρῶνα-
3450 1707 3539 1789 εῑς
3590 1706 3650 1760 τὸ

303 1773 430 1842 δεῖν
458 1773 730 1854 συνὲχῶς
757 1773 1143 1851 συνάγεὸ-θᾰι,
1185 1773 1280 1834 καί
1309 1779 1393 1848 μὴ
1418 1773 1808 1846 ἀπαγορεύειν
1848 1775 1964 1842 τὴν
1994 1773 2295 1842 σωτηρίαν
2330 1777 2398 1828 ἐν
2439 1775 2858 1844 ἁμαρτήμασιν
2908 1773 3105 1841 ὄντας,
3153 1773 3315 1830 ἀλλὰ
3337 1777 3652 1846 μετάνοιαν

305 1854 769 1912 ἐπιδείκνυσθαι.

305 2123 455 2198 [525]
481 2121 546 2176 Τί
588 2119 782 2186 τοῦτο;
805 2119 911 2191 τὴν
929 2117 1086 2172 πόλιν
1116 2118 1330 2170 ἃπασαν
1367 2117 1620 2185 παρεῖναι
1651 2112 1768 2167 δέον
1795 2113 1893 2184 σή-

127 2229 132 2232 ·
235 2209 562 2284 μερον,ούδέ
608 2208 669 2262 τὸ
694 2205 980 2260 πολλοστὸν
1009 2207 1139 2275 ἡμῖν
1181 2204 1460 2273 ἀπήντηκε
1501 2200 1595 2253 τοῦ
1640 2199 1892 2268 συλλόγου

237 2301 436 2372 μέροςς
465 2297 618 2368 Τάχα
642 2297 670 2349 6
705 2295 874 2366 πηλὸς
903 2293 1074 2356 αἴτιος
1111 2292 1204 2345 καὶ
1231 2294 1259 2345 6
1290 2291 1471 2356 6516;;
1522 2291 1755 2357 Ἀπαγε·
1797 2289 1896 2359 οὐχ

232 2390 262 2439 6
293 2385 484 2455 πηλὸς,
528 2383 642 2436 ἀλλ’
673 2383 708 2452 ἡ
741 2380 982 2451 ῥᾴθυμος
1018 2378 1112 2432 καὶ
1146 2380 1182 2447 ἡ
1228 2379 1652 2431 ἀναπεπτωκυῖα
1679 2374 1894 2445 γνώμη.

235 2472 368 2524 Τίνα
385 2472 493 2540 γάρ
515 2469 580 2522 ἀν
611 2467 782 2538 ἔχοιεν
802 2464 1128 2536 συγγνώμην
1149 2465 1197 2517 οί
1228 2463 1663 2533 ἀπολειφθέντες,
1681 2464 1813 2516 ὅπου
1833 2478 1896 2530 γε

235 2561 286 2612 οἱ
322 2559 419 2628 μὲν
441 2556 712 2627 μάρτυρες
735 2554 827 2608 καὶ
859 2553 1027 2622 αὐτῆς
1045 2555 1142 2623 τῆς
1170 2551 1314 2621 ζωῆς
1339 2551 1764 2622 κατεφρόνησαν,
1797 2551 1898 2602 αύ-

235 2646 319 2698 τοὶ
341 2645 398 2698 δὲ
417 2643 556 2713 ὑπὲρ
575 2641 668 2694 τοῦ
689 2638 1091 2710 παραγενέσθαι
1118 2638 1240 2692 οὐδὲ
1260 2636 1427 2707 πηλοῦ
1458 2637 1894 2707 κατετόλμησαν;

238 2731 362 2794 Πῶς
397 2728 686 2800 μακαρίσω
709 2726 835 2788 τοὺς
874 2724 1351 2794 παραγενομένους
1393 2724 1566 2794 ὑμάς;
1591 2723 1709 2786 πῶς
1737 2723 1898 2776 ταλα-

237 2817 371 2871 νίσω
405 2816 530 2878 τοὺς
564 2811 984 2881 ἀπολειφθέντας
1003 2811 1262 2874 ἐκείνους,
1286 2809 1376 2863 διά
1398 2827 1456 2862 τε
1476 2810 1573 2880 τὴν
1594 2809 1896 2878 ἀπόλειψιν,

237 2905 326 2957 διά
354 2919 413 2955 τε
445 2902 542 2972 τὴν
562 2898 738 2952 αἰτίαν
765 2898 863 2969 τῆς
893 2898 1257 2967 ἀπολείψεως
1289 2897 1521 2968 Εὔδηλον
1539 2897 1648 2969 γάρ
1675 2897 1756 2950 ὅτι
1774 2897 1899 2966 βιω-

238 2991 415 3052 τικαῖς
451 2985 864 3058 προσηλωμένοι
889 2985 1153 3056 φροντίσι,
1188 2985 1282 3037 καὶ
1328 2985 1420 3038 τὸν
1464 2986 1677 3038 ἅπαντα
1707 2983 1901 3054 λυμαι-

239 3077 463 3146 νόμενον
501 3074 611 3128 τῶν
643 3072 940 3144 χρημάτων
990 3070 1167 3141 ἔρωτα
1220 3070 1574 3142 σφοδρότερον
1611 3070 1668 3123 ἐν
1691 3071 1899 3132 ἑαυτοῖς

239 3164 587 3226 ἀνάπτοντες,
634 3161 731 3229 τῆς
782 3159 952 3228 καλῆς
997 3158 1201 3227 ταύτης
1249 3157 1650 3226 ἀπελείφθησαν
1687 3157 1896 3227 ἑορτῆς.

253 3251 392 3303 Ἀλλ’
413 3252 460 3304 εί
495 3250 589 3302 καὶ
613 3249 686 3319 μὴ
722 3247 993 3318 πάρεισιν,
1040 3246 1332 3312 ἀναγκαῖον
1358 3245 1454 3298 καὶ
1490 3243 1625 3314 πρὸς
1665 3243 1902 3307 ἀπόντας

239 3337 604 3408 διαλεχθῆναι·
634 3334 850 3405 εῠδηλον
869 3333 978 3403 γὰρ
997 3333 1080 3386 ὅτι
1113 3331 1178 3384 δι’
1211 3332 1365 3402 ὑμῶν
1391 3331 1563 3384 ταῦτα
1583 3329 1901 3383 ἀκούσονται

241 3424 350 3477 τῶν
371 3423 674 3494 παρόντων·
712 3421 874 3492 μέχρι
895 3421 1024 3473 πότε
1044 3420 1152 3474 τῶν
1189 3419 1484 3491 χρημάτων
1505 3419 1539 3489 ἡ
1563 3417 1734 3470 λύσσα
1754 3433 1768 3481 ;
1802 3416 1902 3488 μέ-

242 3529 334 3583 χρι
358 3511 547 3580 τίνοςή
577 3509 844 3580 μηδέποτε
880 3506 1211 3577 σϐεννυμένη
1250 3507 1479 3576 κάμινος
1530 3504 1706 3558 πάντα
1727 3503 1904 3556 ἔπεισι

241 3599 339 3652 καὶ⁹
367 3597 726 3666 καταφλέγει;
752 3595 854 3649 οὐκ
874 3594 988 3648 ίστε
1025 3596 1106 3648 ὅτι
1146 3592 1283 3663 αὕτη
1308 3594 1341 3664 ὴ
1370 3591 1501 3660 φλὸξ
1527 3594 1702 3645 ἐκεῖνο
1733 3590 1906 3643 τίκτει

241 3686 302 3738 τὸ
321 3685 579 3739 ἀσῦεστον
616 3682 728 3754 πῦρ
746 3697 760 3747 ;
782 3680 922 3751 αὕτη
944 3683 987 3753 η
1001 3680 1240 3752 τηκεδὼν
1259 3680 1461 3733 ἐκεῖνον
1480 3679 1642 3749 γεννᾷ
1660 3677 1749 3730 τὸν
1769 3675 1908 3730 σκώ-

241 3773 383 3840 ληκα
401 3771 492 3824 τὸν
517 3769 748 3835 ίοϐόλονς
774 3770 835 3822 El
855 3769 912 3822 δέ
934 3769 1289 3838 καταφρονεῖς
1308 3766 1530 3836 γεέννης
1555 3805 1570 3831 ,
1599 3765 1691 3818 καὶ
1709 3765 1769 3817 06
1791 3764 1906 3816 δια-

245 3859 378 3912 σείει
418 3876 510 3912 σου
547 3857 644 3928 τὴν
658 3857 894 3910 διάνοιαν
920 3855 1094 3908 ταῦτα
1129 3854 1194 3907 τά
1219 3857 1436 3924 ῥήματα
1473 3851 1560 3906 διά
1597 3853 1658 3905 τὸ
1697 3851 1907 3922 μέλλειν

243 3947 324 3999 ἐτι
343 3947 441 4016 τὴν
461 3945 704 3998 κόλασιν·
725 3943 828 3997 κᾶν
847 3943 914 3996 τά
935 3942 1174 4013 παρόντα
1211 3939 1444 3992 πειθέτω
1469 3955 1549 3992 σε.
1572 3940 1686 3992 Ούκ
1706 3938 1908 4006 ἔγνωτε

243 4029 356 4088 οἷον
391 4033 480 4087 τὸν
521 4031 732 4102 καρπὸν
776 4032 810 4100 ἡ
840 4028 1244 4100 φιλοχρηματία
1275 4027 1465 4098 πρώην
1485 4025 1822 4092 ἐπεδείξατο;
1845 4027 1906 4079 06

247 4120 354 4191 πρὸ
372 4120 479 4171 τῶν
499 4116 790 4186 ὀφθαλμῶν
815 4114 965 4185 ὑμῶν
987 4114 1187 4166 ἐστιτὰ
1207 4114 1599 4182 ύπομνήματα;
1631 4113 1730 4164 οὐκ
1753 4111 1909 4165 ἔναυ-

248 4206 338 4268 λος
356 4205 454 4272 τῆς
473 4203 738 4272 τοσαύτης
777 4201 1154 4270 καταστροφῆς
1179 4201 1212 4269 ὴ
1241 4200 1542 4263 ἀπόδειξις;
1579 4201 1734 4252 Πᾶσα
1757 4201 1790 4269 ἡ
1815 4199 1910 4251 πό-

248 4293 330 4354 λις
366 4293 500 4359 ἡμῖν
572 4287 679 4340 τῶν
719 4287 867 4359 [5‘21]
912 4287 1180 4356 λειψάνων
1233 4286 1326 4340 τοῦ
1380 4285 1639 4354 ναυαγίου
1699 4287 1907 4340 ἐκείνου

249 4376 649 4450 ἐμπέπλησται·
694 4374 787 4426 καὶ
821 4374 1063 4443 ὅπουπερ
1114 4373 1180 4426 ἂν
1230 4373 1488 4444 ἀπέλθῃς,
1518 4372 1705 4444 ὥσπερ
1725 4372 1910 4426 πλοίου

253 4465 490 4537 μεγάλου
529 4459 1063 4523 καταποντισθέντος,
1113 4463 1141 4514 6
1168 4460 1266 4530 μὲν
1302 4461 1398 4532 τὴν
1429 4459 1634 4524 σανίδα,
1665 4463 1692 4514 6
1728 4459 1785 4514 δὲ
1813 4459 1912 4530 τὴν

251 4551 466 4621 κώπην,
488 4550 518 4601 6
535 4550 592 4603 δέ
611 4547 672 4601 τὸ
717 4547 903 4613 ἱστίον,
943 4548 971 4598 6
990 4547 1045 4599 δὲ
1069 4548 1230 4618 μέρος
1255 4565 1305 4600 τι
1342 4547 1449 4599 τῶν
1471 4547 1768 4617 ἀγωγίμων
1794 4547 1908 4600 δια-

254 4637 526 4701 σώσαντες
554 4635 736 4706 ἕχουσι
775 4634 869 4688 καὶ
931 4634 1335 4704 περιφέρουσιν·
1389 4632 1530 4687 οὕτω
1578 4633 1642 4702 δὴ
1680 4634 1774 4686 καὶ
1816 4632 1909 4686 τοῦ

252 4724 443 4798 πρώην
465 4723 712 4777 ἐντεῦθεν
731 4721 1108 4791 ἐπενεχθέντος
1146 4720 1390 4788 σεισμοῦ,
1424 4720 1452 4771 6
1481 4719 1580 4790 μὲν
1605 4719 1701 4790 τὴν
1716 4720 1908 4783 οίκίαν,

253 4816 282 4867 6
300 4814 356 4866 δὲ
374 4813 500 4874 τοὺς
519 4811 743 4881 ἀγροὺς,
763 4809 792 4860 6
815 4808 874 4861 δέ
900 4807 970 4860 τά
995 4806 1320 4874 ἀνδράποδα,
1337 4809 1364 4859 6
1382 4807 1438 4859 δὲ
1469 4807 1531 4858 τδ
1560 4806 1840 4877 ἀργύριον,
1885 4807 1915 4858 6

252 4901 310 4954 δὲ
329 4899 390 4952 τὸ
409 4897 630 4968 χρυσίον
657 4895 1086 4965 διανειμάμενοι,
1119 4893 1372 4946 πλατεῖαν
1391 4893 1490 4962 τῆς
1520 4893 1802 4962 συμφορᾶς
1817 4892 1914 4962 τὴν

253 4985 374 5056 ὄψιν
394 4985 741 5055 είργάσαντο,
768 4983 866 5035 καὶ
914 4979 1193 5050 πανταχοῦ
1225 4979 1320 5032 τοῦ
1349 4978 1540 5031 κλόνου
1563 4979 1633 5031 τά
1674 4979 1917 5049 ὑπομνή-

259 5089 405 5142 ματα
446 5070 810 5140 διασπαρῆναι
850 5067 1286 5138 παρεσκεύασαν.
1350 5066 1461 5119 Καὶ
1513 5065 1664 5135 ὅμέν
1717 5065 1917 5128 νύκτας

252 5159 495 5220 ἀΰπνους
531 5155 868 5218 διατελέσας,
917 5155 1011 5208 καὶ
1043 5153 1268 5223 μυρίους
1304 5152 1496 5215 πόνους
1514 5152 1607 5205 καὶ
1642 5151 1916 5214 κινδύνους

260 5247 576 5318 ὑπομείνας,
602 5245 694 5299 καὶ
714 5246 930 5314 ἀμαρτή
940 5260 1082 5314 ματα
1101 5240 1338 5296 τοσαῦτα
1363 5241 1677 5310 συναγαγὼν
1697 5241 1804 5294 ἀπὸ
1821 5241 1918 5310 τῆς

259 5334 512 5402 τοιαύτης
534 5330 866 5397 πλεονεξίας,
901 5330 1103 5394 ἀοικος,
1123 5328 1316 5393 ἄπολις
1352 5330 1489 5400 πρὸς
1509 5330 1606 5398 τὴν
1624 5329 1917 5400 ὑπερορίαν

261 5422 436 5491 φυγάς
455 5421 664 5489 γέγονε,
685 5419 778 5472 καὶ
797 5417 895 5488 τῆς
913 5415 1214 5486 ἀναγκαίας
1233 5417 1429 5487 ἀπορεῖ
1445 5416 1668 5486 τροφῆς·
1684 5416 1776 5468 καὶ
1797 5414 1917 5467 καθ’

262 5510 496 5577 ἐκάστην
517 5507 731 5577 ἡμέραν
752 5504 842 5556 τὸν
860 5503 990 5574 περὶ
1013 5503 1120 5555 τῶν
1151 5503 1396 5572 ἐσχάτων
1425 5501 1664 5556 κίνδυνον
1699 5503 1922 5572 ἐπικρε-

265 5595 502 5664 μάμενον
520 5595 640 5663 δρᾷ,
666 5593 792 5663 ξίφη
815 5591 908 5644 καὶ
941 5590 1164 5662 δημίους
1189 5589 1284 5643 καὶ
1311 5588 1556 5659 βάραθρα
1581 5587 1920 5658 φανταζόμε-

262 5699 370 5746 νος,
399 5681 604 5751 μυρίων
649 5681 892 5734 θανάτων
918 5678 1300 5749 χαλεπωτέραν
1331 5677 1473 5746 ζωὴν
1501 5677 1632 5743 ζῶν·
1654 5677 1829 5747 ἓτεροι
1865 5678 1921 5729 δὲ

263 5771 372 5828 τοῖς
393 5767 598 5818 ἐκείνου
621 5769 889 5835 κτήμασιν
913 5765 1236 5834 ἐντρυφῶσι,
1281 5765 1376 5816 καὶ
1405 5767 1451 5816 οἱ
1486 5764 1592 5834 1:96
1610 5763 1799 5816 τούτου
1827 5781 1921 5817 κο-

269 5851 588 5914 λακεύοντες
627 5853 805 5914 αὐτὸν,
860 5851 1261 5903 ἐπιϐουλεύουσι
1293 5849 1406 5903 νῦν.
1449 5851 1631 5904 Ταῦτα
1682 5848 1772 5903 οῦν
1823 5852 1919 5919 οὐχ

2000 2113 2158 2166 ίκανά
2184 2115 2276 2166 καὶ
2308 2113 2398 2165 τὸν
2437 2113 2639 2184 σφόδρα
2691 2113 3011 2185 ἀναίσθητον
3063 2114 3447 2188 σωφρονίζειν;
3501 2117 3658 2172 Ἀλλά

1999 2198 2137 2266 μετὰ
2173 2200 2439 2269 τοσαύτην
2477 2200 2708 2272 πληγὴν,
2753 2202 2890 2271 μετά
2931 2202 3183 2256 τοσοῦτον
3216 2205 3482 2274 χειμῶνα,
3523 2207 3658 2276 μετὰ

1995 2284 2262 2355 τοσαύτην
2315 2289 2716 2358 καταστροφὴν,
2742 2290 2879 2358 μετά
2915 2290 3182 2359 τοσαύτην
3224 2292 3527 2362 μεταϐολὴν
3572 2293 3660 2345 καὶ

1995 2373 2348 2445 τηλικαύτην,
2373 2374 2472 2446 τὴν
2503 2376 2608 2446 1:96
2627 2378 2733 2430 τῶν
2751 2378 3044 2448 ὀφθαλμῶν
3064 2380 3411 2451 φαινομένην,
3435 2382 3535 2453 τὴν
3561 2383 3662 2452 πρὸ

1995 2460 2288 2530 τριάκοντα
2310 2462 2417 2515 οὐδ’
2437 2463 2573 2526 ὅλως
2592 2464 2962 2535 γεγενημένην
3011 2467 3253 2537 ἡμερῶν,
3312 2467 3474 2520 πάλιν
3491 2469 3663 2521 ταῦτα

2001 2547 2255 2614 μαίνεσθε
2275 2563 2290 2612 ;
2313 2549 2408 2600 καὶ
2441 2549 2599 2602 ποίαν
2619 2551 2685 2603 ἂν
2718 2551 2932 2621 σχοίητε
2958 2552 3302 2622 συγγνώμην,
3325 2552 3359 2623 ἢ
3382 2554 3503 2606 τίνα
3525 2556 3664 2607 ἀποο

1997 2633 2212 2700 λογίαν;
2247 2634 2354 2686 Καὶ
2381 2634 2440 2687 06
2469 2637 2721 2706 μαίνεσθε
2750 2638 2928 2707 μόνον,
2953 2638 3069 2692 ἀλλ’
3108 2638 3229 2692 ούδέ
3267 2641 3664 2708 παραγίνεσθε,

2004 2721 2090 2773 ἵνα
2125 2720 2256 2775 αὐτὸ
2284 2720 2442 2774 τοῦτο
2502 2721 2732 2793 μάθητε.
2790 2724 2999 2796 Ὥσπερ
3057 2723 3167 2795 γάρ
3221 2727 3355 2796 πρὸς
3391 2729 3669 2798 παρόντας

1997 2809 2124 2871 τοὺς
2148 2809 2382 2873 ἀπόντας
2403 2809 2743 2881 διαλέγομαι,
2771 2812 2938 2883 πολλῇ
2997 2815 3065 2883 τῇ
3115 2813 3668 2888 ἀθυμίακεκαρέμωι

1999 2912 2106 2957 νος,
2143 2896 2303 2948 ὅτιού
2340 2897 2417 2966 τῷ
2465 2898 2613 2967 φόϐῳ
2641 2898 2747 2951 τῶν
2795 2898 3116 2969 μελλόντων,
3150 2902 3210 2954 οὐ
3239 2905 3304 2973 τῇ
3359 2905 3528 2975 πείρᾳ.
3565 2905 3670 2958 τῶν

2001 2982 2282 3053 παρόντων
2314 2983 2550 3052 γίνονται
2585 2984 2844 3054 βελτίους·
2892 2986 3008 3040 ἀλλ’
3038 2986 3395 3058 ἁρπάζοντες,
3445 2993 3670 3046 πλεονε-

2001 3068 2274 3132 κτοῦντες,
2312 3069 2499 3140 ὥσπερ
2525 3070 2580 3125 έν
2607 3089 2714 3125 τινι
2767 3073 2969 3145 κοπρία
3009 3075 3306 3146 σκώληκες.
3349 3077 3426 3148 τῷ
3451 3079 3674 3151 φορυτῷ

1999 3155 2108 3209 τῶν
2130 3155 2421 3227 φροντίδων
2445 3156 2648 3210 τούτων
2665 3159 3060 3230 ἀπειλημμένοι
3081 3163 3172 3214 καὶ
3187 3165 3676 3237 ἐγκατορωρυγμέ·

2001 3257 2102 3306 νοι,
2135 3241 2254 3294 ούδέ
2295 3241 2441 3308 ἅπαξ
2472 3245 2571 3314 τῆς
2608 3245 2896 3315 ἐὸδομάδος
2925 3249 3320 3318 παραγίνεσθαι
3339 3253 3677 3317 σπουδάζου-

2004 3342 2108 3391 σιν,
2141 3328 2226 3380 ἵνα
2256 3327 2357 3382 κᾶν
2386 3330 2516 3383 αὐτὸ
2542 3330 2697 3383 τοῦτο
2721 3331 2964 3402 μάθωσιν
2987 3333 3112 3388 ἔνθα
3141 3335 3297 3389 εἰσίν.
3331 3338 3553 3410 Ὠσπερ
3573 3340 3678 3410 γὰρ

2002 3412 2051 3464 οἱ
2077 3414 2334 3484 φρενίτιδι
2357 3416 2708 3486 κατεχόμενοι
2754 3418 2906 3471 αὐτοὶ
2936 3419 3034 3489 μὲν
3062 3420 3161 3474 οὐκ
3184 3421 3250 3474 ἂν
3269 3421 3522 3477 δύναιντο
3558 3443 3680 3478 συν-

2005 3498 2132 3552 ιδεῖν
2159 3502 2216 3553 ἐν
2237 3497 2318 3564 οἷς
2345 3504 2502 3564 εἰσιν,
2535 3503 2732 3574 ἰατρῶν
2756 3504 2814 3558 δὲ
2841 3505 3052 3559 δέονται
3097 3507 3204 3561 τῶν
3229 3509 3330 3578 τῆς
3361 3511 3568 3580 μανίας
3593 3512 3680 3564 αύ-

2003 3587 2128 3649 τοὺς
2161 3587 2597 3653 ἀπαλλαξόντων·
2634 3591 2774 3644 οὕτω
2804 3591 2868 3662 δὴ
2918 3593 3013 3645 καὶ
3043 3595 3094 3646 οί
3135 3597 3200 3664 τῇ
3249 3596 3460 3666 χαλεπῇ
3503 3598 3681 3668 λύσσῃ

2004 3669 2111 3723 τῶν
2165 3674 2460 3744 χρημάτων
2522 3677 2894 3746 κατεχόμενοι,
2927 3679 3129 3748 ἐτέρων
3160 3680 3369 3734 δέονται
3411 3682 3676 3736 διδασκά-

2006 3755 2136 3820 λων,
2178 3759 2264 3812 ῖνα
2302 3760 2404 3813 κᾶν
2435 3762 2518 3814 ὅτι
2556 3762 2792 3816 λυσσὼσι
2821 3763 3054 3833 μάθωσι.
3105 3766 3207 3818 Διά
3247 3766 3402 3820 τοῦτο
3437 3770 3680 3837 μάλιστα

2007 3843 2183 3898 αὐτῶν
2210 3846 2398 3916 δέομαι
2429 3849 2521 3902 καὶ
2550 3851 2852 3920 παρακαλῶ
2885 3852 2976 3904 καὶ
3008 3852 3234 3907 ἱκετεύω
3265 3854 3519 3926 ἀπαντᾷν
3544 3858 3682 3928 πρὸς

2007 3932 2174 4002 ἡμᾶς,
2202 3936 2296 3987 καὶ
2322 3935 2390 3989 τά
2417 3936 2526 3989 ἀπὸ
2544 3937 2638 3990 τοῦ
2659 3938 2817 4006 λόγου
2843 3938 3089 4008 δέχεσθαι
3114 3941 3400 4012 φάρμακα.
3423 3944 3548 3997 Οὐκ
3566 3945 3683 3998 ἐστι

2012 4035 2102 4088 μοι
2133 4020 2371 4091 σιδήριον
2398 4023 2758 4093 ἠκονημένον,
2789 4024 2900 4078 ἀλλ’
2926 4025 3042 4080 ἔστι
3071 4025 3226 4094 λόγος
3255 4028 3480 4098 σιδήρου
3509 4029 3691 4100 τομώ-

2008 4120 2185 4174 τερος·
2212 4108 2312 4159 οὐκ
2350 4107 2465 4161 ἔστι
2489 4109 2624 4180 πῦρ,
2661 4110 2782 4162 οὐδὲ
2813 4111 3101 4182 φάρμακον
3145 4113 3359 4175 δάκνον,
3404 4114 3528 4166 ἀλλ’
3568 4115 3684 4167 ἐστι

2010 4191 2235 4328 ξήμαῖα
2257 4194 2425 4266 πυρὸς
2457 4194 2782 4267 θερμότερα,
2837 4198 2927 4251 καὶ
2976 4197 3244 4254 ἀνώδυνον
3275 4199 3560 4268 ἐπάγοντα
3587 4201 3686 4270 τὴν

2034 4295 2162 4328 ατοε
2189 4298 2274 4328 αν-

2034 4281 2274 4350 ατρείαν.

2085 4369 2152 4438 β’.
2192 4370 2348 4434 Τίνος
2370 4369 2463 4426 οῦν
2486 4372 2672 4426 ἕνεκεν
2691 4374 2996 4446 ἀποπηδᾷς,
3017 4373 3138 4427 είπέ
3163 4391 3276 4444 μοι,
3308 4375 3403 4428 κα)⁵
3429 4377 3561 4430 οὐδὲ
3588 4375 3689 4446 τὴν

2011 4456 2181 4528 αὐτὴν
2210 4458 2574 4513 ἐπιδείκνυσαι
2598 4461 2724 4531 περὶ
2747 4462 2844 4531 τὴν
2871 4461 3047 4533 ψυχὴν
3069 4461 3343 4533 πρόνοιαν,
3378 4465 3518 4534 ὅσην
3542 4465 3688 4534 ἔχεις

2013 4545 2142 4614 περὶ
2163 4544 2261 4615 τὴν
2294 4545 2475 4614 σάρκα
2499 4546 2697 4614 φειδώ;
2748 4548 2992 4618 Ἐκείνης
3023 4547 3119 4618 μὲν
3148 4547 3256 4618 γάρ
3276 4549 3462 4612 κακῶς
3480 4551 3690 4603 διακει-

2015 4633 2181 4702 μένης
2203 4634 2296 4686 καὶ
2310 4635 2565 4704 χρήματα
2584 4634 2844 4705 δαπανᾷς,
2873 4634 2975 4687 κᾶν
2992 4633 3332 4688 δανείσασθαι
3359 4636 3478 4706 δέῃ,
3505 4637 3688 4690 πάντα

2012 4718 2342 4789 ὑποθέμενος
2392 4721 2717 4785 ἀναλίσκεις·
2750 4723 2842 4775 καὶ
2875 4725 3097 4792 ίατροῖς,
3124 4721 3228 4775 κᾶν
3264 4725 3453 4792 τεμεῖν
3487 4724 3689 4794 βουλη-

2014 4805 2169 4870 θῶσι,
2195 4806 2296 4860 κᾶν
2319 4807 2536 4872 καῦσαι,
2565 4809 2704 4878 μετά
2747 4809 2944 4879 πολλῆς
2980 4808 3284 4880 προθυμίας
3319 4811 3593 4880 παρέχεις
3631 4810 3691 4862 τὸ

2015 4891 2174 4962 σῶμα
2201 4896 2369 4946 ποιεῖν
2401 4895 2536 4964 ὅπερ
2565 4895 2630 4946 ἂν
2661 4893 2902 4948 ἐθέλωσι·
2925 4894 3024 4964 τῆς
3045 4895 3100 4948 δὲ
3125 4895 3299 4964 ψυχῆς
3320 4885 3508 4964 πηγάς
3548 4913 3690 4948 σκω-

2014 4979 2196 5049 λήκων
2225 4983 2473 5054 ἐχούσης,
2532 4984 2631 5036 οὐκ
2665 4985 2910 5054 ἀπαντᾷς
2971 4983 3354 5054 ἀκουσόμενος,
3399 4986 3528 5036 εἰπέ
3572 5002 3686 5054 μοι,

2016 5067 2174 5136 λόγου
2230 5071 2328 5138 τὴν
2381 5071 2648 5141 σηπεδόνα
2736 5070 3151 5141 ἐκκαθάροντος·
3207 5072 3299 5123 καὶ
3347 5071 3527 5122 ταῦτα
3562 5068 3691 5122 οὒτε

2016 5157 2273 5228 χρήματα
2313 5157 2452 5227 ἔχων
2481 5159 2822 5220 καταϐαλεῖν,
2859 5155 2981 5209 οὔτε
3013 5155 3279 5226 τοσαύτην
3321 5157 3519 5224 ὀδύνην
3551 5157 3691 5208 ὐπο-

2021 5247 2218 5313 μεῖναι·
2256 5244 2371 5296 ἀλλ’
2414 5244 2680 5310 ἐξέδωκας
2743 5244 2936 5296 σαυτὸν
2965 5243 3206 5313 ἀπωλείᾳ
3247 5243 3534 5306 παντελεῖ;
3597 5241 3694 5294 καὶ

2019 5331 2120 5383 ποῦ
2140 5330 2311 5383 ταῦτα
2333 5329 2457 5393 ἄξια
2475 5330 2832 5400 συγγνώμης;
2862 5332 2923 5382 Εἰ
2950 5330 3047 5398 μὲν
3078 5329 3185 5400 γάρ
3212 5329 3500 5398 ἔλεγον,’0
3530 5329 3695 5382 πλεο-

2019 5418 2244 5480 νεκτῶν,
2285 5419 2312 5470 6
2335 5417 2616 5486 ἁρπάζων,
2653 5419 2681 5469 ὁ
2710 5417 3004 5487 πορνεύων,
3034 5417 3181 5489 [3‘25]
3222 5420 3250 5470 6
3307 5417 3580 5488 μοιχεύων
3618 5417 3695 5486 μὴ

2019 5505 2312 5557 ἀπαντάτω
2343 5505 2423 5566 είς
2456 5504 2770 5573 ἐκκλησίαν,
2789 5505 2879 5556 καὶ
2901 5504 3129 5574 ῆλαυνον
3163 5505 3256 5556 καὶ
3277 5505 3500 5556 ἐδίωκον
3522 5504 3700 5557 ἆπανυ

2019 5607 2116 5650 τας
2139 5591 2262 5651 τοὺς
2285 5591 2342 5641 ἐν
2381 5589 2760 5659 ἁμαρτήμασι·
2798 5589 3033 5655 μάλιστα
3079 5589 3177 5658 μὲν
3203 5590 3320 5642 ούδέ
3345 5589 3461 5642 τότε
3497 5585 3572 5658 ἦν
3613 5605 3699 5648 τις

2019 5675 2304 5742 ἀπολογία·
2344 5673 2450 5726 ἔδει
2481 5674 2590 5744 γάρ
2609 5674 3016 5743 ἐκκαθαρθέντα
3046 5677 3310 5745 ἀπαντᾷν·
3344 5673 3458 5728 νυνὶ
3491 5673 3553 5726 δὲ
3576 5673 3700 5726 οὐδὲ

2019 5763 2178 5815 τοῦτο
2219 5763 2378 5830 λέγω,
2407 5761 2543 5815 ἀλλά
2611 5762 2714 5815 κᾶν
2748 5762 3068 5833 πορνεύσῃς,
3109 5763 3210 5816 κᾶν
3256 5759 3541 5831 μοιχεύῃς,
3596 5761 3699 5813 κᾶν

2025 5852 2292 5920 ἁρπάζῃς,
2323 5851 2423 5904 κᾶν
2446 5851 2786 5920 πλεονεκτῇς,
2815 5852 3122 5920 ἀπάντησον
3163 5852 3238 5912 εἰς
3270 5847 3593 5913 ἐκκλησίαν,
3614 5848 3698 5900 ἵνα
