3954 6172
303 336 404 395 165

302 469 424 509 cum
448 465 619 521 neque
643 445 881 519 pecunia:
904 440 1011 498 sint
1035 435 1441 509 profundendze,
1459 448 1557 489 uec
1585 440 1762 487 tantus
1781 429 1878 521 do-

303 547 387 601 lor
425 520 762 603 subeundus;
807 534 902 592 sed
947 534 1173 602 teipsum
1219 532 1270 583 in
1310 524 1671 582 omnimodatn
1703 520 1878 592 perni-

303 637 441 690 ciem
474 631 693 703 conjicis
714 631 738 683 2
762 640 816 684 et
845 622 1112 697 quomodo
1134 619 1246 676 haec
1275 616 1430 675 venia
1455 617 1614 688 digna
1647 614 1881 668 fuerint?

307 727 364 783 Si
396 729 537 783 enim
561 725 793 779 dicerem
825 737 838 773 :
876 721 1078 773 Avarus
1098 757 1116 783 ,
1151 724 1356 782 raptor,
1402 711 1708 772 fornicator,
1733 707 1884 761 adul-

239 836 244 842 ί
307 834 409 886 ter,
451 834 518 874 ne
542 814 795 872 accedant
822 813 887 866 ad
915 808 1222 873 ecclesiam,
1250 804 1296 860 si
1325 801 1648 875 expellerent
1678 811 1730 855 et
1759 812 1880 870 pcr-

304 926 558 983 soquercr
584 909 702 963 illos
727 918 914 962 omnes
937 902 1025 973 qui
1051 902 1106 957 in
1137 898 1367 968 peccatis
1395 904 1538 961 sunt,
1571 907 1638 948 ne
1658 895 1735 947 sic
1763 894 1871 962 qui

304 1003 426 1058 dem
466 999 742 1055 excusatio
785 995 956 1059 foret;
1017 999 1292 1062 Oporteret
1343 988 1488 1045 enim
1540 987 1609 1042 ab
1652 987 1715 1040 iis
1759 1001 1891 1054 pur-

305 1103 485 1164 gatum
543 1089 846 1144 accedere:
883 1099 1023 1139 nunc
1070 1090 1247 1137 autem
1290 1094 1394 1134 non
1439 1077 1540 1132 hoc
1593 1077 1737 1139 di.o,
1788 1074 1880 1129 sed

306 1185 431 1238 licet
474 1178 785 1243 forniceris,
831 1176 1040 1230 adulter
1083 1173 1193 1234 sis,
1234 1171 1432 1241 rapias,
1488 1167 1741 1237 pecunias
1770 1166 1885 1220 col-

306 1274 440 1343 ligas
471 1283 565 1341 per
606 1268 870 1329 fraudem,
901 1266 953 1319 in
979 1263 1260 1319 ecclesiam
1287 1261 1515 1327 accede,
1542 1270 1599 1314 ut
1631 1259 1744 1312 hzrc
1776 1270 1882 1312 non

310 1368 449 1420 ultra
479 1363 767 1419 admittere
808 1359 983 1413 discas
1016 1378 1030 1413 :
1055 1370 1245 1410 omnes
1273 1353 1507 1418 attraho,
1533 1360 1588 1407 et
1617 1350 1765 1405 verbi
1798 1366 1885 1404 re-

310 1460 379 1512 tia
411 1457 641 1525 undique
661 1452 988 1522 expandens,
1017 1464 1119 1502 non
1146 1461 1306 1500 sanos
1336 1456 1561 1508 tantum,
1589 1443 1682 1497 scd
1711 1457 1882 1511 aegros

309 1546 396 1602 hic
422 1559 617 1614 capere
641 1543 792 1596 volo.
813 1540 936 1594 ibeo
961 1537 1196 1608 quotidie
1215 1535 1337 1589 dico
1369 1552 1382 1587 :
1407 1533 1563 1599 Veni,
1595 1542 1648 1587 et
1677 1547 1881 1586 mecum

309 1640 593 1705 sanitatem
615 1633 799 1703 accipe
828 1649 842 1691 :
874 1647 994 1685 nam
1018 1645 1117 1700 ego
1142 1643 1353 1698 quoque
1381 1625 1616 1680 medicus
1636 1623 1887 1694 pharma—

309 1732 386 1785 eis
412 1745 548 1799 cpus
576 1727 747 1782 habeo
779 1743 792 1780 :
821 1725 979 1778 homo
1002 1735 1234 1790 namque
1267 1735 1406 1783 sum,
1430 1718 1670 1788 ejusdem
1709 1726 1884 1771 tecum

310 1834 514 1877 natura:
561 1818 841 1875 affectibus
883 1816 1126 1871 subditus
1164 1832 1178 1869 :
1211 1813 1387 1867 verbis
1433 1827 1569 1879 opus
1612 1819 1697 1865 est
1731 1810 1884 1875 mihi,

308 1928 427 1982 qum
476 1910 835 1973 inordinatum
887 1906 1124 1968 animum
1170 1903 1383 1957 vinculo
1432 1901 1643 1957 frenent
1672 1919 1686 1956 :
1714 1916 1889 1971 neque

310 2004 470 2058 vitam
514 2002 653 2057 duco
699 1999 1070 2070 tranquillam,
1119 1995 1262 2051 curis
1286 2006 1339 2050 et
1368 1995 1596 2050 tumultu
1627 2007 1885 2059 vacuam;

309 2094 404 2155 sed
433 2096 604 2163 agitor
634 2093 749 2161 ipse
775 2104 987 2160 quoque
1007 2085 1461 2158 concupiscentiis
1487 2085 1802 2140 tumultibus
1831 2093 1890 2142 et

310 2185 770 2254 perturbationum
810 2181 1082 2245 fluctibus.
1124 2179 1229 2235 Sed
1255 2194 1351 2232 cur
1376 2178 1454 2231 vel
1484 2193 1570 2232 me
1601 2178 1683 2232 vel
1721 2176 1888 2230 alium

309 2276 562 2342 dixerim,
598 2274 812 2346 quando
843 2275 891 2328 is
915 2274 1029 2343 ipse
1048 2272 1137 2342 qui
1167 2271 1329 2326 caelos
1352 2270 1645 2339 attingebat
1669 2268 1884 2332 Paulus,

311 2370 473 2422 multa
504 2383 639 2436 opus
670 2365 901 2420 habebat
929 2363 1249 2419 curatione?
1276 2363 1340 2417 Et
1366 2361 1507 2433 quod
1536 2376 1598 2416 ea
1629 2374 1764 2430 opus
1789 2359 1887 2417 ba-

311 2459 505 2524 bucrit,
544 2459 656 2527 ipse
699 2456 851 2509 nobis
901 2453 1221 2511 declaravit.
1258 2452 1441 2522 Neque
1492 2452 1580 2506 ille
1626 2450 1889 2519 tranquil-

314 2552 415 2604 lam
470 2550 658 2619 agebat
713 2548 905 2612 vitam,
962 2546 1058 2601 sed
1113 2546 1278 2600 multa
1330 2544 1498 2598 inibat
1548 2544 1886 2598 certamina:

313 2643 539 2712 ideoque
580 2640 791 2695 dicebat
833 2657 844 2669 ·
886 2638 1091 2707 Castigo
1127 2653 1310 2704 corpus
1349 2651 1549 2701 meum,
1581 2644 1628 2688 et
1672 2635 1727 2687 in
1777 2649 1889 2687 ser-

312 2734 516 2786 vitutem
555 2732 745 2801 redigo,
779 2746 840 2783 ne
881 2730 1012 2798 forte
1060 2727 1178 2781 aliis
1219 2727 1522 2796 praedicans,
1569 2726 1675 2795 ipse
1708 2740 1889 2793 repro-

313 2824 401 2882 bus
431 2823 615 2892 eﬂiciar
640 2824 659 2893 (
689 2823 740 2876 1.
770 2820 890 2876 Cor.
929 2820 982 2876 9.
1014 2820 1082 2874 27
1116 2820 1154 2885 ).
1186 2817 1489 2887 Castigabat
1531 2826 1708 2872 autem
1761 2816 1889 2870 illud

311 2913 453 2982 quod
497 2913 839 2982 insurgebat,
860 2921 914 2966 et
940 2911 991 2964 in
1018 2911 1328 2964 servitutem
1366 2908 1640 2976 redigebat
1670 2907 1720 2962 id
1747 2908 1888 2977 quod

313 3005 526 3059 frenum
556 3004 840 3058 admittere
881 3003 1095 3057 nolebat
1127 3019 1141 3055 :
1169 3000 1393 3070 ideoque
1432 2999 1565 3054 alios
1601 3000 1885 3065 monebat,

314 3096 500 3150 dicens
528 3110 541 3147 :
570 3094 671 3159 Qui
695 3095 789 3148 sibi
815 3094 1010 3147 videtur
1035 3103 1191 3159 stare,
1212 3092 1376 3146 videat
1396 3108 1459 3145 ne
1484 3091 1634 3145 cadat
1664 3093 1740 3161 (1.
1766 3091 1886 3146 Cor.

314 3185 399 3241 10.
432 3186 545 3257 12).
569 3186 719 3254 Quod
746 3186 789 3240 si
822 3186 1016 3241 Paulus
1043 3200 1147 3238 non
1183 3185 1564 3252 tranquillitate
1594 3182 1887 3250 fruebatur,

312 3278 406 3333 sed
442 3279 577 3333 haud
608 3292 762 3334 secus
790 3292 949 3348 quam
978 3279 1009 3331 ii
1038 3277 1124 3346 qui
1155 3277 1206 3330 in
1236 3276 1368 3329 mari
1396 3280 1670 3345 navigans.
1690 3275 1890 3329 multos

316 3369 555 3440 nudique
579 3370 772 3425 tinctus
798 3369 1056 3425 concitari
1086 3367 1301 3423 videbat
1332 3384 1347 3420 :
1378 3367 1497 3436 quis
1535 3366 1674 3420 ausit
1706 3365 1889 3422 dicere

312 3476 369 3516 se
407 3476 512 3515 non
560 3476 720 3532 egere
763 3460 1135 3525 correctione,
1192 3459 1471 3514 curatione
1511 3464 1569 3513 et
1619 3457 1890 3527 perpetuis

311 3551 539 3622 vigiliis?

394 3641 541 3697 Verbi
566 3642 665 3697 Dei
691 3643 869 3697 uirtus.
892 3670 949 3681 --
981 3640 1111 3697 Veni
1152 3640 1333 3711 igitur,
1361 3648 1414 3695 et
1441 3653 1647 3695 mecum
1668 3638 1891 3694 doctore

313 3736 644 3787 curationem
667 3732 881 3787 adhibe.
904 3730 1057 3800 Quod
1082 3732 1126 3785 si
1161 3744 1331 3785 sanus
1354 3744 1436 3796 es,
1466 3730 1585 3784 ideo
1614 3729 1810 3785 accede
1834 3738 1890 3783 ut

312 3824 491 3891 sanior
535 3823 749 3878 evadas.
807 3823 1037 3877 Verbum
1078 3821 1220 3876 enim
1258 3830 1313 3876 et
1341 3821 1529 3875 morbo
1556 3819 1779 3876 affectos
1820 3819 1891 3874 ab

312 3915 626 3985 egritudine
656 3916 861 3981 liberat,
886 3923 940 3970 et
964 3915 1151 3969 morbo
1170 3914 1369 3970 liberos
1394 3913 1660 3970 firmiores
1689 3913 1891 3979 reddit;

314 4016 498 4076 utpote
527 4007 671 4076 quod
718 4016 771 4061 et
814 4006 1049 4063 admissa
1084 4010 1337 4077 corrigat,
1388 4016 1443 4061 et
1467 4006 1724 4061 adversus
1754 4022 1891 4060 non-

314 4094 440 4149 dum
463 4096 691 4150 admissa
728 4106 1037 4165 prmservet.
1078 4096 1228 4165 Quod
1260 4097 1304 4149 si
1338 4112 1441 4150 non
1466 4096 1603 4162 hoc,
1652 4106 1709 4153 at
1743 4098 1889 4155 aliud

317 4187 483 4253 habes
510 4198 785 4257 peccatum
814 4206 827 4243 :
860 4188 984 4254 Qui;
1007 4190 1138 4243 enim
1165 4189 1463 4259 gloriabitur
1486 4206 1541 4243 se
1571 4198 1762 4243 castum
1790 4190 1888 4242 ha-

316 4279 429 4330 bere
454 4278 587 4332 cor?
627 4286 716 4331 aut
755 4278 867 4347 quis
908 4279 1121 4346 ﬁdenter
1157 4280 1339 4333 dixerit
1365 4296 1420 4334 se
1451 4281 1695 4334 mundum
1720 4296 1828 4334 esse
1856 4296 1891 4334 α

318 4365 719 4441 peccato(Prov.
742 4367 833 4422 20.
864 4368 956 4438 9)?
983 4369 1058 4424 Ne
1079 4370 1256 4439 igitur,
1286 4373 1406 4439 quia
1435 4372 1686 4438 peccasti,
1716 4380 1765 4426 te
1792 4386 1886 4440 po.

317 4457 441 4511 deat
480 4457 773 4520 accedere;
822 4459 931 4512 imo
968 4459 1042 4513 ob
1083 4460 1186 4515 hoc
1228 4461 1403 4530 ipsum
1457 4461 1676 4516 accede.
1718 4461 1893 4516 Nemo

317 4551 461 4613 enim
490 4549 622 4605 dicit
654 4567 668 4605 :
695 4550 830 4618 Quia
857 4550 1009 4605 ulcus
1031 4550 1205 4605 habeo
1224 4593 1239 4617 ,
1272 4551 1539 4606 medicum
1565 4566 1671 4606 non
1700 4566 1889 4606 accer-

318 4658 414 4715 so,
460 4657 632 4713 neque
660 4641 1004 4712 pbarmacum
1036 4641 1240 4710 accipio
1267 4659 1281 4694 :
1313 4642 1422 4696 imo
1463 4642 1532 4696 ob
1574 4643 1675 4696 hoc
1715 4642 1887 4710 ipsum

319 4735 550 4805 maxime
593 4740 650 4794 et
690 4732 882 4787 medici
900 4731 1193 4787 advocandi
1225 4741 1368 4793 sunt,
1394 4740 1449 4787 et
1479 4736 1887 4801 p'..armacorum

316 4828 425 4893 vim
448 4826 721 4895 requirere
744 4839 879 4894 opus
909 4832 1012 4881 est.
1038 4823 1247 4881 Scimus
1274 4823 1433 4879 etiam
1466 4838 1563 4878 nos
1591 4824 1887 4892 ignoscere,

318 4916 441 4981 quia
462 4920 516 4965 et
543 4909 642 4981 ipsi
670 4909 792 4964 aliis
818 4909 1050 4979 peccatis
1075 4924 1261 4963 sumus
1287 4908 1521 4962 obnoxii.
1571 4907 1695 4963 ideo
1736 4924 1888 4962 nam-

320 5018 423 5071 que
455 5002 595 5058 Deus
624 5016 729 5057 non
760 5002 977 5073 angelos
1012 5000 1165 5056 dedit
1206 5001 1364 5055 nobis
1404 5000 1673 5064 doctores,
1722 5016 1896 5071 neque

322 5094 624 5161 Gabrieleiu
664 5093 892 5162 desuper
932 5093 1155 5148 mittens
1198 5093 1371 5161 ipsum
1413 5092 1559 5160 gregi
1614 5093 1888 5160 prml'ccit;

320 5185 414 5243 sed
463 5201 528 5239 ex
557 5185 671 5254 ipso
699 5183 829 5239 ovili
862 5193 1099 5254 pastores
1138 5182 1382 5249 assumit,
1412 5198 1476 5236 ex
1508 5181 1698 5236 ovibus
1721 5184 1896 5253 gregis

320 5277 550 5343 ducem,
599 5275 688 5346 qui
712 5275 779 5329 ad
806 5273 1184 5345 ignoscendum
1214 5272 1441 5328 subditis
1468 5287 1672 5343 pronus
1692 5274 1798 5341 sit,
1845 5285 1898 5329 et

324 5367 683 5423 infirmitatem
710 5365 978 5436 propriam
1009 5362 1368 5435 perpendens,
1397 5379 1507 5423 non
1533 5362 1773 5433 insurgat
1798 5363 1896 5421 ad.

323 5477 511 5517 versus
532 5461 844 5532 gregarios;
899 5458 995 5513 sed
1030 5457 1238 5514 frenum
1269 5457 1463 5513 habeat
1503 5466 1558 5513 et
1587 5457 1898 5513 humilitatis

324 5569 541 5609 (ausam
559 5568 671 5608 sua:
688 5568 880 5624 nempe
905 5552 1246 5608 conscientia:
1263 5550 1733 5608 necessitudinem.
1748 5548 1898 5617 Quod

325 5657 503 5701 autem
547 5647 664 5702 huic
709 5660 814 5699 non
860 5644 1171 5715 auguramlo
1200 5646 1335 5700 dicta
1378 5645 1590 5709 fuerint,
1613 5643 1735 5697 audi
1764 5642 1898 5697 Pau-

322 5733 429 5791 lum
460 5738 572 5792 lucc
593 5737 915 5792 scribentem
946 5747 995 5793 et
1025 5738 1482 5803 phiIoSOphantcm
1516 5755 1527 5790 :
1554 5735 1618 5791 ad
1643 5734 1895 5790 Hebraeos

1077 323 1135 380 S.
1174 317 1453 378 JOANNIS
1489 310 1968 373 CHRYSOSTOMI
2009 314 2330 374 ARCHIEP.
2362 314 2897 376 CONSTANTINOP.

3460 323 3563 381 464

1986 429 2128 485 enim
2171 432 2449 497 scribens,
2495 434 2577 491 sic
2620 435 2738 492 ait:
2776 434 2956 490 Otuuis
2990 451 3207 507 nauaque
3244 438 3477 509 pomifer:
3500 457 3564 495 es

1983 520 2269 574 frontiuibus
2310 535 2636 592 assumptus,
2679 540 2772 594 pro
2813 526 3463 595 hominibus.constituitur,
3507 542 3560 582 ut

1983 608 2162 675 oll'erat
2187 611 2324 664 dona
2348 618 2397 666 et
2428 614 2722 683 sacriﬁcia;
2750 614 2838 686 qui
2872 617 3143 670 condolere
3181 620 3339 687 possit
3379 621 3442 672 iis
3475 623 3560 690 qui

1983 699 2216 770 ignorant
2241 712 2287 755 et
2326 713 2513 767 errant,
2539 705 2776 774 quoniam
2804 716 2850 759 et
2876 707 2985 775 ipse
3009 708 3351 764 circumdatus
3378 721 3451 765 est
3480 712 3563 765 in-

1984 787 2220 858 ﬁrmitate
2249 806 2267 846 :
2296 801 2345 847 et
2373 805 2639 866 propterea
2664 792 2804 850 debet
2830 799 3257 866 quemadmodum
3286 819 3378 870 pro
3401 819 3564 873 popu—

1982 881 2054 944 lo,
2076 880 2148 934 ita
2168 885 2320 936 etiam
2345 894 2391 937 et
2408 899 2501 955 pro
2522 885 2784 957 semetipso
2804 887 2989 953 oﬁ'erre
3009 901 3101 959 fro
3123 892 3340 961 peccatis
3377 892 3561 963 (Hebr.

1983 974 2036 1028 5.
2066 974 2212 1045 1-5).
2252 975 2435 1032 Vidon’
2458 993 2619 1048 quam
2648 980 2902 1049 optimam
2925 980 3079 1035 nobis
3107 997 3325 1037 causam
3346 983 3562 1048 dixerit,

1989 1063 2057 1118 ob
2096 1081 2254 1134 quam
2302 1083 2406 1121 non
2446 1069 2656 1138 angeli,
2698 1084 2803 1124 non
2834 1069 3160 1141 archangeli,
3194 1073 3288 1128 scd
3320 1073 3563 1131 horniucs

1987 1154 2245 1210 Ecclesiis
2273 1157 2653 1228 prandi-initur,
2687 1169 2741 1215 ut
2768 1161 3057 1218 cinidolere
3096 1164 3303 1232 possint
3337 1165 3421 1230 iis,
3472 1166 3563 1235 qui

1983 1250 2225 1318 ejusdem
2253 1263 2380 1307 sunt
2405 1263 2640 1319 natur-zu;
2670 1263 3008 1323 peccatorum
3035 1270 3252 1310 suorum
3281 1259 3562 1312 conscien-

1987 1343 2112 1396 tiam
2166 1358 2263 1397 ceu
2294 1346 2585 1399 maximam
2632 1344 2948 1399 humilitatis
2984 1346 3322 1416 disciplinam
3365 1347 3562 1403 haben-

1989 1436 2110 1489 tes?
2158 1437 2363 1491 Etcuim
2396 1448 2451 1493 et
2484 1440 2595 1508 ipse
2616 1480 2631 1502 ,
2668 1439 2870 1508 inquit,
2917 1440 3284 1496 circumdatus
3308 1451 3393 1497 est
3416 1442 3560 1497 infir-

1987 1527 2209 1592 mitate,
2263 1535 2317 1581 et
2375 1537 2651 1597 propterea
2700 1529 2903 1597 debet,
2969 1531 3419 1598 quemadmodum
3469 1548 3563 1603 pro

1990 1619 2205 1689 populo,
2230 1620 2301 1673 ita
2331 1621 2488 1673 etiam
2521 1636 2616 1689 pro
2644 1622 2937 1691 semetipso
2966 1620 3160 1677 oﬂerrc
3186 1640 3282 1693 pro
3309 1629 3560 1694 peccatis.

1988 1708 2100 1763 lloc
2136 1710 2309 1779 ipsum
2353 1725 2493 1765 nunc
2528 1727 2742 1781 quoque
2789 1711 3020 1768 efficitur
3064 1731 3078 1765 :
3119 1715 3172 1768 iu
3222 1714 3323 1770 hac
3371 1716 3564 1785 quippe

1987 1816 2138 1855 sacra
2187 1817 2370 1856 mensa
2412 1804 2705 1866 adstantes,
2756 1813 2814 1858 et
2857 1804 3194 1860 tremendum
3242 1807 3564 1867 sacrificium

1987 1892 2295 1956 oderentes,
2319 1892 2768 1961 quemadmodum
2797 1903 2893 1963 pro
2921 1895 3099 1965 populi
3125 1896 3337 1952 delictis
3356 1899 3564 1952 veniam

1988 1985 2248 2052 petimus,
2294 1984 2363 2037 ita
2395 1999 2489 2052 pro
2525 1984 2719 2038 nostris
2741 1982 2871 2053 ipsis
2894 2000 3107 2055 quoque
3137 2002 3419 2056 rogamus,
3448 2005 3564 2043 ura-

1989 2090 2128 2141 mus,
2159 2074 2510 2144 deprecamur
2530 2114 2545 2142 ,
2575 2082 2630 2130 et
2671 2090 2767 2145 pro
2803 2075 3053 2131 omnibus
3083 2077 3407 2133 sacrificium
3436 2078 3569 2135 offe-

1988 2165 2198 2218 rittttts..
2213 2205 2251 2218 ..
2286 2166 2363 2235 (ιι)

2060 2255 2114 2308 5.
2164 2253 2241 2309 Ne
2291 2254 2418 2313 mihi
2461 2269 2703 2323 avarum,
2732 2255 2935 2313 ventris
2972 2272 3206 2324 servum,
3237 2270 3293 2316 et
3325 2276 3449 2316 eum
3477 2262 3567 2332 qui

1992 2355 2191 2404 natum:
2214 2345 2540 2403 nobilitatem
2574 2346 2822 2416 nequitia:
2854 2349 3103 2417 prodidit.
3128 2349 3440 2417 adduxeris;
3471 2355 3567 2407 sed

1993 2434 2134 2491 hunc
2161 2446 2217 2491 et
2244 2452 2336 2491 eos
2366 2439 2456 2507 qui
2483 2438 2622 2492 sicut
2650 2439 2740 2493 ille
2765 2439 3112 2511 archetypum
3156 2452 3458 2509 servarunt,
3504 2454 3564 2501 et

1991 2525 2194 2595 regium
2239 2527 2599 2584 characterem
2628 2544 2693 2584 ac
2721 2527 2944 2585 fortnam
2983 2548 3088 2585 non
3134 2531 3518 2590 labefactaruut
3551 2558 3565 2591 .-

1990 2623 2047 2670 ct
2081 2625 2205 2671 tunc
2244 2618 2383 2673 scies
2416 2619 2540 2689 quid
2580 2620 2650 2674 sit
2690 2620 2872 2676 homo.
2900 2621 3030 2676 Nam
3059 2623 3147 2677 hic
3171 2638 3379 2695 quoque
3407 2626 3569 2689 homo

1990 2713 2127 2771 erat,
2157 2706 2395 2761 mulieris
2422 2717 2577 2776 partu
2600 2719 2756 2764 natus
2780 2721 2835 2764 et
2864 2711 3001 2767 lacte
3030 2712 3261 2768 nutritus
3293 2733 3306 2769 :
3340 2715 3395 2772 in
3428 2724 3567 2771 terra

1992 2794 2286 2863 b..bitabat,
2317 2812 2495 2852 aerem
2526 2798 2779 2869 spirabat,
2803 2810 2857 2855 et
2884 2802 3083 2867 omnia,
3115 2818 3235 2873 qua:
3262 2804 3436 2871 nobis,
3471 2807 3570 2874 ipsi,

1991 2902 2203 2957 quoque
2222 2890 2521 2944 conununia
2546 2901 2697 2946 erant
2720 2910 2733 2945 :
2757 2895 3081 2959 communia,
3107 2894 3344 2965 inquam,
3367 2912 3437 2951 ea
3453 2914 3573 2966 qua:

1991 2979 2058 3033 ad
2089 2990 2331 3034 naturam
2366 2983 2665 3051 pertinent;
2697 2983 2789 3038 sed
2817 2985 3065 3054 quoniam
3102 2987 3223 3042 vita:
3271 2989 3569 3044 institutum

1992 3078 2469 3147 spcctantegrcgia
2489 3086 2664 3144 erant,
2705 3078 2824 3133 ideo
2868 3078 2969 3134 hac
3001 3089 3147 3134 tanta
3193 3081 3360 3151 gratia
3402 3080 3567 3136 fulsit.

1993 3169 2150 3237 Atqui
2176 3186 2279 3223 non
2305 3170 2544 3237 pecuniis
2567 3171 2855 3225 instructus
2874 3180 3011 3236 erat,
3027 3186 3135 3225 non
3163 3173 3377 3241 generis
3390 3173 3567 3243 spicu-

1993 3259 2142 3323 dore,
2178 3277 2283 3314 non
2343 3263 2524 3330 patria:
2567 3262 2898 3330 celebritate,
2930 3278 3037 3319 non
3083 3265 3390 3335 eloquentia
3414 3307 3431 3332 ,
3463 3282 3568 3322 non

1994 3350 2186 3420 linguae
2210 3352 2474 3420 acumine,
2498 3368 2603 3409 non
2626 3367 2903 3409 servorum
2940 3370 3122 3426 grege,
3158 3371 3262 3411 nec
3292 3358 3568 3412 eunucho-

1994 3455 2111 3495 rum
2136 3442 2383 3509 agmine:
2415 3458 2522 3499 non
2557 3443 2750 3498 domus
2768 3444 2866 3514 ipsi
2894 3444 3148 3499 deaurato
3171 3454 3334 3514 tecto,
3359 3460 3464 3503 non
3483 3463 3570 3503 sc-

1994 3532 2120 3585 ricao
2137 3544 2314 3587 vestes
2335 3549 2443 3587 non
2465 3548 2644 3589 mensa
2661 3535 2869 3590 deliciis
2890 3535 3101 3602 referta.
3121 3553 3232 3593 non
3257 3538 3399 3593 aliud
3416 3540 3574 3610 quid-

1993 3624 2133 3692 piam
2152 3638 2218 3678 ex
2246 3624 2329 3686 iis,
2350 3639 2468 3694 quae
2489 3624 2637 3678 multi
2659 3625 2813 3680 beata
2835 3641 2955 3681 esse
2979 3636 3252 3697 reputant;
3276 3629 3371 3684 sed
3393 3639 3571 3686 estre-

1995 3732 2079 3771 ma
2102 3725 2413 3786 paupertas:
2442 3731 2546 3772 non
2573 3717 2649 3772 illi
2679 3717 2745 3772 ad
2770 3718 2966 3773 victum
2993 3722 3293 3776 necessaria
3318 3731 3575 3792 suppete-

1995 3808 2142 3876 bant,
2163 3809 2263 3864 sed
2276 3809 2419 3879 apud
2442 3809 2652 3863 viduam
2681 3809 2977 3875 mulierem,
2997 3810 3250 3881 illamque
3268 3812 3571 3877 Sidoniam,

1993 3900 2400 3967 emendicabat,
2441 3914 2657 3955 manum
2693 3900 2990 3956 extendens
3015 3911 3070 3956 et
3097 3916 3288 3973 panem
3331 3912 3522 3973 petens
3555 3921 3572 3959 :

1996 3991 2354 4047 habitaculum
2384 3992 2482 4063 ipsi
2508 4002 2624 4046 erat
2649 3992 2903 4061 spelunca
2922 4033 2940 4059 ,
2971 3995 3344 4049 vestimentum
3380 3995 3535 4064 pellis
3554 4037 3569 4059 ,

1995 4097 2181 4139 mensa
2221 4089 2401 4150 terra,
2441 4082 2811 4153 progenitores
2848 4083 3112 4153 ignobiles
3151 4094 3207 4139 et
3246 4097 3315 4141 ne
3352 4086 3577 4141 nurnine

1993 4175 2209 4245 quidem
2235 4175 2368 4241 noti,
2400 4175 2566 4244 patria
2593 4175 2731 4238 vilis,
2762 4176 2866 4230 vita
2889 4176 3134 4246 agrestis.
3161 4180 3411 4233 Attamen
3439 4178 3573 4233 nihil

1994 4269 2185 4331 horum
2203 4270 2583 4338 impedimento
2603 4271 2699 4338 ipsi
2723 4270 2820 4325 fuit
2834 4270 2903 4325 ad
2921 4271 3263 4340 splendorem
3278 4284 3331 4328 et
3345 4274 3577 4330 celebri-

1997 4370 2157 4418 tatem
2174 4361 2267 4416 sed
2288 4362 2451 4429 etiam
2469 4362 2682 4433 regibus
2706 4362 2953 4418 omnibus
2973 4364 3295 4432 opulentior,
3319 4374 3378 4421 et
3402 4366 3575 4434 philo-

1994 4453 2182 4523 sopbis
2207 4453 2411 4509 cunctis
2435 4452 2851 4523 rhetoribusque
2892 4455 3201 4525 sapientior,
3234 4461 3291 4511 ct
3332 4456 3442 4512 illis
3481 4458 3573 4526 qui

1996 4547 2298 4604 diademate
2347 4546 2706 4616 insigniuntur
2745 4546 3005 4601 illustrior
3033 4555 3150 4602 erat
3173 4568 3186 4602 :
3211 4558 3264 4602 et
3295 4549 3579 4604 nobilitate

1998 4639 2166 4708 magis
2189 4637 2563 4704 decorabatur,
2595 4651 2753 4707 quam
2783 4638 2817 4691 ii
2845 4638 2936 4708 qui
2981 4639 3153 4709 regias
3186 4639 3347 4695 urbes
3373 4639 3578 4695 habent

1999 4733 2256 4802 patriam:
2285 4731 2471 4786 orbem
2497 4744 2726 4799 namque
2757 4730 2980 4800 patriam
3005 4731 3265 4795 habebat;
3289 4733 3399 4788 imo
3414 4736 3576 4790 etiam

1999 4823 2144 4878 orbis
2173 4822 2271 4892 ipsi
2298 4837 2395 4877 ceu
2427 4835 2584 4890 parva
2613 4820 2740 4875 urbs
2768 4830 2881 4876 erat
2899 4862 2916 4888 ,
2943 4822 3246 4892 clamatque
3277 4824 3471 4879 Paulus
3495 4823 3579 4879 di-

2000 4932 2127 4974 cens
2161 4915 2521 4972 :Circuieruut
2566 4914 2619 4967 in
2662 4913 2859 4967 melotis
2884 4951 2900 4979 ,
2950 4914 3004 4967 in
3049 4914 3262 4984 pellibus
3303 4917 3527 4984 caprinis
3555 4933 3577 4969 :

1998 5009 2175 5079 quibus
2194 5008 2382 5078 dignus
2399 5015 2614 5060 nouerat
2633 5007 2848 5060 mundus
2868 5005 3080 5073 (Heer
3099 5008 3145 5060 l.
3162 5008 3274 5075 '57).
3297 5009 3506 5063 Etenim
3524 5011 3579 5062 in

2003 5114 2229 5170 superna
2256 5099 2473 5153 civitate
2500 5098 2831 5164 versabatur,
2852 5098 3003 5166 cujus
3029 5097 3219 5151 artifex
3248 5110 3307 5153 et
3334 5100 3584 5154 conditor

2004 5202 2087 5248 est
2134 5193 2291 5246 Deus.
2336 5188 2461 5244 Ideo
2488 5189 2582 5244 tibi
2605 5202 2891 5259 pauperem
2920 5200 2972 5242 et
3000 5199 3268 5259 agrestem
3293 5190 3464 5244 virum
3494 5190 3584 5242 in-

2004 5284 2130 5340 duxi
2169 5284 2365 5354 pietate
2389 5281 2757 5350 conspicuum,
2782 5285 2839 5333 ut
2873 5279 3076 5332 mdium
3108 5279 3385 5335 obtentum
3417 5279 3587 5333 habe-

2007 5392 2113 5433 res.
2143 5375 2274 5431 Nam
2305 5374 2350 5429 si
2374 5373 2594 5428 divitem
2617 5371 2993 5441 ct‘sapientem
3019 5371 3369 5436 induxissem,
3399 5370 3585 5425 dicere

2007 5466 2299 5538 potuisses,
2325 5464 2615 5532 Paupertas
2636 5470 2691 5516 et
2717 5461 3010 5530 ignorantia
3033 5460 3273 5529 impedit,
3295 5460 3585 5527 quominus

2010 5557 2130 5612 talis
2156 5554 2357 5611 efliciar
2381 5570 2394 5606 :
2421 5566 2562 5606 nunc
2588 5561 2766 5606 autem
2797 5551 2863 5605 ad
2889 5550 3090 5605 nullum
3120 5551 3276 5606 talem
3300 5551 3578 5606 obtentum

2073 5738 2144 5793 (τι)
2171 5733 2437 5785 Iiicdecrd,
2465 5736 2513 5779 ut
2542 5736 2759 5791 apparet,
2789 5728 2960 5788 pagina
2985 5727 3164 5776 avulsa.
