3966 6160
329 398 433 452 ηδε
546 449 551 454 ,
1001 388 1017 441 l
1059 384 1357 456 llOMlLlA,
1397 387 1583 472 Quos
1623 383 2084 452 FltEQUENTElt
2121 383 2659 445 CUNYENIENDUM
2699 391 2825 459 srr,
2871 394 3021 450 ere.
3492 406 3599 464 too

331 507 613 576 confugere
651 512 803 574 potes
837 521 849 558 :
884 517 1002 557 nam
1034 511 1088 557 et
1118 502 1209 557 ille
1238 516 1436 572 pauper
1461 509 1600 566 erat,
1632 498 1900 554 omnium-

328 614 430 668 que
459 592 733 652 hominum
768 594 1137 664 pauperrimus
1169 609 1183 644 :
1213 593 1269 647 in
1298 595 1513 647 deserto
1540 576 1844 655 habitabat,
1876 604 1909 643 a

330 690 620 760 majoribus
652 698 707 743 et
733 705 763 741 a
794 687 960 757 patria
998 685 1244 757 ignobilis
1265 726 1279 751 ,
1311 699 1519 740 necnon
1552 684 1620 738 ab
1645 682 1764 738 aliis
1788 674 1908 736 om-

330 783 504 835 nibus.
553 782 804 834 Attamen
854 778 945 833 ille
990 777 1110 848 plus
1150 792 1309 847 quam
1344 775 1425 831 sol
1467 774 1683 839 effulsit,
1726 781 1781 829 et
1817 772 1910 829 illo

331 882 570 941 tempore
616 879 670 925 et
714 885 859 925 nunc
904 883 1136 939 quoque,
1183 877 1238 924 et
1279 876 1530 938 quantam
1572 865 1654 921 sol
1694 865 1911 935 respicit

331 975 551 1028 terram,
585 971 791 1018 tantam
823 961 938 1031 ejus
958 961 1128 1031 gloria
1158 960 1418 1029 pervadit,
1440 959 1650 1014 etiamsi
1680 966 1804 1012 ante
1834 963 1911 1011 tot

316 1048 522 1109 saecula
552 1053 853 1118 exstiterit;
874 1052 967 1106 sed
989 1062 1191 1106 tantum
1224 1061 1432 1121 tempus
1452 1050 1567 1119 ejus
1592 1047 1907 1104 memoriam

330 1161 435 1200 non
460 1144 756 1208 exsuuxit;
786 1152 842 1198 et
856 1144 978 1214 jure
1010 1142 1201 1197 merito
1227 1141 1463 1213 quidem.
1507 1140 1652 1195 Talis
1679 1153 1908 1209 namque

330 1253 416 1291 res
448 1246 531 1292 est
558 1238 726 1291 virtus
746 1276 762 1301 ,
792 1235 1106 1290 immortalis
1125 1275 1141 1300 ,
1172 1249 1290 1304 qum
1320 1234 1437 1304 plus
1453 1247 1616 1302 quam
1638 1230 1717 1286 sol
1758 1230 1910 1285 efful-

330 1338 470 1397 geat.
513 1326 750 1390 Verum,
802 1334 857 1380 ut
910 1325 1020 1397 jam
1082 1325 1188 1379 dixi
1236 1326 1459 1394 (neque
1500 1324 1641 1378 enim
1698 1319 1911 1391 oportet

334 1436 451 1485 nos,
486 1421 538 1475 in
583 1420 858 1490 propheta:
904 1419 1118 1473 laudum
1164 1418 1383 1489 pelagus
1423 1417 1649 1481 delatos,
1683 1416 1908 1470 instituti

332 1512 624 1582 argumenti
653 1511 939 1580 oblivisci),
970 1511 1057 1564 hic
1081 1526 1294 1582 quoque
1319 1509 1406 1563 illa
1436 1508 1669 1573 exhibet,
1695 1523 1812 1577 qua:
1841 1507 1909 1563 de

331 1604 513 1676 Moyse
538 1605 678 1660 dicta
703 1615 845 1659 sunt.
875 1604 1008 1674 Quia
1037 1603 1181 1659 enim
1203 1602 1491 1658 verisimile
1514 1611 1629 1657 erat
1650 1602 1819 1669 illum,
1842 1616 1908 1656 ex

334 1696 588 1763 prmclare
614 1698 777 1767 gestis
806 1698 1025 1761 elatum,
1060 1710 1165 1749 non
1205 1694 1489 1749 admodum
1532 1709 1754 1763 pronum
1798 1692 1910 1747 fore

335 1787 400 1841 ad
431 1787 636 1841 veniam
686 1786 893 1843 ca-trris
938 1786 1371 1853 concedendam;
1417 1786 1538 1841 vide
1587 1784 1712 1856 quid
1752 1783 1908 1839 faciat

334 1878 510 1931 Deus:
539 1876 793 1945 permittit
818 1877 967 1932 illum
994 1879 1159 1949 gratia
1187 1892 1282 1931 sua
1314 1876 1522 1943 nudari,
1549 1885 1604 1930 ut
1627 1875 1909 1930 infirmita-

333 1979 437 2022 tem
482 1968 599 2037 ejus
627 1969 1046 2024 .ostendat:imo
1087 1985 1213 2024 vero
1256 1984 1287 2024 e
1326 1984 1384 2023 re
1414 1967 1607 2032 fuerit,
1633 1976 1690 2021 ut
1737 1967 1909 2036 primo

331 2059 675 2114 ostendamus
699 2060 965 2131 quomodo
998 2076 1102 2115 non
1131 2070 1272 2116 esset
1292 2060 1358 2114 ad
1380 2060 1586 2115 veniam
1610 2059 1911 2114 conceden-

332 2150 451 2204 dam
482 2164 702 2220 pronus.
734 2152 1016 2223 Postquam
1044 2153 1187 2207 enim
1217 2152 1482 2207 clauserat
1499 2150 1783 2216 caelum,et
1805 2157 1911 2203 ter-

333 2260 445 2297 ram
477 2243 862 2299 infructuosam
895 2245 1220 2309 reddiderat,
1246 2243 1517 2316 famesque
1538 2251 1686 2309 erat;
1718 2241 1906 2310 fames,

332 2336 569 2406 inquam,
616 2338 854 2392 omnium
901 2339 1273 2402 acerbissima;
1321 2346 1374 2391 et
1421 2352 1571 2407 aqum
1614 2336 1910 2405 absumpta:

333 2436 516 2493 erant,
547 2430 810 2485 exsiccata
844 2429 1028 2496 herba,
1060 2430 1274 2485 flumina
1304 2428 1635 2496 defecerant,
1661 2427 1907 2483 horrida-

334 2535 435 2589 que
463 2528 579 2575 erat
620 2529 776 2577 terrae
822 2522 1003 2589 facies,
1041 2533 1267 2578 mortem
1316 2522 1599 2587 minitans;
1633 2519 1908 2590 famesque

337 2611 559 2667 ulterius
604 2612 901 2681 procedens
948 2613 1234 2680 Steviebat,
1267 2612 1618 2667 miserrimam
1650 2612 1909 2667 inducens

334 2712 557 2757 mortem
586 2721 597 2756 :
623 2719 795 2773 neque
820 2704 897 2758 sic
938 2703 1027 2759 ille
1078 2703 1301 2758 inflexus
1329 2714 1445 2768 est;
1478 2703 1572 2758 sed
1629 2703 1814 2759 abiens
1856 2705 1909 2758 in

334 2796 525 2850 montis
546 2797 823 2850 cacumine
843 2796 1024 2850 sedem
1055 2804 1262 2865 posuit,
1282 2811 1401 2851 cum
1428 2797 1705 2851 Judaicum
1736 2811 1910 2867 popu-

335 2889 442 2941 lum
466 2888 516 2941 in
548 2898 652 2941 tam
676 2903 890 2957 gravem
908 2888 1263 2943 calamitatem
1286 2899 1340 2943 et
1366 2887 1539 2943 tabem
1566 2889 1903 2958 conjecisset.

334 2979 436 3034 Sed
468 2979 727 3048 benignus
757 2979 916 3044 Deus,
936 2990 988 3033 et
1006 2979 1286 3033 inetl‘abilis
1314 2979 1531 3050 ejusque
1549 2978 1780 3042 bonitas,
1799 2987 1910 3034 tan-

334 3079 441 3125 t:'m
482 3072 822 3125 severitatem
864 3084 968 3125 non
1012 3070 1159 3135 tulit;
1189 3069 1282 3124 sed
1327 3070 1578 3140 quoniam
1612 3068 1705 3124 ille
1734 3069 1907 3140 ipsum

336 3162 536 3232 precari
578 3164 795 3218 nolebat
836 3172 892 3217 ut
916 3163 1271 3218 calamitatem
1294 3163 1547 3229 auferret,
1575 3176 1696 3216 curn
1730 3172 1907 3218 tamen

334 3254 474 3309 Deus
499 3255 616 3309 sine
646 3255 737 3309 illo
766 3254 818 3308 id
850 3256 1105 3324 perﬁcere
1133 3255 1328 3317 nollet;
1372 3253 1493 3308 vide
1545 3254 1670 3324 quid
1714 3256 1906 3307 factum

333 3346 398 3397 sit
422 3346 628 3415 :primo
652 3360 772 3398 cum
805 3345 893 3398 illo
922 3361 1033 3399 rem
1060 3346 1436 3409 communicat,
1456 3354 1508 3400 et
1534 3355 1659 3399 tunc
1681 3345 1908 3414 pluviam

334 3437 509 3490 mittit.
539 3437 722 3491 \‘iden‘
753 3437 803 3491 in
834 3436 935 3491 hoc
956 3438 1113 3491 etiam
1137 3438 1225 3492 Dei
1255 3437 1631 3508 benignitatem
1650 3449 1700 3491 et
1722 3437 1910 3493 Imma-

334 3528 569 3590 nitatem,
596 3536 755 3595 atque
799 3528 1054 3581 honorem
1084 3542 1190 3597 quo
1236 3537 1475 3582 sanctum
1508 3528 1676 3582 virum
1718 3544 1905 3598 prose-

331 3616 625 3685 quebatur?
653 3616 835 3685 Neque
882 3618 1022 3671 enim
1072 3618 1219 3686 prius
1262 3618 1460 3672 imbres
1503 3618 1713 3682 emisit,
1745 3632 1902 3687 quam

331 3713 481 3765 illum
521 3720 664 3765 esset
720 3710 1023 3780 alloquutus
1052 3719 1105 3765 et
1133 3711 1258 3781 quid
1301 3710 1537 3765 futurum
1575 3718 1719 3765 esset
1744 3709 1911 3764 dixis-

331 3812 447 3866 set,
482 3802 778 3870 futuraeque
821 3785 1140 3855 illum‘misit
1182 3817 1359 3855 rerum
1399 3800 1737 3854 abundantia:
1769 3816 1907 3871 prce-

327 3910 539 3948 coneni.
566 3895 701 3960 Quia
751 3894 890 3947 enim
949 3910 1044 3963 per
1087 3909 1209 3948 eum
1257 3894 1428 3961 tristia
1476 3904 1785 3959 evenerant,
1815 3911 1903 3948 vo-

328 3989 427 4041 luit
452 3988 611 4042 etiam
644 3988 902 4041 bonorum
934 3987 1282 4055 laetorumque
1310 3988 1551 4040 nuntimn
1583 4001 1723 4047 esse,
1748 3997 1907 4052 atque

325 4094 390 4131 ex
425 4085 610 4131 monte
662 4077 910 4131 eductum
957 4077 1102 4131 illum
1133 4077 1276 4130 misit
1306 4078 1394 4146 qui
1428 4077 1622 4146 ubique
1654 4077 1902 4130 imbrintn

323 4169 616 4224 adventum
645 4181 695 4224 et
719 4178 1043 4224 cessaturam
1072 4184 1193 4225 esse
1222 4171 1412 4224 famem
1444 4170 1774 4239 pra:diceret.
1811 4171 1905 4223 At-

326 4274 508 4317 tamen
536 4277 656 4317 cum
691 4262 901 4316 tandem
928 4262 1099 4333 pluvia
1128 4261 1436 4325 decidisset,
1469 4272 1521 4315 et
1551 4260 1696 4317 brevi
1728 4277 1903 4316 rcrmn

323 4353 566 4407 omnium
594 4353 745 4422 copia
772 4353 991 4409 advecta
1034 4352 1257 4420 fuisset,
1297 4364 1647 4424 congregatos
1690 4355 1779 4409 ille
1820 4371 1905 4409 sa-

322 4444 573 4498 cerdotes
605 4443 776 4504 Baulis
807 4459 1027 4513 numero
1053 4444 1489 4515 quadringentos,
1517 4446 1622 4499 imo
1647 4447 1902 4515 quadrin-

320 4547 513 4608 gentos
542 4547 598 4592 et
627 4537 891 4608 octoginta
941 4537 1203 4607 jngnlavit
1224 4578 1237 4603 ,
1266 4549 1317 4593 et
1339 4539 1610 4610 sanguinis
1641 4549 1905 4596 torrentes

321 4628 521 4683 emisit.

392 4720 448 4774 4.
490 4718 628 4785 Quid
660 4717 774 4773 haec
803 4717 869 4772 ad
899 4718 1199 4772 institutum
1229 4721 1508 4775 nostrum?
1538 4720 1614 4776 Ne
1638 4721 1902 4791 turberis,

323 4828 356 4863 ο
386 4813 616 4873 dilecte;
646 4810 712 4864 ad
742 4811 909 4880 ipsam
941 4812 1202 4865 dictorum
1226 4828 1488 4869 Summam
1514 4814 1623 4881 jam
1650 4831 1898 4886 propero.

322 4899 608 4972 Postquam
639 4903 781 4957 enim
827 4901 1094 4956 ﬂammam
1146 4903 1286 4956 illam
1343 4919 1375 4958 e
1429 4904 1564 4958 czelo
1617 4906 1800 4969 duxit,
1847 4916 1901 4962 et

325 4994 601 5045 \ictoriam
626 4992 937 5060 reportavit,
953 4992 1396 5061 splendidumque
1424 5007 1679 5062 tropazum
1705 4998 1897 5061 erexit,

324 5096 384 5135 ac
413 5080 753 5136 sacerdotum
782 5080 981 5135 caedem
1011 5082 1272 5149 patravit,
1302 5084 1430 5136 abiit
1475 5084 1711 5153 gaudens
1738 5097 1790 5138 ct
1833 5086 1900 5140 de

325 5173 487 5241 gestis
518 5171 797 5241 magnifice
825 5175 1079 5227 sentiens.
1116 5173 1257 5227 Misit
1288 5174 1354 5227 ad
1383 5174 1527 5226 illum
1559 5191 1692 5230 uxor
1724 5176 1898 5230 Acha-

325 5265 439 5326 ahi.
490 5262 826 5318 meretricula
870 5262 991 5317 vilis
1024 5274 1079 5318 et
1123 5263 1455 5332 spernenda,
1506 5264 1690 5322 dicens
1725 5286 1735 5319 :
1773 5268 1900 5323 "th

328 5358 513 5423 {nt-iant
545 5356 667 5409 mihi
700 5356 771 5408 dii
795 5396 809 5420 ,
837 5367 881 5408 et
910 5357 1018 5410 lucc
1061 5355 1286 5420 addant,
1317 5359 1361 5410 si
1401 5374 1498 5411 non
1541 5375 1754 5427 posuero
1784 5379 1897 5415 cras

325 5447 545 5498 anitmmt
611 5459 749 5496 tuam
796 5446 922 5498 sicut
979 5462 1134 5498 unum
1183 5462 1245 5500 ex
1296 5447 1373 5499 liis
1417 5449 1777 5502 sacerdotibus.
1831 5450 1896 5504 Et

325 5538 483 5589 timuit
513 5537 599 5590 ille
619 5580 631 5601 ,
660 5547 706 5589 et
738 5537 865 5606 fugit
892 5537 1021 5589 vium
1057 5538 1396 5606 quadraginta
1427 5538 1621 5590 dierum
1651 5540 1729 5606 (5.
1767 5540 1895 5609 Reg.

325 5630 408 5684 l9.
434 5629 489 5684 2.
528 5627 605 5699 3).
639 5628 773 5695 Quid
800 5630 969 5700 ergo?
1011 5630 1186 5682 anhna
1236 5629 1324 5683 illa
1352 5630 1539 5683 caelum
1583 5630 1852 5699 attingens
1876 5674 1889 5698 ,

324 5718 367 5772 is
394 5721 483 5789 qui
509 5729 676 5774 totum
702 5719 952 5773 mundum
975 5719 1321 5788 despiciebat,
1347 5720 1432 5789 qui
1465 5718 1658 5774 famem
1694 5730 1890 5775 tantam

323 5820 744 5881 contempserat,
791 5811 881 5881 qui
924 5820 1107 5866 contra
1158 5827 1335 5881 regem
1368 5823 1651 5882 tyrannum
1705 5813 1892 5882 hujus-

2022 498 2165 554 modi
2198 500 2579 568 ittSurrexcrat,
2621 506 2711 574 qui
2756 507 2942 561 ea-lum
2989 510 3251 569 clauserat
3287 525 3342 572 et
3365 532 3594 587 aperue-

2015 598 2131 656 rat,
2157 591 2248 659 qui
2305 607 2448 647 nunc
2489 594 2754 664 pluviam,
2788 613 2928 654 nunc
2964 599 3231 660 flammam
3277 606 3594 678 deduxerat,

2013 681 2104 753 qui
2140 691 2347 738 naturae
2380 688 2728 743 necessitates
2765 691 3208 764 conculcaverat},
3250 699 3341 768 qui
3383 705 3597 759 concuti

2015 787 2123 829 non
2163 784 2404 845 poterat,
2448 785 2503 833 et
2541 779 2738 849 ubique
2782 782 3088 840 confidebat
3130 803 3145 841 :
3194 784 3282 844 hic
3324 802 3554 862 repente
3579 835 3595 859 ,

2016 874 2136 936 post
2164 874 2241 921 tot
2269 868 2528 937 praeclare
2554 880 2704 940 gesta
2723 911 2739 937 ,
2769 883 2887 939 post
2917 883 3115 931 tantam
3137 877 3408 950 fiduciam,
3436 887 3596 942 unius

2014 956 2314 1014 fornicaria:
2352 961 2543 1031 puellae
2586 965 2788 1031 minas,
2844 970 3011 1026 verbo
3066 981 3271 1030 tantum
3320 978 3592 1048 prolatas,

2015 1066 2121 1106 non
2152 1053 2303 1118 tulit,
2342 1055 2439 1109 sed
2469 1056 2722 1127 profugus
2744 1068 2799 1113 et
2823 1063 2976 1116 exsul
3006 1064 3239 1122 efficitur
3259 1108 3275 1135 ,
3307 1071 3372 1125 ad
3405 1071 3591 1127 deser-

2017 1150 2127 1197 tum
2164 1143 2436 1215 confugit,
2478 1155 2533 1202 et
2580 1149 2928 1222 quadraginta
2971 1154 3178 1212 dierum
3221 1160 3322 1215 iter
3369 1165 3591 1217 recedit.

2015 1236 2270 1306 Quantam
2317 1240 2477 1310 igitur
2519 1242 2676 1313 hujus
2718 1246 2796 1300 rei
2845 1261 3005 1303 causa
3058 1252 3183 1305 est?
3235 1254 3374 1311 Deus
3426 1259 3594 1325 gratia

2015 1342 2109 1383 sua
2149 1329 2367 1386 nudavit
2405 1330 2575 1398 illum,
2603 1342 2657 1389 et
2698 1343 2821 1390 tunc
2849 1341 3093 1408 apparuit
3126 1352 3327 1399 natura:
3372 1346 3594 1403 infirmi-

2017 1427 2099 1474 tas
2131 1436 2144 1473 :
2177 1430 2572 1477 monstraverat
2599 1424 2739 1480 Deus
2774 1428 3127 1497 prophetam,
3178 1438 3495 1490 monstravit
3539 1450 3596 1491 et

2016 1511 2287 1569 hominem
2314 1556 2329 1579 ,
2382 1524 2439 1570 ut
2464 1517 2735 1573 discerent
2763 1534 2825 1575 ea
2853 1536 2973 1591 qua:
3016 1534 3140 1577 tunc
3164 1534 3309 1594 gesta
3348 1525 3592 1595 fuerant,

2014 1606 2204 1675 gratiae
2256 1621 2392 1677 opus
2423 1606 2611 1664 fuisse.
2662 1610 2787 1667 ﬂare
2843 1628 3004 1682 porro
3041 1614 3299 1683 faciebat,
3352 1629 3411 1675 ut
3446 1621 3593 1676 illum

2014 1695 2081 1748 ad
2127 1697 2337 1753 veniam
2400 1702 2611 1755 cmteris
2671 1703 3071 1760 concedendam
3113 1722 3338 1778 pronum
3394 1713 3592 1767 redde-

2016 1796 2119 1853 ret,
2140 1799 2300 1859 utque
2317 1795 2673 1861 arrogantiam
2698 1810 2761 1849 ex
2791 1798 3044 1864 prmclare
3063 1800 3229 1869 geSIis
3257 1813 3460 1872 partam
3480 1822 3595 1861 suc-

2014 1879 2215 1935 cideret
2236 1891 2289 1936 et
2304 1883 2597 1938 cohiberet.
2630 1886 2780 1954 Quod
2808 1897 2983 1944 autem
3025 1906 3271 1962 magnum
3317 1896 3590 1966 quidpiam

2013 1969 2081 2026 de
2107 1986 2167 2026 se
2193 1973 2414 2027 sentiret
2440 1982 2494 2028 et
2524 1974 2904 2046 imaginaretur
2926 2021 2941 2046 ,
2970 1980 3220 2051 quodque
3248 1995 3433 2040 contra
3459 1988 3594 2043 alios

2013 2078 2201 2117 omnes
2220 2063 2551 2134 insurgeret;
2583 2066 2731 2121 illum
2762 2068 2935 2138 ipsum
2959 2072 3035 2126 rei
3068 2081 3256 2128 testem
3287 2075 3439 2131 vobis
3466 2093 3591 2148 pro-

2014 2149 2202 2206 feram.
2235 2155 2365 2211 Cum
2396 2157 2537 2211 enim
2580 2157 2718 2212 Deus
2748 2159 2919 2228 ipsum
2947 2161 3116 2227 adiit,
3157 2172 3212 2219 ct
3240 2165 3592 2237 interrogavit

2012 2259 2109 2299 cur
2137 2246 2237 2299 isto
2263 2246 2314 2300 in
2343 2246 2462 2302 loco
2489 2258 2811 2317 versaretur,
2841 2251 3026 2308 dicens
3057 2270 3071 2306 :
3105 2254 3241 2321 Quid
3266 2256 3354 2310 tibi
3374 2258 3455 2311 In'c
3480 2270 3552 2312 est
3575 2300 3589 2322 ,

2014 2351 2044 2389 ο
2091 2335 2206 2390 Elia
2242 2337 2298 2411 (5
2322 2338 2451 2409 Reg.
2474 2338 2560 2393 19.
2597 2339 2734 2409 i3)?
2761 2341 2887 2397 illud
2918 2356 3063 2406 vero.
3093 2344 3228 2410 Quid
3255 2346 3341 2400 tibi
3367 2347 3448 2400 hic
3478 2350 3593 2402 est?

2016 2429 2380 2500 interrogavit,
2428 2446 2536 2485 non
2591 2441 2648 2486 ut
2687 2433 2801 2503 ipse
2845 2434 3110 2503 disceret,
3158 2437 3253 2492 scd
3294 2446 3351 2493 ut
3397 2454 3589 2494 arcana

2014 2523 2209 2577 mentis
2257 2524 2423 2593 ipsius
2467 2525 2625 2581 nobis
2672 2527 2964 2593 revelaret;
3009 2543 3130 2583 nam
3158 2530 3318 2584 etiam
3345 2529 3593 2587 Christus

2013 2628 2135 2667 cum
2171 2615 2524 2671 Chananteam
2573 2618 2950 2688 interrogavit,
3007 2636 3112 2676 non
3171 2622 3395 2677 idfecit
3422 2632 3479 2678 ut
3506 2625 3587 2678 di-

2015 2714 2211 2768 sceret,
2258 2706 2353 2761 sed
2378 2716 2435 2761 ut
2462 2706 2583 2763 fidei
2617 2710 2926 2765 thesaurum
2957 2714 3007 2765 in
3042 2713 3151 2782 ipsa
3179 2715 3469 2784 repositum
3495 2731 3592 2768 nos

2014 2794 2230 2851 doceret
2280 2813 2296 2851 :
2344 2797 2635 2870 interrogat
2696 2798 2855 2871 igitur
2910 2801 3059 2856 illum
3102 2819 3197 2858 cur
3238 2813 3439 2859 tantum
3491 2806 3593 2861 iter

2014 2888 2338 2957 susceperit,
2387 2904 2451 2943 ae
2493 2890 2690 2945 relictis
2727 2891 2947 2946 urbibus
2974 2903 3028 2948 et
3071 2895 3278 2963 p0pulis
3321 2895 3587 2950 desertum

2015 2978 2295 3048 delegerit,
2342 2994 2445 3033 non
2490 2991 2546 3035 ut
2577 2982 2690 3051 ipse
2729 2982 2960 3038 disceret
2988 3000 3000 3037 :
3030 2986 3298 3055 quomodo
3325 2988 3465 3042 enim
3500 2989 3589 3058 qui

2013 3069 2193 3123 omnia
2236 3069 2473 3123 sciebat?
2522 3071 2618 3125 sed
2660 3082 2715 3127 ut
2746 3088 2843 3127 nos
2886 3073 3103 3130 doceret
3148 3091 3244 3146 per
3288 3079 3595 3148 responsio-

2016 3175 2135 3215 nem
2166 3160 2281 3231 ejus
2306 3171 2510 3217 secreta
2540 3165 2734 3219 mentis
2763 3165 2947 3235 ipsius,
2976 3178 3029 3223 et
3057 3168 3197 3238 quod
3222 3168 3336 3239 ipse
3368 3180 3423 3224 ut
3464 3186 3590 3240 per-

2018 3251 2330 3306 lerrefactus
2382 3253 2433 3306 in
2485 3252 2828 3311 formidinem
2877 3257 3169 3323 incideret;
3230 3260 3589 3329 permisisset,

2014 3355 2120 3395 non
2150 3341 2477 3411 impulisset;
2526 3346 2898 3410 concessisset,
2946 3363 3117 3417 neque
3164 3361 3413 3417 operatus
3462 3352 3591 3404 fuis-

2012 3442 2115 3501 set,
2150 3434 2243 3488 sed
2276 3435 2526 3490 nudasset
2556 3436 2703 3491 illum
2733 3439 2899 3506 gratia
2932 3447 3133 3493 tantum
3164 3480 3181 3506 ,
3210 3452 3264 3495 et
3295 3442 3384 3495 ille
3414 3442 3586 3495 victus

2013 3537 2157 3581 esset
2188 3546 2200 3580 :
2230 3544 2350 3583 cum
2393 3543 2524 3598 ergo
2567 3529 2822 3595 dixisset,
2860 3530 2994 3597 Quid
3025 3531 3112 3584 tibi
3139 3532 3219 3585 Iu’c
3244 3573 3258 3597 ,
3292 3532 3448 3585 Elia?
3486 3551 3586 3585 an-

2011 3618 2224 3673 diantus
2260 3619 2385 3689 quid
2432 3620 2518 3672 ille
2559 3618 2795 3672 dixerit:
2853 3620 3047 3673 Aftariu
3090 3628 3176 3673 tua
3215 3622 3511 3686 diruerant,
3546 3632 3593 3675 et

2014 3708 2284 3777 proliltctas
2316 3720 2426 3762 tuos
2455 3709 2785 3771 occiderunt;
2814 3717 2859 3761 et
2889 3725 2977 3778 ego
3005 3710 3205 3762 relictus
3234 3726 3347 3764 sum
3374 3710 3511 3764 solus
3538 3721 3587 3763 et

2011 3810 2239 3869 quwruut
2268 3801 2489 3853 animam
2518 3817 2679 3853 meum
2712 3800 2785 3869 (5.
2818 3798 2943 3868 Reg.
2980 3800 3062 3852 l9.
3091 3798 3201 3869 M).
3236 3799 3420 3853 Vidett’
3439 3801 3582 3870 quod

2012 3906 2198 3944 omnes
2242 3891 2466 3961 periisse
2505 3903 2747 3959 putaret,
2790 3901 2844 3944 et
2873 3906 2930 3943 se
2971 3891 3144 3944 solum
3173 3905 3453 3958 superesse
3478 3933 3492 3956 ,
3521 3909 3588 3948 ac

2013 3992 2132 4050 post
2172 3983 2319 4035 illum
2374 3982 2571 4035 nnllmn
2603 3996 2723 4037 esse
2767 3981 2969 4035 alium?
3020 3981 3159 4050 quod
3205 3982 3354 4035 illum
3396 3983 3448 4036 in
3497 3998 3585 4035 ar-

2013 4074 2305 4143 rogantiam
2365 4072 2632 4127 deducere
2686 4073 2936 4142 paulatim
3009 4082 3233 4141 poterat.
3356 4069 3587 4140 Ideoque

2017 4165 2173 4227 Deus,
2205 4175 2263 4218 ut
2289 4164 2423 4218 hanc
2457 4163 2639 4217 falsam
2668 4163 2784 4232 ejus
2809 4164 3118 4232 opinio..etn
3145 4171 3442 4226 amoveret,
3471 4163 3546 4216 ait
3571 4180 3584 4214 :

2016 4258 2215 4324 Reliqui
2241 4258 2363 4310 mihi
2392 4267 2577 4325 septem
2602 4256 2758 4310 millia
2783 4256 3125 4325 virorum,qui
3149 4272 3279 4326 genu
3299 4273 3400 4310 non
3424 4257 3584 4325 ﬂexe-

2011 4358 2127 4402 runt
2170 4360 2283 4401 ante
2310 4347 2442 4401 Bonl
2472 4347 2634 4413 (Ibid.
2668 4363 2715 4401 υ.
2764 4346 2873 4416 18).
2918 4347 3176 4412 Quoniam
3224 4347 3385 4417 igitur
3425 4348 3584 4401 etiam

2010 4439 2222 4509 quando
2271 4438 2565 4492 siccitatem
2622 4437 2950 4501 induxerat,
3003 4438 3117 4508 ipse
3174 4441 3482 4506 perStiterat
3534 4447 3583 4490 ut

2011 4530 2288 4599 castigatio
2330 4530 2419 4583 illa
2448 4539 2768 4599 augeretur,
2801 4538 2857 4584 et
2888 4542 3068 4598 postea
3109 4529 3177 4583 de
3205 4530 3383 4598 seipse
3423 4530 3585 4582 altum

2011 4623 2280 4693 sapiebat,
2336 4637 2399 4677 ac
2439 4623 2482 4677 si
2528 4624 2678 4677 solus
2714 4632 2857 4676 esset
2896 4622 2949 4675 in
3001 4631 3142 4676 terra
3187 4622 3317 4675 tanti
3362 4622 3535 4676 meriti
3573 4644 3585 4677 :

2011 4716 2252 4786 permisit
2280 4716 2417 4769 Deus
2456 4723 2512 4769 ut
2540 4715 2863 4769 infirmimis
2899 4729 3008 4769 sua:
3038 4729 3253 4768 sensum
3282 4723 3336 4767 et
3370 4715 3584 4782 experi-

2011 4819 2245 4864 mentum
2289 4817 2540 4877 mperet,
2571 4808 2792 4862 docens
2821 4817 2951 4877 quot
2995 4817 3175 4861 essent
3221 4806 3309 4875 qui
3357 4806 3584 4859 salutem

2007 4911 2479 4971 consequerentur,
2500 4917 2590 4970 per
2620 4899 2735 4954 hare
2762 4900 2920 4953 ambo
2964 4899 3079 4968 ejus
3125 4899 3359 4952 animum
3407 4897 3578 4966 depri-

2010 5009 2179 5057 mens,
2208 4993 2543 5061 suadensque
2589 5002 2641 5047 ut
2676 4993 2868 5058 ubique
2919 4990 3157 5045 modeste
3196 4999 3414 5058 ageret,
3438 4999 3492 5043 et
3516 4989 3583 5043 ad

2010 5083 2385 5153 ignoscendum
2418 5083 2624 5137 exteris
2654 5099 2849 5152 pronus
2877 5091 3041 5144 esset,
3075 5096 3138 5134 ac
3168 5081 3283 5133 zelo
3310 5092 3408 5132 suo
3438 5078 3587 5132 beni-

2007 5177 2264 5245 gnitatem
2297 5176 2634 5228 admiseeret.

2078 5265 2130 5322 5.
2162 5264 2307 5318 Petri
2340 5266 2544 5335 lapsus.
2574 5293 2646 5303 —
2669 5263 2821 5331 Quod
2850 5264 2893 5316 si
2916 5261 3149 5316 volueris
3172 5259 3360 5316 eadem
3389 5261 3502 5330 ipsa
3530 5260 3584 5316 in

2005 5355 2153 5410 Novo
2192 5356 2540 5411 Testamento
2586 5353 2793 5417 videre,
2843 5367 3054 5405 rttrsum
3085 5350 3178 5404 tibi
3223 5350 3538 5420 coryphmos
3566 5392 3582 5416 ,

2006 5459 2198 5513 turres,
2232 5456 2669 5516 propugnatores,
2706 5453 2761 5499 et
2788 5444 3052 5514 principes
3079 5444 3167 5511 qui
3210 5443 3295 5497 hic
3326 5442 3579 5506 floruere,

2006 5540 2057 5592 in
2103 5538 2334 5591 medium
2383 5537 2646 5590 adducere
2702 5536 3032 5590 conabimur.
3077 5533 3226 5587 Sicut
3269 5533 3484 5603 Moysen
3529 5542 3583 5586 et

2008 5629 2175 5685 Ellam
2205 5627 2550 5690 ostendimus,
2583 5626 2660 5680 sic
2691 5626 2885 5680 Paulus
2923 5633 2977 5677 et
3002 5624 3191 5679 Petrus
3218 5625 3271 5679 in
3301 5623 3450 5678 Novo
3475 5623 3582 5677 Te-

2004 5730 2265 5775 stamento
2281 5726 2659 5773 monstrantur.
2676 5715 3134 5785 Quemadmodum
3149 5717 3290 5771 enim
3309 5715 3384 5770 illi
3396 5713 3578 5777 ambo,

2006 5816 2137 5869 alius
2167 5813 2396 5884 .’Egypiii
2444 5812 2617 5878 unius,
2671 5813 2809 5869 alius
2855 5811 3152 5867 meretricis
3202 5810 3358 5865 unius
3407 5810 3582 5867 minas

3944 1946 3966 2097 ἓ

3943 2110 3966 2169 ε

3940 2192 3966 2270 ε

3938 2532 3966 2602 ἓ

3937 2621 3966 2697 Ε

3936 2712 3966 2771 =

3935 2964 3966 3048 ἓ

3935 3114 3966 3186 ἐ

3934 3288 3966 3390 Ξ

3935 3596 3966 3671 ἐ

3931 3962 3966 4009 -Ι

3930 4018 3966 4136 Ξ
