3966 6160
338 332 442 391 ι67

340 445 688 500 formidantes
739 443 790 496 iu
822 440 996 510 fugam
1025 437 1162 490 versi
1192 444 1312 489 sunt
1345 453 1357 487 :
1384 433 1462 487 sic
1489 440 1545 486 et
1575 430 1762 485 Petrus
1781 469 1796 491 ,
1823 425 1915 482 ful-

341 542 489 591 erum
539 533 687 595 illud.
740 530 1141 586 fundamentum
1189 535 1243 580 et
1283 525 1553 587 columna,
1604 528 1724 589 post
1771 517 1915 572 mille

336 627 765 699 przedicationes,
798 631 916 693 post
940 630 1017 675 tot
1042 618 1327 682 mirabilia,
1363 624 1483 684 post
1509 622 1707 669 tantam
1751 608 1916 681 philo-

339 719 604 788 sophiam,
630 730 732 770 non
766 715 983 783 reginae,
1003 725 1175 779 neque
1205 709 1325 770 viri,
1353 706 1445 761 sed
1464 704 1695 759 ostiaria:
1724 700 1917 772 puella:

340 811 511 864 minas
541 807 713 861 timuit
738 814 991 873 :eratque
1014 801 1140 856 illud
1183 797 1449 869 prioribus
1494 796 1651 864 longe
1678 792 1911 863 gravius.

337 901 425 956 ‘llli
466 913 693 967 namque
742 896 993 950 timentes
1043 901 1246 945 tantum
1291 889 1576 957 fugerunt;
1610 887 1696 938 hic
1738 891 1915 937 autem

332 993 656 1063 gravissimo
704 989 855 1058 lapsu
898 984 1095 1041 cecidit
1133 982 1312 1056 (Joan.
1345 981 1432 1035 18.
1467 976 1577 1050 17),
1623 987 1680 1032 ιιι
1730 989 1918 1032 omnes

334 1085 546 1139 sciunt:
580 1091 858 1152 postquam
884 1078 1027 1133 enim
1058 1076 1225 1145 gratia
1254 1072 1479 1127 nudatus
1507 1080 1609 1135 est,
1637 1070 1919 1126 inﬁrmitas

332 1176 456 1242 "ejus
483 1172 726 1243 apparuit
751 1171 1031 1225 desereulc
1048 1184 1166 1221 eum
1194 1166 1281 1219 Dei
1299 1180 1444 1219 cura.
1472 1162 1719 1217 Permisit
1738 1170 1916 1215 autem

340 1268 483 1319 {Deus
514 1274 571 1319 ut
598 1263 834 1325 caderet,
862 1260 983 1329 quia
1008 1259 1166 1313 etiam
1196 1257 1345 1311 illum
1371 1255 1529 1308 totius
1552 1252 1698 1306 orbis
1725 1250 1922 1320 princi-

336 1366 462 1427 pem
476 1359 864 1411 constituturus
880 1359 1024 1416 erat;
1045 1360 1102 1405 ut
1117 1364 1336 1404 suorum
1354 1362 1558 1401 memor
1576 1345 1916 1405 delictorum,

343 1452 408 1504 iis
438 1451 527 1519 qui
556 1448 810 1516 deinceps
831 1444 1207 1514 supplantaudi
1237 1442 1411 1496 forent
1447 1455 1647 1510 pronus
1673 1446 1816 1492 esset
1853 1436 1918 1489 ad

342 1541 551 1595 veniam
579 1534 1168 1604 concedendum.Quod
1188 1543 1362 1588 autem
1392 1532 1508 1585 hrec
1528 1545 1632 1584 non
1655 1546 1717 1584 cx
1749 1528 1922 1598 conje-

341 1641 494 1687 ctura
514 1631 710 1697 dicam,
738 1628 860 1682 andi
885 1629 1056 1698 ipsum
1082 1625 1354 1681 Christum
1378 1623 1639 1678 dicentem
1674 1640 1686 1675 :
1715 1620 1917 1683 Simon,

347 1725 547 1787 Simon,
580 1723 772 1788 quoties
815 1720 1020 1792 expetiit
1049 1728 1095 1773 te
1121 1730 1346 1782 satanas,
1399 1727 1453 1770 ut
1499 1715 1747 1769 cribraret
1793 1722 1923 1766 tam-

342 1832 494 1884 quam
526 1813 747 1867 triticum
777 1828 795 1866 :
821 1821 869 1865 et
914 1827 1005 1883 ego
1034 1825 1129 1878 pro
1174 1817 1222 1862 te
1268 1808 1442 1878 rogari
1470 1815 1527 1860 ut
1573 1795 1674 1858 non
1719 1804 1923 1872 deﬁciat

345 1904 472 1972 ﬁdes
503 1913 608 1956 tua.
636 1902 701 1955 Et
732 1910 784 1954 tu
820 1900 1093 1969 aliquando
1131 1913 1400 1951 conversus
1444 1894 1690 1963 conﬁrma
1736 1899 1921 1963 fratres

339 2003 453 2049 tuos
482 1992 632 2066 (an.
658 1992 751 2046 ‘22.
782 1992 897 2060 51).
925 1987 1072 2045 Hanc
1094 1988 1244 2052 mihi,
1275 1986 1465 2056 inquit,
1493 1985 1672 2039 auxilii
1694 1984 1920 2052 pra-stiti

336 2085 409 2139 da
432 2084 840 2139 retributionem
871 2100 882 2135 :
915 2080 1015 2135 nisi
1042 2081 1184 2135 enim
1215 2093 1331 2132 mea
1358 2076 1570 2146 adjutus
1594 2074 1784 2129 fuisses
1809 2088 1926 2142 pro-

344 2175 600 2241 videntia,
634 2173 777 2227 illius
806 2172 1165 2226 incursionem
1192 2184 1290 2239 per
1321 2179 1371 2222 te
1414 2166 1556 2222 ferre
1582 2182 1688 2220 non
1715 2165 1925 2234 potuis-

336 2284 451 2323 ses.
479 2269 592 2323 Tua
640 2280 771 2337 ergo
800 2266 1062 2337 cogitans,
1110 2264 1228 2317 aliis
1274 2263 1435 2317 etiam
1467 2274 1583 2316 esto
1610 2262 1870 2331 propitius
1900 2274 1913 2312 :

337 2359 473 2413 illud
501 2359 668 2423 enim,
697 2356 964 2424 conﬁrma,
999 2354 1101 2408 hoc
1128 2350 1519 2407 subiudicautis
1546 2361 1629 2406 est
1660 2368 1673 2403 :
1713 2365 1807 2404 eos
1835 2348 1924 2419 qui

345 2450 602 2503 vacillant
624 2446 907 2512 conﬁrma,
933 2446 1039 2500 illis
1069 2455 1121 2499 te
1147 2453 1531 2512 attemperans,
1564 2457 1780 2497 manum
1813 2456 1926 2510 por-

341 2539 545 2609 rigeus,
574 2536 961 2591 humanitatem
1009 2534 1275 2590 exhibens
1307 2534 1544 2588 multam.
1579 2533 1643 2587 Et
1681 2532 1878 2587 Paulus
1906 2572 1925 2597 ,

345 2626 506 2683 icone
549 2627 738 2696 quovis
784 2626 1058 2691 audacior,
1106 2624 1495 2693 iuuet-territus
1540 2623 1626 2679 ille
1672 2624 1925 2688 animus,

346 2720 577 2787 Idipsum
604 2732 794 2786 passus
820 2728 922 2773 est.
957 2715 1021 2771 Et
1050 2716 1168 2771 ride
1205 2713 1475 2787 quomodo
1503 2730 1718 2785 semper
1740 2724 1927 2769 osten-

348 2812 438 2864 dat
466 2825 524 2864 se
551 2808 865 2862 humilitatis
894 2807 1180 2876 pharmace
1205 2822 1341 2876 Opus
1368 2807 1563 2861 habere
1594 2826 1607 2862 :
1635 2805 1930 2862 Corinthiis

349 2916 579 2969 namque
609 2899 849 2954 scribens
873 2898 975 2952 ait:
995 2896 1132 2951 Nolo
1148 2908 1315 2951 autem
1340 2914 1425 2951 vos
1451 2899 1704 2968 ignorare,
1722 2901 1924 2967 fratres,

350 2992 416 3044 de
444 2990 765 3043 tribulatione
790 2997 981 3053 nostra,
1011 3003 1122 3057 qua:
1147 2987 1283 3056 facta
1304 2997 1374 3041 est
1399 2987 1608 3040 nobisin
1638 2988 1779 3049 Asia,
1806 3004 1930 3057 quac

349 3084 488 3135 niam
514 3097 671 3151 supra
698 3080 902 3133 modum
931 3078 1127 3149 gravati
1155 3094 1325 3131 sumus
1354 3094 1510 3144 supra
1539 3078 1768 3130 virtutem
1799 3090 1817 3130 :
1843 3079 1930 3131 sed

352 3174 454 3243 ipsi
482 3174 533 3226 in
573 3171 945 3241 nobismetipsis
991 3185 1289 3237 responsum
1338 3169 1514 3223 mortis
1561 3169 1848 3235 habuimus,
1882 3180 1932 3223 ut

352 3280 455 3317 non
481 3263 639 3318 simus
681 3262 892 3330 ﬁdentes
928 3261 982 3314 in
1030 3260 1193 3324 nobis,
1235 3259 1323 3313 sed
1350 3260 1405 3313 in
1449 3259 1555 3313 Deo
1597 3260 1684 3326 qui
1726 3260 1933 3314 suscitat

350 3365 597 3420 mortuos,
629 3353 717 3423 qui
742 3353 805 3405 de
824 3352 977 3405 tantis
996 3350 1232 3421 periculis
1257 3367 1347 3403 nos
1374 3351 1576 3420 eripuit.
1603 3350 1934 3420 Speravimus

348 3456 521 3498 autem
548 3445 682 3513 quod
710 3459 800 3497 nos
829 3443 1003 3512 eripiet
1035 3441 1090 3511 (9.
1129 3440 1256 3495 Cor.
1287 3442 1338 3496 1.
1373 3443 1407 3497 8
1443 3442 1554 3513 11).
1604 3443 1935 3512 Desperaha-

357 3551 492 3599 mus,
514 3534 685 3603 inquit
702 3575 714 3596 ,
734 3549 908 3604 neque
936 3532 1374 3601 exspectabamus
1399 3548 1502 3587 nos
1522 3533 1702 3588 vivere
1734 3549 1889 3603 posse
1912 3553 1932 3598 -;

350 3628 446 3679 Sed
480 3629 769 3679 morituros
801 3638 896 3677 nos
938 3638 1058 3676 esse
1088 3623 1440 3691 putabamus:
1477 3625 1579 3679 hoc
1604 3625 1747 3679 enim
1780 3626 1940 3695 signi-

358 3716 483 3772 fic:tt
535 3716 702 3782 illud,
755 3715 869 3787 Ipsi
912 3714 965 3768 in
1006 3714 1373 3775 nobismetipsis
1420 3731 1715 3785 responsum
1764 3719 1938 3773 mortis

356 3807 623 3860 habuimus
655 3822 674 3860 :
706 3805 807 3860 hoc
855 3821 941 3860 res
988 3806 1116 3874 ipsa:
1172 3805 1328 3860 nobis
1372 3807 1790 3875 respondebant,
1842 3824 1940 3865 nos

354 3898 577 3950 munitio
604 3897 868 3964 perituros
896 3913 1033 3950 esse.
1064 3894 1172 3949 Cur
1193 3895 1465 3951 concessit
1492 3895 1652 3963 Deus,
1681 3909 1740 3951 ut
1763 3898 1829 3952 ad
1864 3909 1942 3955 tot

356 3997 612 4056 tantaque
638 3988 868 4054 pericula
898 3985 1244 4041 veniremus?
1297 3982 1374 4038 Ut
1425 3997 1494 4037 ne
1552 3985 1780 4043 fitentes
1853 4002 1941 4043 cs-

360 4093 543 4130 semus
581 4079 632 4131 in
661 4078 834 4142 nobis,
863 4076 956 4131 sed
987 4078 1037 4130 in
1067 4076 1178 4130 Deo
1207 4076 1296 4144 qui
1327 4077 1552 4131 suscitat
1577 4087 1854 4134 mortuos:
1888 4079 1941 4135 id

358 4177 461 4230 est,
494 4176 549 4218 ut
595 4182 698 4220 non
745 4167 911 4219 altum
955 4179 1264 4232 saperemus
1284 4206 1299 4229 ,
1329 4180 1434 4220 non
1463 4167 1846 4222 extolleremur
1874 4169 1942 4225 de

362 4255 519 4308 bonis
548 4255 822 4322 operibus.
854 4253 1007 4322 Quod
1053 4255 1279 4309 subinde
1329 4256 1524 4311 clarius
1553 4257 1716 4323 dicit,
1742 4257 1941 4313 iterum

365 4347 437 4398 ita
482 4347 744 4400 scribens.
788 4345 1073 4415 Postquam
1111 4348 1252 4401 enim
1301 4347 1509 4403 dixerat
1550 4364 1609 4403 se
1650 4352 1707 4403 in
1751 4351 1939 4406 calum

364 4445 574 4506 ruptum
599 4446 651 4490 et
689 4437 741 4490 in
774 4436 1074 4504 paradisum
1118 4437 1413 4506 ingressum
1447 4437 1631 4498 fuisse.
1663 4448 1823 4510 atque
1851 4457 1941 4497 ar-

363 4543 496 4582 cana
523 4528 605 4582 illa
630 4528 789 4582 verba
813 4526 1101 4590 audivisse.
1129 4528 1401 4596 subiunxit
1432 4546 1444 4583 :
1479 4530 1542 4583 Et
1561 4548 1623 4584 ne
1649 4534 1943 4603 magnitudo

364 4620 729 4674 revelationum
753 4618 961 4673 extollat
984 4635 1079 4681 me,
1106 4619 1254 4672 datus
1281 4629 1354 4672 est
1374 4621 1498 4673 milii
1525 4622 1755 4677 stimulus
1770 4625 1938 4691 carni,

362 4711 574 4782 angelus
619 4720 831 4774 satante,
879 4718 935 4762 ut
985 4725 1062 4762 me
1101 4708 1378 4776 colaphizet
1425 4709 1504 4780 (2.
1551 4709 1669 4765 Cor.
1715 4712 1803 4766 12.
1836 4714 1941 4783 7):

367 4805 453 4857 hic
504 4802 804 4857 subindicat
848 4802 967 4856 illos
992 4802 1079 4869 qui
1111 4814 1170 4855 se
1197 4801 1482 4864 vexabant,
1509 4802 1597 4869 qui
1626 4802 1727 4856 sibi
1777 4804 1948 4860 mole-

365 4895 524 4946 stiam
548 4892 846 4962 pariebant,
869 4901 923 4946 et
945 4906 1005 4946 sc
1035 4892 1085 4946 in
1110 4905 1381 4946 carcerem
1412 4891 1765 4961 conjiciebant
1796 4912 1809 4949 :
1843 4894 1947 4948 sin.

363 4985 517 5051 gnlos
537 4984 679 5038 enim
704 4983 914 5037 illorum
946 4991 1183 5037 satauam
1206 4991 1376 5036 vocat.
1404 4980 1731 5037 Permissum
1764 4996 1941 5040 autem

369 5076 485 5137 fuit,
516 5075 704 5144 inquit.
737 5083 795 5127 nt
838 5075 1158 5127 tentatinnes
1188 5074 1528 5133 sustinerem.
1559 5088 1616 5126 ut
1641 5079 1942 5140 arrogantia

377 5161 1558 5175 __-__—-——_———I—o

1565 5162 1836 5174 *-

1041 326 1096 380 S.
1135 316 1410 380 JOA'NNIS
1445 307 1912 374 CHRYSOSTOSII
1950 300 2263 366 ARCIII‘EP.
2303 300 2833 363 CONSTANTINOP.

3497 293 3597 361 4'68

2024 437 2143 476 mea
2193 420 2599 489 reprimeretur,
2648 429 2701 472 et
2751 428 2806 471 ut
2839 415 3080 471 modeste
3124 430 3282 484 agere
3312 415 3595 473 discerem.

2023 512 2251 581 Ideoque
2277 527 2396 564 cum
2428 510 2594 564 Deum
2643 522 2937 578 regassem,
2964 507 3014 561 id
3053 506 3194 577 quod
3222 507 3466 575 petebam
3495 520 3597 562 non

2024 606 2338 675 impetravi;
2385 604 2478 657 sed
2511 603 2717 656 insidiis
2760 603 3037 671 expositus
3067 607 3329 668 perpetuo
3379 600 3595 664 mansi,

2021 712 2289 753 mrumnas
2320 695 2521 749 habens
2548 694 2600 747 in
2648 692 2992 762 pharmacum
3021 690 3352 744 humilitatis.
3385 689 3462 743 Ac
3495 688 3600 743 vita

2023 803 2182 859 quam
2229 787 2431 856 pridem
2488 796 2542 841 et
2591 795 2714 839 ante
2750 783 3163 838 conversionem
3203 780 3447 846 duxerat,
3474 781 3601 834 satis

2023 879 2228 935 eratad
2276 878 2425 932 illum
2458 876 2523 931 ad
2554 891 2738 930 sanam
2770 883 3002 929 mentem
3049 871 3437 927 reducendum.
3469 869 3601 924 Nam

2023 972 2112 1042 qui
2142 970 2208 1024 ad
2242 970 2404 1038 pedes
2430 965 2737 1023 Gamalielis
2766 964 2997 1027 sederat,
3023 960 3115 1031 qui
3139 972 3389 1017 accurate
3414 976 3602 1016 secun-

2023 1061 2146 1114 dum
2180 1070 2448 1129 paternam
2481 1056 2650 1126 legem
2694 1055 2854 1108 vitam
2884 1053 3106 1123 agebat.
3141 1052 3230 1121 qui
3264 1062 3601 1121 paternarum

2027 1151 2367 1205 traditiouum
2410 1146 2690 1202 aemulator
2717 1152 2852 1211 erat,
2899 1144 2987 1212 qui
3036 1144 3324 1212 prophetas
3367 1140 3603 1210 quotidie

2023 1242 2322 1305 cvolvebat,
2353 1239 2440 1309 qui
2470 1240 2521 1293 in
2550 1239 2663 1308 lege
2688 1237 2947 1292 educatus
2973 1235 3149 1289 fuerat
3183 1253 3194 1286 :
3226 1233 3312 1287 hic
3329 1233 3602 1288 Christum

2025 1336 2113 1406 qui
2144 1333 2451 1396 advenerat,
2483 1343 2536 1387 et
2561 1330 2818 1385 miracula
2848 1329 3114 1400 patrabat,
3146 1326 3236 1397 qui
3267 1326 3388 1380 talia
3421 1326 3606 1396 loque-

2028 1427 2198 1490 batur,
2222 1434 2277 1479 et
2302 1425 2590 1493 Scriptura:
2618 1420 2759 1477 dicta
2792 1421 3121 1490 proponebat
3147 1428 3308 1489 atque
3338 1421 3605 1487 interpre-

2027 1521 2257 1582 tabatur,
2302 1533 2406 1572 non
2450 1514 2703 1580 admisit;
2751 1514 2845 1569 sed
2895 1522 2947 1567 et
2997 1522 3274 1581 postquam
3319 1511 3607 1567 crucifixus

2026 1611 2199 1666 fuerat
2241 1618 2292 1663 ct
2339 1615 2747 1670 resurrexerat,
2804 1604 2975 1673 ipsum
3027 1602 3490 1672 persequi-batur,
3543 1617 3608 1657 ac

2028 1702 2172 1757 mille
2203 1699 2447 1755 uiauibus
2474 1698 2591 1766 ejus
2618 1695 2937 1765 discipulum
2972 1694 2988 1725 ¹
3030 1692 3294 1764 lapidibus
3322 1692 3605 1763 impetivit.

2028 1804 2080 1847 et
2106 1801 2291 1848 contra
2312 1789 2580 1845 Ecclesias
2609 1787 2802 1842 bellum
2820 1787 3067 1858 gerebat,
3090 1797 3248 1855 atque
3268 1786 3394 1855 lupo
3420 1788 3608 1855 quovis

2028 1886 2257 1941 ferocior
2281 1892 2396 1939 erat
2418 1901 2430 1936 :
2450 1892 2503 1937 et
2524 1880 2695 1935 donec
2717 1881 2805 1935 lux
2836 1895 3068 1948 superne
3096 1880 3395 1944 refulsit,et
3420 1895 3522 1934 vox
3542 1870 3608 1936 ad

2030 1977 2303 2031 veritatem
2327 1973 2476 2027 illum
2498 1970 2774 2027 attrahens
2790 1971 2962 2026 delata
2983 1979 3086 2034 est,
3104 1986 3170 2025 ex
3196 1987 3255 2026 se
3277 1971 3406 2041 quid
3434 1970 3613 2026 facere

2030 2075 2303 2138 oporteret
2327 2065 2465 2121 scire
2492 2080 2596 2118 non
2637 2072 2864 2132 poterat.
2894 2061 3126 2132 ideoque
3156 2061 3270 2132 ipse
3299 2062 3615 2133 frequenter

2030 2159 2082 2213 in
2106 2157 2346 2228 epistolis
2359 2170 2419 2210 ca
2426 2164 2517 2225 put
2541 2151 2801 2209 inclinans
2815 2152 2928 2208 haec
2946 2165 3141 2218 versat,
3160 2153 3484 2209 erubescens
3499 2165 3616 2224 prae

2028 2249 2234 2320 pudore
2258 2265 2442 2303 eorum
2467 2261 2585 2310 quae
2619 2246 2821 2316 pridem
2847 2244 3077 2300 fecerat:
3101 2260 3161 2299 ac
3178 2244 3462 2301 Timotheo
3487 2249 3621 2301 scri-

2030 2337 2161 2395 bens
2191 2339 2398 2393 dici-bat
2422 2357 2434 2391 :
2454 2335 2660 2391 Gratias
2678 2353 2774 2406 ago
2796 2337 2839 2390 ei
2859 2336 2945 2406 qui
2961 2352 3039 2389 me
3058 2337 3359 2405 confartaoit
3381 2332 3614 2402 Christo,

2029 2431 2147 2503 quia
2176 2430 2375 2499 ﬁdelem
2406 2445 2484 2481 me
2526 2427 2851 2494 existimavit,
2882 2443 3072 2497 ponens
3102 2428 3155 2480 in
3196 2428 3494 2494 ministerio,
3526 2430 3621 2500 qui

2032 2523 2172 2594 prius
2203 2521 2522 2589 blasphemus
2543 2520 2620 2590 fui
2647 2528 2692 2573 et
2720 2530 3048 2588 persequutor
3073 2529 3119 2573 et
3162 2521 3565 2577 contumeliosus
3604 2538 3623 2577 :

2030 2613 2119 2667 sed
2148 2611 2542 2666 misericordiam
2573 2620 2908 2681 consequutus
2936 2622 3069 2676 sum,
3095 2612 3217 2680 quia
3242 2613 3487 2682 ignorans
3515 2615 3624 2683 feci

2032 2705 2083 2758 in
2106 2703 2454 2757 incredulitate
2483 2701 2554 2772 (1.
2594 2698 2734 2755 Tim.’
2759 2702 2808 2754 1.
2844 2701 2931 2755 η.
2963 2701 3069 2771 15).
3100 2700 3172 2755 Ει
3200 2717 3437 2769 rursum,
3489 2703 3627 2758 Ideo

2031 2791 2427 2846 misericordiam
2459 2801 2791 2861 consequutus
2815 2807 2948 2856 sum,
2982 2800 3037 2843 ut
3063 2792 3115 2845 in
3144 2808 3221 2846 me
3262 2794 3425 2862 primo
3449 2804 3635 2849 osten-

2033 2885 2171 2937 deret
2202 2880 2340 2936 Deus
2370 2897 2564 2935 onmem
2588 2881 2903 2950 patientiam,
2927 2881 2994 2935 ad
3016 2883 3425 2954 infomtationem
3443 2901 3629 2938 eorum

2033 2978 2119 3048 qui
2137 2976 2378 3030 credituri
2403 2984 2519 3029 sunt
2542 2974 2619 3028 illi
2633 2975 2685 3027 in
2704 2975 2859 3028 vitam
2883 2984 3125 3028 aeternam
3146 2975 3220 3043 (1.
3249 2974 3382 3029 Tim.
3418 2979 3472 3031 1.
3502 2977 3629 3048 16).

2036 3066 2105 3123 Ει
2133 3066 2425 3122 Corinthiis
2454 3066 2693 3120 scribens
2723 3065 2933 3119 dicebat
2964 3084 2976 3118 :
3012 3065 3113 3131 Qui
3150 3082 3254 3120 non
3296 3084 3411 3121 sum
3434 3069 3631 3138 dignus

2035 3159 2204 3213 vocari
2252 3157 2531 3227 apostolus,
2576 3159 2695 3226 quia
2728 3167 3054 3226 persequutus
3078 3174 3188 3212 sum
3232 3157 3510 3213 Ecclesiam
3539 3163 3630 3231 (Ἰ.

2039 3247 2157 3301 Cor.
2199 3248 2285 3302 ιδ.
2317 3247 2396 3316 9).

2110 3340 2163 3396 6.
2216 3338 2458 3393 Ecclesia
2499 3337 2728 3410 prtefecti
2754 3339 2820 3393 ad
2844 3340 3044 3394 ueniam
3070 3342 3445 3397 concedendam
3466 3346 3637 3413 proni

2040 3434 2138 3486 sint
2165 3442 2376 3502 Oportet.
2406 3461 2476 3471 —
2508 3433 2629 3487 Haec
2673 3442 2851 3487 autem
2897 3436 3075 3488 omnia
3130 3436 3362 3502 fiebant,
3392 3437 3636 3507 illasque

2046 3522 2185 3575 Deus
2202 3521 2482 3577 deserebat
2498 3524 2664 3589 gratia
2687 3538 2780 3577 sua
2813 3524 3055 3591 nudatos,
3079 3534 3137 3579 ut
3167 3535 3448 3596 postquam
3471 3529 3637 3583 inﬁr-

2043 3613 2278 3666 mitatem
2333 3627 2481 3667 suam
2530 3612 2851 3680 didicerant,
2881 3625 2934 3669 et
2962 3616 3232 3684 quomodo
3277 3615 3408 3670 nihil
3458 3621 3641 3687 possit

2042 3701 2205 3755 horno
2227 3702 2341 3757 sine
2368 3718 2598 3771 superna
2619 3718 2720 3772 ope
2738 3746 2752 3767 ,
2785 3720 2907 3759 cum
2938 3707 3003 3759 ad
3031 3706 3340 3774 iudicialem
3369 3708 3637 3763 tlu‘ouutn

2043 3792 2412 3857 ascenderem,
2443 3803 2496 3848 et
2526 3794 2755 3862 praefecti
2778 3806 2833 3849 et
2853 3797 3115 3867 principes
3149 3801 3639 3862 constituerentur.

2046 3883 2262 3936 multum
2293 3881 2671 3937 humanitatem
2692 3893 2745 3939 et
2767 3888 3260 3956 attemperationem
3281 3889 3639 3955 exhiberem,

2045 3985 2203 4045 atque
2231 3975 2295 4028 ad
2328 3976 2534 4029 veniam
2566 3977 2790 4031 subditis
2818 3980 3211 4036 concedendam
3244 3984 3392 4051 proni
3427 3998 3643 4041 essent.

2042 4065 2277 4137 Ideoque
2301 4064 2504 4123 Calatis
2533 4070 2773 4124 scribens
2798 4071 3010 4125 dicebat
3043 4090 3054 4124 :
3090 4071 3318 4135 Fratres,
3352 4076 3395 4129 si
3428 4088 3645 4144 praeob-

2042 4167 2260 4228 cupatus
2291 4160 2439 4229 fuerit
2465 4159 2613 4213 homo
2636 4163 2688 4213 in
2710 4161 2880 4230 aliqua
2902 4163 3105 4230 delicto,
3122 4180 3208 4218 vos
3229 4166 3314 4226 qui
3339 4168 3651 4235 spirituales

2047 4252 2184 4315 estis,
2216 4252 2446 4304 instruite
2477 4253 2788 4323 huiusmodi,
2820 4256 3144 4310 considerans
3171 4258 3385 4328 teipsunt
3414 4277 3476 4314 ne
3508 4273 3558 4315 et
3590 4273 3651 4314 Μ

2048 4340 2249 4393 tenteris
2276 4339 2417 4408 (Gal.
2448 4342 2500 4396 6.
2538 4344 2613 4403 li.
2651 4343 2773 4398 lhec
2796 4345 2971 4413 itaque
2996 4347 3249 4411 scientes,
3270 4357 3558 4417 protervos
3594 4364 3656 4406 et

2047 4444 2383 4486 contumaces
2434 4432 2780 4497 attrahamus,
2819 4446 2872 4490 et
2912 4435 2978 4490 ad
3026 4439 3230 4492 veniam
3283 4444 3655 4509 peccantibus

2048 4524 2442 4579 concedendam
2477 4526 2626 4593 proni
2657 4527 2845 4591 simus,
2870 4528 3197 4599 multamque
3241 4531 3652 4604 benignitatem

2049 4614 2397 4669 exhibeamus
2426 4630 2545 4668 cum
2590 4616 2784 4671 divinis
2809 4618 3010 4687 legibus
3045 4638 3058 4674 :
3090 4630 3145 4674 ut
3170 4632 3225 4675 et
3267 4623 3367 4692 ipsi
3411 4627 3655 4682 multum

2048 4714 2387 4775 peccatorum
2414 4709 2621 4760 veniam
2649 4722 3062 4780 consequamur,
3082 4715 3250 4783 gratia
3289 4726 3344 4771 et
3387 4718 3662 4791 benigni-

2053 4807 2158 4852 tate
2183 4797 2390 4852 Domini
2419 4802 2584 4854 nostri
2611 4799 2736 4855 Iesu
2756 4801 2974 4871 Christi,
2997 4820 3092 4874 per
3120 4823 3277 4875 quem
3307 4818 3361 4863 et
3387 4826 3509 4865 cum
3528 4829 3662 4883 quo

2053 4886 2195 4941 Patri
2223 4887 2387 4957 gloria
2410 4928 2428 4952 ,
2473 4904 2574 4942 una
2601 4906 2727 4945 cum
2757 4890 2956 4959 Spiritu
2997 4905 3213 4964 sancto,
3243 4914 3386 4954 nunc
3412 4909 3469 4955 et
3495 4917 3662 4956 sern-

2051 4990 2170 5045 per,
2198 4987 2251 5031 et
2278 4977 2327 5030 in
2359 4979 2552 5032 sarcula
2580 4982 2915 5036 saeculorum.
2945 4987 3135 5040 Amen.

2118 5090 2132 5120 ¹
2171 5088 2488 5150 Stephanum.

1879 5163 3222 5188 _______________________________

1783 5199 2128 5263 HOMILIA
2172 5203 2251 5263 ll.

368 5295 494 5352 Cum
525 5294 553 5349 1
559 5297 835 5362 mperatria:
862 5297 1026 5349 media
1057 5307 1200 5350 nocte
1225 5297 1275 5348 in
1303 5313 1541 5367 nmgnam
1570 5297 1834 5352 ecolesiam
1859 5316 1946 5353 ve-

442 5391 626 5453 nisset,
669 5388 883 5457 indeque
922 5388 1162 5458 reliquias
1200 5397 1477 5458 martyrum
1507 5387 1737 5454 tulisset,
1770 5407 1949 5459 prose.

441 5489 655 5549 cutaque
699 5487 823 5532 esset
866 5495 955 5546 per
1001 5478 1218 5531 medium
1259 5477 1431 5547 [orum
1487 5495 1642 5548 usque
1688 5481 1757 5533 ad
1814 5480 1950 5551 Dry-

443 5570 580 5637 piam
625 5568 727 5638 (a),
769 5585 884 5621 cum
925 5569 1223 5638 martyrium
1268 5569 1330 5622 ab
1379 5571 1499 5623 urbe
1526 5571 1743 5625 distaret
1773 5587 1948 5626 novent

435 5675 509 5736 (α)
534 5675 812 5739 martyrium
838 5677 956 5726 illud
994 5679 1041 5727 in
1075 5677 1252 5741 Drypia
1288 5688 1393 5731 erat
1430 5682 1638 5735 ecclesia
1671 5683 1725 5735 S.
1750 5684 1952 5737 Thom

376 5757 573 5816 apostoli
598 5765 648 5807 et
671 5759 908 5821 martyris,
933 5766 987 5808 ut
1011 5760 1131 5808 infra
1152 5761 1341 5810 dicitur.

2131 5304 2289 5373 signis
2328 5321 2414 5359 seu
2462 5307 2765 5362 milliaribus
2790 5325 2808 5362 :
2837 5310 2976 5363 dicta
3000 5320 3072 5365 est
3099 5312 3312 5368 homilia
3349 5316 3405 5371 in
3444 5329 3669 5389 marty-

2128 5395 2235 5457 rio,
2263 5395 2375 5464 ipsa
2404 5409 2645 5463 prasente
2671 5416 2786 5453 cum
2815 5412 2918 5455 tota
2940 5404 3147 5458 civitate
3164 5415 3211 5459 et
3237 5409 3669 5478 magistratibus.

2131 5486 2180 5538 1.
2202 5484 2335 5551 Quid
2353 5486 2525 5542 dicant
2545 5489 2706 5559 ?quid
2731 5492 2951 5560 laquar?
2970 5495 3180 5549 essulto
3201 5505 3260 5551 et
3287 5498 3517 5562 insanio,
3551 5504 3672 5557 sed

2060 5576 2261 5630 insania
2275 5594 2394 5648 qua:
2413 5580 2522 5648 ipsa
2539 5581 2794 5649 sapientia
2813 5583 3123 5641 meliorest:
3143 5588 3435 5655 tripudians
3446 5599 3500 5646 ct
3520 5590 3679 5647 cbo.

2060 5682 2180 5721 reas
2206 5684 2369 5739 agens
2393 5671 2632 5726 sublimis
2655 5672 2815 5740 feror,
2834 5672 3011 5728 ebrius
3023 5676 3132 5746 jam
3155 5691 3219 5732 ex
3246 5677 3344 5734 hac
3370 5681 3679 5751 voluptate

2057 5761 2339 5830 spirituali.
2362 5763 2497 5829 Quid
2519 5764 2689 5819 dicam
2707 5766 2729 5818 ?
2747 5766 2868 5835 quid
2899 5766 3119 5837 loquar?
3138 5780 3498 5843 martyrumue
3528 5776 3674 5830 vir-
