3966 6160
283 262 384 319 669

286 394 419 438 σεως
449 376 718 440 ἀσθένεια,
739 376 859 429 οὔτε
902 376 962 428 τὸ
999 378 1094 447 τῆς
1132 379 1406 447 διαγωγῆς
1443 379 1798 448 ἁϐροδίαιτον,
1825 380 1946 432 οὕτε

283 471 312 521 ὁ
341 469 439 538 τῆς
471 468 822 539 περιφανείας
865 468 1031 535 τῦφος
1075 468 1261 535 γέγονε
1296 469 1523 538 κώλυμα
1544 471 1607 539 τῇ
1653 470 1946 540 προθυμίᾳ.

1061 269 1118 324 S.
1160 266 1444 323 JOAN‘NIS
1474 269 1960 327 CIIRYSOSTOMI
2000 272 2319 329 ARCHIEP.
2359 271 2903 331 CONSTANTINOP.
3587 278 3667 335 £70

2055 382 2252 452 ᾐδέσθη
2299 383 2458 452 μόνον
2490 381 2589 453 τῆς
2634 382 2828 451 φλογὸς
2871 384 2904 451 ἡ
2942 379 3121 449 φύσις,
3165 380 3304 434 ἀλλά
3341 384 3425 436 καὶ
3454 388 3576 442 αύτά
3615 393 3671 445 τά

2057 471 2376 540 ὑποδήματα
2407 486 2422 501 ·
2454 470 2548 523 καὶ
2597 470 2689 521 ἐπὶ
2720 468 2814 521 τοῦ
2848 466 3146 520 Ἐλισσαίου
3199 466 3313 521 οὐδὲ
3359 471 3675 543 τελευτήσειν.

290 554 583 623 ’Ἄρχοντες
629 552 787 606 πάλιν
837 554 927 605 καὶ
959 552 1109 605 αὑτοὶ
1151 554 1221 607 τά
1265 554 1515 623 ὀχήματα
1562 554 1951 618 καταλιπόντες
2051 573 2162 619 τος,
2196 556 2365 620 οὑτως
2412 555 2595 609 ἐλύετο
2647 555 2914 617 θάνατος,
2957 556 3038 617 είς
3081 552 3253 620 τάφον
3290 553 3378 607 τοῦ
3423 560 3668 628 προφήτου

286 640 379 691 καὶ
405 640 530 701 τοὺς
559 638 883 709 ῥαϐδούχους
907 640 999 692 καὶ
1026 640 1151 703 τοὺς
1185 639 1534 710 δορυφόρους,
1561 644 1671 703 τοῖς
1714 640 1948 705 ἰδιώταις

286 725 510 787 ἐαυτοὺς
542 725 821 794 ἀνέμιξαν.
868 725 970 778 Καὶ
1018 726 1072 779 τί
1117 726 1196 778 δεῖ
1231 726 1410 793 λέγειν
1459 730 1740 796 γυναῖκας,
1781 727 1812 798 ἡ
1852 727 1950 798 ἄρα

285 827 494 878 χοντας,
526 810 661 863 ὅπου
710 812 801 863 καὶ
849 811 986 880 αὑτὴ
1023 813 1055 882 ἡ
1088 812 1146 865 τὸ
1188 811 1422 882 διάδημα
1457 813 1811 882 περικειμένη
1855 814 1948 865 καὶ

282 897 381 966 τὴν
414 898 716 967 πορφυρίδα
761 897 1217 968 περιϐεϐλημένη,
1251 899 1399 972 παρά
1443 898 1540 969 τὴν
1582 901 1698 952 ὁδὸν
1730 898 1947 954 ἀπασαν

282 984 403 1037 οὑδὲ
448 987 643 1056 μικρὸν
682 984 791 1038 τῶν
839 985 1104 1054 λειψάνων
1152 986 1484 1055 ἀποσχέσθαι
1513 986 1788 1056 ἠνέσχετο,
1833 988 1948 1042 ἀλλ’

283 1071 469 1141 ὥσπερ
496 1072 813 1142 θεραπαινὶς
851 1072 1248 1143 παρηκολούθει
1283 1076 1396 1136 τοῖς
1424 1073 1621 1138 ἁγίοις,
1646 1075 1744 1144 τῆς
1772 1074 1948 1145 θήκης

283 1158 560 1228 ἁπτομένη
604 1160 697 1213 καὶ
729 1161 828 1230 τῆς
855 1158 1044 1228 ὀθόνης
1086 1160 1184 1230 τῆς
1229 1160 1603 1231 ἐπικειμένης,
1636 1161 1730 1214 καὶ
1764 1163 1945 1216 πάντα

281 1250 369 1303 τὸν
392 1248 729 1319 ἀνθρώπινον
756 1249 1143 1302 καταπατοῦσα
1161 1249 1346 1317 τῦφον,
1373 1252 1464 1302 καὶ
1487 1252 1541 1303 ὲν
1567 1251 1715 1321 μέσῳ
1736 1249 1946 1322 θεάτρῳ

281 1336 518 1407 τοσούτῳ
555 1337 854 1406 φαινομένη
891 1339 1068 1407 δήμῳ,
1092 1337 1156 1407 ἢν
1185 1337 1304 1389 οὐδὲ
1336 1338 1608 1407 εὐνούχοις
1635 1338 1805 1391 ἅπασι
1834 1342 1946 1403 τοῖς

282 1424 341 1474 ἐν
390 1426 509 1485 ταῖς
555 1422 859 1491 βασιλικαῖς
904 1424 1289 1493 στρεφομένοις
1333 1424 1520 1488 αύλαῖς
1577 1425 1732 1494 θέμις
1783 1426 1941 1492 ίδεῖν;

295 1510 434 1561 Ἀλλ’
460 1510 488 1560 ὁ
517 1508 625 1560 τῶν
659 1508 951 1579 μαρτύρων
990 1509 1147 1573 πόθος
1175 1510 1269 1562 καὶ
1296 1513 1329 1581 ἡ
1359 1511 1610 1581 τυραννὶς
1650 1514 1742 1565 καὶ
1775 1514 1808 1583 ἡ
1846 1515 1945 1583 τῆς

282 1596 499 1665 ἀγάπης
539 1596 669 1663 φλὸξ
716 1596 929 1650 ἅπαντα
960 1595 1130 1648 ταῦτα
1177 1596 1245 1650 τά
1296 1602 1610 1666 προσωπεῖα
1653 1599 1803 1667 ῥῖψαι
1853 1602 1945 1653 ἀν-

283 1683 491 1744 έπεισε,
522 1684 613 1735 καὶ
640 1686 816 1753 γυμνῇ
852 1686 915 1753 τῇ
953 1683 1230 1756 προθυμία
1257 1685 1347 1737 τὸν
1382 1685 1543 1754 ζῆλον
1575 1686 1944 1753 ἐπιδείξασθαι

283 1770 375 1821 τὸν
419 1769 548 1837 περὶ
594 1770 719 1831 τοὺς
756 1769 939 1836 ἁγίους
979 1770 1283 1841 μάρτυρας.
1331 1772 1441 1824 Καὶ
1475 1770 1584 1842 γάρ
1631 1773 1943 1843 ἀνεμνήσθη

280 1858 372 1911 τοῦ
408 1858 678 1929 μακαρίου
709 1857 888 1923 Δαυῒδ,
916 1858 976 1922 ὃς
1021 1859 1115 1912 καὶ
1156 1859 1449 1932 ἁλουργίδα
1485 1861 1944 1931 περιϐεϐλημένος

280 1947 372 1999 καὶ
407 1947 641 2018 διάδημα
686 1948 1092 2019 περικείμενος,
1142 1950 1234 2002 καὶ
1278 1951 1347 2003 τά
1392 1951 1649 2021 σκῆπτρα
1694 1951 1789 2004 τοῦ
1831 1951 1941 2005 τῶν

291 2035 554 2106 Ἐϐραίων
584 2036 722 2106 ἔχων
754 2036 949 2106 δήμου,
971 2036 1155 2108 ἐπειδὴ
1180 2036 1277 2105 τὴν
1308 2037 1538 2091 κιϐωτὸν
1566 2039 1819 2109 ἀνέφερε,
1846 2039 1943 2111 τήν

280 2124 481 2194 σκηνὴν
510 2122 725 2177 ἃπασαν
755 2124 970 2196 ἐκείνην
998 2124 1176 2192 ἀφεὶς,
1205 2125 1429 2195 ἐσκίρτα
1458 2126 1552 2178 καὶ
1591 2127 1810 2196 ἐχόρευε
1848 2129 1943 2181 καὶ

278 2211 449 2280 ἐπήδα
493 2211 703 2280 μεγάλα
738 2212 944 2275 παίζων
981 2228 1041 2264 τε
1068 2212 1160 2265 καὶ
1185 2212 1532 2282 ὀρχούμενος,
1562 2214 1655 2267 καὶ
1694 2214 1781 2267 διά
1827 2214 1935 2269 τῶν

278 2297 533 2367 ἀλμάτων
566 2299 665 2368 τὴν
702 2298 893 2368 ἡδονὴν
930 2298 1385 2369 ἐπιδεικνύμενος,
1419 2299 1485 2369 ἣν
1522 2295 1666 2369 εἶχεν
1703 2301 1794 2353 ἐπὶ
1829 2304 1941 2365 τοῖς

277 2384 639 2453 τελουμένοις.
670 2382 734 2437 El
778 2384 835 2437 δὲ
868 2386 924 2437 ἐν
969 2387 1033 2455 τῇ
1080 2387 1207 2454 σκιᾷ
1242 2386 1338 2438 καὶ
1378 2374 1455 2455 τῷ
1491 2386 1646 2453 τύπῳ
1674 2388 1941 2459 τοσαύτην

278 2470 676 2523 ἐπιδείκνυσθαι
724 2470 1031 2540 θερμότητα
1078 2471 1204 2536 ἔδει,
1250 2470 1429 2541 πολλῷ
1482 2471 1679 2542 μᾶλλον
1721 2474 1813 2526 ἐπὶ
1844 2476 1941 2545 τῆς

278 2557 497 2627 χάριτος
518 2556 730 2627 καὶτῆς
762 2555 1042 2627 ἀληθείας·
1071 2558 1193 2610 ἐπεὶ
1221 2558 1314 2610 καὶ
1349 2556 1489 2628 αῦτη
1520 2558 1743 2612 κιϐωτὸν
1772 2559 1939 2629 ἀνῆγε

277 2640 456 2710 πολλῷ
496 2640 739 2710 βελτίονα
773 2642 985 2713 ἐκείνης
1023 2648 1120 2712 τῆς
1148 2643 1242 2696 τοῦ
1280 2644 1457 2698 Δαυῖδ.
1487 2646 1561 2696 Ού
1595 2645 1703 2716 γάρ
1731 2646 1942 2711 πλάκας

277 2727 513 2791 λιθίνας,
565 2729 701 2783 ἀλλά
752 2730 962 2793 πλάκας
1013 2730 1124 2801 ἔχει
1180 2733 1583 2801 πνευματικὰς,
1637 2734 1731 2787 καὶ
1781 2736 1941 2807 χάριν

277 2814 635 2877 ἐπανθοῦσαν,
660 2817 752 2870 καὶ
770 2816 976 2888 δωρεάν
1006 2817 1453 2882 ἀποστίλϐουσαν,
1477 2819 1568 2872 καὶ
1595 2822 1727 2873 ὀστά
1750 2824 1941 2886 αὑταῖς

277 2901 683 2973 ἀντιλάμποντα
746 2906 866 2967 ταῖς
918 2905 1099 2957 ἀκτῖσι
1123 2920 1136 2934 ο
1185 2904 1385 2975 μᾶλλον
1439 2905 1497 2958 δέ
1556 2906 1940 2980 λαμπροτέραν

278 2988 526 3055 ἀφίενται
576 2990 883 3060 ἀστραπήν.
921 2991 1138 3045 Ἀκτῖνα
1174 2993 1271 3062 μὲν
1301 2992 1408 3063 γὰρ
1453 2993 1741 3063 βλέποντες
1782 2998 1938 3068 ἡλια-

278 3074 400 3145 κὴν,
444 3076 595 3128 οὐδὲν
626 3077 895 3146 πάσχουσι
935 3076 1218 3148 δαίμονεςο
1247 3078 1346 3150 τὴν
1380 3080 1435 3132 δέ
1470 3081 1715 3136 ἐντεῦθεν
1765 3084 1939 3155 ἐκπη-

276 3162 453 3215 δῶσαν
474 3162 785 3233 λαμπηδόνα
821 3164 895 3234 μὴ
923 3164 1197 3235 φέροντες,
1227 3166 1657 3234 ἀποτυφλοῦνται
1688 3171 1783 3223 καὶ
1812 3172 1942 3243 δρα-

280 3253 565 3305 πετεύουσι
606 3254 699 3306 καὶ
748 3254 813 3306 ἐκ
852 3253 1048 3307 πολλοῦ
1101 3254 1360 3321 φεύγουσι
1393 3255 1487 3308 τοῦ
1534 3256 1935 3327 διαστήματος·

274 3337 509 3407 τοσαύτη
538 3340 632 3392 καὶ
654 3340 751 3407 τῆς
788 3340 992 3409 τέφρας
1028 3338 1135 3392 τῶν
1170 3339 1338 3408 ἁγίων
1370 3341 1403 3410 ἡ
1439 3341 1686 3413 δύναμις,
1725 3344 1824 3397 οὑκ
1857 3345 1940 3397 ἐν-

274 3424 361 3476 δον
394 3425 744 3496 ἐγκαθημένη
786 3428 943 3494 μόνον
981 3427 1040 3478 ἐν
1068 3429 1180 3491 τοῖς
1216 3427 1509 3496 λειψάνοις,
1549 3430 1682 3482 ἀλλά
1715 3433 1806 3484 καὶ
1844 3449 1940 3483 πε-

277 3513 513 3582 ραιτέρω
547 3512 809 3583 προϊοῦσα
839 3514 1048 3577 καὶτὰς
1067 3514 1409 3585 ἀκαθάρτους
1441 3516 1818 3571 απελαύνουσα
1852 3519 1939 3571 δυ-

274 3600 484 3668 νάμεις,
515 3601 605 3652 καὶ
630 3600 756 3663 τοὺς
794 3600 931 3671 μετά
955 3602 1189 3665 πίστεως
1217 3603 1535 3674 προσιόντας
1569 3605 1703 3673 μετά
1742 3606 1940 3677 πολλῆς

271 3686 572 3753 ἀγιάζουσα
624 3687 721 3757 τῆς
762 3688 1101 3759 περιουσίας.
1131 3689 1233 3741 Διά
1261 3707 1343 3741 τοι
1388 3689 1545 3743 τοῦτο
1592 3691 1686 3744 καὶ
1726 3693 1758 3762 ἡ
1793 3692 1940 3762 φιλό-

274 3789 493 3842 χριστος
530 3773 668 3844 αῦτη
720 3776 1019 3846 παρείπετο
1064 3778 1177 3839 τοῖς
1224 3775 1520 3846 λειψάνοις,
1572 3780 1808 3849 συνεχῶς
1842 3782 1939 3849 ἐφ-

272 3862 575 3932 απτομένη,
604 3863 694 3915 καὶ
719 3862 815 3932 τὴν
839 3863 1087 3930 εὐλογίαν
1111 3864 1490 3935 ἐπισπωμένη,
1513 3867 1607 3918 καὶ
1630 3869 1741 3929 τοῖς
1762 3867 1941 3933 ἀλλοις

275 3950 405 4001 πᾶσι
435 3949 747 4014 διδάσκαλος
793 3952 1049 4021 γινομένη
1078 3951 1177 4021 τῆς
1212 3953 1382 4022 καλῆς
1429 3954 1630 4025 ταύτης
1657 3957 1749 4008 καὶ
1780 3973 1941 4009 πνευ-

278 4037 511 4104 ματικῆς
552 4039 853 4108 ἐμπορίας,
906 4040 1001 4091 καὶ
1038 4038 1363 4092 διδάσκουσα
1413 4041 1621 4103 πάντας
1673 4043 1938 4114 ἀρύεσθαι

274 4122 382 4173 ἀπὸ
419 4125 515 4189 τῆς
555 4124 737 4193 πηγῆς
769 4124 971 4195 ταύτης
1006 4125 1103 4195 τῆς
1137 4127 1221 4179 ἀεὶ
1255 4127 1354 4197 μὲν
1383 4128 1763 4199 ἀντλουμένης,
1795 4131 1942 4184 ούδέ-

274 4223 405 4259 ποτε
438 4208 494 4260 δὲ
524 4210 871 4281 κενουμένης.
910 4211 1172 4284 Καθάπερ
1201 4214 1307 4284 γάρ
1335 4215 1403 4267 τά
1436 4216 1654 4286 νάματα
1688 4218 1795 4271 τῶν
1833 4236 1941 4289 πη-

275 4294 388 4361 γῶν
429 4295 682 4366 βρύοντα,
711 4297 810 4349 οὐκ
848 4299 979 4350 εἴσω
1005 4298 1110 4351 τῶν
1137 4300 1352 4354 οίκείων
1382 4301 1595 4355 κόλπων
1628 4304 1936 4374 κατέχεται,

276 4384 389 4435 ἀλλ’
419 4381 744 4454 ύπερϐλύζει
794 4385 887 4437 καὶ
929 4387 1275 4457 ὑπερχεῖται·
1322 4388 1464 4443 οὓτω
1510 4390 1572 4461 δὴ
1624 4394 1717 4445 καὶ
1761 4394 1794 4463 ἡ
1844 4393 1937 4446 τοῦ

279 4470 595 4541 Ιινεύματος
649 4469 808 4541 χάρις
865 4473 900 4543 ἡ
949 4474 1060 4536 τοῖς
1102 4474 1306 4538 ὀστέοις
1360 4477 1797 4550 παρακαθημένη
1848 4483 1940 4536 καὶ

274 4562 388 4622 τοῖς
433 4559 608 4626 ἁγίοις
655 4560 1001 4625 συνοικοῦσα,
1044 4562 1137 4615 καὶ
1170 4563 1249 4626 είς
1295 4562 1513 4635 ἐτέρους
1562 4565 1774 4634 πρόεισι
1815 4568 1938 4631 τοὺς

276 4647 410 4714 μετά
457 4645 690 4709 πίστεως
742 4647 1112 4717 ἐφεπομένους
1154 4648 1322 4719 αὐτῇ,
1370 4650 1462 4703 καὶ
1494 4651 1600 4703 ἀπὸ
1642 4651 1817 4722 ψυχῆς
1860 4655 1939 4717 είς

278 4732 429 4805 15521
463 4732 710 4803 σώματα,
754 4736 849 4788 καὶ
888 4734 995 4788 ἀπὸ
1032 4736 1297 4804 σωμάτων
1342 4738 1420 4799 είς
1455 4738 1662 4807 ίμάτια,
1698 4741 1792 4793 καὶ
1831 4741 1940 4794 ἀπὸ

277 4822 506 4892 ίματίων
533 4822 613 4883 είς
645 4821 983 4893 ὑποδήματα,
1016 4824 1111 4876 καὶ
1136 4823 1244 4875 ἀπὸ
1287 4823 1647 4893 ὑποδημάτων
1675 4828 1751 4889 εἰς
1784 4828 1940 4890 σκιὰς

276 4911 542 4982 ἐκτρέχει.
585 4910 687 4963 Διά
724 4928 805 4963 τοι
846 4910 1003 4963 τοῦτο
1044 4912 1104 4965 οὑ
1135 4912 1204 4964 τά
1247 4910 1472 4982 σώματα
1522 4914 1738 4982 ἐνήργει
1783 4915 1940 4984 μόνον

271 4998 383 5052 τῶν
417 4998 589 5067 ἁγίων
622 4999 953 5063 ἀποστόλων,
991 4999 1129 5053 ἀλλά
1176 5000 1272 5054 καὶ
1314 4999 1381 5053 τά
1433 5000 1689 5070 σουδάρια
1735 5001 1828 5053 καὶ
1871 5002 1937 5055 τὰ

272 5085 592 5155 σιμικίνθια·
624 5087 715 5139 καὶ
737 5087 797 5139 ού
826 5087 894 5140 τά
925 5088 1181 5159 σουδάρια
1211 5087 1368 5157 μόνον
1397 5087 1491 5139 καὶ
1515 5089 1583 5139 τά
1610 5088 1935 5158 σιμικίνθια,

268 5173 405 5225 ἀλλά
431 5174 525 5226 καὶ
562 5174 618 5226 αί
659 5175 807 5227 σκιαὶ
836 5173 927 5226 τοῦ
964 5175 1168 5244 Πέτρου
1205 5172 1311 5226 τῶν
1345 5173 1560 5237 ζώντων
1597 5174 1938 5247 δυνατώτερα

271 5259 606 5328 εἰργάζοντο.
636 5261 773 5331 Ἵίδη
809 5279 907 5314 που
940 5263 1031 5314 καὶ
1079 5260 1302 5331 μηλωτὴ
1343 5261 1724 5331 κατενεχθεῖσα
1757 5265 1849 5315 ἐπὶ
1878 5264 1937 5316 τὸ

270 5346 430 5417 σῶμα
456 5346 549 5400 τοῦ
576 5347 880 5401 Ἐλισσαίου
910 5347 1127 5401 διπλοῦν
1148 5348 1299 5418 αὑτῷ
1325 5350 1569 5419 χάρισμα
1597 5350 1932 5419 κατήγαγενο

269 5434 328 5484 ού
366 5436 472 5504 γάρ
505 5434 564 5487 τὸ
598 5433 756 5502 σῶμα
792 5434 1094 5489 Ἐλισσαίου
1129 5437 1308 5507 μόνον,
1338 5435 1475 5488 ἀλλά
1515 5437 1605 5488 καὶ
1633 5438 1692 5489 τὸ
1725 5438 1935 5507 ἱμάτιον

274 5522 447 5572 ἐκεῖνο
490 5521 587 5589 τῆς
622 5523 842 5590 χάριτος
874 5519 939 5593 ἦν
993 5523 1466 5594 ἐμπεπλησμένον.
1514 5523 1612 5576 Διά
1658 5541 1736 5577 τοι
1782 5525 1937 5577 τοῦτο

272 5606 365 5656 καὶ
398 5607 490 5658 ἐπὶ
517 5606 622 5658 τῶν
662 5607 827 5677 τριῶν
860 5609 1062 5663 παίδων
1083 5627 1095 5640 ⁸
1125 5611 1185 5663 ού
1218 5611 1326 5681 γάρ
1346 5623 1369 5650 ιι
1398 5610 1465 5663 τά
1494 5609 1720 5680 σώματα
1756 5610 1934 5664 αὐτῶν

377 5750 530 5798 Locus
552 5751 881 5815 perturbams.
907 5753 1030 5815 Infra
1055 5761 1165 5815 pml
1194 5758 1560 5812 τελευτήσαντος
1582 5757 1752 5805 lacuna
1774 5760 1931 5807 mani-

270 5810 394 5880 fesla
418 5819 510 5880 es},
535 5823 677 5880 quam
703 5813 990 5880 gxpl‘eyfriq
1012 5810 1269 5880 sgfriygudo
1291 5830 1307 5880 γε
1328 5810 1437 5880 οὐδὲ
1454 5819 1818 5875 τελευτήσαντος
1847 5822 1936 5880 ἀφ-

274 5875 439 5918 ίστατο
464 5874 492 5925 ἡ
516 5871 649 5930 χάρις
671 5872 918 5929 αῦτη,ἀλλ’
944 5876 1080 5931 αὐτὸς
1102 5876 1259 5922 ἐλύετο
1281 5879 1304 5922 ὀ
1326 5879 1532 5931 θάνατος.

2054 644 2299 713 ῥιφέντος
2331 643 2516 714 ἐτέρου
2550 642 2765 714 νεκροῦ.
2796 640 2950 696 Οὕτω
2985 640 3049 712 δὴ
3086 641 3180 694 καὶ
3222 642 3445 714 σήμερον
3468 645 3663 711 γέγονε·

2050 729 2159 781 τῶν
2196 728 2304 799 γάρ
2350 728 2617 798 λειψάνων
2666 726 3001 798 φερομένων,
3049 727 3361 797 ἐμπρησμοὶ
3408 727 3667 798 δαιμόνων,

2052 814 2304 881 ὀλολυγαὶ
2341 817 2434 869 καὶ
2476 816 2710 868 κωκυτοὶ
2747 814 3081 885 πανταχόθεν
3121 813 3331 884 ᾔροντο,
3363 816 3455 885 τῆς
3483 816 3671 882 ἀκτῖνος

2052 902 2160 955 τῶν
2187 902 2359 955 ὀστῶν
2393 901 2735 973 ἐκπηδὼσης,
2775 901 2866 953 καὶ
2900 901 2998 971 τὴν
3029 901 3285 969 φάλαγγα
3323 899 3426 955 τῶν
3464 901 3673 956 ἀντικει-

2056 988 2232 1058 μένων
2260 988 2660 1058 κατακαιούσης
2688 988 2991 1059 δυνάμεων.

2121 1074 2187 1145 β’.
2224 1076 2321 1128 Διά
2350 1075 2520 1128 ταῦτα
2538 1076 2741 1147 σκιρτῶ
2775 1076 2868 1129 καὶ
2886 1075 3117 1144 πέτομαι
3146 1073 3249 1127 ὑπὸ
3269 1074 3366 1145 τῆς
3384 1075 3583 1145 ἡδονῆς,
3606 1076 3674 1130 ὅτι

2048 1159 2147 1231 τήν
2184 1161 2387 1232 ἔρημον
2430 1162 2585 1215 πόλιν
2635 1162 2951 1232 ἐποιήσατε,
2994 1162 3092 1231 τὴν
3131 1160 3284 1213 πόλιν
3333 1161 3668 1225 κενώσαντεςυ

2048 1249 2129 1301 ὅτι
2161 1248 2250 1301 τὸν
2284 1248 2508 1301 πλοῦτον
2540 1250 2669 1318 ἡμῖν
2698 1248 2793 1319 τῆς
2837 1245 3160 1316 Ἐκκλησίας
3192 1245 3496 1309 ὑπεδείξατε
3532 1247 3677 1315 σὴμε-

2050 1351 2161 1405 ρον.
2204 1335 2333 1387 Ἰδοὺ
2384 1334 2527 1388 πόσα
2574 1334 2855 1405 πρόϐατα,
2901 1334 2995 1386 καὶ
3038 1331 3275 1403 οὐδαμοῦ
3316 1330 3503 1395 λύκος·
3537 1332 3676 1384 πόσαι

2049 1422 2308 1491 ἄμπελοι,
2342 1422 2433 1475 καὶ
2478 1421 2714 1492 οὐδαμοῦ
2743 1421 2987 1475 ἀκανθα’
3024 1420 3179 1473 πόσοι
3222 1420 3465 1489 στάχυες,
3496 1419 3581 1472 καὶ
3602 1418 3678 1469 οὑ-

2047 1508 2219 1579 δαμοῦ
2276 1509 2507 1573 ζιζάνια.
2553 1508 2804 1563 Θάλαττα
2846 1507 2956 1561 ἀπὸ
3000 1507 3100 1577 τῆς
3147 1506 3355 1569 πόλεως
3405 1505 3556 1575 μέχρι
3599 1503 3678 1555 τοῦ

2048 1596 2311 1667 παρόντος
2342 1595 2568 1665 ἐξετάθη
2609 1595 2829 1666 χωρίου,
2876 1593 3113 1650 θάλαττα
3158 1594 3419 1665 κυμάτων
3464 1591 3678 1662 ἀπηλλα-

2046 1684 2245 1753 γμένη,
2288 1683 2542 1751 ναυάγιον
2568 1683 2666 1735 ούκ
2703 1682 2921 1752 έχουσα,
2954 1681 3237 1735 σκοπέλων
3264 1677 3679 1750 ἡλευθερι.›μένη⁸

2046 1770 2283 1824 θάλαττα
2316 1772 2528 1842 μέλιτος
2562 1771 2758 1834 παντὸς
2800 1770 3129 1840 γλυκυτέρα,
3161 1768 3273 1822 τῶν
3305 1767 3540 1837 ποτίμων
3580 1763 3684 1817 ὑδά-

2043 1875 2150 1910 των
2195 1859 2558 1930 ποτιμωτέρα.
2602 1859 2717 1912 Ούκ
2762 1857 2828 1912 ἁν
2876 1874 2961 1921 τις
3004 1856 3245 1927 ἁμάρτοι
3293 1854 3390 1925 τὴν
3442 1853 3682 1906 θάλατταν

2043 1946 2247 2015 ταύτην
2274 1946 2367 1998 καὶ
2405 1944 2646 2016 ποταμὸν
2683 1945 2854 2016 πυρὸς
2895 1942 3209 2015 προσειπών
3232 1961 3246 1973 ·
3279 1941 3450 2004 οὕτως
3480 1942 3533 1992 al
3565 1937 3686 2006 λαμ-

2044 2031 2210 2094 πάδες
2236 2033 2291 2085 αἱ
2319 2031 2407 2086 διά
2434 2032 2531 2101 τῆς
2575 2031 2770 2095 νυκτὸς
2803 2031 2860 2084 αἱ
2891 2028 3092 2084 πυκναὶ
3130 2030 3232 2083 καὶ
3267 2029 3506 2097 συνεχεῖς
3548 2022 3691 2096 μέχρι

2042 2120 2137 2171 τοῦ
2189 2119 2487 2191 μαρτυρίου
2532 2118 2722 2172 τούτου
2753 2116 3045 2181 διαπαντὸς
3101 2116 3440 2180 ἐκταθεῖσαι,
3488 2110 3690 2180 πυρίνου

2043 2207 2287 2277 ποταμοῦ
2318 2207 2615 2276 φαντασίαν
2646 2208 2905 2278 παρεῖχον
2936 2207 3047 2268 τοῖς
3069 2203 3261 2274 ὁρῶσι.
3290 2202 3401 2256 Καὶ
3424 2199 3587 2253 ταῦτα
3611 2196 3694 2266 μὲν

2043 2296 2101 2347 ἐν
2126 2297 2192 2365 τῇ
2221 2295 2370 2347 νυκτί
2391 2311 2403 2324 ·
2437 2294 2538 2363 τῆς
2573 2294 2630 2347 δὲ
2661 2294 2872 2364 ἡμέρας
2916 2293 3179 2362 φανείσης
3223 2291 3410 2361 ἕτεραι
3438 2285 3695 2357 λαμπάδες

2042 2382 2207 2436 πάλιν
2219 2382 2517 2451 ἐφαίνοντο·
2547 2382 2761 2444 ἐκείνας
2779 2380 2878 2452 μέν
2897 2381 3002 2452 γάρ
3017 2381 3046 2433 ὁ
3063 2380 3216 2451 ἥλιος
3232 2379 3467 2448 ἀνίσχων
3478 2374 3696 2445 ἔκρυπτε

2043 2470 2135 2523 καὶ
2172 2470 2549 2541 ἁμαυροτέρας
2581 2468 2766 2534 ἐτίθει,
2810 2467 2908 2531 τάς
2935 2468 2993 2521 δὲ
3026 2469 3084 2521 ἐν
3126 2468 3194 2537 τῇ
3241 2465 3474 2519 ἑκάστου
3511 2458 3701 2543 διανοίᾳ

2042 2557 2399 2628 φαιδροτέρας
2428 2557 2635 2609 ἐδείκνυ
2655 2573 2670 2588 ·
2702 2554 2798 2609 τοῦ
2832 2554 2939 2627 γὰρ
2986 2555 3156 2623 πυρὸς
3204 2552 3422 2607 ἐκείνου
3465 2548 3556 2602 τοῦ
3585 2561 3698 2616 φαι-

2040 2642 2266 2712 νομένου
2294 2642 2621 2713 θερμότερον
2645 2640 2706 2694 τὸ
2736 2642 2835 2712 τῆς
2864 2639 3170 2713 προθυμίας
3193 2639 3299 2710 τῆς
3323 2634 3588 2709 ὑμετέρας
3611 2629 3699 2704 ἡν·

2041 2728 2135 2782 καὶ
2176 2728 2403 2793 ἕκαστος
2441 2727 2634 2798 διπλῆν
2663 2727 2823 2798 ἔφερε
2857 2725 3139 2798 λαμπάδα,
3176 2725 3282 2797 τὴν
3321 2722 3417 2777 τοῦ
3452 2720 3614 2792 πυρὸς
3649 2721 3702 2772 ἐν

2038 2820 2106 2887 τῇ
2138 2818 2313 2882 νυκτὶ,
2340 2815 2438 2887 τὴν
2468 2816 2567 2887 τῆς
2606 2814 2910 2886 προθυμίας
2946 2815 3040 2869 καὶ
3069 2815 3127 2867 ἐν
3153 2816 3224 2885 τῇ
3256 2812 3416 2869 νυκτὶ
3446 2811 3540 2864 καὶ
3566 2809 3620 2861 ἐν
3643 2808 3702 2877 τῇ

2041 2902 2250 2974 ἡμέρα·
2301 2901 2499 2973 μᾶλλον
2547 2902 2603 2956 δέ
2648 2901 2768 2955 οὑδέ
2820 2899 2991 2954 νύκτα
3026 2898 3211 2953 λοιπὸν
3267 2898 3485 2966 ἐκείνην
3532 2891 3701 2948 καλῶ’

2042 2990 2179 3061 πρὸς
2210 2989 2318 3060 γὰρ
2353 2989 2452 3057 τὴν
2483 2989 2699 3059 ἡμέραν
2725 2987 3009 3059 ἡμιλλᾶτο,
3048 2987 3175 3049 τοὺς
3212 2986 3372 3049 υίοὺς
3413 2982 3509 3037 τοῦ
3545 2979 3706 3051 φωτὸς

2042 3076 2187 3146 ὑμᾶς
2226 3074 2596 3146 περιφέρουσα
2619 3116 2634 3140 ,
2667 3073 2763 3126 καὶ
2796 3072 3009 3143 μυρίων
3034 3071 3287 3142 ἀστέρων
3329 3071 3427 3125 καὶ
3446 3066 3704 3138 ἐωσφόρου

2040 3161 2446 3232 λαμπροτέρους
2467 3162 2860 3229 ἀποφαίνουσα.
2887 3159 3097 3229 Ὥσπερ
3120 3156 3231 3229 γάρ
3262 3157 3361 3212 καὶ
3389 3155 3487 3227 τὴν
3513 3152 3707 3227 ἡμέραν

2040 3248 2207 3301 νύκτα
2239 3248 2481 3300 ποιοῦσιν
2508 3249 2557 3300 οί
2603 3247 2913 3318 μεθύοντες.
2942 3246 3083 3300 οὓτω
3114 3247 3209 3300 καὶ
3239 3245 3345 3315 τὴν
3375 3244 3547 3300 νύκτα
3583 3240 3708 3311 ἡμέ-

2044 3352 2140 3405 ραν
2171 3333 2491 3405 ὲργάζονται
2526 3334 2576 3386 0!
2605 3333 3031 3403 παννυχεύοντες
3067 3333 3160 3386 καὶ
3198 3331 3593 3405 ἐγρηγορότες.
3622 3325 3711 3379 Διά

2039 3420 2102 3491 δὴ
2135 3420 2292 3473 τοῦτο
2323 3420 2409 3474 διά
2444 3421 2622 3490 πάσης
2651 3421 2842 3482 νυκτὸς
2879 3421 3055 3472 ἐκεῖνο
3081 3417 3143 3471 τδ
3172 3417 3526 3489 προφητικὸν
3562 3410 3709 3488 ᾖδον·

2038 3508 2167 3571 Νὺξ
2211 3506 2515 3575 φωτισμός
2545 3507 2613 3559 ὲν
2653 3504 2729 3574 τῇ
2773 3504 2966 3574 τρυφῇ
3003 3521 3149 3575 μου·
3195 3507 3310 3561 καὶ
3372 3506 3457 3559 δτι
3507 3504 3715 3563 σκότος

2038 3596 2110 3648 οὐ
2164 3591 2626 3658 σκοτισθήσεται
2678 3593 2794 3647 ἀπὸ
2846 3591 2997 3645 σοῦ’
3045 3592 3142 3645 καί
3200 3592 3336 3658 νὺξ
3394 3593 3478 3657 ὡς
3541 3588 3719 3657 ἡμέρα

2039 3680 2506 3749 φωτισθήσεται·
2534 3680 2614 3744 ὡς
2660 3679 2726 3731 τὸ
2774 3681 2995 3745 σκότος
3038 3676 3250 3746 αὐτῆς,
3310 3679 3469 3733 οὕτω
3510 3675 3606 3729 καί
3658 3672 3716 3725 τὸ

2041 3767 2167 3837 φῶς
2209 3765 2414 3833 αὐτῆς.
2450 3767 2615 3829 Ποίας
2649 3766 2758 3836 γάρ
2789 3767 2999 3837 ήμέρας
3036 3767 3098 3819 οὑ
3144 3767 3352 3834 γέγονε
3401 3763 3723 3835 φαιδροτέρα

2041 3858 2073 3925 ἡ
2110 3855 2203 3918 νὺξ
2252 3854 2410 3924 αὕτη,
2449 3856 2503 3905 ἐν
2551 3853 2788 3926 τοσαύτῃ
2834 3855 3007 3923 χαρᾶς
3048 3853 3334 3924 ὑπερϐολῇ
3381 3849 3721 3922 σκιρτὼντων

2040 3944 2313 4006 ἁπάντων,
2366 3942 2535 4012 χαρὰν
2587 3942 2813 4011 ἐχόντων
2850 3943 3245 4011 πνευματικὴν,
3310 3940 3591 3994 τοσούτων
3634 3937 3722 3987 ἐκ·

2041 4030 2307 4099 χυθέντων
2335 4030 2541 4098 δήμων,
2569 4030 2661 4081 καὶ
2685 4029 2785 4099 τὴν
2817 4028 2936 4081 ὁδὸν
2976 4029 3068 4081 καὶ
3113 4027 3211 4097 τὴν
3250 4028 3478 4100 ἀγορὰν
3516 4022 3726 4077 ἐπικλυ-

2043 4118 2286 4179 σάντων;
2319 4115 2452 4168 Οὐδὲ
2489 4115 2598 4184 γὰρ
2622 4110 2689 4184 ἦν
2720 4114 2911 4181 ἔδαφος
2946 4114 3153 4183 γυμνὸν
3189 4113 3350 4177 ίδείν,
3382 4112 3524 4167 ἀλλά
3553 4112 3726 4164 πᾶσαν

2040 4203 2138 4272 τὴν
2168 4203 2285 4255 ὁδὸν
2313 4201 2557 4272 σώμασιν
2585 4201 2939 4272 ἀνθρωπίνοις
2973 4199 3339 4270 καλύψαντες,
3375 4200 3511 4271 μίαν
3545 4196 3725 4265 δειράν

2040 4305 2158 4340 τινα
2200 4289 2406 4361 χρυσῆν
2457 4289 2552 4340 καὶ
2606 4289 2828 4356 συνεχῆ,
2868 4286 2963 4338 καὶ
2997 4285 3240 4355 ποταμὸν
3287 4286 3393 4338 ἕνα
3435 4280 3620 4353 πολλῷ
3653 4278 3726 4348 τῷ

2043 4375 2205 4444 ῥοθίῳ
2261 4374 2555 4445 φερόμενον
2589 4373 2673 4425 διὰ
2711 4376 2890 4441 πάσης
2928 4372 3166 4436 ἐδείξατε
3216 4372 3325 4441 τῆς
3377 4369 3722 4439 ὁδοιπορίας·

2041 4463 2135 4514 καὶ
2179 4461 2291 4514 ἀνω
2345 4461 2442 4531 μὲν
2490 4462 2571 4525 είς
2611 4461 2702 4513 τὸν
2750 4460 2975 4530 οὐρανὸν
3008 4459 3414 4523 ἀναϐλέποντες
3463 4457 3725 4530 ἑωρῶμεν

2045 4549 2193 4621 [555]
2217 4549 2444 4620 σελήνην
2468 4550 2562 4602 καὶ
2586 4549 2819 4619 ἀστέρας
2843 4550 2900 4600 ἐν
2925 4550 3095 4618 μέσῳ,
3123 4547 3272 4601 κάτω
3296 4549 3360 4601 δὲ
3385 4549 3502 4601 τῶν
3527 4544 3727 4599 πιστῶν

2040 4635 2099 4688 τὸ
2127 4636 2348 4705 πλῆθος,
2391 4636 2484 4688 καὶ
2527 4636 2625 4704 τῆς
2669 4635 2897 4706 σελήνης
2935 4634 3314 4704 λαμπρότερον
3361 4637 3426 4687 ἐν
3457 4633 3539 4704 τῷ
3583 4630 3726 4704 μέσῳ

2039 4722 2138 4793 τὴν
2189 4722 2431 4792 βασιλίδα
2492 4723 2817 4793 φερομένην.
2859 4722 3071 4792 Ὥσπερ
3130 4722 3239 4791 γὰρ
3284 4722 3337 4774 οί
3399 4722 3639 4791 ἀστέρες
3683 4717 3728 4768 οἱ

2042 4811 2190 4863 κάτω
2233 4810 2487 4879 ἀμείνους
2527 4809 2635 4861 τῶν
2678 4808 2818 4861 ἀνω’
2847 4807 2991 4861 οὕτω
3023 4809 3114 4860 καὶ
3154 4807 3293 4878 αῦτη
3328 4808 3476 4860 πολὺ
3510 4806 3728 4876 φαιδροι

2039 4896 2173 4967 τέρα
2218 4898 2451 4966 ἐκείνης.
2486 4897 2551 4949 Τί
2584 4895 2722 4964 γάρ;
2761 4895 3012 4948 τοσοῦτον
3060 4894 3276 4966 σελήνη,
3319 4895 3459 4947 ὅσον
3493 4893 3645 4963 ψυχὴ
3679 4893 3732 4942 ἐν

2040 4982 2303 5052 ἀξιώματι
2341 4982 2584 5051 τοσούτῳ
2608 4981 2839 5051 τοσαύτῃ
2867 4979 3359 5049 κατακοσμουμένη
3395 4980 3625 5043 πίστει;
3671 4973 3731 5025 Τί

2040 5070 2105 5123 ἄν
2138 5087 2223 5132 τις
2254 5070 2423 5141 αὑτῆς
2453 5071 2718 5137 ἀγάσαιτο
2761 5071 3043 5139 πρότερον,
3089 5068 3181 5121 τὸν
3209 5066 3377 5136 ζῆλον
3408 5067 3514 5119 τδν
3561 5063 3735 5134 πυρὸς

2041 5155 2385 5227 θερμότερον,
2418 5156 2513 5227 τὴν
2540 5156 2717 5209 πίστιν
2741 5156 2836 5225 τὴν
2864 5156 3168 5225 ἀδάμαντος
3197 5152 3606 5225 στερροτέραν,
3639 5150 3735 5215 τὴν

2041 5247 2327 5316 συν-τριϐὴν
2355 5245 2453 5314 τῆς
2486 5244 2718 5307 διανοίας
2749 5246 2839 5296 καὶ
2864 5246 2963 5313 τὴν
2986 5240 3530 5313 ταπεινοφροσύνην,
3567 5240 3636 5293 δι’
3670 5233 3735 5309 ἧς

2041 5334 2247 5395 πάντας
2292 5331 2607 5400 ἀπέκρυψε,
2662 5331 2934 5401 βασιλείαν
2981 5332 3077 5400 μέν
3127 5332 3220 5383 καὶ
3257 5328 3593 5398 διαδήματα
3644 5326 3736 5377 καὶ

2036 5420 2127 5472 τὸν
2178 5418 2425 5471 ἐντεῦθεν
2454 5418 2668 5471 ἅπαντα
2714 5419 2881 5487 τῦφον
2928 5418 3065 5488 μετά
3116 5417 3315 5487 πολλῆς
3364 5416 3596 5485 ῥίψασα
3639 5412 3738 5489 τῆς

2037 5506 2380 5577 περιουσίας,
2429 5505 2759 5576 ἐνδυσαμένη
2808 5506 2865 5558 δὲ
2917 5505 3012 5576 τὴν
3061 5504 3160 5574 τῆς
3204 5500 3742 5572 ταπεινοφροσύνης

2041 5593 2230 5663 στολὴν
2264 5594 2385 5645 ἀντὶ
2428 5593 2525 5663 τῆς
2558 5591 2898 5663 πορφυρίδος.
2931 5591 3024 5644 καὶ
3064 5589 3154 5643 διά
3196 5589 3409 5657 ταύτης
3458 5587 3739 5657 λάμψασα

2044 5679 2336 5749 μειζόνως;
2369 5679 2643 5742 Βασιλίδες
2673 5679 2770 5746 μὲν
2802 5678 2905 5749 γάρ
2925 5678 3116 5731 πολλαὶ
3152 5676 3423 5736 πολλάκις
3455 5675 3741 5742 ἐγένοντο.

2042 5765 2098 5818 αῖ
2128 5766 2225 5834 τῆς
2257 5768 2448 5837 στολῆς
2479 5767 2647 5835 αὑτῆς
2693 5767 2787 5818 καὶ
2825 5766 2933 5817 τῶν
2960 5765 3302 5834 διαδημάτων
3339 5759 3743 5826 ἐκοινώνησαν

2048 5852 2223 5921 μόνον,
2270 5854 2361 5905 καὶ
2397 5854 2490 5923 τῆς
2529 5852 2682 5921 δόξης
2716 5852 2813 5923 τῆς
2849 5851 3165 5922 βασιλικῆς’
3198 5850 3409 5916 ταύτης
3457 5847 3520 5899 δὲ
3566 5848 3742 5918 μόνης
