3966 6160
408 273 510 326 M39

407 380 612 436 tatem?
640 394 708 434 an
757 379 988 438 civitatis
1017 379 1389 434 alacritatem?
1412 394 1480 433 an
1510 379 1864 450 lmperatricis
1891 394 1983 435 ze-

403 473 545 528 lum?
570 489 637 526 an
660 474 960 545 principum
982 472 1341 528 concursum?
1365 486 1431 525 an
1455 469 1653 525 diaboli
1677 469 1986 526 infamiam?

399 583 465 620 an
493 568 797 621 dit-menum
827 565 1074 620 cladem?
1105 563 1366 620 Ecclesia:
1391 563 1763 629 nobilitatem,
1805 562 1983 620 erucis

400 663 681 720 virtutem,
712 656 963 713 Crucifixi
1011 655 1290 720 miracula,
1319 654 1492 709 Patris
1516 653 1738 726 gloriam
1760 694 1776 720 ,
1806 652 1982 722 Spiri-

400 765 482 808 tus
507 753 755 824 gratiam,
778 750 958 820 populi
990 749 1150 804 totius
1175 749 1524 818 voluptatem,
1550 749 1783 804 civitatis
1803 748 1984 804 exsul-

398 847 628 900 Lttiones
652 885 668 911 ,
701 844 1084 898 monachorum
1131 854 1326 907 uetus,
1349 843 1614 912 virginum
1640 841 1836 897 choros
1855 885 1870 906 ,
1897 857 1986 896 sa-

393 940 670 993 cerdotum
697 937 935 1003 ordines,
964 936 1300 990 stccularium
1325 936 1561 990 virorum
1599 933 1978 999 constantiam,

395 1045 672 1083 Serrorum
694 1070 709 1092 ,
741 1027 1030 1083 liberorum
1053 1067 1068 1089 ,
1102 1026 1425 1095 principum,
1455 1025 1786 1079 subditorum
1805 1065 1820 1089 ,
1846 1039 1975 1091 pau-

396 1137 429 1190 p
463 1137 580 1175 rum
603 1162 618 1188 ,
646 1121 875 1174 divitum
897 1159 912 1183 ,
945 1119 1374 1188 peregrinorum,
1404 1117 1640 1170 civium?
1667 1115 1979 1186 Opportune

391 1214 459 1268 de
495 1212 985 1268 omnibus-dicatur
1020 1230 1033 1266 :
1077 1211 1205 1278 Quis
1247 1210 1479 1279 loquetur
1520 1209 1771 1278 potentias
1823 1215 1934 1260 tuas
1959 1248 1975 1273 ,

391 1306 640 1368 Domine,
675 1306 879 1359 auditas
908 1305 1057 1372 faciet
1087 1320 1258 1358 omnes
1289 1302 1463 1355 fundes
1491 1311 1603 1354 tuas
1633 1299 1804 1371 (Paul;
1852 1300 1973 1354 105.

390 1399 484 1468 9γέ
506 1397 756 1453 Mulieres
785 1398 834 1450 itt
868 1397 1113 1450 thalamis
1145 1405 1443 1460 versantes,
1463 1402 1650 1448 etcera
1677 1408 1744 1446 ηιι
1770 1392 1973 1458 lliores,

392 1489 594 1544 relictis
613 1489 818 1544 :cdibus
847 1497 902 1543 et
928 1487 1086 1542 tectis
1106 1528 1121 1553 ,
1153 1502 1276 1540 cum
1308 1484 1696 1540 robustissimis
1738 1483 1973 1537 virorum

393 1582 672 1636 alacritate
688 1578 990 1639 certabant.
1016 1588 1220 1632 tantmn
1240 1576 1445 1632 itineris
1465 1575 1687 1646 pedibus
1706 1589 1970 1639 emensaz;

389 1691 494 1729 non
513 1675 738 1744 juvenes
759 1671 940 1739 modo,
963 1671 1058 1726 sed
1082 1672 1241 1726 etiam
1267 1687 1399 1724 anns
1429 1687 1441 1721 :
1475 1685 1644 1740 neque
1665 1681 1869 1724 natura:
1895 1670 1974 1722 in-

388 1768 631 1832 firmitas,
655 1783 827 1837 neque
867 1767 1037 1821 solita:
1074 1767 1192 1820 vita:
1216 1763 1487 1829 mollities,
1531 1780 1705 1834 neque
1739 1763 1968 1819 celebri-

389 1860 512 1914 tatis
551 1874 741 1928 pompa
787 1855 1173 1927 impedimento
1205 1857 1376 1911 fuere.
1412 1856 1684 1925 Principes
1715 1856 1812 1926 ipsi
1846 1873 1964 1909 rur-

385 1965 504 2004 sum
533 1950 736 2005 relictis
762 1951 1032 2014 curribus,
1067 1947 1344 2003 lictoribus
1368 1957 1422 2003 ct
1455 1946 1798 2012 satellitibus,
1824 1947 1964 2016 plebi

383 2057 504 2097 sese
542 2043 896 2096 admiscuere.
931 2040 1135 2111 Ecquid
1159 2040 1410 2094 mulieres
1441 2038 1818 2109 principesque
1851 2055 1968 2094 me-

381 2148 608 2200 morem,
634 2132 846 2202 quando
873 2133 962 2187 illa
997 2133 1109 2202 ipsa
1139 2148 1258 2202 qua:
1285 2129 1528 2186 diadema
1567 2141 1736 2201 gestat
1759 2143 1813 2187 et
1835 2149 1964 2202 pur-

381 2219 509 2294 pura
539 2225 792 2289 iuduitur,
823 2239 915 2294 per
944 2233 1108 2279 totam
1138 2224 1275 2277 viam
1308 2240 1375 2279 ne
1406 2225 1667 2279 tantillum
1695 2224 1908 2296 quidem
1931 2241 1962 2280 a

378 2316 619 2386 reliquiis
639 2315 875 2386 separari
897 2315 1097 2382 voluit;
1127 2316 1221 2371 sed
1239 2317 1448 2372 ancilla:
1468 2318 1637 2371 instar
1649 2326 1864 2372 sanctos
1885 2333 1962 2374 sc-

377 2411 662 2481 quebatur,
695 2409 904 2464 thecam
926 2418 979 2466 et
1001 2410 1177 2464 velum
1206 2411 1602 2480 superpositum
1633 2419 1879 2479 tangens,
1907 2421 1961 2465 et

376 2517 592 2557 munem
652 2501 943 2559 humanum
996 2504 1188 2560 fastum
1237 2503 1473 2568 calcans,
1511 2514 1672 2573 atque
1728 2506 1778 2558 in
1830 2505 1959 2560 tanti

377 2595 567 2649 theatri
597 2594 774 2648 medio
793 2610 822 2648 a
851 2595 1046 2664 populo
1074 2595 1350 2650 ridebatur
1375 2595 1484 2661 illa,
1507 2611 1666 2666 quam
1698 2613 1765 2652 ne
1788 2613 1958 2651 cunu-

373 2685 488 2740 cbis
503 2684 717 2756 quidem
738 2686 1008 2752 ntnnihus,
1024 2686 1114 2756 qui
1135 2688 1186 2741 in
1217 2688 1556 2757 imperatoria
1575 2689 1787 2742 aluntur
1813 2691 1955 2756 aula,

371 2778 685 2846 conspicere
703 2777 848 2833 licet.
863 2778 967 2834 Sed
989 2789 1283 2851 martyrum
1302 2795 1454 2834 amor
1477 2795 1613 2850 pene
1647 2782 1956 2852 tyrannicus

370 2879 426 2923 et
452 2869 694 2925 caritatis
716 2869 928 2925 flamma
949 2872 1046 2940 ipsi
1075 2882 1132 2926 ttt
1155 2871 1330 2926 larvas
1347 2888 1533 2926 omnes
1552 2874 1672 2927 illas
1701 2874 1958 2944 abjicerct

369 2963 562 3025 suasit,
617 2973 781 3032 utque
824 2972 1009 3032 aperte
1050 2979 1206 3018 suum
1252 2979 1377 3033 erga
1423 2976 1641 3019 sanctos
1689 2954 1955 3039 martyres

369 3053 607 3109 studium
633 3052 932 3110 exhiberet.
963 3054 1267 3110 Recordata
1299 3057 1495 3127 quippe
1523 3067 1605 3112 est
1633 3058 1774 3113 beati
1801 3059 1957 3114 Davi-

369 3147 485 3212 tlis,
507 3148 599 3218 qui
630 3158 684 3203 ct
724 3164 956 3218 purpura
984 3149 1301 3207 induebatur
1331 3162 1384 3206 et
1413 3152 1656 3207 diadema
1689 3154 1953 3225 gestalat,

369 3253 749 3311 sceptrumque
779 3241 1053 3297 obtinebat
1079 3243 1130 3297 in
1164 3243 1482 3299 llebralcmn
1513 3245 1791 3316 populum,
1821 3261 1954 3314 quo-

371 3330 512 3386 niam
546 3332 637 3388 ille
664 3347 843 3388 arcam
867 3333 1242 3400 transferebat,
1293 3335 1378 3388 illa
1409 3343 1515 3390 tota
1554 3350 1714 3390 scena
1765 3336 1950 3391 relicta

367 3421 605 3480 saltabat.
623 3433 677 3477 et
699 3422 928 3478 choreas
947 3423 1171 3493 agebat,
1204 3425 1448 3494 tripudiis
1478 3425 1667 3482 ludens
1719 3426 1946 3497 magnis,

367 3527 429 3568 ne
474 3531 568 3585 per
596 3515 767 3570 saltus
790 3515 1029 3570 la'titiam
1071 3532 1229 3585 quam
1261 3517 1327 3572 de
1357 3520 1432 3574 rei
1482 3519 1790 3575 celebritate
1817 3535 1952 3574 eou-

366 3606 614 3677 eipiebat,
646 3607 998 3678 significabat.
1037 3609 1189 3676 Quod
1238 3609 1282 3664 si
1337 3612 1389 3664 in
1441 3612 1624 3666 umbra
1675 3621 1730 3667 et
1785 3613 1948 3683 figura

367 3702 572 3753 tantum
616 3697 881 3754 fervorem
929 3701 1216 3757 ostendere
1246 3716 1341 3770 par
1369 3709 1507 3768 erat,
1537 3712 1737 3772 quanto
1783 3704 1951 3774 magis

367 3796 419 3848 in
451 3803 692 3865 tempore
711 3796 897 3865 gratiae
925 3805 977 3850 et
1010 3795 1286 3851 veritatis?
1304 3796 1732 3866 quandoquidem
1755 3805 1809 3852 et
1836 3796 1950 3853 lucc

366 3903 544 3942 arcam
589 3886 946 3942 transferebat
1001 3887 1157 3957 longe
1209 3888 1633 3956 praestantiorem
1669 3889 1755 3942 illa
1791 3889 1949 3943 Davi-

351 3984 448 4034 -dis
476 3997 622 4036 arca.
671 3979 856 4050 Neque
883 3980 1024 4035 enim
1080 3979 1192 4034 haec
1243 3980 1450 4034 tabulas
1501 3979 1658 4036 habet
1686 3981 1945 4050 lapideas,

365 4073 460 4128 sed
491 4073 697 4127 tabulas
717 4073 1044 4142 spirituales,
1065 4082 1118 4127 et
1142 4073 1367 4142 gratiam
1397 4072 1700 4138 florentem,
1723 4074 1950 4129 donum-

363 4181 466 4236 que
498 4165 868 4234 resplendens,
894 4174 948 4219 et
989 4178 1109 4218 ossa
1157 4179 1278 4219 cum
1334 4164 1463 4234 ipsis
1491 4165 1949 4233 solaribuslradtis

364 4259 571 4327 fulgore
629 4257 956 4328 pugnantia,
1018 4257 1125 4312 imo
1180 4255 1597 4326 splendidiorem
1649 4257 1946 4313 entittentia

349 4347 646 4418 fulgorem.
699 4347 941 4403 Solareut
990 4362 1222 4415 namque
1265 4347 1506 4402 videntes
1551 4348 1757 4404 radium
1816 4348 1946 4403 nihil

365 4443 640 4510 patiuntur
661 4440 966 4504 damones;
1013 4439 1106 4495 sed
1153 4439 1492 4508 splendorem
1523 4439 1648 4496 hinc
1690 4443 1945 4498 exsilieuo

365 4543 470 4587 tem
503 4547 610 4587 non
651 4531 886 4586 ferentes
926 4538 1263 4584 exeaecantur
1290 4537 1344 4584 et
1371 4531 1598 4600 fugiunt,
1631 4545 1791 4603 atque
1823 4549 1948 4603 proo

362 4625 447 4678 cul
469 4636 531 4678 se
561 4623 822 4692 recipiunt
849 4639 864 4677 :
901 4632 1040 4676 tanta
1069 4621 1150 4675 vis
1175 4627 1356 4681 estvel
1374 4623 1569 4677 cineris
1598 4635 1947 4682 sanctorum:

363 4732 482 4784 ipse
510 4730 617 4770 non
647 4725 851 4770 tantum
887 4715 1029 4768 intus
1059 4714 1110 4767 in
1142 4713 1383 4782 reliquiis
1403 4716 1502 4769 sita
1526 4726 1629 4782 est,
1660 4718 1754 4774 sed
1785 4721 1944 4774 etiam

363 4807 588 4863 ulterius
632 4822 938 4883 progressa.
973 4807 1206 4874 impuras
1254 4806 1374 4860 illas
1421 4818 1709 4877 potestates
1759 4811 1947 4880 depol.

363 4902 422 4956 fit
447 4902 548 4974 (α),
578 4912 627 4956 et
650 4917 746 4956 eos
771 4917 862 4971 qut
889 4915 1008 4956 cum
1055 4898 1157 4955 fide
1185 4898 1467 4964 accedunt,
1514 4916 1634 4956 eum
1682 4912 1947 4971 potestate.

362 4994 525 5048 multa
557 4992 878 5047 sanctificat.

432 5085 784 5157 lnzperatricir
815 5095 995 5154 pietas.
1025 5113 1096 5124 --
1128 5082 1251 5138 Ideo
1279 5083 1476 5139 Christi
1500 5100 1684 5142 amans
1707 5085 1944 5156 Impera-

363 5178 465 5234 trix
495 5179 745 5248 reliquias
767 5181 1088 5246 sequebatur
1105 5216 1118 5240 ,
1151 5177 1501 5246 tangebatquc
1529 5177 1832 5250 frequenter
1853 5179 1944 5235 be-

365 5272 723 5327 nedictionem
773 5271 871 5325 sibi
901 5268 1197 5334 attraheus,
1221 5279 1383 5339 atque
1407 5269 1472 5322 ad
1504 5271 1780 5340 pulchrum
1814 5273 1943 5328 illud

364 5365 743 5436 spiritualeque
772 5361 1152 5417 Cflllllllt‘l'Clllm
1179 5401 1195 5428 ,
1224 5373 1433 5415 ceteros
1462 5378 1652 5417 omnes
1697 5363 1944 5419 institue-

364 5457 452 5513 bat
479 5469 535 5514 et
566 5459 792 5512 docebat
840 5467 894 5510 ut
939 5473 1003 5511 ex
1051 5455 1149 5508 hoc
1179 5455 1323 5509 fonte
1357 5455 1664 5517 haurirent,
1715 5472 1782 5512 ex
1839 5473 1942 5527 quo

362 5565 571 5621 semper
602 5550 844 5604 hauritur
873 5560 929 5603 et
957 5564 1241 5616 numquam
1275 5558 1580 5602 evacuatur.
1615 5547 1761 5602 Sicut
1793 5549 1934 5600 enim

422 5732 494 5786 fui
520 5729 705 5781 Similia
729 5729 950 5776 dit-untur
977 5736 1012 5776 t.
1040 5729 1085 5776 ἰ).
1110 5727 1199 5776 col.
1229 5727 1308 5778 99.
1333 5726 1440 5781 ϐιῖ,
1468 5726 1574 5774 ιῖῡθ,

691 5815 954 5877 “Tum.
1001 5820 1116 5879 Gn.
1175 5819 1391 5881 LXIII.

1045 267 1085 327 ll
1125 267 1632 336 HOMlLlA,DlCT.\
1674 267 2040 338 POSTQUAM
2080 269 2430 341 RELIQUIE
2473 271 3043 346 MARTYRUMJ-ZTC.

3577 290 3676 348 .176

2097 376 2322 435 fontium
2370 380 2567 438 fluenta
2610 389 2908 442 scaturiunt
2960 403 3061 445 nec
3088 389 3227 445 intra
3257 396 3502 464 proprios
3529 413 3680 456 smus

2092 473 2453 539 continentur,
2487 474 2582 530 sed
2625 478 2900 534 exundant
2942 489 2996 536 et
3047 485 3477 553 supereffhmnt:
3509 492 3578 546 ita
3624 507 3682 550 et

2090 563 2327 636 Spiritus
2366 569 2560 638 gratia,
2589 583 2709 640 qua:
2753 570 2804 625 in
2847 575 3059 628 ossibus
3084 576 3280 632 insidet
3309 595 3372 635 ac
3401 596 3522 637 cum
3549 599 3679 641 sna-

2088 655 2189 710 ctis
2221 655 2502 723 inhabitat,
2551 668 2607 714 et
2649 658 2702 712 itt
2747 661 2884 717 alios
2914 663 3255 734 profunditur
3281 669 3372 741 qui
3420 687 3541 727 cum
3573 675 3679 733 fide

2090 745 2211 800 illos
2240 758 2558 818 sequuntur,
2581 759 2743 821 atque
2769 753 2836 807 ab
2864 757 3040 810 anima
3072 760 3123 812 in
3163 773 3360 831 eurpus
3390 767 3676 836 redundat,

2087 847 2142 893 et
2170 853 2199 892 a
2230 854 2458 910 corpore
2483 842 2534 896 in
2566 845 2904 912 vestimenta,
2937 862 2964 900 a
2998 850 3330 908 vestimentis
3358 854 3409 909 in
3438 858 3676 923 calceos,

2085 931 2331 986 acalceis
2377 932 2429 986 in
2463 933 2680 990 umbras
2727 938 2982 992 excurrit.
3015 941 3244 1013 Ideoque
3293 963 3398 1002 non
3447 965 3672 1022 corpora

2086 1031 2291 1077 tantum
2349 1035 2656 1080 sanctnrtun
2722 1029 3087 1098 apostolontm
3169 1049 3510 1106 operantur,
3578 1044 3671 1098 sed
3746 1035 3754 1038 ’

2083 1114 2244 1168 etiam
2298 1116 2510 1171 sudaria
2561 1129 2617 1173 et
2654 1120 2982 1176 semicinctia
3033 1123 3190 1194 (Act.
3246 1127 3513 1201 19.12);
3566 1135 3674 1190 ἰιιιο

2083 1209 2289 1262 umbra:
2341 1209 2485 1264 Petri
2533 1211 2662 1280 ipsis
2706 1213 3008 1271 viventibus
3058 1221 3261 1289 majora
3309 1227 3674 1292 cperabantur

2081 1297 2420 1371 “(31.5.15).
2443 1294 2637 1358 Melete
2671 1318 2887 1375 quoque
2928 1307 3122 1376 injecta
3153 1325 3312 1382 supra
3340 1329 3536 1386 corpus
3569 1320 3670 1373 Eli-

2079 1392 2194 1456 βτί,
2227 1392 2493 1463 duplicem
2524 1397 2619 1466 ipsi
2651 1398 2875 1466 gratiam
2909 1400 3221 1476 ittduxit_(3.
3250 1406 3375 1478 flrg.
3411 1410 3498 1466 l9.
3534 1413 3622 1485 19)
3651 1432 3666 1472 :

2080 1497 2185 1535 non
2224 1485 2366 1538 enim
2409 1499 2607 1555 corpus
2648 1487 2828 1543 Elismi
2875 1499 3102 1558 tantum,
3155 1496 3249 1551 sed
3298 1500 3460 1556 etiam
3503 1506 3666 1558 vesti-

2079 1583 2315 1629 mentum
2347 1573 2479 1632 illud
2507 1578 2722 1646 plenum
2769 1583 2938 1651 gratia
2986 1596 3119 1640 erat.
3152 1585 3386 1660 Ideoque
3414 1593 3464 1646 itt
3497 1595 3668 1661 tribus

2077 1667 2260 1736 pueris
2307 1668 2536 1724 flamma:
2565 1682 2753 1727 natura
2784 1690 2889 1729 non
2921 1677 3098 1733 solum
3125 1679 3270 1749 ipsos
3297 1685 3527 1741 reverita
3557 1699 3663 1756 est,

2073 1757 2167 1814 sed
2196 1759 2356 1814 etiam
2386 1760 2621 1830 ipsorum
2649 1763 2859 1820 calceos
2884 1763 3044 1834 (Dan.
3083 1767 3116 1824 3
3164 1770 3279 1839 91).
3320 1773 3385 1828 Et
3413 1775 3663 1835 Elisa'um

2074 1867 2248 1921 neque
2289 1863 2558 1910 mortuum
2603 1855 2684 1910 vis
2727 1857 2815 1912 illa
2864 1859 3106 1916 deseruit
3143 1881 3156 1916 ε
3190 1863 3418 1934 injectus
3465 1873 3666 1940 quippe

2073 1953 2316 1997 mortuus
2357 1943 2407 1999 in
2455 1945 2758 2015 sepulcrum
2805 1948 3100 2019 prnpltette,
3125 1967 3154 2006 a
3186 1963 3359 2010 morte
3402 1957 3662 2016 liberatus

2069 2042 2152 2091 est
2186 2034 2262 2107 (4.
2295 2035 2423 2107 Reg.
2460 2037 2544 2092 15.
2575 2036 2692 2108 2f).
2725 2040 2814 2096 Sic
2861 2052 2915 2096 et
2959 2043 3118 2100 hodie
3147 2044 3342 2103 factum
3372 2059 3493 2105 est:
3526 2051 3652 2110 dmn

2068 2129 2212 2183 enim
2244 2129 2482 2199 reliquize
2509 2142 2868 2201 geStareutur,
2899 2135 3203 2195 daemonum
3235 2134 3501 2210 incendia,
3539 2147 3658 2201 nlu.

2070 2223 2208 2277 latus
2236 2232 2290 2277 et
2315 2224 2726 2281 lamentationes
2755 2228 2987 2299 undique
3014 2230 3338 2303 ferebantur,
3372 2239 3656 2296 exsilienze

2065 2315 2266 2369 ossium
2290 2317 2440 2372 radio
2464 2329 2514 2372 et
2545 2319 2970 2377 adversariaruut
2999 2335 3318 2395 potestatttm
3340 2330 3654 2404 phalangem

2067 2409 2426 2466 incendente.

2144 2506 2198 2561 2.
2234 2506 2527 2578 Propterea
2561 2511 2777 2566 exsulto
2828 2518 2882 2566 et
2927 2527 3038 2582 pra:
3087 2515 3364 2585 voluptate
3415 2515 3650 2572 volatum

2073 2612 2295 2655 assumo
2323 2601 2445 2671 quia
2475 2601 2748 2658 desertum
2790 2605 3066 2660 civitatem
3106 2607 3386 2671 effecistis,
3411 2611 3537 2680 quia
3569 2611 3653 2666 di-

2073 2691 2234 2746 vitias
2274 2691 2530 2749 Ecclesiae
2568 2694 2725 2749 nobis
2768 2694 2928 2751 hodie
2962 2696 3310 2753 exltibuistis.
3347 2700 3486 2756 Ecce
3517 2712 3653 2772 quot

2072 2795 2225 2846 oves,
2255 2790 2309 2836 et
2347 2799 2616 2853 nusquam
2657 2785 2850 2856 lupus;
2887 2795 3020 2856 quot
3067 2787 3259 2851 vineae,
3284 2797 3340 2844 et
3379 2805 3649 2861 nusquam

2071 2867 2258 2936 spina;
2305 2881 2438 2938 quot
2477 2872 2664 2940 spica),
2714 2882 2768 2928 et
2815 2892 3082 2944 nusquam
3133 2878 3364 2934 zizania.
3404 2879 3551 2934 Mare
3581 2880 3654 2934 ab

2074 2957 2208 3011 urbe
2243 2956 2308 3010 ad
2345 2958 2488 3013 hunc
2540 2977 2710 3030 usque
2751 2963 2925 3017 locum
2971 2976 3254 3020 extensum
3290 2976 3400 3033 est;
3434 2983 3584 3023 mare
3620 2984 3651 3022 a

2072 3048 2331 3102 fluctuum
2364 3053 2615 3119 procellis
2651 3054 2909 3120 liberum,
2944 3058 3290 3129 naufragium
3324 3075 3430 3114 non
3458 3058 3650 3123 habet,

2071 3153 2104 3192 a
2145 3142 2384 3210 scopulis
2424 3158 2651 3196 vacuum
2693 3153 2802 3213 est;
2846 3163 2996 3204 mare
3033 3151 3181 3205 omni
3217 3149 3378 3205 melle
3409 3149 3649 3214 dulcius,

2071 3231 2246 3300 magis
2279 3233 2515 3302 potabile
2551 3249 2712 3304 quam
2749 3252 2902 3306 aqua:
2943 3239 3228 3309 potabiles.
3259 3238 3448 3312 Neque
3488 3241 3651 3297 aber-

2059 3328 2260 3381 raverit
2284 3329 2374 3397 qui
2417 3329 2518 3382 hoc
2548 3343 2695 3382 mare
2721 3330 2882 3384 etiam
2912 3330 3129 3386 fluvium
3158 3334 3297 3405 ignis
3326 3339 3600 3391 Vocaverit
3631 3355 3644 3388 :

2059 3418 2130 3474 ita
2148 3435 2267 3474 nem
2277 3434 2339 3488 pc
2357 3419 2632 3489 lampades
2651 3435 2768 3488 qua:
2787 3431 2946 3476 noctu
2974 3423 3278 3494 frequentes
3298 3440 3363 3481 ac
3379 3427 3649 3484 continuae

2057 3511 2122 3565 ad
2146 3525 2315 3580 usque
2347 3513 2659 3584 martyrium
2692 3513 2793 3566 hoc
2822 3513 3314 3581 ferebatuur,ffuvii
3345 3519 3484 3588 ignei
3515 3521 3649 3574 ima-

2057 3603 2235 3672 ginem
2269 3602 2574 3658 videntibus
2600 3603 2953 3660 cxltibcbant.
2981 3606 3048 3662 Et
3079 3609 3195 3662 haec
3210 3610 3427 3680 quidem
3447 3624 3606 3667 noctu
3629 3632 3645 3675 ;

2057 3693 2146 3748 die
2171 3703 2350 3748 autem
2376 3693 2722 3750 illucescente
2743 3695 2863 3750 alia:
2886 3711 3097 3752 rursum
3129 3700 3400 3770 lampades
3426 3705 3646 3774 conspi—

2057 3784 2337 3840 ciebantur
2355 3802 2369 3840 :
2390 3787 2508 3842 illas
2521 3788 2719 3857 quippe
2746 3790 2824 3844 sol
2857 3790 3039 3846 oriens
3059 3792 3341 3864 obtegebat
3367 3805 3422 3850 et
3449 3797 3646 3852 obscu-

2057 3880 2229 3934 riores
2250 3879 2544 3945 reddebat;
2575 3882 2703 3936 istas
2731 3897 2877 3955 vero,
2897 3900 3016 3953 qua:
3045 3887 3096 3939 in
3129 3886 3464 3958 singulorum
3497 3907 3645 3946 men-

2057 3970 2201 4025 tibus
2231 3970 2453 4041 fnlgent,
2484 3971 2717 4036 lauiores
2737 3975 3057 4032 ostendebat
3085 3995 3098 4032 :
3131 3995 3252 4033 nam
3286 3982 3409 4052 igne
3437 3985 3528 4039 illo
3554 3988 3644 4056 qtti

2057 4072 2272 4132 apparet
2298 4064 2578 4118 ardentior
2597 4076 2712 4120 erat
2730 4067 2817 4121 ille.
2833 4068 2922 4136 qni
2947 4070 2998 4123 in
3021 4068 3301 4128 alacritate
3319 4083 3494 4129 vestra
3512 4093 3642 4136 cun.

2055 4154 2194 4208 sistit
2209 4171 2222 4207 :
2237 4162 2293 4208 et
2308 4156 2500 4225 singuli
2514 4155 2780 4226 duplicem
2799 4159 3100 4229 lampadem
3117 4163 3417 4232 gestabant,
3435 4166 3644 4237 igneam

2058 4246 2204 4300 illam
2233 4256 2434 4312 noctu,
2463 4262 2581 4302 eam
2616 4264 2744 4302 vero
2769 4265 2887 4320 qua:
2919 4249 2970 4305 in
3001 4252 3278 4311 alacritate
3306 4269 3482 4313 vestra
3509 4259 3646 4317 resi-

2057 4336 2145 4390 det
2183 4347 2239 4392 et
2283 4346 2442 4391 noctu
2492 4349 2544 4394 et
2590 4339 2824 4396 interdiu
2855 4359 2869 4396 :
2899 4342 3006 4398 imo
3056 4359 3184 4400 vero
3219 4363 3393 4419 neque
3427 4364 3638 4409 noctem

2055 4429 2196 4483 illam
2230 4443 2365 4485 voco
2399 4447 2411 4480 :
2444 4445 2565 4485 cum
2599 4431 2686 4487 die
2723 4447 2952 4503 namque
2979 4439 3347 4506 concertabat,
3379 4442 3504 4497 dum
3546 4461 3644 4503 vos

2053 4519 2190 4575 lueis
2223 4521 2360 4575 filios
2396 4521 2789 4589 circumferret,
2823 4532 2879 4580 et
2923 4527 3098 4582 stellis
3127 4527 3424 4586 innumeris
3452 4534 3642 4593 lucife-

2055 4629 2222 4685 roque
2246 4614 2643 4685 splendidiores
2673 4616 2972 4675 exhiberet.
3007 4620 3470 4688 Quemadmodum
3495 4628 3639 4683 enim

2051 4705 2250 4761 ebriosi
2299 4715 2508 4761 noctem
2558 4709 2610 4761 in
2662 4708 2805 4765 diem
2835 4721 3158 4767 convertunt
3185 4730 3198 4766 :
3227 4713 3306 4767 sic
3347 4725 3400 4769 et
3427 4727 3639 4773 noctem

2053 4799 2295 4855 efficiunt
2340 4800 2482 4856 diem
2520 4802 2554 4856 ii
2597 4803 2688 4872 qui
2739 4805 3013 4875 pervigilia
3043 4815 3209 4876 agunt
3250 4808 3632 4879 expergefacti.

2055 4893 2286 4963 Ideoque
2316 4909 2410 4964 per
2441 4903 2604 4949 totam
2654 4905 2864 4952 noctem
2912 4899 3284 4968 propheticum
3317 4900 3448 4957 illud
3474 4918 3638 4961 cane-

2053 4984 2182 5041 haut
2202 5004 2214 5038 :
2233 4985 2355 5039 Nox
2383 4987 2690 5041 illumiuatio
2723 5007 2830 5052 mea
2848 4990 2901 5043 in
2927 4990 3124 5046 deliciis
3147 4992 3304 5058 meis;
3333 5002 3382 5046 et
3424 4994 3639 5053 tenebat

2051 5094 2153 5134 non
2170 5081 2569 5135 obscurabuntur
2597 5099 2629 5134 a
2655 5091 2722 5147 te,
2749 5092 2793 5136 et
2820 5100 2923 5137 nos:
2942 5087 3069 5139 sicut
3094 5084 3202 5138 dies
3219 5086 3591 5142 illuminabitur
3620 5103 3640 5144 :

2049 5173 2179 5226 sicut
2205 5181 2253 5225 et
2279 5173 2496 5226 tenebrae
2513 5173 2648 5244 ejus,
2680 5176 2751 5227 ita
2780 5185 2826 5227 et
2851 5176 3022 5230 lumen
3044 5178 3155 5252 ejus
3183 5175 3354 5246 (Psaf.
3385 5180 3510 5236 153.
3545 5181 3635 5237 11.

2053 5267 2166 5336 12).
2198 5265 2318 5332 Οιιο
2346 5267 2487 5321 enim
2519 5266 2607 5321 die
2647 5282 2755 5322 non
2796 5269 2968 5324 laetior
2997 5270 3096 5325 fuit
3126 5272 3352 5328 noxilla
3381 5273 3634 5328 omnibus

2051 5365 2198 5412 tanto
2223 5357 2419 5427 gaudio
2449 5356 2839 5411 exsultantibus
2862 5399 2878 5423 ,
2911 5360 3174 5429 spirituali
3218 5361 3400 5418 lzetitia
3444 5364 3636 5438 plenis.

2051 5460 2128 5505 tut
2167 5448 2350 5503 effusis
2377 5449 2606 5517 populis,
2639 5450 2725 5518 qui
2758 5459 2813 5503 et
2839 5450 2938 5502 vite
2976 5461 3031 5505 et
3065 5451 3163 5508 fori
3195 5454 3399 5510 aditum
3422 5455 3637 5511 claude-

2049 5539 2212 5594 bant?
2239 5539 2419 5609 Ncque
2445 5540 2587 5595 enim
2622 5550 2827 5608 poterat
2869 5542 3070 5601 nudum
3099 5543 3276 5604 solum
3315 5549 3509 5616 videri,
3542 5551 3637 5607 sed

2052 5639 2211 5687 totam
2242 5634 2376 5682 viam
2406 5633 2722 5702 corporibus
2741 5634 2990 5694 humanis
3019 5640 3346 5707 aperientes,
3367 5644 3459 5699 sed
3481 5661 3638 5701 unant

2054 5732 2293 5777 catenam
2346 5738 2560 5776 auream
2592 5736 2640 5779 et
2661 5726 2991 5794 continuato,
3023 5729 3240 5784 fluvium
3273 5749 3436 5788 unum
3470 5737 3634 5793 multo

3229 5821 3306 5888 23
