3966 6160
361 290 454 346 m

362 402 567 472 impetu
587 400 917 455 manantem,
943 403 1036 459 per
1054 394 1227 440 totum
1246 384 1346 439 iter
1371 379 1720 437 exhibuistls:
1750 385 1804 432 et
1825 391 1940 431 sur-

362 470 482 548 sum
506 486 721 561 quidem
747 485 798 539 in
816 482 1005 538 ea-lnm
1023 478 1344 549 asiiicientes
1362 476 1540 530 lunam
1563 470 1872 526 videbamus
1891 470 1945 522 et

361 584 547 641 stellas
579 583 630 636 in
660 577 858 641 ini-dio,
893 575 1028 629 infra
1075 587 1205 626 vero
1253 568 1489 623 ﬁdelium
1521 563 1942 626 multitudinem,
1965 631 1986 646 ἱ

361 691 416 735 et
435 680 555 733 luna
574 669 987 745 splendidiorem
1009 667 1059 720 in
1085 664 1261 720 medio
1279 659 1675 732 Imperatriccm
1705 667 1944 711 euntem.

364 771 514 825 Sicut
534 767 676 821 enim
696 761 867 817 stellte
899 758 1105 813 inferio.
1123 771 1181 811 es
1210 752 1606 824 przestantiorcs
1634 755 1759 802 sunt
1788 759 1947 813 supc-

365 858 636 919 riorihus;
678 853 755 907 sic
784 861 840 906 et
883 851 998 904 hare
1029 849 1195 902 nnilto
1223 845 1392 899 lmtior
1418 853 1470 897 et
1499 838 1804 912 przeclarior
1831 844 1948 891 erat

364 949 472 1005 illa.
505 945 641 1016 Quid
669 945 809 1000 enim
833 942 857 996 2
885 950 1091 996 tantum
1114 945 1200 993 est
1225 937 1368 1000 luna,
1388 935 1431 987 si
1460 939 1801 1001 comparetur
1825 940 1947 981 cum

359 1045 567 1101 anima,
600 1039 652 1092 in
679 1036 937 1105 dignitate
965 1040 1108 1086 tanta
1141 1026 1449 1090 constituta,
1483 1033 1627 1077 tanta
1660 1021 1762 1074 tide
1789 1034 1949 1072 orna-

353 1123 453 1187 ta?
483 1130 618 1199 Quid
650 1129 792 1182 enim
813 1125 931 1194 quis
955 1125 1005 1176 in
1031 1121 1116 1174 illa
1148 1119 1294 1189 prius
1322 1112 1742 1170 admiretur‘ian
1773 1110 1945 1164 zelum

364 1227 481 1295 ipso
495 1227 615 1294 igne
629 1212 1041 1275 ferventior-em?
1058 1229 1123 1266 an
1145 1212 1300 1265 (idem
1319 1207 1599 1262 adamante
1620 1195 1948 1258 ﬁrmiorem?

362 1333 431 1371 an
459 1311 836 1370 contritionem
861 1306 1021 1360 animi
1048 1315 1101 1360 et
1129 1301 1501 1364 humilitatem,
1525 1311 1629 1367 qua
1655 1310 1842 1350 omnes
1859 1310 1948 1348 Stt-

364 1406 607 1478 peravit?
637 1403 920 1473 Imperium
941 1394 1479 1469 qnidem,diademata
1505 1402 1558 1447 et
1577 1405 1792 1446 onmem
1823 1388 1948 1443 hinc

365 1500 494 1555 oriri
539 1498 751 1552 solitum
794 1494 986 1549 {astitui
1034 1487 1467 1546 constantissime
1507 1485 1743 1553 abiecit;
1776 1482 1949 1537 induit

367 1606 498 1646 vero
527 1606 624 1660 pro
644 1603 874 1659 purpura
899 1582 1212 1638 humilitatis
1234 1589 1456 1644 vestem,
1477 1587 1530 1632 et
1549 1591 1643 1647 per
1669 1576 1808 1631 hanc
1837 1591 1950 1629 ma-

363 1687 448 1756 gis
499 1682 830 1753 resplendet.
875 1679 1006 1734 Nam
1050 1674 1414 1747 iniperatrices
1444 1671 1656 1741 quidem
1687 1668 1865 1723 multae
1896 1677 1950 1721 et
1981 1675 2014 1696 "‘

365 1790 510 1844 Stepe
532 1772 765 1838 fuerunt,
793 1785 911 1840 qua:
937 1768 1100 1822 vestis
1125 1777 1178 1821 et
1203 1763 1561 1820 diadematum
1580 1772 1632 1816 et
1661 1761 1947 1831 imperato-

364 1867 459 1921 ria:
503 1865 688 1936 gloria:
735 1862 907 1916 solum
937 1859 1226 1930 participes
1270 1855 1487 1911 fuerunt
1519 1870 1532 1906 :
1566 1852 1726 1922 hujus
1769 1860 1946 1906 autem

363 1961 530 2016 solius
561 1959 658 2012 fuit
683 1956 920 2012 eximius
951 1953 1038 2008 ille
1066 1961 1309 2016 ornatus,
1338 1949 1506 2002 solius
1534 1946 1636 2000 hoc
1664 1956 1944 2013 tropaeum.

365 2054 493 2108 llaec
543 2050 775 2120 namque
833 2046 944 2102 sola
995 2043 1308 2114 imperati-ix
1353 2055 1473 2094 cum
1523 2047 1670 2091 tanto
1719 2035 1945 2100 honore,

364 2144 542 2199 studio
568 2152 730 2213 atque
759 2140 955 2210 pietate
983 2145 1249 2208 martyres
1273 2133 1524 2189 comitata
1565 2140 1668 2193 est,
1699 2129 1838 2198 plebi
1869 2126 1950 2180 in-

366 2239 650 2302 termixta,
677 2249 800 2290 cum
846 2231 1138 2286 satellitum
1183 2242 1343 2282 omne
1387 2227 1702 2287 amovisset,
1737 2232 1790 2276 ct
1839 2220 1951 2276 fere

363 2313 580 2385 omnem
608 2325 929 2398 conditionis
978 2320 1385 2392 inaequalitatem
1417 2327 1538 2371 ctnn
1585 2315 1750 2368 multa
1792 2327 1940 2366 exsu-

368 2420 608 2490 perantia
646 2415 950 2486 abiecisset.
979 2411 1103 2467 ideo
1131 2424 1236 2464 non
1278 2406 1450 2462 minus
1479 2420 1637 2476 quam
1689 2412 1950 2474 martyres

367 2510 564 2579 populo
611 2505 827 2577 profuit.
865 2498 1329 2571 Quemadmodum
1376 2496 1518 2550 enim
1567 2494 1828 2562 reliquias
1868 2507 1954 2545 as-

369 2602 643 2675 piciebant
678 2611 867 2652 omnes
889 2638 904 2663 ,
938 2596 1008 2649 ita
1037 2594 1153 2663 ejus
1197 2591 1563 2645 assiduitatem
1617 2587 1952 2642 mirabantur

367 2703 423 2748 et
450 2691 646 2746 divites
674 2696 729 2744 et
764 2701 1045 2759 pauperes,
1081 2684 1322 2737 videntes
1356 2682 1500 2735 illam
1531 2682 1646 2734 sine
1679 2679 1949 2733 intermis-

366 2785 520 2838 sione
546 2797 642 2852 per
669 2789 876 2834 tantum
920 2777 1018 2831 via:
1067 2775 1296 2844 Spatium
1325 2773 1535 2826 ossibus
1560 2771 1948 2836 adluerentem,

369 2893 470 2931 nec
501 2881 750 2944 umquam
768 2869 1037 2926 defessam
1061 2868 1142 2921 vel
1174 2865 1521 2930 resilientem,
1544 2863 1636 2918 sed
1655 2878 1794 2917 arca:
1812 2877 1954 2916 sem-

369 2985 464 3038 per
490 2967 812 3020 adstantem.
839 2962 1127 3031 Propterea
1157 2967 1208 3012 te
1257 2959 1464 3011 beatam
1511 2954 1802 3025 prmdicare
1845 2963 1952 3007 noti

365 3071 674 3123 cessamus;
707 3069 880 3125 neque
923 3067 1020 3107 nos
1066 3061 1291 3117 tantum,
1325 3047 1419 3103 sed
1461 3049 1620 3103 etiam
1646 3046 1832 3102 futura:
1861 3060 1955 3118 ge-

369 3151 684 3207 nerationes
710 3160 920 3217 omnes.

355 3227 362 3234 ’
443 3243 497 3296 5.
518 3241 649 3296 Nam
671 3257 790 3310 qua:
815 3238 899 3292 hic
915 3246 1062 3308 gesta
1086 3232 1441 3289 suntaudient
1458 3232 1591 3286 lines
1609 3228 1754 3285 orbis
1777 3239 1828 3285 et
1845 3237 1954 3287 tota

358 3345 624 3417 quantam
649 3333 733 3389 Sol
761 3333 980 3402 respicit
1013 3338 1190 3393 terra;
1222 3326 1444 3380 audient
1465 3325 1591 3380 item
1623 3323 1697 3378 illi
1723 3323 1812 3393 qui
1837 3332 1957 3393 post

371 3445 470 3484 nos
492 3427 654 3484 futuri
681 3435 823 3492 sunt,
849 3433 902 3479 et
929 3423 1020 3494 qui
1053 3429 1172 3492 post
1193 3421 1346 3486 illos;
1377 3433 1440 3472 ac
1466 3431 1581 3472 rem
1610 3425 1816 3488 gestam
1839 3416 1957 3471 nul-

353 3511 484 3574 ~vium
515 3520 725 3588 tempus
751 3513 1005 3571 oblivioni
1029 3510 1302 3565 mandabit
1318 3550 1333 3577 ,
1354 3501 1461 3564 Deo
1480 3507 1674 3578 ubique
1693 3516 1955 3561 terrarum

373 3624 428 3667 et
459 3628 552 3682 per
580 3624 770 3665 omnes
821 3605 1024 3662 laturas
1069 3603 1446 3676 generationes
1495 3615 1607 3654 rem
1638 3613 1758 3653 cutn
1786 3598 1956 3653 multo

365 3701 658 3772 splendore
669 3699 1000 3756 celebrante.
1016 3695 1070 3752 Si
1087 3695 1230 3750 enim
1250 3691 1488 3748 mulieris
1511 3690 1809 3746 meretricis
1824 3702 1958 3758 opus

350 3790 438 3849 ‘ad
467 3795 723 3850 terminos
747 3805 912 3863 tlSqtte
929 3790 1075 3844 orbis
1103 3784 1406 3842 annuntiari
1422 3782 1630 3836 curavit
1657 3789 1710 3836 ct
1740 3782 1960 3835 immor-

365 3886 495 3942 talis
513 3886 784 3940 meruerim
810 3883 1043 3937 reddidit
1067 3898 1082 3936 :
1109 3878 1278 3934 multo
1306 3877 1474 3946 magis
1493 3876 1767 3937 modestae,
1784 3875 1960 3945 gravis

364 3988 429 4032 et
445 3988 604 4032 castae
619 3976 877 4038 mulieris,
896 3985 1014 4043 qua:
1037 3973 1088 4026 in
1111 3970 1336 4039 imperio
1356 3979 1553 4022 tantam
1574 3967 1815 4022 exhibuit
1843 3966 1958 4036 pie-

366 4077 688 4137 :tatem,non
719 4069 858 4122 sinet
879 4064 1226 4136 opuslatcre;
1255 4061 1347 4116 sed
1384 4069 1434 4115 te
1463 4061 1670 4114 beatam
1701 4059 1960 4129 praedii-a-

370 4165 510 4218 bunt
538 4175 747 4224 omnes,
769 4157 911 4228 quod
934 4165 1152 4211 sanctos
1183 4153 1415 4224 hospitio
1436 4150 1693 4220 excipias,
1714 4150 1854 4220 quod
1874 4163 1963 4203 ec-

353 4249 560 4309 'rlesiis
598 4250 968 4322 patrocineris,
1013 4246 1153 4318 quod
1183 4247 1300 4301 zelo
1331 4245 1505 4316 parsis
1537 4243 1814 4314 apostolis.
1847 4241 1960 4296 Etsi

379 4344 524 4399 enim
558 4351 800 4396 naturam
822 4329 1009 4393 sortita
1038 4353 1100 4392 es
1129 4336 1413 4391 femineam
1435 4375 1451 4401 ,
1483 4345 1536 4388 at
1565 4335 1693 4388 licet
1721 4332 1812 4386 tibi
1841 4343 1962 4386 cum

382 4433 640 4506 apostolis
661 4434 825 4502 gestis
865 4439 1194 4484 conci-rtare.
1213 4425 1652 4498 Quandoquidem
1683 4435 1806 4479 tunc
1829 4438 1964 4493 quo-

382 4541 486 4600 que
510 4527 598 4581 illa
632 4523 834 4602 Plitehe
865 4517 1037 4594 (Rom.
1060 4522 1378 4591 “5.1),th
1399 4519 1673 4574 doctorem
1692 4517 1838 4572 orbis
1866 4531 1965 4572 ex-

381 4619 766 4690 cepit,ipsiquc
795 4615 1124 4686 patrocinaia
1139 4623 1245 4679 est,
1277 4611 1472 4666 mulier
1491 4610 1859 4682 eratejusdem
1888 4619 1968 4666 to-

381 4729 504 4768 cum
524 4721 750 4778 naturae,
767 4718 821 4763 ct
841 4717 1018 4762 tamen
1041 4717 1207 4776 usque
1228 4705 1364 4760 adeo
1377 4703 1538 4769 fulsit,
1558 4711 1616 4756 nt
1631 4712 1848 4757 sanctus
1873 4701 1965 4758 ill’e

354 4804 514 4860 “caelo
541 4803 735 4873 dignus
756 4809 810 4855 et
844 4798 1209 4869 apostolorum
1237 4796 1475 4851 omnium
1508 4795 1774 4854 maximus
1797 4795 1964 4861 ipsam

379 4895 678 4951 Celebraret
709 4907 770 4948 ac
799 4893 1020 4956 diceret,
1044 4889 1248 4944 Adstitit
1276 4887 1469 4954 multis,
1489 4898 1534 4940 et
1557 4887 1678 4938 mihi
1708 4887 1824 4958 ipsi.
1847 4885 1963 4938 Pri-

381 4986 533 5043 scilla
563 4997 776 5057 quoque
808 4981 1048 5039 feminini
1075 4990 1376 5051 scxusﬁerat
1403 4995 1418 5034 :
1447 4994 1626 5033 verum
1647 4977 1696 5032 id
1731 4995 1835 5031 non
1859 4979 1966 5032 itit-

383 5080 691 5151 pedtmeuto
716 5077 834 5143 fuit,
855 5077 982 5147 quin
1017 5075 1101 5129 illa
1129 5069 1492 5128 celebraretur
1514 5079 1565 5124 et
1586 5067 1716 5139 quin
1735 5071 1963 5124 immor-

383 5171 506 5225 talis
526 5171 642 5240 ejus
663 5176 808 5224 esset
833 5168 1110 5224 memoria.
1131 5165 1278 5221 Alius
1306 5177 1517 5235 quoque
1543 5171 1669 5218 tunc
1700 5171 1816 5216 erat
1843 5176 1966 5216 ιιιιιο

356 5255 358 5269 ί
387 5266 576 5320 lierum
593 5255 812 5331 chorus,
825 5275 944 5332 quae
961 5260 1122 5316 vitam
1144 5258 1408 5313 ducebant
1423 5255 1792 5326 apostolicam.
1812 5255 1963 5308 Ideo-

385 5368 490 5424 que
528 5342 626 5414 nos
682 5365 894 5429 quoque
942 5368 1048 5411 non
1094 5333 1484 5417 aberrabimus,
1529 5349 1575 5404 si
1618 5359 1668 5405 te
1697 5365 1816 5404 cum
1861 5345 1970 5404 itlis

1151 274 1207 331 S.
1234 270 1510 329 JOAXNIS
1547 264 2021 324 CHRYSOSTﬂMl
2063 262 2379 320 ARCIIIEP.
2425 253 2959 318 CONSTANTINOP.

3533 254 3634 309 ιη

2052 389 2486 440 annumcrrmus,
2507 377 2626 445 quia
2648 384 2701 428 tu
2723 372 3084 428 Ecclesiarum
3098 368 3334 425 omnium
3354 372 3539 438 portus
3555 383 3623 426 es.

2053 477 2102 521 et
2131 467 2380 537 pra'senti
2404 477 2750 536 regnouteris
2766 465 2830 518 ad
2851 462 3083 519 futurum
3103 478 3324 534 regnum
3355 462 3631 532 acquiren-

2049 557 2200 624 dum,
2228 559 2483 614 ecclesias
2507 558 2740 628 erigens,
2757 555 3064 612 sacerdotes
3090 555 3380 620 honoratis,
3412 552 3633 608 lucreti-

2051 665 2235 704 eorum
2261 663 2498 706 errorem
2526 650 2846 713 dissolvens,
2891 660 3157 720 martyres
3195 647 3492 717 excipiens,
3523 663 3628 700 non

2044 741 2117 797 'ad
2151 758 2416 808 mensam,
2448 742 2541 797 sed
2574 743 2784 807 animo;
2815 759 2921 797 non
2951 743 3118 801 domi.
3149 741 3244 796 sed
3271 741 3496 806 aii'cctu;
3529 741 3634 795 imo

2054 834 2229 903 potius
2281 844 2336 888 et
2383 833 2436 887 in
2486 834 2648 889 domo
2694 843 2749 890 et
2797 835 3010 889 at'l'ectu.
3058 834 3220 889 Maria
3257 847 3472 904 quoque
3508 833 3632 885 olim

2054 928 2305 997 populum
2337 925 2581 989 ducebat,
2606 943 2724 982 ossa
2755 927 2974 997 Iosephi
3006 927 3255 991 aﬂ‘erens,
3284 935 3338 980 et
3366 925 3632 980 canticum

2053 1022 2248 1074 cecinit
2293 1019 2486 1091 (Exod.
2530 1021 2618 1074 15.
2651 1019 2748 1087 20)
2784 1037 2797 1074 :
2837 1020 2930 1072 sed
2973 1019 3060 1073 illa
3104 1017 3322 1088 quidem
3357 1024 3634 1086 postquam

2053 1113 2286 1186 AZgyptii
2336 1114 2388 1168 in
2429 1129 2578 1168 mare
2619 1113 2851 1167 demersi
2899 1122 3022 1164 sunt
3048 1129 3063 1175 ;
3094 1121 3147 1164 tu
3190 1123 3319 1165 vero
3353 1117 3634 1179 postquam

2051 1207 2325 1262 daemones
2373 1207 2614 1261 sull'ocati
2659 1204 2809 1260 fui-re
2858 1221 2873 1257 :
2921 1205 3008 1259 illa
3057 1203 3336 1257 Pharaone
3381 1201 3435 1256 in
3489 1215 3636 1254 mare

2052 1299 2333 1365 demerso,
2371 1309 2425 1354 tu
2476 1310 2658 1355 autem
2709 1299 2928 1353 diabolo
2967 1297 3216 1366 deiecto;
3259 1295 3347 1350 illa
3389 1293 3634 1366 cymbala

2053 1394 2279 1460 habens,
2312 1391 2365 1447 t'n
2401 1402 2635 1446 mentem
2669 1400 2723 1446 et
2763 1391 2998 1443 animam
3044 1388 3162 1458 plus
3201 1401 3360 1458 quam
3390 1387 3516 1441 tuba
3546 1400 3636 1439 so-

2054 1493 2308 1550 nantem;
2344 1485 2430 1538 illa
2461 1483 2662 1539 Judaeis
2697 1481 2958 1544 liberatis,
2993 1489 3047 1534 tu
3079 1479 3318 1534 Ecclesia
3345 1483 3635 1535 coronata;

2054 1581 2140 1636 illa
2173 1577 2429 1649 pepnlum
2477 1591 2642 1630 unum
2683 1573 2920 1629 edocens
2956 1573 3113 1626 unius
3141 1571 3359 1640 iingme,
3396 1579 3450 1622 tu
3481 1569 3641 1622 innu-

2054 1687 2236 1728 meros
2279 1670 2505 1726 diversa:
2548 1669 2744 1740 lingua:
2786 1666 3032 1737 pepulos.
3066 1664 3280 1720 Etenim
3326 1664 3642 1717 innumeros

2055 1765 2209 1819 nobis
2251 1763 2482 1818 eduxisti
2512 1761 2730 1824 choros,
2771 1759 2932 1812 alium
2975 1757 3238 1819 Romana,
3270 1755 3434 1807 alium
3475 1751 3637 1823 Syra,

2054 1859 2217 1912 alium
2262 1855 2513 1918 barbam,
2552 1852 2714 1907 alium
2759 1849 2946 1907 Graeca
2990 1862 3122 1904 voce
3167 1845 3386 1902 Davidis
3428 1845 3641 1900 cantica

2057 1947 2378 2018 pulsantes:
2408 1945 2754 2012 diversasque
2799 1949 2991 2008 gentes
3031 1951 3093 1994 ac
3133 1938 3378 1993 diversos
3441 1937 3646 1991 choros

2059 2038 2245 2092 videre
2271 2044 2389 2091 erat
2430 2051 2586 2089 unam
2616 2034 2877 2088 citharam
2908 2045 3098 2086 omnes
3132 2029 3410 2092 habentes,
3446 2043 3646 2096 nempe

2053 2129 2294 2195 Daridis,
2311 2144 2371 2182 ac
2390 2127 2643 2198 precibus
2659 2125 2770 2181 suis
2789 2134 2839 2179 te
2854 2133 3193 2178 coronantes.
3211 2119 3539 2174 Festivitatis
3553 2119 3650 2171 hu-

2050 2221 2138 2292 jus
2171 2221 2353 2274 ia-titia
2385 2218 2688 2289 requirebat
2725 2215 3184 2286 religiosissimum
3238 2213 3646 2281 imperatorem,

2055 2315 2146 2386 qui
2203 2312 2416 2384 pietatis
2469 2322 2708 2367 aratrum
2764 2319 2940 2364 tecum
2991 2305 3318 2362 trahitzsed
3350 2304 3400 2358 id
3427 2317 3650 2373 quoque

2058 2407 2355 2479 prudentize
2375 2415 2478 2459 tua:
2498 2403 2614 2469 fuit,
2635 2402 2776 2474 quod
2808 2403 2954 2456 illum
2974 2399 3134 2454 hodie
3149 2396 3292 2452 denti
3321 2395 3650 2461 detinueris,

2057 2511 2113 2555 et
2163 2502 2214 2554 in
2255 2499 2398 2554 diem
2451 2495 2744 2552 crastinum
2797 2494 2914 2563 ejus
2971 2492 3258 2546 adventum
3301 2486 3650 2559 promiseris.

2057 2594 2189 2649 Nam
2231 2606 2298 2646 ne
2341 2597 2519 2644 tantus
2565 2587 2803 2658 equitum
2834 2597 3114 2647 numerus,
3143 2594 3277 2636 neve
3306 2587 3652 2633 armatorum

2057 2687 2286 2742 militum
2315 2681 2594 2746 tumultus,
2626 2678 2944 2749 virginibus,
2967 2676 3199 2740 annbus,
3224 2672 3657 2739 senioribusque

2059 2780 2186 2833 viris
2202 2776 2503 2832 molestiam
2524 2771 2758 2839 afferret,
2781 2771 3079 2839 festumque
3093 2767 3234 2822 diem
3253 2765 3512 2826 turbaret,
3530 2778 3655 2817 rem

2057 2869 2343 2942 prudentia
2362 2881 2457 2922 sua
2470 2865 2680 2938 dignam
2698 2863 2893 2918 faciens
2910 2859 3245 2931 imperatrix,
3270 2856 3530 2914 celebrita
3540 2865 3655 2911 tem

2059 2963 2260 3020 divisit.
2294 2961 2425 3016 Nam
2468 2961 2513 3014 si
2557 2957 2716 3012 ambo
2745 2955 2904 3010 hodie
2933 2953 3228 3016 venissent,
3258 2963 3380 3005 cras
3408 2947 3658 3003 celebri.

2062 3059 2184 3114 tatis
2215 3055 2336 3110 linis
2368 3053 2555 3109 fuisset
2588 3069 2602 3105 :
2631 3060 2687 3104 ut
2713 3058 2890 3102 autem
2917 3055 2973 3101 et
3001 3044 3052 3099 in
3083 3043 3172 3098 die
3212 3041 3463 3112 praisenti
3490 3041 3659 3111 quies

2061 3159 2167 3205 tem
2194 3148 2368 3212 daret,
2401 3155 2455 3200 et
2493 3142 2676 3198 addito
2701 3139 2790 3194 die
2827 3138 3065 3192 crastino
3101 3134 3385 3204 largiorem
3421 3140 3652 3199 pararet

2061 3241 2324 3305 lmtitiam,
2340 3252 2454 3292 rem
2464 3237 2538 3292 ita
2555 3230 2840 3303 disposuit,
2859 3239 2914 3284 ut
2935 3228 3146 3298 liturgia
3170 3227 3492 3296 imperatore
3511 3240 3660 3294 pra:-

2065 3343 2218 3387 sente
2248 3332 2398 3385 ﬁeret
2430 3345 2443 3381 :
2473 3337 2527 3381 et
2551 3325 2712 3379 hodie
2761 3324 2875 3392 ipsa
2923 3322 3165 3385 veniens,
3198 3317 3448 3387 promisit
3491 3316 3662 3370 iiolris

2063 3424 2209 3479 illum
2233 3422 2317 3478 die
2339 3419 2576 3476 crastino
2598 3426 2877 3472 venturum
2904 3427 3044 3468 esse.
3069 3411 3216 3467 Sicut
3237 3410 3380 3465 enim
3402 3423 3531 3463 cum
3563 3409 3665 3462 illo

2053 3515 2270 3587 imperii
2321 3524 2544 3567 consors
2584 3519 2686 3572 est,
2711 3507 2782 3561 ita
2808 3515 2862 3559 et
2888 3505 2939 3559 in
2965 3505 3160 3576 pietate
3186 3515 3432 3572 quoque;
3469 3514 3664 3570 neque

2056 3610 2323 3681 "permittit
2343 3620 2465 3661 eum
2489 3612 2637 3658 recte
2655 3601 2912 3655 factorum
2936 3613 3042 3652 non
3061 3608 3179 3650 esse
3200 3594 3542 3665 participem,
3559 3592 3668 3647 sed

2064 3703 2261 3772 ubique
2287 3705 2589 3754 consortem
2618 3694 2767 3749 illum
2790 3690 3005 3760 accipit.
3034 3687 3298 3757 Quoniam
3321 3687 3482 3756 igitur
3503 3685 3668 3741 celi--

2062 3795 2233 3852 britas
2256 3792 2371 3846 inec
2398 3788 2688 3861 spiritualis
2710 3785 2764 3839 in
2793 3792 3107 3854 sequentem
3130 3794 3344 3851 quoque
3373 3778 3519 3833 diem
3563 3794 3671 3832 ex-

2068 3887 2209 3944 tendi
2251 3885 2442 3949 debet,
2473 3883 2612 3938 idem
2663 3893 2847 3935 rursus
2873 3875 3105 3933 studium
3147 3875 3535 3941 exhibeamus,
3570 3885 3670 3940 ut,

2065 3983 2203 4034 sicut
2233 3979 2389 4032 hodie
2413 3977 2551 4029 hanc
2591 3973 2788 4028 Christi
2825 3977 3092 4025 amantem
3135 3982 3259 4024 cum
3286 3968 3493 4023 civibus
3518 3969 3678 4023 vidi-

2066 4089 2206 4139 mus,
2235 4073 2313 4126 sic
2359 4069 2446 4125 die
2471 4069 2704 4122 crastino
2745 4065 3052 4132 religiosum
3093 4064 3470 4134 imperatorem
3532 4078 3675 4117 cum

2067 4165 2304 4219 exercitu
2334 4163 2609 4216 videamus
2649 4157 2993 4212 accedentem
3018 4197 3034 4223 ,
3062 4164 3116 4210 et
3143 4154 3283 4209 idem
3325 4154 3678 4208 sacriﬁcium

2073 4256 2184 4310 Deo
2226 4261 2348 4308 cum
2399 4252 2596 4322 pietate
2639 4249 2957 4303 oti‘erentem
2998 4262 3064 4300 ex
3109 4245 3227 4300 zelo
3267 4258 3464 4313 nempe
3502 4254 3564 4297 et
3598 4258 3678 4298 ex

2075 4348 2200 4407 ﬁde,
2235 4353 2288 4401 et
2313 4345 2551 4413 acceptis
2577 4343 2783 4397 sanctis
2810 4339 3144 4410 martyribus
3172 4350 3393 4407 precum
3422 4349 3680 4390 consor-

2076 4439 2245 4504 tibus,
2269 4437 2372 4491 illis
2395 4448 2748 4507 apprecemur
2767 4433 2931 4486 vitam
2956 4431 3290 4490 diuturnam,
3315 4435 3683 4481 senectutem

2073 4537 2356 4605 vigentem,
2377 4529 2514 4584 tilios
2532 4538 2587 4582 et
2611 4525 2751 4580 lilios
2767 4522 3030 4585 ﬁliorum;
3053 4535 3118 4574 ac
3143 4533 3252 4590 pra:
3275 4515 3360 4571 bis
3381 4518 3686 4576 omnibus.

2072 4613 2130 4682 ut
2151 4625 2297 4680 zelus
2319 4622 2418 4677 iste
2446 4627 2720 4688 augeatur,
2739 4615 2908 4683 pietas
2923 4618 3212 4674 accrescat,
3232 4615 3290 4663 et
3315 4609 3385 4662 ita
3409 4623 3690 4678 praesen-

2075 4728 2182 4773 tetn
2211 4719 2371 4769 vitam
2390 4709 2707 4780 transigant,
2736 4715 2792 4760 ut.
2813 4720 2908 4776 per
2937 4703 3140 4758 infinita
3160 4700 3354 4756 sm‘cula
3384 4715 3508 4754 cum
3545 4700 3680 4753 uni-

2071 4809 2252 4882 genito
2273 4805 2364 4861 Dei
2392 4803 2526 4857 Filio
2553 4807 2813 4868 regnent:
2850 4809 2972 4850 nam
3015 4794 3076 4849 Si
3116 4793 3360 4864 patimur,
3395 4791 3607 4860 inquit.
3642 4801 3698 4844 et

2073 4897 2490 4970 conrcguabimu:
2520 4892 2539 4964 (
2565 4893 2622 4947 2.
2654 4891 2787 4945 Tim.
2817 4889 2872 4942 2.
2906 4887 2972 4942 12
2999 4886 3050 4958 );
3092 4896 3253 4954 atque
3293 4891 3493 4937 aeterna
3525 4884 3698 4934 bona

2074 5005 2465 5062 consequemur
2491 5005 2503 5040 :
2529 4985 2719 5057 quibus
2741 4983 2943 5037 utinam
2985 4993 3174 5034 omnes
3207 4977 3511 5046 dignemur,
3541 4991 3700 5045 gra-

2076 5084 2147 5140 tia
2171 5096 2220 5138 et
2250 5081 2576 5150 benignitate
2610 5075 2815 5130 Domini
2843 5073 3011 5127 nostri
3041 5071 3166 5126 Jesu
3189 5067 3522 5133 Christi,cni
3549 5081 3708 5123 cum

2078 5181 2234 5236 Patre
2260 5176 2450 5249 gloria,
2483 5186 2586 5227 una
2617 5185 2739 5226 cum
2785 5174 2973 5223 sancto
3009 5164 3234 5236 Spiritu,
3265 5175 3407 5218 nunc
3441 5167 3498 5217 et
3530 5174 3712 5218 sein-

2085 5287 2201 5342 per,
2243 5278 2296 5326 et
2327 5269 2378 5323 in
2424 5263 2617 5321 scccula
2647 5259 2995 5316 sat-culorum.
3028 5257 3220 5312 Amen.
