  <div class='ocr_page' id='page_1' title='image "/cluster/home/n/w/nwhite01/storage/ocr_20150623/63/mdp.39015008641394/364.png"; bbox 0 0 3966 6160; ppageno 0'>
   <div class='ocr_carea' id='block_1_1' title="bbox 265 365 3680 444">
    <p class='ocr_par' dir='ltr' id='par_1_1' title="bbox 265 365 3680 444">
     <span class='ocr_line' id='line_1_1' title="bbox 265 365 3680 444; baseline 0.001 -18"><span class='ocrx_word' id='word_1_1' title='bbox 265 365 351 434; x_wconf 67' lang='grc'><strong>471</strong></span> <span class='ocrx_word' id='word_1_2' title='bbox 923 367 968 425; x_wconf 86' lang='lat' dir='ltr'><strong>ll</strong></span> <span class='ocrx_word' id='word_1_3' title='bbox 1009 367 1316 437; x_wconf 74' lang='lat' dir='ltr'><strong>HOMILIA,</strong></span> <span class='ocrx_word' id='word_1_4' title='bbox 1351 369 1554 426; x_wconf 78' lang='lat' dir='ltr'><strong>DICTA</strong></span> <span class='ocrx_word' id='word_1_5' title='bbox 1593 372 1969 442; x_wconf 72' lang='lat' dir='ltr'><strong>POSTQUAH</strong></span> <span class='ocrx_word' id='word_1_6' title='bbox 2008 372 2358 444; x_wconf 71' lang='lat' dir='ltr'><strong>RELIQUIA&#39;I</strong></span> <span class='ocrx_word' id='word_1_7' title='bbox 2400 375 2814 443; x_wconf 60' lang='lat' dir='ltr'><strong>MARTYRUSI,</strong></span> <span class='ocrx_word' id='word_1_8' title='bbox 2859 375 3009 430; x_wconf 77' lang='lat' dir='ltr'><strong>ETC.</strong></span> <span class='ocrx_word' id='word_1_9' title='bbox 3578 387 3680 444; x_wconf 60' lang='grc' dir='ltr'><strong>νο</strong></span> 
     </span>
    </p>
   </div>
   <div class='ocr_carea' id='block_1_2' title="bbox 259 477 1912 560">
    <p class='ocr_par' dir='ltr' id='par_1_2' title="bbox 259 477 1912 560">
     <span class='ocr_line' id='line_1_2' title="bbox 259 477 1912 560; baseline 0.005 -26"><span class='ocrx_word' id='word_1_10' title='bbox 259 477 400 545; x_wconf 69' lang='grc' dir='ltr'><strong>οὗτος</strong></span> <span class='ocrx_word' id='word_1_11' title='bbox 427 479 699 550; x_wconf 78' lang='grc' dir='ltr'><strong>ἐξαίρετος</strong></span> <span class='ocrx_word' id='word_1_12' title='bbox 723 482 751 534; x_wconf 84' lang='grc' dir='ltr'><strong>ὁ</strong></span> <span class='ocrx_word' id='word_1_13' title='bbox 786 480 986 551; x_wconf 84' lang='grc' dir='ltr'><strong>κόσμος</strong></span> <span class='ocrx_word' id='word_1_14' title='bbox 1023 482 1258 550; x_wconf 91' lang='grc' dir='ltr'><strong>ἐγένετο,</strong></span> <span class='ocrx_word' id='word_1_15' title='bbox 1299 483 1396 537; x_wconf 66' lang='grc' dir='ltr'><strong>καὶ⁵</strong></span> <span class='ocrx_word' id='word_1_16' title='bbox 1421 483 1580 538; x_wconf 90' lang='grc' dir='ltr'><strong>τοῦτο</strong></span> <span class='ocrx_word' id='word_1_17' title='bbox 1619 485 1788 560; x_wconf 87' lang='grc' dir='ltr'><strong>μόνης</strong></span> <span class='ocrx_word' id='word_1_18' title='bbox 1816 488 1912 542; x_wconf 85' lang='grc' dir='ltr'><strong>αὐ-</strong></span> 
     </span>
    </p>
   </div>
   <div class='ocr_carea' id='block_1_3' title="bbox 260 569 1910 649">
    <p class='ocr_par' dir='ltr' id='par_1_3' title="bbox 260 569 1910 649">
     <span class='ocr_line' id='line_1_3' title="bbox 260 569 1910 649; baseline 0.006 -29"><span class='ocrx_word' id='word_1_19' title='bbox 260 571 345 639; x_wconf 80' lang='grc' dir='ltr'><strong>τῆς</strong></span> <span class='ocrx_word' id='word_1_20' title='bbox 375 569 436 621; x_wconf 81' lang='grc' dir='ltr'><strong>τὸ</strong></span> <span class='ocrx_word' id='word_1_21' title='bbox 479 569 738 639; x_wconf 83' lang='grc' dir='ltr'><strong>τρόπαιον</strong></span> <span class='ocrx_word' id='word_1_22' title='bbox 789 571 1084 642; x_wconf 83' lang='grc' dir='ltr'><strong>Μάρτυρας</strong></span> <span class='ocrx_word' id='word_1_23' title='bbox 1127 571 1235 642; x_wconf 81' lang='grc' dir='ltr'><strong>γάρ</strong></span> <span class='ocrx_word' id='word_1_24' title='bbox 1267 573 1401 642; x_wconf 88' lang='grc' dir='ltr'><strong>μόνη</strong></span> <span class='ocrx_word' id='word_1_25' title='bbox 1452 572 1736 642; x_wconf 79' lang='grc' dir='ltr'><strong>βασιλίδων</strong></span> <span class='ocrx_word' id='word_1_26' title='bbox 1771 575 1910 649; x_wconf 84' lang='grc' dir='ltr'><strong>α’ύτη</strong></span> 
     </span>
    </p>
   </div>
   <div class='ocr_carea' id='block_1_4' title="bbox 261 655 1914 732">
    <p class='ocr_par' dir='ltr' id='par_1_4' title="bbox 261 655 1914 732">
     <span class='ocr_line' id='line_1_4' title="bbox 261 655 1914 732; baseline 0.005 -24"><span class='ocrx_word' id='word_1_27' title='bbox 261 656 386 724; x_wconf 87' lang='grc' dir='ltr'><strong>μετά</strong></span> <span class='ocrx_word' id='word_1_28' title='bbox 417 655 684 726; x_wconf 81' lang='grc' dir='ltr'><strong>τοσαύτης</strong></span> <span class='ocrx_word' id='word_1_29' title='bbox 723 657 1042 726; x_wconf 79' lang='grc' dir='ltr'><strong>προέπεμψε</strong></span> <span class='ocrx_word' id='word_1_30' title='bbox 1069 659 1254 729; x_wconf 87' lang='grc' dir='ltr'><strong>τιμῆς,</strong></span> <span class='ocrx_word' id='word_1_31' title='bbox 1291 660 1426 726; x_wconf 85' lang='grc' dir='ltr'><strong>μετὰ</strong></span> <span class='ocrx_word' id='word_1_32' title='bbox 1452 662 1717 732; x_wconf 80' lang='grc' dir='ltr'><strong>τοσαύτης</strong></span> <span class='ocrx_word' id='word_1_33' title='bbox 1747 678 1914 718; x_wconf 83' lang='grc' dir='ltr'><strong>σπου-</strong></span> 
     </span>
    </p>
   </div>
   <div class='ocr_carea' id='block_1_5' title="bbox 256 740 1914 817">
    <p class='ocr_par' dir='ltr' id='par_1_5' title="bbox 256 740 1914 817">
     <span class='ocr_line' id='line_1_5' title="bbox 256 740 1914 817; baseline 0.006 -24"><span class='ocrx_word' id='word_1_34' title='bbox 256 740 336 810; x_wconf 85' lang='grc' dir='ltr'><strong>δῆς</strong></span> <span class='ocrx_word' id='word_1_35' title='bbox 367 742 460 794; x_wconf 79' lang='grc' dir='ltr'><strong>καὶ</strong></span> <span class='ocrx_word' id='word_1_36' title='bbox 495 741 800 806; x_wconf 82' lang='grc' dir='ltr'><strong>εὐλαϐείας,</strong></span> <span class='ocrx_word' id='word_1_37' title='bbox 841 743 1256 815; x_wconf 83' lang='grc' dir='ltr'><strong>ἀναμιγνυμένη</strong></span> <span class='ocrx_word' id='word_1_38' title='bbox 1287 743 1366 815; x_wconf 79' lang='grc' dir='ltr'><strong>τῷ</strong></span> <span class='ocrx_word' id='word_1_39' title='bbox 1404 745 1626 817; x_wconf 86' lang='grc' dir='ltr'><strong>πλήθει,</strong></span> <span class='ocrx_word' id='word_1_40' title='bbox 1673 750 1768 802; x_wconf 81' lang='grc' dir='ltr'><strong>καὶ</strong></span> <span class='ocrx_word' id='word_1_41' title='bbox 1813 749 1914 816; x_wconf 76' lang='grc' dir='ltr'><strong>τὴν</strong></span> 
     </span>
    </p>
   </div>
   <div class='ocr_carea' id='block_1_6' title="bbox 255 827 1913 906">
    <p class='ocr_par' dir='ltr' id='par_1_6' title="bbox 255 827 1913 906">
     <span class='ocr_line' id='line_1_6' title="bbox 255 827 1913 906; baseline 0.007 -26"><span class='ocrx_word' id='word_1_42' title='bbox 255 827 569 898; x_wconf 80' lang='grc' dir='ltr'><strong>δορυφορίαν</strong></span> <span class='ocrx_word' id='word_1_43' title='bbox 591 829 806 884; x_wconf 73' lang='grc' dir='ltr'><strong>ἃπασαν</strong></span> <span class='ocrx_word' id='word_1_44' title='bbox 844 831 1206 902; x_wconf 73' lang='grc' dir='ltr'><strong>περικόψασα,</strong></span> <span class='ocrx_word' id='word_1_45' title='bbox 1238 834 1332 886; x_wconf 79' lang='grc' dir='ltr'><strong>καὶ</strong></span> <span class='ocrx_word' id='word_1_46' title='bbox 1357 833 1454 904; x_wconf 79' lang='grc' dir='ltr'><strong>τὴν</strong></span> <span class='ocrx_word' id='word_1_47' title='bbox 1479 835 1794 906; x_wconf 75' lang='grc' dir='ltr'><strong>ἀνωμαλίαν</strong></span> <span class='ocrx_word' id='word_1_48' title='bbox 1819 837 1913 892; x_wconf 86' lang='grc' dir='ltr'><strong>τοῦ</strong></span> 
     </span>
    </p>
   </div>
   <div class='ocr_carea' id='block_1_7' title="bbox 259 915 1912 995">
    <p class='ocr_par' dir='ltr' id='par_1_7' title="bbox 259 915 1912 995">
     <span class='ocr_line' id='line_1_7' title="bbox 259 915 1912 995; baseline 0.006 -28"><span class='ocrx_word' id='word_1_49' title='bbox 259 915 364 984; x_wconf 82' lang='grc' dir='ltr'><strong>βίου</strong></span> <span class='ocrx_word' id='word_1_50' title='bbox 399 916 528 986; x_wconf 82' lang='grc' dir='ltr'><strong>ὃλην</strong></span> <span class='ocrx_word' id='word_1_51' title='bbox 562 917 747 987; x_wconf 84' lang='grc' dir='ltr'><strong>σχεδὸν</strong></span> <span class='ocrx_word' id='word_1_52' title='bbox 795 919 933 988; x_wconf 74' lang='grc' dir='ltr'><strong>μετὰ</strong></span> <span class='ocrx_word' id='word_1_53' title='bbox 977 919 1175 991; x_wconf 84' lang='grc' dir='ltr'><strong>πολλῆς</strong></span> <span class='ocrx_word' id='word_1_54' title='bbox 1225 921 1550 976; x_wconf 77' lang='grc' dir='ltr'>ἀπελάσασα</span> <span class='ocrx_word' id='word_1_55' title='bbox 1598 923 1696 993; x_wconf 87' lang='grc' dir='ltr'><strong>τῆς</strong></span> <span class='ocrx_word' id='word_1_56' title='bbox 1743 924 1912 995; x_wconf 83' lang='grc' dir='ltr'><strong>ὑπερ-</strong></span> 
     </span>
    </p>
   </div>
   <div class='ocr_carea' id='block_1_8' title="bbox 255 1002 1914 1078">
    <p class='ocr_par' dir='ltr' id='par_1_8' title="bbox 255 1002 1914 1078">
     <span class='ocr_line' id='line_1_8' title="bbox 255 1002 1914 1078; baseline 0.005 -23"><span class='ocrx_word' id='word_1_57' title='bbox 255 1002 428 1073; x_wconf 80' lang='grc' dir='ltr'><strong>ϐολῆς.</strong></span> <span class='ocrx_word' id='word_1_58' title='bbox 474 1003 574 1056; x_wconf 91' lang='grc' dir='ltr'><strong>Διά</strong></span> <span class='ocrx_word' id='word_1_59' title='bbox 620 1021 699 1057; x_wconf 90' lang='grc' dir='ltr'><strong>τοι</strong></span> <span class='ocrx_word' id='word_1_60' title='bbox 732 1004 889 1058; x_wconf 87' lang='grc' dir='ltr'><strong>τοῦτο</strong></span> <span class='ocrx_word' id='word_1_61' title='bbox 933 1006 1042 1060; x_wconf 91' lang='grc' dir='ltr'><strong>τῶν</strong></span> <span class='ocrx_word' id='word_1_62' title='bbox 1078 1007 1374 1078; x_wconf 87' lang='grc' dir='ltr'><strong>μαρτύρων</strong></span> <span class='ocrx_word' id='word_1_63' title='bbox 1419 1009 1519 1061; x_wconf 88' lang='grc' dir='ltr'><strong>οὐκ</strong></span> <span class='ocrx_word' id='word_1_64' title='bbox 1566 1009 1786 1063; x_wconf 78' lang='grc' dir='ltr'><strong>ἔλαττον</strong></span> <span class='ocrx_word' id='word_1_65' title='bbox 1823 1010 1914 1063; x_wconf 83' lang='grc' dir='ltr'><strong>τὸν</strong></span> 
     </span>
    </p>
   </div>
   <div class='ocr_carea' id='block_1_9' title="bbox 254 1085 1915 1164">
    <p class='ocr_par' dir='ltr' id='par_1_9' title="bbox 254 1085 1915 1164">
     <span class='ocr_line' id='line_1_9' title="bbox 254 1085 1915 1164; baseline 0.004 -21"><span class='ocrx_word' id='word_1_66' title='bbox 254 1089 413 1161; x_wconf 82' lang='grc' dir='ltr'><strong>δῆμον</strong></span> <span class='ocrx_word' id='word_1_67' title='bbox 444 1085 743 1162; x_wconf 77' lang='grc' dir='ltr'><strong>ὠφέλησεν.</strong></span> <span class='ocrx_word' id='word_1_68' title='bbox 776 1094 984 1164; x_wconf 83' lang='grc' dir='ltr'><strong>Ὥσπερ</strong></span> <span class='ocrx_word' id='word_1_69' title='bbox 1014 1094 1122 1164; x_wconf 84' lang='grc' dir='ltr'><strong>γὰρ</strong></span> <span class='ocrx_word' id='word_1_70' title='bbox 1150 1095 1285 1164; x_wconf 82' lang='grc' dir='ltr'><strong>πρὸς</strong></span> <span class='ocrx_word' id='word_1_71' title='bbox 1330 1094 1397 1149; x_wconf 66' lang='grc' dir='ltr'><strong>τὰ</strong></span> <span class='ocrx_word' id='word_1_72' title='bbox 1441 1095 1670 1164; x_wconf 77' lang='grc' dir='ltr'><strong>λείψανα</strong></span> <span class='ocrx_word' id='word_1_73' title='bbox 1713 1097 1915 1162; x_wconf 87' lang='grc' dir='ltr'><strong>πάντες</strong></span> 
     </span>
    </p>
   </div>
   <div class='ocr_carea' id='block_1_10' title="bbox 255 1175 1914 1255">
    <p class='ocr_par' dir='ltr' id='par_1_10' title="bbox 255 1175 1914 1255">
     <span class='ocr_line' id='line_1_10' title="bbox 255 1175 1914 1255; baseline 0.006 -27"><span class='ocrx_word' id='word_1_74' title='bbox 255 1175 454 1246; x_wconf 84' lang='grc' dir='ltr'><strong>ἐώρων,</strong></span> <span class='ocrx_word' id='word_1_75' title='bbox 481 1175 624 1230; x_wconf 84' lang='grc' dir='ltr'><strong>οὑτω</strong></span> <span class='ocrx_word' id='word_1_76' title='bbox 658 1177 750 1230; x_wconf 81' lang='grc' dir='ltr'><strong>καὶ</strong></span> <span class='ocrx_word' id='word_1_77' title='bbox 783 1178 919 1249; x_wconf 81' lang='grc' dir='ltr'><strong>πρὸς</strong></span> <span class='ocrx_word' id='word_1_78' title='bbox 955 1178 1051 1249; x_wconf 86' lang='grc' dir='ltr'><strong>τὴν</strong></span> <span class='ocrx_word' id='word_1_79' title='bbox 1089 1179 1292 1249; x_wconf 83' lang='grc' dir='ltr'><strong>ταύτης</strong></span> <span class='ocrx_word' id='word_1_80' title='bbox 1327 1181 1682 1253; x_wconf 84' lang='grc' dir='ltr'><strong>προσεδρείαν</strong></span> <span class='ocrx_word' id='word_1_81' title='bbox 1723 1184 1914 1255; x_wconf 76' lang='grc' dir='ltr'><strong>ἐκεχήο</strong></span> 
     </span>
    </p>
   </div>
   <div class='ocr_carea' id='block_1_11' title="bbox 254 1264 1914 1340">
    <p class='ocr_par' dir='ltr' id='par_1_11' title="bbox 254 1264 1914 1340">
     <span class='ocr_line' id='line_1_11' title="bbox 254 1264 1914 1340; baseline 0.004 -25"><span class='ocrx_word' id='word_1_82' title='bbox 254 1280 408 1317; x_wconf 88' lang='grc' dir='ltr'><strong>νεσαν</strong></span> <span class='ocrx_word' id='word_1_83' title='bbox 436 1265 530 1317; x_wconf 84' lang='grc' dir='ltr'><strong>καὶ</strong></span> <span class='ocrx_word' id='word_1_84' title='bbox 560 1264 801 1319; x_wconf 83' lang='grc' dir='ltr'><strong>πλούσιοι</strong></span> <span class='ocrx_word' id='word_1_85' title='bbox 829 1266 923 1319; x_wconf 75' lang='grc' dir='ltr'><strong>καὶ</strong></span> <span class='ocrx_word' id='word_1_86' title='bbox 958 1267 1207 1338; x_wconf 80' lang='grc' dir='ltr'><strong>πένητες,</strong></span> <span class='ocrx_word' id='word_1_87' title='bbox 1249 1269 1416 1338; x_wconf 77' lang='grc' dir='ltr'><strong>ἀπρὶξ</strong></span> <span class='ocrx_word' id='word_1_88' title='bbox 1445 1269 1613 1340; x_wconf 74' lang='grc' dir='ltr'><strong>αὐτὴν</strong></span> <span class='ocrx_word' id='word_1_89' title='bbox 1652 1271 1914 1340; x_wconf 76' lang='grc' dir='ltr'><strong>ἐχομένην</strong></span> 
     </span>
    </p>
   </div>
   <div class='ocr_carea' id='block_1_12' title="bbox 252 1349 1914 1426">
    <p class='ocr_par' dir='ltr' id='par_1_12' title="bbox 252 1349 1914 1426">
     <span class='ocr_line' id='line_1_12' title="bbox 252 1349 1914 1426; baseline 0.004 -24"><span class='ocrx_word' id='word_1_90' title='bbox 252 1349 354 1402; x_wconf 87' lang='grc' dir='ltr'><strong>τῶν</strong></span> <span class='ocrx_word' id='word_1_91' title='bbox 399 1350 571 1403; x_wconf 80' lang='grc' dir='ltr'><strong>ὀστῶν</strong></span> <span class='ocrx_word' id='word_1_92' title='bbox 635 1351 726 1404; x_wconf 83' lang='grc' dir='ltr'><strong>διὰ</strong></span> <span class='ocrx_word' id='word_1_93' title='bbox 781 1351 1049 1420; x_wconf 80' lang='grc' dir='ltr'><strong>τοσαύτης</strong></span> <span class='ocrx_word' id='word_1_94' title='bbox 1104 1353 1338 1423; x_wconf 85' lang='grc' dir='ltr'><strong>ὁρῶντες</strong></span> <span class='ocrx_word' id='word_1_95' title='bbox 1404 1355 1746 1426; x_wconf 81' lang='grc' dir='ltr'><strong>ὁδοιπορίας,</strong></span> <span class='ocrx_word' id='word_1_96' title='bbox 1794 1356 1914 1409; x_wconf 77' lang='grc' dir='ltr'><strong>οὐδὲ</strong></span> 
     </span>
    </p>
   </div>
   <div class='ocr_carea' id='block_1_13' title="bbox 253 1438 1915 1516">
    <p class='ocr_par' dir='ltr' id='par_1_13' title="bbox 253 1438 1915 1516">
     <span class='ocr_line' id='line_1_13' title="bbox 253 1438 1915 1516; baseline 0.003 -25"><span class='ocrx_word' id='word_1_97' title='bbox 253 1438 666 1509; x_wconf 81' lang='grc' dir='ltr'><strong>ἀποκάμνουσαν</strong></span> <span class='ocrx_word' id='word_1_98' title='bbox 712 1440 832 1493; x_wconf 76' lang='grc' dir='ltr'><strong>οὐδὲ</strong></span> <span class='ocrx_word' id='word_1_99' title='bbox 872 1441 1341 1512; x_wconf 79' lang='grc' dir='ltr'><strong>ἀπαγορεύουσαν,</strong></span> <span class='ocrx_word' id='word_1_100' title='bbox 1379 1443 1493 1496; x_wconf 80' lang='grc' dir='ltr'><strong>ἀλλ’</strong></span> <span class='ocrx_word' id='word_1_101' title='bbox 1540 1443 1915 1516; x_wconf 77' lang='grc' dir='ltr'><strong>ἐξηρτημένην</strong></span> 
     </span>
    </p>
   </div>
   <div class='ocr_carea' id='block_1_14' title="bbox 252 1525 1912 1600">
    <p class='ocr_par' dir='ltr' id='par_1_14' title="bbox 252 1525 1912 1600">
     <span class='ocr_line' id='line_1_14' title="bbox 252 1525 1912 1600; baseline 0.002 -21"><span class='ocrx_word' id='word_1_102' title='bbox 252 1525 534 1596; x_wconf 85' lang='grc' dir='ltr'><strong>λάρνακος.</strong></span> <span class='ocrx_word' id='word_1_103' title='bbox 567 1527 664 1581; x_wconf 88' lang='grc' dir='ltr'><strong>Διά</strong></span> <span class='ocrx_word' id='word_1_104' title='bbox 716 1527 891 1580; x_wconf 83' lang='grc' dir='ltr'><strong>ταῦτά</strong></span> <span class='ocrx_word' id='word_1_105' title='bbox 939 1545 999 1580; x_wconf 89' lang='grc' dir='ltr'><strong>σε</strong></span> <span class='ocrx_word' id='word_1_106' title='bbox 1055 1529 1445 1599; x_wconf 72' lang='grc' dir='ltr'><strong>μακαρίζοντες</strong></span> <span class='ocrx_word' id='word_1_107' title='bbox 1491 1531 1550 1583; x_wconf 89' lang='grc' dir='ltr'><strong>οὐ</strong></span> <span class='ocrx_word' id='word_1_108' title='bbox 1597 1529 1912 1600; x_wconf 76' lang='grc' dir='ltr'><strong>παυόμεθα,</strong></span> 
     </span>
    </p>
   </div>
   <div class='ocr_carea' id='block_1_15' title="bbox 251 1615 1916 1688">
    <p class='ocr_par' dir='ltr' id='par_1_15' title="bbox 251 1615 1916 1688">
     <span class='ocr_line' id='line_1_15' title="bbox 251 1615 1916 1688; baseline 0.002 -21"><span class='ocrx_word' id='word_1_109' title='bbox 251 1615 344 1684; x_wconf 88' lang='grc' dir='ltr'><strong>οὐχ</strong></span> <span class='ocrx_word' id='word_1_110' title='bbox 385 1616 545 1685; x_wconf 76' lang='grc' dir='ltr'><strong>ἡμεῖς</strong></span> <span class='ocrx_word' id='word_1_111' title='bbox 590 1615 647 1668; x_wconf 82' lang='grc' dir='ltr'><strong>δέ</strong></span> <span class='ocrx_word' id='word_1_112' title='bbox 693 1615 878 1686; x_wconf 80' lang='grc' dir='ltr'><strong>μόνοι,</strong></span> <span class='ocrx_word' id='word_1_113' title='bbox 915 1615 1052 1669; x_wconf 81' lang='grc' dir='ltr'><strong>άλλά</strong></span> <span class='ocrx_word' id='word_1_114' title='bbox 1097 1617 1191 1670; x_wconf 74' lang='grc' dir='ltr'><strong>καὶ</strong></span> <span class='ocrx_word' id='word_1_115' title='bbox 1237 1618 1294 1670; x_wconf 88' lang='grc' dir='ltr'><strong>αί</strong></span> <span class='ocrx_word' id='word_1_116' title='bbox 1326 1618 1510 1686; x_wconf 69' lang='grc' dir='ltr'><strong>γενεαὶ</strong></span> <span class='ocrx_word' id='word_1_117' title='bbox 1559 1617 1696 1688; x_wconf 73' lang='grc' dir='ltr'><strong>μετὰ</strong></span> <span class='ocrx_word' id='word_1_118' title='bbox 1746 1617 1916 1670; x_wconf 89' lang='grc' dir='ltr'><strong>ταῦτα</strong></span> 
     </span>
    </p>
   </div>
   <div class='ocr_carea' id='block_1_16' title="bbox 251 1703 440 1755">
    <p class='ocr_par' dir='ltr' id='par_1_16' title="bbox 251 1703 440 1755">
     <span class='ocr_line' id='line_1_16' title="bbox 251 1703 440 1755; baseline 0.005 -1"><span class='ocrx_word' id='word_1_119' title='bbox 251 1703 440 1755; x_wconf 76' lang='grc' dir='ltr'><strong>πᾶσαι.</strong></span> 
     </span>
    </p>
   </div>
   <div class='ocr_carea' id='block_1_17' title="bbox 317 1787 1915 1866">
    <p class='ocr_par' dir='ltr' id='par_1_17' title="bbox 317 1787 1915 1866">
     <span class='ocr_line' id='line_1_17' title="bbox 317 1787 1915 1866; baseline 0.005 -25"><span class='ocrx_word' id='word_1_120' title='bbox 317 1789 477 1857; x_wconf 67' lang='grc' dir='ltr'><strong>γ.Τά</strong></span> <span class='ocrx_word' id='word_1_121' title='bbox 509 1788 617 1862; x_wconf 84' lang='grc' dir='ltr'><strong>γάρ</strong></span> <span class='ocrx_word' id='word_1_122' title='bbox 639 1787 873 1845; x_wconf 80' lang='grc' dir='ltr'><strong>ἐνταῦθα</strong></span> <span class='ocrx_word' id='word_1_123' title='bbox 891 1791 1154 1862; x_wconf 86' lang='grc' dir='ltr'><strong>γενόμενα</strong></span> <span class='ocrx_word' id='word_1_124' title='bbox 1173 1789 1463 1845; x_wconf 88' lang='grc' dir='ltr'><strong>ἀκούσεται</strong></span> <span class='ocrx_word' id='word_1_125' title='bbox 1494 1792 1592 1862; x_wconf 64' lang='grc' dir='ltr'><strong>μιν</strong></span> <span class='ocrx_word' id='word_1_126' title='bbox 1609 1792 1676 1846; x_wconf 84' lang='grc' dir='ltr'><strong>τά</strong></span> <span class='ocrx_word' id='word_1_127' title='bbox 1707 1794 1915 1866; x_wconf 86' lang='grc' dir='ltr'><strong>πέρατα</strong></span> 
     </span>
    </p>
   </div>
   <div class='ocr_carea' id='block_1_18' title="bbox 251 1876 1914 1949">
    <p class='ocr_par' dir='ltr' id='par_1_18' title="bbox 251 1876 1914 1949">
     <span class='ocr_line' id='line_1_18' title="bbox 251 1876 1914 1949; baseline 0.004 -19"><span class='ocrx_word' id='word_1_128' title='bbox 251 1876 344 1946; x_wconf 81' lang='grc' dir='ltr'><strong>τῆς</strong></span> <span class='ocrx_word' id='word_1_129' title='bbox 381 1877 726 1948; x_wconf 87' lang='grc' dir='ltr'><strong>οἰκουμένης,</strong></span> <span class='ocrx_word' id='word_1_130' title='bbox 756 1877 847 1930; x_wconf 79' lang='grc' dir='ltr'><strong>καὶ</strong></span> <span class='ocrx_word' id='word_1_131' title='bbox 871 1877 1002 1947; x_wconf 82' lang='grc' dir='ltr'><strong>ὅσην</strong></span> <span class='ocrx_word' id='word_1_132' title='bbox 1040 1877 1188 1947; x_wconf 79' lang='grc' dir='ltr'><strong>ἥλιος</strong></span> <span class='ocrx_word' id='word_1_133' title='bbox 1221 1878 1393 1949; x_wconf 78' lang='grc' dir='ltr'><strong>ἐφορᾷ</strong></span> <span class='ocrx_word' id='word_1_134' title='bbox 1419 1878 1523 1946; x_wconf 81' lang='grc' dir='ltr'><strong>γῆν</strong></span> <span class='ocrx_word' id='word_1_135' title='bbox 1543 1896 1558 1910; x_wconf 77' lang='grc'><strong><em>⁸</em></strong></span> <span class='ocrx_word' id='word_1_136' title='bbox 1596 1880 1914 1936; x_wconf 86' lang='grc' dir='ltr'><strong>ἀκούσονται</strong></span> 
     </span>
    </p>
   </div>
   <div class='ocr_carea' id='block_1_19' title="bbox 249 1965 1915 2038">
    <p class='ocr_par' dir='ltr' id='par_1_19' title="bbox 249 1965 1915 2038">
     <span class='ocr_line' id='line_1_19' title="bbox 249 1965 1915 2038; baseline 0.004 -20"><span class='ocrx_word' id='word_1_137' title='bbox 249 1965 302 2018; x_wconf 84' lang='grc' dir='ltr'><strong>δέ</strong></span> <span class='ocrx_word' id='word_1_138' title='bbox 323 1967 372 2019; x_wconf 92' lang='grc' dir='ltr'><strong>οἰ</strong></span> <span class='ocrx_word' id='word_1_139' title='bbox 410 1965 529 2036; x_wconf 83' lang='grc' dir='ltr'><strong>μεθ’</strong></span> <span class='ocrx_word' id='word_1_140' title='bbox 560 1967 730 2036; x_wconf 77' lang='grc' dir='ltr'><strong>ἡμᾶς,</strong></span> <span class='ocrx_word' id='word_1_141' title='bbox 761 1965 858 2020; x_wconf 65' lang='grc' dir='ltr'><strong>καλ⁸</strong></span> <span class='ocrx_word' id='word_1_142' title='bbox 884 1967 932 2020; x_wconf 88' lang='grc' dir='ltr'><strong>οί</strong></span> <span class='ocrx_word' id='word_1_143' title='bbox 966 1966 1080 2035; x_wconf 79' lang='grc' dir='ltr'><strong>μετ’</strong></span> <span class='ocrx_word' id='word_1_144' title='bbox 1107 1965 1366 2030; x_wconf 85' lang='grc' dir='ltr'><strong>ἐκείνους,</strong></span> <span class='ocrx_word' id='word_1_145' title='bbox 1401 1969 1496 2020; x_wconf 73' lang='grc' dir='ltr'><strong>καὶ</strong></span> <span class='ocrx_word' id='word_1_146' title='bbox 1533 1969 1720 2038; x_wconf 84' lang='grc' dir='ltr'><strong>χρόνος</strong></span> <span class='ocrx_word' id='word_1_147' title='bbox 1745 1971 1915 2035; x_wconf 73' lang='grc' dir='ltr'><strong>οὐδεὶς</strong></span> 
     </span>
    </p>
   </div>
   <div class='ocr_carea' id='block_1_20' title="bbox 248 2051 1912 2127">
    <p class='ocr_par' dir='ltr' id='par_1_20' title="bbox 248 2051 1912 2127">
     <span class='ocr_line' id='line_1_20' title="bbox 248 2051 1912 2127; baseline 0.004 -23"><span class='ocrx_word' id='word_1_148' title='bbox 248 2051 383 2123; x_wconf 76' lang='grc' dir='ltr'><strong>λήθη</strong></span> <span class='ocrx_word' id='word_1_149' title='bbox 436 2051 748 2123; x_wconf 81' lang='grc' dir='ltr'><strong>παραδώσει</strong></span> <span class='ocrx_word' id='word_1_150' title='bbox 789 2051 850 2105; x_wconf 83' lang='grc' dir='ltr'><strong>τὸ</strong></span> <span class='ocrx_word' id='word_1_151' title='bbox 881 2052 1266 2122; x_wconf 82' lang='grc' dir='ltr'><strong>γεγενημένον,</strong></span> <span class='ocrx_word' id='word_1_152' title='bbox 1309 2051 1403 2106; x_wconf 91' lang='grc' dir='ltr'><strong>τοῦ</strong></span> <span class='ocrx_word' id='word_1_153' title='bbox 1451 2053 1585 2110; x_wconf 81' lang='grc' dir='ltr'><strong>Θεοῦ</strong></span> <span class='ocrx_word' id='word_1_154' title='bbox 1636 2058 1912 2127; x_wconf 88' lang='grc' dir='ltr'><strong>πανταχοῦ</strong></span> 
     </span>
    </p>
   </div>
   <div class='ocr_carea' id='block_1_21' title="bbox 249 2139 1916 2211">
    <p class='ocr_par' dir='ltr' id='par_1_21' title="bbox 249 2139 1916 2211">
     <span class='ocr_line' id='line_1_21' title="bbox 249 2139 1916 2211; baseline 0.002 -19"><span class='ocrx_word' id='word_1_155' title='bbox 249 2140 343 2210; x_wconf 85' lang='grc' dir='ltr'><strong>τῆς</strong></span> <span class='ocrx_word' id='word_1_156' title='bbox 378 2139 702 2210; x_wconf 72' lang='grc' dir='ltr'><strong>οἰκουμένης</strong></span> <span class='ocrx_word' id='word_1_157' title='bbox 746 2141 841 2193; x_wconf 81' lang='grc' dir='ltr'><strong>καὶ</strong></span> <span class='ocrx_word' id='word_1_158' title='bbox 879 2139 1152 2209; x_wconf 81' lang='grc' dir='ltr'><strong>πανταχοῦ</strong></span> <span class='ocrx_word' id='word_1_159' title='bbox 1197 2139 1306 2192; x_wconf 88' lang='grc' dir='ltr'><strong>τῶν</strong></span> <span class='ocrx_word' id='word_1_160' title='bbox 1343 2141 1481 2211; x_wconf 84' lang='grc' dir='ltr'><strong>μετά</strong></span> <span class='ocrx_word' id='word_1_161' title='bbox 1513 2141 1682 2195; x_wconf 90' lang='grc' dir='ltr'><strong>ταῦτα</strong></span> <span class='ocrx_word' id='word_1_162' title='bbox 1713 2142 1916 2211; x_wconf 83' lang='grc' dir='ltr'><strong>γενεῶν</strong></span> 
     </span>
    </p>
   </div>
   <div class='ocr_carea' id='block_1_22' title="bbox 249 2225 1914 2302">
    <p class='ocr_par' dir='ltr' id='par_1_22' title="bbox 249 2225 1914 2302">
     <span class='ocr_line' id='line_1_22' title="bbox 249 2225 1914 2302; baseline 0.002 -22"><span class='ocrx_word' id='word_1_163' title='bbox 249 2226 377 2280; x_wconf 82' lang='grc' dir='ltr'><strong>αὐτὸ</strong></span> <span class='ocrx_word' id='word_1_164' title='bbox 413 2227 553 2296; x_wconf 83' lang='grc' dir='ltr'><strong>μετά</strong></span> <span class='ocrx_word' id='word_1_165' title='bbox 587 2225 788 2296; x_wconf 82' lang='grc' dir='ltr'><strong>πολλῆς</strong></span> <span class='ocrx_word' id='word_1_166' title='bbox 818 2226 1256 2297; x_wconf 78' lang='grc' dir='ltr'><strong>ἐκπομπεύοντος</strong></span> <span class='ocrx_word' id='word_1_167' title='bbox 1282 2227 1381 2298; x_wconf 88' lang='grc' dir='ltr'><strong>τῆς</strong></span> <span class='ocrx_word' id='word_1_168' title='bbox 1431 2229 1807 2302; x_wconf 77' lang='grc' dir='ltr'><strong>περιφανείας.</strong></span> <span class='ocrx_word' id='word_1_169' title='bbox 1852 2230 1914 2283; x_wconf 88' lang='grc' dir='ltr'><strong>Εἰ</strong></span> 
     </span>
    </p>
   </div>
   <div class='ocr_carea' id='block_1_23' title="bbox 247 2315 1915 2389">
    <p class='ocr_par' dir='ltr' id='par_1_23' title="bbox 247 2315 1915 2389">
     <span class='ocr_line' id='line_1_23' title="bbox 247 2315 1915 2389; baseline 0.001 -20"><span class='ocrx_word' id='word_1_170' title='bbox 247 2315 352 2388; x_wconf 77' lang='grc' dir='ltr'><strong>γάρ</strong></span> <span class='ocrx_word' id='word_1_171' title='bbox 381 2318 588 2388; x_wconf 83' lang='grc' dir='ltr'><strong>πόρνης</strong></span> <span class='ocrx_word' id='word_1_172' title='bbox 630 2317 884 2385; x_wconf 80' lang='grc' dir='ltr'><strong>γυναικὸς</strong></span> <span class='ocrx_word' id='word_1_173' title='bbox 927 2317 1085 2387; x_wconf 77' lang='grc' dir='ltr'><strong>ἔργον</strong></span> <span class='ocrx_word' id='word_1_174' title='bbox 1130 2319 1264 2384; x_wconf 82' lang='grc' dir='ltr'><strong>πρὸς</strong></span> <span class='ocrx_word' id='word_1_175' title='bbox 1308 2317 1374 2370; x_wconf 75' lang='grc' dir='ltr'><strong>τὰ</strong></span> <span class='ocrx_word' id='word_1_176' title='bbox 1417 2317 1662 2389; x_wconf 83' lang='grc' dir='ltr'><strong>τέρματα</strong></span> <span class='ocrx_word' id='word_1_177' title='bbox 1690 2319 1789 2389; x_wconf 86' lang='grc' dir='ltr'><strong>τῆς</strong></span> <span class='ocrx_word' id='word_1_178' title='bbox 1833 2318 1915 2370; x_wconf 83' lang='grc' dir='ltr'><strong>οἰ·-</strong></span> 
     </span>
    </p>
   </div>
   <div class='ocr_carea' id='block_1_24' title="bbox 250 2404 1914 2476">
    <p class='ocr_par' dir='ltr' id='par_1_24' title="bbox 250 2404 1914 2476">
     <span class='ocr_line' id='line_1_24' title="bbox 250 2404 1914 2476; baseline 0.001 -20"><span class='ocrx_word' id='word_1_179' title='bbox 250 2404 519 2474; x_wconf 83' lang='grc' dir='ltr'><strong>κουμένης</strong></span> <span class='ocrx_word' id='word_1_180' title='bbox 541 2404 833 2473; x_wconf 76' lang='grc' dir='ltr'><strong>ἀφικέσθαι</strong></span> <span class='ocrx_word' id='word_1_181' title='bbox 865 2404 1107 2473; x_wconf 88' lang='grc' dir='ltr'><strong>ἐποίησε,</strong></span> <span class='ocrx_word' id='word_1_182' title='bbox 1137 2404 1230 2457; x_wconf 72' lang='grc' dir='ltr'><strong>καὶ</strong></span> <span class='ocrx_word' id='word_1_183' title='bbox 1259 2407 1324 2474; x_wconf 82' lang='grc' dir='ltr'><strong>τῇ</strong></span> <span class='ocrx_word' id='word_1_184' title='bbox 1365 2406 1554 2476; x_wconf 80' lang='grc' dir='ltr'><strong>μνήμῃ</strong></span> <span class='ocrx_word' id='word_1_185' title='bbox 1581 2404 1914 2475; x_wconf 85' lang='grc' dir='ltr'><strong>κατέστησεν</strong></span> 
     </span>
    </p>
   </div>
   <div class='ocr_carea' id='block_1_25' title="bbox 247 2489 1915 2560">
    <p class='ocr_par' dir='ltr' id='par_1_25' title="bbox 247 2489 1915 2560">
     <span class='ocr_line' id='line_1_25' title="bbox 247 2489 1915 2560; baseline 0 -18"><span class='ocrx_word' id='word_1_186' title='bbox 247 2489 545 2542; x_wconf 86' lang='grc' dir='ltr'><strong>ἀθάνατον·</strong></span> <span class='ocrx_word' id='word_1_187' title='bbox 583 2489 762 2560; x_wconf 85' lang='grc' dir='ltr'><strong>πολλῷ</strong></span> <span class='ocrx_word' id='word_1_188' title='bbox 805 2489 1004 2559; x_wconf 82' lang='grc' dir='ltr'><strong>μᾶλλον</strong></span> <span class='ocrx_word' id='word_1_189' title='bbox 1049 2489 1149 2559; x_wconf 88' lang='grc' dir='ltr'><strong>τῆς</strong></span> <span class='ocrx_word' id='word_1_190' title='bbox 1187 2490 1418 2558; x_wconf 89' lang='grc' dir='ltr'><strong>κοσμίας</strong></span> <span class='ocrx_word' id='word_1_191' title='bbox 1465 2490 1559 2543; x_wconf 74' lang='grc' dir='ltr'><strong>καὶ</strong></span> <span class='ocrx_word' id='word_1_192' title='bbox 1590 2491 1791 2560; x_wconf 83' lang='grc' dir='ltr'><strong>σεμνῆς</strong></span> <span class='ocrx_word' id='word_1_193' title='bbox 1822 2491 1915 2542; x_wconf 70' lang='grc' dir='ltr'><strong>καί⁸</strong></span> 
     </span>
    </p>
   </div>
   <div class='ocr_carea' id='block_1_26' title="bbox 247 2575 1913 2648">
    <p class='ocr_par' dir='ltr' id='par_1_26' title="bbox 247 2575 1913 2648">
     <span class='ocr_line' id='line_1_26' title="bbox 247 2575 1913 2648; baseline 0.002 -20"><span class='ocrx_word' id='word_1_194' title='bbox 247 2575 523 2646; x_wconf 83' lang='grc' dir='ltr'><strong>σώφρονος</strong></span> <span class='ocrx_word' id='word_1_195' title='bbox 563 2577 819 2644; x_wconf 76' lang='grc' dir='ltr'><strong>γυναικὸς</strong></span> <span class='ocrx_word' id='word_1_196' title='bbox 849 2577 941 2631; x_wconf 82' lang='grc' dir='ltr'><strong>καί</strong></span> <span class='ocrx_word' id='word_1_197' title='bbox 968 2578 1026 2630; x_wconf 91' lang='grc' dir='ltr'><strong>ἐν</strong></span> <span class='ocrx_word' id='word_1_198' title='bbox 1063 2576 1308 2648; x_wconf 77' lang='grc' dir='ltr'><strong>βασιλεία</strong></span> <span class='ocrx_word' id='word_1_199' title='bbox 1341 2576 1610 2646; x_wconf 80' lang='grc' dir='ltr'><strong>τοσαύτην</strong></span> <span class='ocrx_word' id='word_1_200' title='bbox 1644 2575 1913 2641; x_wconf 79' lang='grc' dir='ltr'><strong>ἐπιδειξα-</strong></span> 
     </span>
    </p>
   </div>
   <div class='ocr_carea' id='block_1_27' title="bbox 248 2663 1913 2735">
    <p class='ocr_par' dir='ltr' id='par_1_27' title="bbox 248 2663 1913 2735">
     <span class='ocr_line' id='line_1_27' title="bbox 248 2663 1913 2735; baseline 0.001 -18"><span class='ocrx_word' id='word_1_201' title='bbox 248 2664 417 2732; x_wconf 81' lang='grc' dir='ltr'><strong>μένης</strong></span> <span class='ocrx_word' id='word_1_202' title='bbox 449 2663 753 2729; x_wconf 85' lang='grc' dir='ltr'><strong>εὐλάϐειαν,</strong></span> <span class='ocrx_word' id='word_1_203' title='bbox 781 2664 880 2716; x_wconf 89' lang='grc' dir='ltr'><strong>οὐκ</strong></span> <span class='ocrx_word' id='word_1_204' title='bbox 904 2665 1103 2733; x_wconf 80' lang='grc' dir='ltr'><strong>ἀφήσει</strong></span> <span class='ocrx_word' id='word_1_205' title='bbox 1136 2664 1196 2717; x_wconf 80' lang='grc' dir='ltr'><strong>τὸ</strong></span> <span class='ocrx_word' id='word_1_206' title='bbox 1235 2663 1394 2734; x_wconf 75' lang='grc' dir='ltr'><strong>ἔργον</strong></span> <span class='ocrx_word' id='word_1_207' title='bbox 1419 2664 1618 2726; x_wconf 79' lang='grc' dir='ltr'><strong>λαθεῖν,</strong></span> <span class='ocrx_word' id='word_1_208' title='bbox 1643 2663 1780 2718; x_wconf 73' lang='grc' dir='ltr'><strong>ἀλλά</strong></span> <span class='ocrx_word' id='word_1_209' title='bbox 1811 2683 1913 2735; x_wconf 90' lang='grc' dir='ltr'><strong>μα-</strong></span> 
     </span>
    </p>
   </div>
   <div class='ocr_carea' id='block_1_28' title="bbox 247 2750 1911 2823">
    <p class='ocr_par' dir='ltr' id='par_1_28' title="bbox 247 2750 1911 2823">
     <span class='ocr_line' id='line_1_28' title="bbox 247 2750 1911 2823; baseline 0.001 -19"><span class='ocrx_word' id='word_1_210' title='bbox 247 2750 498 2823; x_wconf 85' lang='grc' dir='ltr'><strong>καριοῦσί</strong></span> <span class='ocrx_word' id='word_1_211' title='bbox 547 2768 607 2805; x_wconf 90' lang='grc' dir='ltr'><strong>σε</strong></span> <span class='ocrx_word' id='word_1_212' title='bbox 659 2753 888 2814; x_wconf 85' lang='grc' dir='ltr'><strong>πάντες,</strong></span> <span class='ocrx_word' id='word_1_213' title='bbox 935 2752 1034 2821; x_wconf 79' lang='grc' dir='ltr'><strong>τὴν</strong></span> <span class='ocrx_word' id='word_1_214' title='bbox 1087 2750 1360 2820; x_wconf 79' lang='grc' dir='ltr'><strong>ξενοδόχον</strong></span> <span class='ocrx_word' id='word_1_215' title='bbox 1409 2751 1516 2804; x_wconf 85' lang='grc' dir='ltr'><strong>τῶν</strong></span> <span class='ocrx_word' id='word_1_216' title='bbox 1565 2751 1758 2820; x_wconf 83' lang='grc' dir='ltr'><strong>ἁγίων,</strong></span> <span class='ocrx_word' id='word_1_217' title='bbox 1811 2753 1911 2823; x_wconf 79' lang='grc' dir='ltr'><strong>τὴν</strong></span> 
     </span>
    </p>
   </div>
   <div class='ocr_carea' id='block_1_29' title="bbox 247 2835 1912 2910">
    <p class='ocr_par' dir='ltr' id='par_1_29' title="bbox 247 2835 1912 2910">
     <span class='ocr_line' id='line_1_29' title="bbox 247 2835 1912 2910; baseline -0.001 -18"><span class='ocrx_word' id='word_1_218' title='bbox 247 2839 544 2910; x_wconf 79' lang='grc' dir='ltr'><strong>προστάτιν</strong></span> <span class='ocrx_word' id='word_1_219' title='bbox 570 2837 678 2890; x_wconf 88' lang='grc' dir='ltr'><strong>τῶν</strong></span> <span class='ocrx_word' id='word_1_220' title='bbox 715 2837 1070 2908; x_wconf 87' lang='grc' dir='ltr'><strong>Ἐκκλησιῶν,</strong></span> <span class='ocrx_word' id='word_1_221' title='bbox 1101 2837 1203 2908; x_wconf 86' lang='grc' dir='ltr'><strong>τὴν</strong></span> <span class='ocrx_word' id='word_1_222' title='bbox 1229 2835 1502 2908; x_wconf 76' lang='grc' dir='ltr'><strong>ὀμόξηλον</strong></span> <span class='ocrx_word' id='word_1_223' title='bbox 1532 2837 1640 2890; x_wconf 89' lang='grc' dir='ltr'><strong>τῶν</strong></span> <span class='ocrx_word' id='word_1_224' title='bbox 1679 2839 1912 2892; x_wconf 83' lang='grc' dir='ltr'><strong>ἀποστό-</strong></span> 
     </span>
    </p>
   </div>
   <div class='ocr_carea' id='block_1_30' title="bbox 246 2926 1913 2998">
    <p class='ocr_par' dir='ltr' id='par_1_30' title="bbox 246 2926 1913 2998">
     <span class='ocr_line' id='line_1_30' title="bbox 246 2926 1913 2998; baseline -0.001 -16"><span class='ocrx_word' id='word_1_225' title='bbox 246 2929 374 2984; x_wconf 91' lang='grc' dir='ltr'><strong>λων.</strong></span> <span class='ocrx_word' id='word_1_226' title='bbox 408 2930 470 2982; x_wconf 86' lang='grc' dir='ltr'><strong>Εἰ</strong></span> <span class='ocrx_word' id='word_1_227' title='bbox 514 2927 621 2998; x_wconf 81' lang='grc' dir='ltr'><strong>γὰρ</strong></span> <span class='ocrx_word' id='word_1_228' title='bbox 642 2937 662 2959; x_wconf 83' lang='grc'><strong><em>⁸</em></strong></span> <span class='ocrx_word' id='word_1_229' title='bbox 693 2927 1009 2996; x_wconf 83' lang='grc' dir='ltr'><strong>γυναικείαν</strong></span> <span class='ocrx_word' id='word_1_230' title='bbox 1038 2927 1226 2996; x_wconf 74' lang='grc' dir='ltr'><strong>ἔλαχες</strong></span> <span class='ocrx_word' id='word_1_231' title='bbox 1257 2926 1438 2995; x_wconf 78' lang='grc' dir='ltr'><strong>φύσιν,</strong></span> <span class='ocrx_word' id='word_1_232' title='bbox 1472 2926 1590 2980; x_wconf 85' lang='grc' dir='ltr'><strong>ἀλλ’</strong></span> <span class='ocrx_word' id='word_1_233' title='bbox 1624 2927 1799 2992; x_wconf 78' lang='grc' dir='ltr'><strong>ἔξεστί</strong></span> <span class='ocrx_word' id='word_1_234' title='bbox 1832 2945 1913 2982; x_wconf 91' lang='grc' dir='ltr'><strong>σοι</strong></span> 
     </span>
    </p>
   </div>
   <div class='ocr_carea' id='block_1_31' title="bbox 248 3013 1915 3086">
    <p class='ocr_par' dir='ltr' id='par_1_31' title="bbox 248 3013 1915 3086">
     <span class='ocr_line' id='line_1_31' title="bbox 248 3013 1915 3086; baseline 0 -18"><span class='ocrx_word' id='word_1_235' title='bbox 248 3015 344 3068; x_wconf 78' lang='grc' dir='ltr'><strong>καὶ</strong></span> <span class='ocrx_word' id='word_1_236' title='bbox 386 3014 522 3085; x_wconf 80' lang='grc' dir='ltr'><strong>πρὸς</strong></span> <span class='ocrx_word' id='word_1_237' title='bbox 565 3015 893 3068; x_wconf 78' lang='grc' dir='ltr'><strong>ἀποστολικά</strong></span> <span class='ocrx_word' id='word_1_238' title='bbox 933 3013 1329 3086; x_wconf 82' lang='grc' dir='ltr'><strong>κατορθώματα</strong></span> <span class='ocrx_word' id='word_1_239' title='bbox 1377 3014 1725 3084; x_wconf 79' lang='grc' dir='ltr'><strong>ἁμιλλᾶσθαι.</strong></span> <span class='ocrx_word' id='word_1_240' title='bbox 1763 3015 1915 3069; x_wconf 73' lang='grc' dir='ltr'><strong>Ἐπεὶ</strong></span> 
     </span>
    </p>
   </div>
   <div class='ocr_carea' id='block_1_32' title="bbox 247 3102 1913 3174">
    <p class='ocr_par' dir='ltr' id='par_1_32' title="bbox 247 3102 1913 3174">
     <span class='ocr_line' id='line_1_32' title="bbox 247 3102 1913 3174; baseline -0.002 -17"><span class='ocrx_word' id='word_1_241' title='bbox 247 3105 341 3158; x_wconf 72' lang='grc' dir='ltr'><strong>καὶ</strong></span> <span class='ocrx_word' id='word_1_242' title='bbox 379 3105 413 3173; x_wconf 79' lang='grc' dir='ltr'><strong>ἡ</strong></span> <span class='ocrx_word' id='word_1_243' title='bbox 446 3103 611 3174; x_wconf 82' lang='grc' dir='ltr'><strong>Φοίϐη</strong></span> <span class='ocrx_word' id='word_1_244' title='bbox 663 3103 783 3156; x_wconf 88' lang='grc' dir='ltr'><strong>τότε</strong></span> <span class='ocrx_word' id='word_1_245' title='bbox 823 3102 1004 3172; x_wconf 79' lang='grc' dir='ltr'><strong>ἐκείνη</strong></span> <span class='ocrx_word' id='word_1_246' title='bbox 1051 3104 1082 3172; x_wconf 83' lang='grc' dir='ltr'>ἡ</span> <span class='ocrx_word' id='word_1_247' title='bbox 1124 3102 1214 3155; x_wconf 74' lang='grc' dir='ltr'><strong>τὸν</strong></span> <span class='ocrx_word' id='word_1_248' title='bbox 1257 3102 1572 3156; x_wconf 84' lang='grc' dir='ltr'><strong>διδάσκαλον</strong></span> <span class='ocrx_word' id='word_1_249' title='bbox 1602 3103 1701 3173; x_wconf 86' lang='grc' dir='ltr'><strong>τῆς</strong></span> <span class='ocrx_word' id='word_1_250' title='bbox 1729 3104 1913 3156; x_wconf 86' lang='grc' dir='ltr'><strong>οἰκου-</strong></span> 
     </span>
    </p>
   </div>
   <div class='ocr_carea' id='block_1_33' title="bbox 251 3189 1914 3262">
    <p class='ocr_par' dir='ltr' id='par_1_33' title="bbox 251 3189 1914 3262">
     <span class='ocr_line' id='line_1_33' title="bbox 251 3189 1914 3262; baseline -0.001 -18"><span class='ocrx_word' id='word_1_251' title='bbox 251 3191 418 3262; x_wconf 76' lang='grc' dir='ltr'><strong>μένης</strong></span> <span class='ocrx_word' id='word_1_252' title='bbox 447 3189 818 3261; x_wconf 70' lang='grc' dir='ltr'><strong>ὑποδεξαμένη</strong></span> <span class='ocrx_word' id='word_1_253' title='bbox 846 3191 938 3244; x_wconf 80' lang='grc' dir='ltr'><strong>καὶ</strong></span> <span class='ocrx_word' id='word_1_254' title='bbox 963 3190 1254 3260; x_wconf 80' lang='grc' dir='ltr'><strong>προστάτις</strong></span> <span class='ocrx_word' id='word_1_255' title='bbox 1277 3189 1439 3244; x_wconf 70' lang='grc' dir='ltr'><strong>αὐτοῦ</strong></span> <span class='ocrx_word' id='word_1_256' title='bbox 1462 3193 1751 3261; x_wconf 76' lang='grc' dir='ltr'><strong>γενομένη,</strong></span> <span class='ocrx_word' id='word_1_257' title='bbox 1779 3191 1914 3261; x_wconf 85' lang='grc' dir='ltr'><strong>γυνὴ</strong></span> 
     </span>
    </p>
   </div>
   <div class='ocr_carea' id='block_1_34' title="bbox 245 3275 1917 3350">
    <p class='ocr_par' dir='ltr' id='par_1_34' title="bbox 245 3275 1917 3350">
     <span class='ocr_line' id='line_1_34' title="bbox 245 3275 1917 3350; baseline -0.001 -17"><span class='ocrx_word' id='word_1_258' title='bbox 245 3275 317 3350; x_wconf 78' lang='grc' dir='ltr'><strong>ἦν</strong></span> <span class='ocrx_word' id='word_1_259' title='bbox 356 3282 448 3333; x_wconf 74' lang='grc' dir='ltr'><strong>καὶ</strong></span> <span class='ocrx_word' id='word_1_260' title='bbox 491 3279 588 3348; x_wconf 86' lang='grc' dir='ltr'><strong>τῆς</strong></span> <span class='ocrx_word' id='word_1_261' title='bbox 621 3279 790 3348; x_wconf 86' lang='grc' dir='ltr'><strong>αὐτῆς</strong></span> <span class='ocrx_word' id='word_1_262' title='bbox 824 3279 905 3330; x_wconf 82' lang='grc' dir='ltr'><strong>σοὶ</strong></span> <span class='ocrx_word' id='word_1_263' title='bbox 942 3277 1156 3346; x_wconf 87' lang='grc' dir='ltr'><strong>φύσεως</strong></span> <span class='ocrx_word' id='word_1_264' title='bbox 1204 3278 1567 3332; x_wconf 82' lang='grc' dir='ltr'><strong>κοινωνοῦσα·</strong></span> <span class='ocrx_word' id='word_1_265' title='bbox 1613 3278 1725 3332; x_wconf 80' lang='grc' dir='ltr'><strong>ἀλλ’</strong></span> <span class='ocrx_word' id='word_1_266' title='bbox 1768 3279 1917 3348; x_wconf 82' lang='grc' dir='ltr'><strong>ὅμως</strong></span> 
     </span>
    </p>
   </div>
   <div class='ocr_carea' id='block_1_35' title="bbox 243 3368 1918 3446">
    <p class='ocr_par' dir='ltr' id='par_1_35' title="bbox 243 3368 1918 3446">
     <span class='ocr_line' id='line_1_35' title="bbox 243 3368 1918 3446; baseline -0.001 -22"><span class='ocrx_word' id='word_1_267' title='bbox 243 3371 502 3424; x_wconf 83' lang='grc' dir='ltr'><strong>τοσοῦτον</strong></span> <span class='ocrx_word' id='word_1_268' title='bbox 531 3369 794 3438; x_wconf 72' lang='grc' dir='ltr'><strong>ἔλαμψεν,</strong></span> <span class='ocrx_word' id='word_1_269' title='bbox 825 3368 902 3432; x_wconf 84' lang='grc' dir='ltr'><strong>ὡς</strong></span> <span class='ocrx_word' id='word_1_270' title='bbox 928 3369 1019 3422; x_wconf 73' lang='grc' dir='ltr'><strong>τὸν</strong></span> <span class='ocrx_word' id='word_1_271' title='bbox 1049 3369 1204 3435; x_wconf 77' lang='grc' dir='ltr'><strong>ἆγιον</strong></span> <span class='ocrx_word' id='word_1_272' title='bbox 1237 3371 1443 3422; x_wconf 86' lang='grc' dir='ltr'><strong>ἐκεῖνον</strong></span> <span class='ocrx_word' id='word_1_273' title='bbox 1481 3369 1573 3421; x_wconf 80' lang='grc' dir='ltr'><strong>τὸν</strong></span> <span class='ocrx_word' id='word_1_274' title='bbox 1593 3368 1718 3446; x_wconf 27' lang='grc' dir='ltr'><strong>κτῶν</strong></span> <span class='ocrx_word' id='word_1_275' title='bbox 1754 3370 1918 3440; x_wconf 87' lang='grc' dir='ltr'><strong>οὐρα-</strong></span> 
     </span>
    </p>
   </div>
   <div class='ocr_carea' id='block_1_36' title="bbox 246 3447 1917 3525">
    <p class='ocr_par' dir='ltr' id='par_1_36' title="bbox 246 3447 1917 3525">
     <span class='ocr_line' id='line_1_36' title="bbox 246 3447 1917 3525; baseline -0.002 -15"><span class='ocrx_word' id='word_1_276' title='bbox 246 3457 357 3510; x_wconf 87' lang='grc' dir='ltr'><strong>νῶν</strong></span> <span class='ocrx_word' id='word_1_277' title='bbox 390 3457 538 3524; x_wconf 80' lang='grc' dir='ltr'><strong>ἀξιον</strong></span> <span class='ocrx_word' id='word_1_278' title='bbox 570 3456 664 3510; x_wconf 75' lang='grc' dir='ltr'><strong>καὶ</strong></span> <span class='ocrx_word' id='word_1_279' title='bbox 705 3455 812 3509; x_wconf 86' lang='grc' dir='ltr'><strong>τῶν</strong></span> <span class='ocrx_word' id='word_1_280' title='bbox 850 3455 1160 3510; x_wconf 83' lang='grc' dir='ltr'><strong>ἀποστόλων</strong></span> <span class='ocrx_word' id='word_1_281' title='bbox 1192 3457 1406 3509; x_wconf 85' lang='grc' dir='ltr'><strong>πάντων</strong></span> <span class='ocrx_word' id='word_1_282' title='bbox 1448 3447 1671 3525; x_wconf 79' lang='grc' dir='ltr'><strong>μείζονα</strong></span> <span class='ocrx_word' id='word_1_283' title='bbox 1712 3457 1917 3524; x_wconf 80' lang='grc' dir='ltr'><strong>ἀνακηο</strong></span> 
     </span>
    </p>
   </div>
   <div class='ocr_carea' id='block_1_37' title="bbox 247 3539 1919 3616">
    <p class='ocr_par' dir='ltr' id='par_1_37' title="bbox 247 3539 1919 3616">
     <span class='ocr_line' id='line_1_37' title="bbox 247 3539 1919 3616; baseline -0.002 -18"><span class='ocrx_word' id='word_1_284' title='bbox 247 3545 408 3616; x_wconf 80' lang='grc' dir='ltr'><strong>ρῦξαι</strong></span> <span class='ocrx_word' id='word_1_285' title='bbox 447 3543 616 3616; x_wconf 81' lang='grc' dir='ltr'><strong>αὐτὴν</strong></span> <span class='ocrx_word' id='word_1_286' title='bbox 645 3544 740 3597; x_wconf 80' lang='grc' dir='ltr'><strong>καὶ</strong></span> <span class='ocrx_word' id='word_1_287' title='bbox 781 3545 973 3605; x_wconf 84' lang='grc' dir='ltr'><strong>εἰπεῖν,</strong></span> <span class='ocrx_word' id='word_1_288' title='bbox 1013 3544 1096 3597; x_wconf 85' lang='grc' dir='ltr'><strong>ὃτι</strong></span> <span class='ocrx_word' id='word_1_289' title='bbox 1128 3542 1458 3610; x_wconf 79' lang='grc' dir='ltr'><strong>Προστὰτις</strong></span> <span class='ocrx_word' id='word_1_290' title='bbox 1498 3541 1746 3596; x_wconf 68' lang='grc' dir='ltr'><strong>πολλῶν</strong></span> <span class='ocrx_word' id='word_1_291' title='bbox 1791 3539 1919 3610; x_wconf 68' lang='grc' dir='ltr'><strong>ὲῨέ-</strong></span> 
     </span>
    </p>
   </div>
   <div class='ocr_carea' id='block_1_38' title="bbox 243 3629 1918 3702">
    <p class='ocr_par' dir='ltr' id='par_1_38' title="bbox 243 3629 1918 3702">
     <span class='ocr_line' id='line_1_38' title="bbox 243 3629 1918 3702; baseline -0.004 -14"><span class='ocrx_word' id='word_1_292' title='bbox 243 3651 407 3699; x_wconf 74' lang='lat' dir='ltr'><strong>rato,</strong></span> <span class='ocrx_word' id='word_1_293' title='bbox 437 3632 538 3688; x_wconf 82' lang='grc' dir='ltr'><strong>καί</strong></span> <span class='ocrx_word' id='word_1_294' title='bbox 589 3632 734 3702; x_wconf 77' lang='grc' dir='ltr'><strong>ἐμοῦ</strong></span> <span class='ocrx_word' id='word_1_295' title='bbox 769 3630 975 3685; x_wconf 84' lang='grc' dir='ltr'><strong>αὑτοῦ.</strong></span> <span class='ocrx_word' id='word_1_296' title='bbox 1021 3630 1129 3684; x_wconf 80' lang='grc' dir='ltr'><strong>Καὶ</strong></span> <span class='ocrx_word' id='word_1_297' title='bbox 1162 3629 1462 3699; x_wconf 83' lang='grc' dir='ltr'><strong>Πρίσκιλλα</strong></span> <span class='ocrx_word' id='word_1_298' title='bbox 1502 3629 1558 3682; x_wconf 72' lang='grc' dir='ltr'><strong>δὲ</strong></span> <span class='ocrx_word' id='word_1_299' title='bbox 1606 3629 1918 3697; x_wconf 87' lang='grc' dir='ltr'><strong>γυναικείαν</strong></span> 
     </span>
    </p>
   </div>
   <div class='ocr_carea' id='block_1_39' title="bbox 241 3715 1915 3792">
    <p class='ocr_par' dir='ltr' id='par_1_39' title="bbox 241 3715 1915 3792">
     <span class='ocr_line' id='line_1_39' title="bbox 241 3715 1915 3792; baseline -0.004 -17"><span class='ocrx_word' id='word_1_300' title='bbox 241 3717 316 3792; x_wconf 81' lang='grc' dir='ltr'><strong>ἦν</strong></span> <span class='ocrx_word' id='word_1_301' title='bbox 350 3719 587 3790; x_wconf 81' lang='grc' dir='ltr'><strong>λαχοῦσα</strong></span> <span class='ocrx_word' id='word_1_302' title='bbox 621 3719 811 3789; x_wconf 82' lang='grc' dir='ltr'><strong>φύσιν·</strong></span> <span class='ocrx_word' id='word_1_303' title='bbox 847 3718 960 3771; x_wconf 81' lang='grc' dir='ltr'><strong>ἀλλ’</strong></span> <span class='ocrx_word' id='word_1_304' title='bbox 1006 3717 1159 3770; x_wconf 76' lang='grc' dir='ltr'><strong>οὐδὲν</strong></span> <span class='ocrx_word' id='word_1_305' title='bbox 1203 3718 1339 3787; x_wconf 79' lang='grc' dir='ltr'><strong>αὐτῇ</strong></span> <span class='ocrx_word' id='word_1_306' title='bbox 1377 3717 1405 3756; x_wconf 70' lang='grc' dir='ltr'>δ</span> <span class='ocrx_word' id='word_1_307' title='bbox 1450 3715 1678 3786; x_wconf 82' lang='grc' dir='ltr'><strong>κώλυμα</strong></span> <span class='ocrx_word' id='word_1_308' title='bbox 1723 3716 1915 3784; x_wconf 89' lang='grc' dir='ltr'><strong>γέγονε</strong></span> 
     </span>
    </p>
   </div>
   <div class='ocr_carea' id='block_1_40' title="bbox 241 3803 1912 3877">
    <p class='ocr_par' dir='ltr' id='par_1_40' title="bbox 241 3803 1912 3877">
     <span class='ocr_line' id='line_1_40' title="bbox 241 3803 1912 3877; baseline -0.004 -15"><span class='ocrx_word' id='word_1_309' title='bbox 241 3809 407 3862; x_wconf 78' lang='grc' dir='ltr'><strong>τοῦτο</strong></span> <span class='ocrx_word' id='word_1_310' title='bbox 443 3810 521 3872; x_wconf 87' lang='grc' dir='ltr'><strong>εἰς</strong></span> <span class='ocrx_word' id='word_1_311' title='bbox 562 3807 623 3860; x_wconf 80' lang='grc' dir='ltr'><strong>τὸ</strong></span> <span class='ocrx_word' id='word_1_312' title='bbox 651 3806 1091 3877; x_wconf 78' lang='grc' dir='ltr'><strong>ἀνακηρυχθῆναι</strong></span> <span class='ocrx_word' id='word_1_313' title='bbox 1127 3805 1222 3858; x_wconf 79' lang='grc' dir='ltr'><strong>καὶ</strong></span> <span class='ocrx_word' id='word_1_314' title='bbox 1258 3804 1522 3858; x_wconf 82' lang='grc' dir='ltr'><strong>ἀθάνατον</strong></span> <span class='ocrx_word' id='word_1_315' title='bbox 1553 3803 1722 3871; x_wconf 81' lang='grc' dir='ltr'><strong>αὐτῆς</strong></span> <span class='ocrx_word' id='word_1_316' title='bbox 1761 3803 1912 3870; x_wconf 86' lang='grc' dir='ltr'><strong>γενέ-</strong></span> 
     </span>
    </p>
   </div>
   <div class='ocr_carea' id='block_1_41' title="bbox 245 3886 1912 3967">
    <p class='ocr_par' dir='ltr' id='par_1_41' title="bbox 245 3886 1912 3967">
     <span class='ocr_line' id='line_1_41' title="bbox 245 3886 1912 3967; baseline -0.005 -17"><span class='ocrx_word' id='word_1_317' title='bbox 245 3896 376 3950; x_wconf 88' lang='grc' dir='ltr'><strong>σθαι</strong></span> <span class='ocrx_word' id='word_1_318' title='bbox 417 3895 516 3967; x_wconf 76' lang='grc' dir='ltr'><strong>τὴν</strong></span> <span class='ocrx_word' id='word_1_319' title='bbox 549 3897 786 3966; x_wconf 88' lang='grc' dir='ltr'><strong>μνήμην.</strong></span> <span class='ocrx_word' id='word_1_320' title='bbox 832 3895 941 3946; x_wconf 76' lang='grc' dir='ltr'><strong>Καὶ</strong></span> <span class='ocrx_word' id='word_1_321' title='bbox 988 3894 1173 3962; x_wconf 67' lang='grc' dir='ltr'><strong>ἕτερος</strong></span> <span class='ocrx_word' id='word_1_322' title='bbox 1221 3891 1276 3944; x_wconf 77' lang='grc' dir='ltr'><strong>δὲ</strong></span> <span class='ocrx_word' id='word_1_323' title='bbox 1321 3890 1486 3954; x_wconf 76' lang='grc' dir='ltr'><strong>πολὺς</strong></span> <span class='ocrx_word' id='word_1_324' title='bbox 1531 3890 1806 3958; x_wconf 90' lang='grc' dir='ltr'><strong>γυναικῶν</strong></span> <span class='ocrx_word' id='word_1_325' title='bbox 1845 3886 1912 3961; x_wconf 79' lang='grc' dir='ltr'><strong>ἦν</strong></span> 
     </span>
    </p>
   </div>
   <div class='ocr_carea' id='block_1_42' title="bbox 241 3976 1916 4053">
    <p class='ocr_par' dir='ltr' id='par_1_42' title="bbox 241 3976 1916 4053">
     <span class='ocr_line' id='line_1_42' title="bbox 241 3976 1916 4053; baseline -0.004 -17"><span class='ocrx_word' id='word_1_326' title='bbox 241 3985 369 4036; x_wconf 80' lang='grc' dir='ltr'><strong>τότε</strong></span> <span class='ocrx_word' id='word_1_327' title='bbox 401 3982 558 4053; x_wconf 77' lang='grc' dir='ltr'><strong>χορὸς</strong></span> <span class='ocrx_word' id='word_1_328' title='bbox 590 3979 943 4034; x_wconf 74' lang='grc' dir='ltr'><strong>άποστολικὺν</strong></span> <span class='ocrx_word' id='word_1_329' title='bbox 979 3977 1509 4050; x_wconf 82' lang='grc' dir='ltr'><strong>μεταχειρισαμένων</strong></span> <span class='ocrx_word' id='word_1_330' title='bbox 1537 3976 1670 4046; x_wconf 91' lang='grc' dir='ltr'><strong>βίον.</strong></span> <span class='ocrx_word' id='word_1_331' title='bbox 1702 3977 1793 4029; x_wconf 81' lang='grc' dir='ltr'><strong>Διὸ</strong></span> <span class='ocrx_word' id='word_1_332' title='bbox 1821 3977 1916 4030; x_wconf 75' lang='grc' dir='ltr'><strong>καὶ</strong></span> 
     </span>
    </p>
   </div>
   <div class='ocr_carea' id='block_1_43' title="bbox 240 4063 1917 4140">
    <p class='ocr_par' dir='ltr' id='par_1_43' title="bbox 240 4063 1917 4140">
     <span class='ocr_line' id='line_1_43' title="bbox 240 4063 1917 4140; baseline -0.006 -17"><span class='ocrx_word' id='word_1_333' title='bbox 240 4072 413 4140; x_wconf 80' lang='grc' dir='ltr'><strong>ἡμεῖς</strong></span> <span class='ocrx_word' id='word_1_334' title='bbox 473 4067 590 4138; x_wconf 83' lang='grc' dir='ltr'><strong>μετ’</strong></span> <span class='ocrx_word' id='word_1_335' title='bbox 629 4067 851 4121; x_wconf 81' lang='grc' dir='ltr'><strong>ἐκείνων</strong></span> <span class='ocrx_word' id='word_1_336' title='bbox 903 4082 962 4119; x_wconf 90' lang='grc' dir='ltr'><strong>σε</strong></span> <span class='ocrx_word' id='word_1_337' title='bbox 1010 4064 1104 4118; x_wconf 90' lang='grc' dir='ltr'><strong>νῦν</strong></span> <span class='ocrx_word' id='word_1_338' title='bbox 1153 4063 1530 4135; x_wconf 78' lang='grc' dir='ltr'><strong>ἀριθμοῦντες,</strong></span> <span class='ocrx_word' id='word_1_339' title='bbox 1587 4063 1684 4132; x_wconf 89' lang='grc' dir='ltr'><strong>οὐχ</strong></span> <span class='ocrx_word' id='word_1_340' title='bbox 1733 4063 1917 4132; x_wconf 80' lang='grc' dir='ltr'><strong>ἀμαρ-</strong></span> 
     </span>
    </p>
   </div>
   <div class='ocr_carea' id='block_1_44' title="bbox 241 4148 1917 4229">
    <p class='ocr_par' dir='ltr' id='par_1_44' title="bbox 241 4148 1917 4229">
     <span class='ocr_line' id='line_1_44' title="bbox 241 4148 1917 4229; baseline -0.005 -19"><span class='ocrx_word' id='word_1_341' title='bbox 241 4155 562 4229; x_wconf 84' lang='grc' dir='ltr'><strong>τησόμεθα,</strong></span> <span class='ocrx_word' id='word_1_342' title='bbox 608 4155 689 4210; x_wconf 86' lang='grc' dir='ltr'><strong>ὅτι</strong></span> <span class='ocrx_word' id='word_1_343' title='bbox 743 4154 807 4225; x_wconf 81' lang='grc' dir='ltr'><strong>δὴ</strong></span> <span class='ocrx_word' id='word_1_344' title='bbox 849 4153 1012 4224; x_wconf 82' lang='grc' dir='ltr'><strong>λιμὴν</strong></span> <span class='ocrx_word' id='word_1_345' title='bbox 1060 4148 1111 4204; x_wconf 75' lang='grc' dir='ltr'><strong>εἷ</strong></span> <span class='ocrx_word' id='word_1_346' title='bbox 1150 4152 1258 4204; x_wconf 88' lang='grc' dir='ltr'><strong>τῶν</strong></span> <span class='ocrx_word' id='word_1_347' title='bbox 1292 4149 1626 4222; x_wconf 84' lang='grc' dir='ltr'><strong>Ἐκκλησιῶν</strong></span> <span class='ocrx_word' id='word_1_348' title='bbox 1670 4149 1917 4214; x_wconf 86' lang='grc' dir='ltr'><strong>ἀπασῶν,</strong></span> 
     </span>
    </p>
   </div>
   <div class='ocr_carea' id='block_1_45' title="bbox 217 4236 1916 4315">
    <p class='ocr_par' dir='ltr' id='par_1_45' title="bbox 217 4236 1916 4315">
     <span class='ocr_line' id='line_1_45' title="bbox 217 4236 1916 4315; baseline -0.006 -17"><span class='ocrx_word' id='word_1_349' title='bbox 217 4246 346 4315; x_wconf 23' lang='grc' dir='ltr'><strong>μκαὶ</strong></span> <span class='ocrx_word' id='word_1_350' title='bbox 378 4247 444 4314; x_wconf 79' lang='grc' dir='ltr'><strong>τῇ</strong></span> <span class='ocrx_word' id='word_1_351' title='bbox 493 4242 739 4314; x_wconf 68' lang='grc' dir='ltr'><strong>βασιλείᾳ</strong></span> <span class='ocrx_word' id='word_1_352' title='bbox 783 4245 848 4312; x_wconf 80' lang='grc' dir='ltr'><strong>τῇ</strong></span> <span class='ocrx_word' id='word_1_353' title='bbox 889 4239 1138 4313; x_wconf 84' lang='grc' dir='ltr'><strong>παρούσῃ</strong></span> <span class='ocrx_word' id='word_1_354' title='bbox 1183 4239 1319 4309; x_wconf 81' lang='grc' dir='ltr'><strong>πρὸς</strong></span> <span class='ocrx_word' id='word_1_355' title='bbox 1370 4237 1467 4309; x_wconf 79' lang='grc' dir='ltr'><strong>τὴν</strong></span> <span class='ocrx_word' id='word_1_356' title='bbox 1521 4236 1668 4310; x_wconf 69' lang='grc'><strong>[554]</strong></span> <span class='ocrx_word' id='word_1_357' title='bbox 1723 4237 1916 4307; x_wconf 85' lang='grc' dir='ltr'><strong>κτῆσιν</strong></span> 
     </span>
    </p>
   </div>
   <div class='ocr_carea' id='block_1_46' title="bbox 240 4323 1918 4403">
    <p class='ocr_par' dir='ltr' id='par_1_46' title="bbox 240 4323 1918 4403">
     <span class='ocr_line' id='line_1_46' title="bbox 240 4323 1918 4403; baseline -0.005 -17"><span class='ocrx_word' id='word_1_358' title='bbox 240 4335 350 4402; x_wconf 87' lang='grc' dir='ltr'><strong>τῆς</strong></span> <span class='ocrx_word' id='word_1_359' title='bbox 385 4331 683 4403; x_wconf 89' lang='grc' dir='ltr'><strong>μελλούσης</strong></span> <span class='ocrx_word' id='word_1_360' title='bbox 717 4330 1096 4401; x_wconf 87' lang='grc' dir='ltr'><strong>ἀποκέχρησαι</strong></span> <span class='ocrx_word' id='word_1_361' title='bbox 1133 4326 1426 4398; x_wconf 86' lang='grc' dir='ltr'><strong>βασιλείας,</strong></span> <span class='ocrx_word' id='word_1_362' title='bbox 1469 4323 1790 4394; x_wconf 83' lang='grc' dir='ltr'><strong>Ἐκκλησίας</strong></span> <span class='ocrx_word' id='word_1_363' title='bbox 1825 4326 1918 4396; x_wconf 75' lang='lat'><strong>69-</strong></span> 
     </span>
    </p>
   </div>
   <div class='ocr_carea' id='block_1_47' title="bbox 242 4412 1917 4490">
    <p class='ocr_par' dir='ltr' id='par_1_47' title="bbox 242 4412 1917 4490">
     <span class='ocr_line' id='line_1_47' title="bbox 242 4412 1917 4490; baseline -0.005 -16"><span class='ocrx_word' id='word_1_364' title='bbox 242 4420 454 4484; x_wconf 78' lang='grc' dir='ltr'><strong>θοῦσα,</strong></span> <span class='ocrx_word' id='word_1_365' title='bbox 511 4419 688 4490; x_wconf 81' lang='grc' dir='ltr'><strong>ἱερέας</strong></span> <span class='ocrx_word' id='word_1_366' title='bbox 733 4418 983 4488; x_wconf 84' lang='grc' dir='ltr'><strong>τιμῶσα,</strong></span> <span class='ocrx_word' id='word_1_367' title='bbox 1041 4416 1330 4488; x_wconf 86' lang='grc' dir='ltr'><strong>αἱρετικῶν</strong></span> <span class='ocrx_word' id='word_1_368' title='bbox 1376 4412 1719 4467; x_wconf 86' lang='grc' dir='ltr'><strong>καταλύουσα</strong></span> <span class='ocrx_word' id='word_1_369' title='bbox 1779 4412 1917 4466; x_wconf 80' lang='grc' dir='ltr'><strong>πλά-</strong></span> 
     </span>
    </p>
   </div>
   <div class='ocr_carea' id='block_1_48' title="bbox 244 4501 1915 4579">
    <p class='ocr_par' dir='ltr' id='par_1_48' title="bbox 244 4501 1915 4579">
     <span class='ocr_line' id='line_1_48' title="bbox 244 4501 1915 4579; baseline -0.005 -17"><span class='ocrx_word' id='word_1_370' title='bbox 244 4525 373 4579; x_wconf 82' lang='grc' dir='ltr'><strong>νην,</strong></span> <span class='ocrx_word' id='word_1_371' title='bbox 419 4508 700 4579; x_wconf 87' lang='grc' dir='ltr'><strong>μάρτυρας</strong></span> <span class='ocrx_word' id='word_1_372' title='bbox 727 4505 1114 4576; x_wconf 79' lang='grc' dir='ltr'><strong>ὑποδεχομένη,</strong></span> <span class='ocrx_word' id='word_1_373' title='bbox 1139 4504 1200 4558; x_wconf 87' lang='grc' dir='ltr'><strong>οὐ</strong></span> <span class='ocrx_word' id='word_1_374' title='bbox 1238 4504 1503 4575; x_wconf 77' lang='grc' dir='ltr'><strong>τραπέζῃ,</strong></span> <span class='ocrx_word' id='word_1_375' title='bbox 1538 4501 1673 4555; x_wconf 86' lang='grc' dir='ltr'><strong>ἀλλά</strong></span> <span class='ocrx_word' id='word_1_376' title='bbox 1699 4501 1915 4574; x_wconf 78' lang='grc' dir='ltr'><strong>γνώμῃ,</strong></span> 
     </span>
    </p>
   </div>
   <div class='ocr_carea' id='block_1_49' title="bbox 235 4589 1916 4666">
    <p class='ocr_par' dir='ltr' id='par_1_49' title="bbox 235 4589 1916 4666">
     <span class='ocr_line' id='line_1_49' title="bbox 235 4589 1916 4666; baseline -0.004 -18"><span class='ocrx_word' id='word_1_377' title='bbox 235 4596 312 4648; x_wconf 76' lang='grc' dir='ltr'><strong>οὐ</strong></span> <span class='ocrx_word' id='word_1_378' title='bbox 358 4597 565 4666; x_wconf 74' lang='grc' dir='ltr'><strong>σκηνῇ,</strong></span> <span class='ocrx_word' id='word_1_379' title='bbox 605 4593 741 4647; x_wconf 87' lang='grc' dir='ltr'><strong>ἀλλά</strong></span> <span class='ocrx_word' id='word_1_380' title='bbox 778 4592 1114 4665; x_wconf 86' lang='grc' dir='ltr'><strong>προαιρέσει,</strong></span> <span class='ocrx_word' id='word_1_381' title='bbox 1153 4591 1352 4662; x_wconf 71' lang='grc' dir='ltr'><strong>μᾶλλον</strong></span> <span class='ocrx_word' id='word_1_382' title='bbox 1394 4589 1450 4644; x_wconf 79' lang='grc' dir='ltr'><strong>δὲ</strong></span> <span class='ocrx_word' id='word_1_383' title='bbox 1484 4590 1578 4643; x_wconf 74' lang='grc' dir='ltr'><strong>καὶ</strong></span> <span class='ocrx_word' id='word_1_384' title='bbox 1615 4591 1787 4660; x_wconf 75' lang='grc' dir='ltr'><strong>σκηνῇ</strong></span> <span class='ocrx_word' id='word_1_385' title='bbox 1823 4589 1916 4642; x_wconf 79' lang='grc' dir='ltr'><strong>καὶ</strong></span> 
     </span>
    </p>
   </div>
   <div class='ocr_carea' id='block_1_50' title="bbox 315 4793 811 4868">
    <p class='ocr_par' dir='ltr' id='par_1_50' title="bbox 315 4793 811 4868">
     <span class='ocr_line' id='line_1_50' title="bbox 315 4793 811 4868; baseline -0.01 -11"><span class='ocrx_word' id='word_1_386' title='bbox 315 4793 496 4868; x_wconf 46' lang='grc' dir='ltr'><strong>διθυτί</strong></span> <span class='ocrx_word' id='word_1_387' title='bbox 528 4807 566 4854; x_wconf 89' lang='grc' dir='ltr'><strong>εἰ</strong></span> <span class='ocrx_word' id='word_1_388' title='bbox 600 4803 811 4868; x_wconf 14' lang='grc' dir='ltr'><strong>γάρᾲκαί.</strong></span> 
     </span>
    </p>
   </div>
   <div class='ocr_carea' id='block_1_51' title="bbox 308 4860 1208 4930">
    <p class='ocr_par' dir='ltr' id='par_1_51' title="bbox 308 4860 1208 4930">
     <span class='ocr_line' id='line_1_51' title="bbox 308 4860 1208 4930; baseline -0.002 -12"><span class='ocrx_word' id='word_1_389' title='bbox 308 4860 340 4900; x_wconf 70' lang='grc' dir='ltr'>δ</span> <span class='ocrx_word' id='word_1_390' title='bbox 365 4869 508 4918; x_wconf 70' lang='lat' dir='ltr'><strong>Forte</strong></span> <span class='ocrx_word' id='word_1_391' title='bbox 530 4860 636 4918; x_wconf 72' lang='grc' dir='ltr'><strong>ἀλλ’</strong></span> <span class='ocrx_word' id='word_1_392' title='bbox 662 4860 771 4916; x_wconf 58' lang='lat' dir='ltr'><strong>iam</strong></span> <span class='ocrx_word' id='word_1_393' title='bbox 789 4865 927 4928; x_wconf 77' lang='grc' dir='ltr'><strong>αὐτῇ.</strong></span> <span class='ocrx_word' id='word_1_394' title='bbox 949 4877 1097 4930; x_wconf 78' lang='lat' dir='ltr'><strong><em>neque</em></strong></span> <span class='ocrx_word' id='word_1_395' title='bbox 1116 4862 1208 4916; x_wconf 76' lang='grc' dir='ltr'><strong>ἰαί.</strong></span> 
     </span>
    </p>
   </div>
   <div class='ocr_carea' id='block_1_52' title="bbox 2013 489 3684 562">
    <p class='ocr_par' dir='ltr' id='par_1_52' title="bbox 2013 489 3684 562">
     <span class='ocr_line' id='line_1_52' title="bbox 2013 489 3684 562; baseline 0.004 -20"><span class='ocrx_word' id='word_1_396' title='bbox 2013 490 2350 562; x_wconf 79' lang='grc' dir='ltr'><strong>προαιρέσει.</strong></span> <span class='ocrx_word' id='word_1_397' title='bbox 2402 489 2758 561; x_wconf 84' lang='grc' dir='ltr'><strong>Προηγήσατό</strong></span> <span class='ocrx_word' id='word_1_398' title='bbox 2803 506 2931 542; x_wconf 87' lang='grc' dir='ltr'><strong>ποτε</strong></span> <span class='ocrx_word' id='word_1_399' title='bbox 2990 490 3082 542; x_wconf 82' lang='grc' dir='ltr'><strong>καὶ</strong></span> <span class='ocrx_word' id='word_1_400' title='bbox 3139 489 3320 558; x_wconf 78' lang='grc' dir='ltr'><strong>Μαρία</strong></span> <span class='ocrx_word' id='word_1_401' title='bbox 3374 491 3465 544; x_wconf 90' lang='grc' dir='ltr'><strong>τοῦ</strong></span> <span class='ocrx_word' id='word_1_402' title='bbox 3528 494 3684 549; x_wconf 70' lang='grc' dir='ltr'><strong>λαοῦ.</strong></span> 
     </span>
    </p>
   </div>
   <div class='ocr_carea' id='block_1_53' title="bbox 2020 573 3682 652">
    <p class='ocr_par' dir='ltr' id='par_1_53' title="bbox 2020 573 3682 652">
     <span class='ocr_line' id='line_1_53' title="bbox 2020 573 3682 652; baseline 0.002 -22"><span class='ocrx_word' id='word_1_403' title='bbox 2020 579 2091 632; x_wconf 83' lang='grc' dir='ltr'><strong>τά</strong></span> <span class='ocrx_word' id='word_1_404' title='bbox 2139 577 2274 632; x_wconf 78' lang='grc' dir='ltr'><strong>ὀστᾶ</strong></span> <span class='ocrx_word' id='word_1_405' title='bbox 2327 577 2421 630; x_wconf 90' lang='grc' dir='ltr'><strong>τοῦ</strong></span> <span class='ocrx_word' id='word_1_406' title='bbox 2478 578 2676 645; x_wconf 79' lang='grc' dir='ltr'><strong>Ἰωσὴφ</strong></span> <span class='ocrx_word' id='word_1_407' title='bbox 2727 578 3122 647; x_wconf 70' lang='grc' dir='ltr'><strong>ἐπιφερομένη,</strong></span> <span class='ocrx_word' id='word_1_408' title='bbox 3177 578 3270 630; x_wconf 72' lang='grc' dir='ltr'><strong>καὶ</strong></span> <span class='ocrx_word' id='word_1_409' title='bbox 3329 573 3460 652; x_wconf 79' lang='grc' dir='ltr'><strong>ᾖσεν</strong></span> <span class='ocrx_word' id='word_1_410' title='bbox 3503 581 3682 652; x_wconf 78' lang='grc' dir='ltr'><strong>ᾠδήν·</strong></span> 
     </span>
    </p>
   </div>
   <div class='ocr_carea' id='block_1_54' title="bbox 2014 663 3686 736">
    <p class='ocr_par' dir='ltr' id='par_1_54' title="bbox 2014 663 3686 736">
     <span class='ocr_line' id='line_1_54' title="bbox 2014 663 3686 736; baseline 0.003 -19"><span class='ocrx_word' id='word_1_411' title='bbox 2014 663 2130 717; x_wconf 82' lang='grc' dir='ltr'><strong>ἀλλ’</strong></span> <span class='ocrx_word' id='word_1_412' title='bbox 2173 665 2350 735; x_wconf 86' lang='grc' dir='ltr'><strong>ἐκείνη</strong></span> <span class='ocrx_word' id='word_1_413' title='bbox 2395 665 2493 736; x_wconf 79' lang='grc' dir='ltr'><strong>μὲν</strong></span> <span class='ocrx_word' id='word_1_414' title='bbox 2544 664 2857 730; x_wconf 74' lang='grc' dir='ltr'><strong>Αἰγυπτίων</strong></span> <span class='ocrx_word' id='word_1_415' title='bbox 2919 665 3474 728; x_wconf 74' lang='grc' dir='ltr'><strong>καταποντισθέντων,</strong></span> <span class='ocrx_word' id='word_1_416' title='bbox 3518 669 3580 720; x_wconf 74' lang='grc' dir='ltr'><strong>σὺ</strong></span> <span class='ocrx_word' id='word_1_417' title='bbox 3629 669 3686 722; x_wconf 71' lang='grc' dir='ltr'><strong>δέ</strong></span> 
     </span>
    </p>
   </div>
   <div class='ocr_carea' id='block_1_55' title="bbox 2013 741 3685 822">
    <p class='ocr_par' dir='ltr' id='par_1_55' title="bbox 2013 741 3685 822">
     <span class='ocr_line' id='line_1_55' title="bbox 2013 741 3685 822; baseline 0.002 -18"><span class='ocrx_word' id='word_1_418' title='bbox 2013 741 2280 822; x_wconf 84' lang='grc' dir='ltr'><strong>δαιμόνων</strong></span> <span class='ocrx_word' id='word_1_419' title='bbox 2331 750 2819 820; x_wconf 83' lang='grc' dir='ltr'><strong>ἀποπνιγομένων·</strong></span> <span class='ocrx_word' id='word_1_420' title='bbox 2871 751 3051 820; x_wconf 83' lang='grc' dir='ltr'><strong>ἐκείνη</strong></span> <span class='ocrx_word' id='word_1_421' title='bbox 3101 751 3194 803; x_wconf 84' lang='grc' dir='ltr'><strong>τοῦ</strong></span> <span class='ocrx_word' id='word_1_422' title='bbox 3256 751 3454 822; x_wconf 79' lang='grc' dir='ltr'><strong>Φαραὼ</strong></span> <span class='ocrx_word' id='word_1_423' title='bbox 3513 772 3685 808; x_wconf 80' lang='grc' dir='ltr'><strong>κατα·</strong></span> 
     </span>
    </p>
   </div>
   <div class='ocr_carea' id='block_1_56' title="bbox 2015 835 3681 907">
    <p class='ocr_par' dir='ltr' id='par_1_56' title="bbox 2015 835 3681 907">
     <span class='ocr_line' id='line_1_56' title="bbox 2015 835 3681 907; baseline 0.001 -18"><span class='ocrx_word' id='word_1_424' title='bbox 2015 836 2427 901; x_wconf 87' lang='grc' dir='ltr'><strong>ποντισθέντος,</strong></span> <span class='ocrx_word' id='word_1_425' title='bbox 2489 837 2552 890; x_wconf 76' lang='grc' dir='ltr'><strong>σὺ</strong></span> <span class='ocrx_word' id='word_1_426' title='bbox 2625 836 2680 889; x_wconf 83' lang='grc' dir='ltr'><strong>δὲ</strong></span> <span class='ocrx_word' id='word_1_427' title='bbox 2740 835 2835 888; x_wconf 92' lang='grc' dir='ltr'><strong>τοῦ</strong></span> <span class='ocrx_word' id='word_1_428' title='bbox 2905 835 3152 890; x_wconf 87' lang='grc' dir='ltr'><strong>διαϐόλου</strong></span> <span class='ocrx_word' id='word_1_429' title='bbox 3229 838 3681 907; x_wconf 78' lang='grc' dir='ltr'><strong>κατενεχθέντος’</strong></span> 
     </span>
    </p>
   </div>
   <div class='ocr_carea' id='block_1_57' title="bbox 2015 922 3683 995">
    <p class='ocr_par' dir='ltr' id='par_1_57' title="bbox 2015 922 3683 995">
     <span class='ocr_line' id='line_1_57' title="bbox 2015 922 3683 995; baseline 0.001 -18"><span class='ocrx_word' id='word_1_430' title='bbox 2015 922 2194 995; x_wconf 85' lang='grc' dir='ltr'><strong>ἐκείνη</strong></span> <span class='ocrx_word' id='word_1_431' title='bbox 2245 923 2499 994; x_wconf 84' lang='grc' dir='ltr'><strong>κύμϐαλα</strong></span> <span class='ocrx_word' id='word_1_432' title='bbox 2552 923 2778 994; x_wconf 82' lang='grc' dir='ltr'><strong>ἔχουσα,</strong></span> <span class='ocrx_word' id='word_1_433' title='bbox 2827 923 2890 976; x_wconf 75' lang='grc' dir='ltr'><strong>σὺ</strong></span> <span class='ocrx_word' id='word_1_434' title='bbox 2942 923 2997 976; x_wconf 82' lang='grc' dir='ltr'><strong>δὲ</strong></span> <span class='ocrx_word' id='word_1_435' title='bbox 3055 924 3295 978; x_wconf 86' lang='grc' dir='ltr'><strong>διάνοιαν</strong></span> <span class='ocrx_word' id='word_1_436' title='bbox 3361 925 3454 976; x_wconf 72' lang='grc' dir='ltr'><strong>καὶ</strong></span> <span class='ocrx_word' id='word_1_437' title='bbox 3505 925 3683 995; x_wconf 73' lang='grc' dir='ltr'><strong>ψυχὴν</strong></span> 
     </span>
    </p>
   </div>
   <div class='ocr_carea' id='block_1_58' title="bbox 2015 1009 3683 1083">
    <p class='ocr_par' dir='ltr' id='par_1_58' title="bbox 2015 1009 3683 1083">
     <span class='ocr_line' id='line_1_58' title="bbox 2015 1009 3683 1083; baseline 0.001 -21"><span class='ocrx_word' id='word_1_438' title='bbox 2015 1009 2154 1083; x_wconf 86' lang='grc' dir='ltr'><strong>ὑπὲρ</strong></span> <span class='ocrx_word' id='word_1_439' title='bbox 2200 1011 2475 1078; x_wconf 79' lang='grc' dir='ltr'><strong>σάλπιγγα</strong></span> <span class='ocrx_word' id='word_1_440' title='bbox 2526 1010 2797 1081; x_wconf 71' lang='grc' dir='ltr'><strong>ἠχοῦσαν·</strong></span> <span class='ocrx_word' id='word_1_441' title='bbox 2843 1011 3024 1080; x_wconf 88' lang='grc' dir='ltr'><strong>ἐκείνη</strong></span> <span class='ocrx_word' id='word_1_442' title='bbox 3067 1011 3334 1064; x_wconf 85' lang='grc' dir='ltr'><strong>Ἰουδαίων</strong></span> <span class='ocrx_word' id='word_1_443' title='bbox 3385 1011 3683 1083; x_wconf 81' lang='grc' dir='ltr'><strong>ἐλευθερω-</strong></span> 
     </span>
    </p>
   </div>
   <div class='ocr_carea' id='block_1_59' title="bbox 2016 1097 3678 1170">
    <p class='ocr_par' dir='ltr' id='par_1_59' title="bbox 2016 1097 3678 1170">
     <span class='ocr_line' id='line_1_59' title="bbox 2016 1097 3678 1170; baseline 0 -20"><span class='ocrx_word' id='word_1_444' title='bbox 2016 1097 2236 1160; x_wconf 85' lang='grc' dir='ltr'><strong>θέντων,</strong></span> <span class='ocrx_word' id='word_1_445' title='bbox 2281 1100 2344 1152; x_wconf 75' lang='grc' dir='ltr'><strong>σύ</strong></span> <span class='ocrx_word' id='word_1_446' title='bbox 2382 1099 2438 1152; x_wconf 80' lang='grc' dir='ltr'><strong>δὲ</strong></span> <span class='ocrx_word' id='word_1_447' title='bbox 2479 1099 2579 1166; x_wconf 81' lang='grc' dir='ltr'><strong>τῆς</strong></span> <span class='ocrx_word' id='word_1_448' title='bbox 2624 1097 2943 1161; x_wconf 84' lang='grc' dir='ltr'><strong>Ἐκκλησίας</strong></span> <span class='ocrx_word' id='word_1_449' title='bbox 2984 1099 3452 1168; x_wconf 83' lang='grc' dir='ltr'><strong>στεφανουμένης·</strong></span> <span class='ocrx_word' id='word_1_450' title='bbox 3498 1099 3678 1170; x_wconf 86' lang='grc' dir='ltr'><strong>ἐκείνη</strong></span> 
     </span>
    </p>
   </div>
   <div class='ocr_carea' id='block_1_60' title="bbox 1989 1183 3684 1260">
    <p class='ocr_par' dir='ltr' id='par_1_60' title="bbox 1989 1183 3684 1260">
     <span class='ocr_line' id='line_1_60' title="bbox 1989 1183 3684 1260; baseline 0 -24"><span class='ocrx_word' id='word_1_451' title='bbox 1989 1183 2184 1253; x_wconf 79' lang='grc' dir='ltr'><strong>’δῆμον</strong></span> <span class='ocrx_word' id='word_1_452' title='bbox 2209 1183 2303 1237; x_wconf 84' lang='grc' dir='ltr'><strong>’ένα</strong></span> <span class='ocrx_word' id='word_1_453' title='bbox 2343 1183 2612 1252; x_wconf 78' lang='grc' dir='ltr'><strong>ἐξάγουσα</strong></span> <span class='ocrx_word' id='word_1_454' title='bbox 2643 1184 3004 1254; x_wconf 87' lang='grc' dir='ltr'><strong>όμόγλωττον,</strong></span> <span class='ocrx_word' id='word_1_455' title='bbox 3035 1185 3100 1238; x_wconf 79' lang='grc' dir='ltr'><strong>σὺ</strong></span> <span class='ocrx_word' id='word_1_456' title='bbox 3142 1184 3196 1237; x_wconf 74' lang='grc' dir='ltr'><strong>δὲ</strong></span> <span class='ocrx_word' id='word_1_457' title='bbox 3232 1184 3459 1260; x_wconf 60' lang='grc' dir='ltr'><strong>μυρίους</strong></span> <span class='ocrx_word' id='word_1_458' title='bbox 3480 1185 3684 1255; x_wconf 79' lang='grc' dir='ltr'><strong>δήμους</strong></span> 
     </span>
    </p>
   </div>
   <div class='ocr_carea' id='block_1_61' title="bbox 2016 1267 3679 1344">
    <p class='ocr_par' dir='ltr' id='par_1_61' title="bbox 2016 1267 3679 1344">
     <span class='ocr_line' id='line_1_61' title="bbox 2016 1267 3679 1344; baseline 0 -20"><span class='ocrx_word' id='word_1_459' title='bbox 2016 1271 2465 1344; x_wconf 83' lang='grc' dir='ltr'><strong>ἐτερογλῶσσους.</strong></span> <span class='ocrx_word' id='word_1_460' title='bbox 2500 1271 2608 1325; x_wconf 79' lang='grc' dir='ltr'><strong>Καὶ</strong></span> <span class='ocrx_word' id='word_1_461' title='bbox 2639 1273 2745 1342; x_wconf 76' lang='grc' dir='ltr'><strong>γὰρ</strong></span> <span class='ocrx_word' id='word_1_462' title='bbox 2773 1271 2996 1342; x_wconf 80' lang='grc' dir='ltr'><strong>μυρίους</strong></span> <span class='ocrx_word' id='word_1_463' title='bbox 3025 1273 3154 1340; x_wconf 75' lang='grc' dir='ltr'><strong>ἡμῖν</strong></span> <span class='ocrx_word' id='word_1_464' title='bbox 3180 1267 3444 1342; x_wconf 67' lang='grc' dir='ltr'><strong>ἐξήγαγες</strong></span> <span class='ocrx_word' id='word_1_465' title='bbox 3465 1274 3679 1342; x_wconf 74' lang='grc' dir='ltr'><strong>χοροὺς,</strong></span> 
     </span>
    </p>
   </div>
   <div class='ocr_carea' id='block_1_62' title="bbox 2015 1358 3681 1431">
    <p class='ocr_par' dir='ltr' id='par_1_62' title="bbox 2015 1358 3681 1431">
     <span class='ocr_line' id='line_1_62' title="bbox 2015 1358 3681 1431; baseline 0.001 -20"><span class='ocrx_word' id='word_1_466' title='bbox 2015 1360 2142 1420; x_wconf 76' lang='grc' dir='ltr'><strong>τοὺς</strong></span> <span class='ocrx_word' id='word_1_467' title='bbox 2171 1360 2350 1429; x_wconf 77' lang='grc' dir='ltr'><strong>μὲντῇ</strong></span> <span class='ocrx_word' id='word_1_468' title='bbox 2395 1359 2699 1430; x_wconf 86' lang='grc' dir='ltr'><strong>Ῥωμαίων,</strong></span> <span class='ocrx_word' id='word_1_469' title='bbox 2749 1359 2874 1421; x_wconf 81' lang='grc' dir='ltr'><strong>τούς</strong></span> <span class='ocrx_word' id='word_1_470' title='bbox 2910 1358 2966 1411; x_wconf 82' lang='grc' dir='ltr'><strong>δὲ</strong></span> <span class='ocrx_word' id='word_1_471' title='bbox 3000 1362 3064 1429; x_wconf 77' lang='grc' dir='ltr'><strong>τῇ</strong></span> <span class='ocrx_word' id='word_1_472' title='bbox 3095 1358 3299 1429; x_wconf 78' lang='grc' dir='ltr'><strong>Σύρων,</strong></span> <span class='ocrx_word' id='word_1_473' title='bbox 3353 1361 3478 1423; x_wconf 74' lang='grc' dir='ltr'><strong>τοὺς</strong></span> <span class='ocrx_word' id='word_1_474' title='bbox 3524 1359 3581 1412; x_wconf 84' lang='grc' dir='ltr'><strong>δέ</strong></span> <span class='ocrx_word' id='word_1_475' title='bbox 3615 1363 3681 1431; x_wconf 78' lang='grc' dir='ltr'><strong>τῇ</strong></span> 
     </span>
    </p>
   </div>
   <div class='ocr_carea' id='block_1_63' title="bbox 2018 1448 3680 1521">
    <p class='ocr_par' dir='ltr' id='par_1_63' title="bbox 2018 1448 3680 1521">
     <span class='ocr_line' id='line_1_63' title="bbox 2018 1448 3680 1521; baseline 0.001 -19"><span class='ocrx_word' id='word_1_476' title='bbox 2018 1448 2330 1520; x_wconf 85' lang='grc' dir='ltr'><strong>βαρϐάρων,</strong></span> <span class='ocrx_word' id='word_1_477' title='bbox 2357 1451 2481 1512; x_wconf 80' lang='grc' dir='ltr'><strong>τοὺς</strong></span> <span class='ocrx_word' id='word_1_478' title='bbox 2509 1449 2563 1503; x_wconf 78' lang='grc' dir='ltr'><strong>δὲ</strong></span> <span class='ocrx_word' id='word_1_479' title='bbox 2591 1451 2656 1520; x_wconf 79' lang='grc' dir='ltr'><strong>τῇ</strong></span> <span class='ocrx_word' id='word_1_480' title='bbox 2700 1449 2909 1502; x_wconf 83' lang='grc' dir='ltr'><strong>Ἐλλάδι</strong></span> <span class='ocrx_word' id='word_1_481' title='bbox 2942 1453 3090 1521; x_wconf 80' lang='grc' dir='ltr'><strong>φωνῇ</strong></span> <span class='ocrx_word' id='word_1_482' title='bbox 3121 1449 3186 1504; x_wconf 77' lang='grc' dir='ltr'><strong>τά</strong></span> <span class='ocrx_word' id='word_1_483' title='bbox 3229 1450 3321 1503; x_wconf 89' lang='grc' dir='ltr'><strong>τοῦ</strong></span> <span class='ocrx_word' id='word_1_484' title='bbox 3358 1451 3518 1503; x_wconf 78' lang='grc' dir='ltr'><strong>Δαυῒδ</strong></span> <span class='ocrx_word' id='word_1_485' title='bbox 3553 1453 3680 1504; x_wconf 80' lang='grc' dir='ltr'><strong>ἀνα-</strong></span> 
     </span>
    </p>
   </div>
   <div class='ocr_carea' id='block_1_64' title="bbox 2018 1536 3683 1609">
    <p class='ocr_par' dir='ltr' id='par_1_64' title="bbox 2018 1536 3683 1609">
     <span class='ocr_line' id='line_1_64' title="bbox 2018 1536 3683 1609; baseline 0.001 -20"><span class='ocrx_word' id='word_1_486' title='bbox 2018 1536 2381 1607; x_wconf 83' lang='grc' dir='ltr'><strong>κρουομένους</strong></span> <span class='ocrx_word' id='word_1_487' title='bbox 2426 1537 2646 1607; x_wconf 77' lang='grc' dir='ltr'><strong>ᾄσματα</strong></span> <span class='ocrx_word' id='word_1_488' title='bbox 2668 1554 2683 1567; x_wconf 88' lang='grc'>·</span> <span class='ocrx_word' id='word_1_489' title='bbox 2717 1537 2810 1589; x_wconf 73' lang='grc' dir='ltr'><strong>καὶ</strong></span> <span class='ocrx_word' id='word_1_490' title='bbox 2835 1537 3066 1607; x_wconf 84' lang='grc' dir='ltr'><strong>διάφορα</strong></span> <span class='ocrx_word' id='word_1_491' title='bbox 3096 1537 3222 1607; x_wconf 72' lang='grc' dir='ltr'><strong>ἔθνη</strong></span> <span class='ocrx_word' id='word_1_492' title='bbox 3268 1537 3361 1592; x_wconf 72' lang='grc' dir='ltr'><strong>καὶ</strong></span> <span class='ocrx_word' id='word_1_493' title='bbox 3395 1538 3550 1606; x_wconf 61' lang='grc' dir='ltr'><strong>διαφλ</strong></span> <span class='ocrx_word' id='word_1_494' title='bbox 3561 1556 3683 1609; x_wconf 86' lang='grc' dir='ltr'><strong>ρους</strong></span> 
     </span>
    </p>
   </div>
   <div class='ocr_carea' id='block_1_65' title="bbox 2017 1619 3683 1696">
    <p class='ocr_par' dir='ltr' id='par_1_65' title="bbox 2017 1619 3683 1696">
     <span class='ocr_line' id='line_1_65' title="bbox 2017 1619 3683 1696; baseline 0.003 -22"><span class='ocrx_word' id='word_1_495' title='bbox 2017 1625 2210 1694; x_wconf 70' lang='grc' dir='ltr'><strong>χοροὺς</strong></span> <span class='ocrx_word' id='word_1_496' title='bbox 2236 1619 2303 1695; x_wconf 80' lang='grc' dir='ltr'><strong>ἦν</strong></span> <span class='ocrx_word' id='word_1_497' title='bbox 2345 1624 2471 1677; x_wconf 86' lang='grc' dir='ltr'><strong>ἰδεῖν</strong></span> <span class='ocrx_word' id='word_1_498' title='bbox 2500 1625 2632 1694; x_wconf 86' lang='grc' dir='ltr'><strong>μίαν</strong></span> <span class='ocrx_word' id='word_1_499' title='bbox 2660 1623 2890 1696; x_wconf 87' lang='grc' dir='ltr'><strong>κιθάραν</strong></span> <span class='ocrx_word' id='word_1_500' title='bbox 2925 1626 3167 1688; x_wconf 72' lang='grc' dir='ltr'><strong>ἅπαντας</strong></span> <span class='ocrx_word' id='word_1_501' title='bbox 3197 1625 3435 1695; x_wconf 76' lang='grc' dir='ltr'><strong>ξχοντας,</strong></span> <span class='ocrx_word' id='word_1_502' title='bbox 3463 1626 3558 1696; x_wconf 74' lang='grc' dir='ltr'><strong>τὴν</strong></span> <span class='ocrx_word' id='word_1_503' title='bbox 3589 1626 3683 1679; x_wconf 79' lang='grc' dir='ltr'><strong>τοῦ</strong></span> 
     </span>
    </p>
   </div>
   <div class='ocr_carea' id='block_1_66' title="bbox 2017 1711 3685 1784">
    <p class='ocr_par' dir='ltr' id='par_1_66' title="bbox 2017 1711 3685 1784">
     <span class='ocr_line' id='line_1_66' title="bbox 2017 1711 3685 1784; baseline 0.002 -21"><span class='ocrx_word' id='word_1_504' title='bbox 2017 1711 2199 1769; x_wconf 75' lang='grc' dir='ltr'><strong>Δαυῒδ,</strong></span> <span class='ocrx_word' id='word_1_505' title='bbox 2229 1712 2322 1764; x_wconf 73' lang='grc' dir='ltr'><strong>καὶ</strong></span> <span class='ocrx_word' id='word_1_506' title='bbox 2351 1713 2474 1774; x_wconf 84' lang='grc' dir='ltr'><strong>ταῖς</strong></span> <span class='ocrx_word' id='word_1_507' title='bbox 2503 1711 2689 1780; x_wconf 76' lang='grc' dir='ltr'><strong>εὐχαῖς</strong></span> <span class='ocrx_word' id='word_1_508' title='bbox 2726 1728 2784 1764; x_wconf 91' lang='grc' dir='ltr'><strong>σε</strong></span> <span class='ocrx_word' id='word_1_509' title='bbox 2814 1711 3228 1780; x_wconf 75' lang='grc' dir='ltr'><strong>στεφανοῦντας.</strong></span> <span class='ocrx_word' id='word_1_510' title='bbox 3273 1714 3558 1783; x_wconf 72' lang='grc' dir='ltr'><strong>Ἐπεζήτει</strong></span> <span class='ocrx_word' id='word_1_511' title='bbox 3585 1715 3685 1784; x_wconf 77' lang='grc' dir='ltr'><strong>τῆς</strong></span> 
     </span>
    </p>
   </div>
   <div class='ocr_carea' id='block_1_67' title="bbox 2017 1797 3675 1871">
    <p class='ocr_par' dir='ltr' id='par_1_67' title="bbox 2017 1797 3675 1871">
     <span class='ocr_line' id='line_1_67' title="bbox 2017 1797 3675 1871; baseline 0.001 -21"><span class='ocrx_word' id='word_1_512' title='bbox 2017 1797 2210 1866; x_wconf 78' lang='grc' dir='ltr'><strong>ἑορτῆς</strong></span> <span class='ocrx_word' id='word_1_513' title='bbox 2247 1797 2506 1866; x_wconf 85' lang='grc' dir='ltr'><strong>ταύτηςή</strong></span> <span class='ocrx_word' id='word_1_514' title='bbox 2539 1797 2845 1870; x_wconf 83' lang='grc' dir='ltr'><strong>εὐφροσύνη</strong></span> <span class='ocrx_word' id='word_1_515' title='bbox 2879 1800 2972 1852; x_wconf 81' lang='grc' dir='ltr'><strong>καὶ</strong></span> <span class='ocrx_word' id='word_1_516' title='bbox 3010 1799 3098 1851; x_wconf 69' lang='grc' dir='ltr'><strong>τον</strong></span> <span class='ocrx_word' id='word_1_517' title='bbox 3144 1799 3553 1869; x_wconf 86' lang='grc' dir='ltr'><strong>θεοφιλέστατον</strong></span> <span class='ocrx_word' id='word_1_518' title='bbox 3585 1801 3675 1871; x_wconf 67' lang='grc' dir='ltr'><strong>βαι</strong></span> 
     </span>
    </p>
   </div>
   <div class='ocr_carea' id='block_1_68' title="bbox 2019 1884 3683 1957">
    <p class='ocr_par' dir='ltr' id='par_1_68' title="bbox 2019 1884 3683 1957">
     <span class='ocr_line' id='line_1_68' title="bbox 2019 1884 3683 1957; baseline 0.004 -21"><span class='ocrx_word' id='word_1_519' title='bbox 2019 1885 2168 1938; x_wconf 87' lang='grc' dir='ltr'><strong>σιλέα</strong></span> <span class='ocrx_word' id='word_1_520' title='bbox 2184 1885 2274 1938; x_wconf 87' lang='grc' dir='ltr'><strong>τδν</strong></span> <span class='ocrx_word' id='word_1_521' title='bbox 2297 1885 2432 1955; x_wconf 80' lang='grc' dir='ltr'><strong>μετὰ</strong></span> <span class='ocrx_word' id='word_1_522' title='bbox 2463 1884 2556 1938; x_wconf 87' lang='grc' dir='ltr'><strong>σοῦ</strong></span> <span class='ocrx_word' id='word_1_523' title='bbox 2582 1885 2643 1938; x_wconf 71' lang='grc' dir='ltr'><strong>τὸ</strong></span> <span class='ocrx_word' id='word_1_524' title='bbox 2686 1885 2916 1957; x_wconf 78' lang='grc' dir='ltr'><strong>ἄροτρον</strong></span> <span class='ocrx_word' id='word_1_525' title='bbox 2950 1887 3049 1956; x_wconf 84' lang='grc' dir='ltr'><strong>τῆς</strong></span> <span class='ocrx_word' id='word_1_526' title='bbox 3076 1887 3359 1951; x_wconf 84' lang='grc' dir='ltr'><strong>εὐσεϐείας</strong></span> <span class='ocrx_word' id='word_1_527' title='bbox 3413 1888 3639 1942; x_wconf 77' lang='grc' dir='ltr'><strong>ἓλκοντα</strong></span> <span class='ocrx_word' id='word_1_528' title='bbox 3667 1906 3683 1922; x_wconf 91' lang='grc'><strong>·</strong></span> 
     </span>
    </p>
   </div>
   <div class='ocr_carea' id='block_1_69' title="bbox 2015 1971 3684 2044">
    <p class='ocr_par' dir='ltr' id='par_1_69' title="bbox 2015 1971 3684 2044">
     <span class='ocr_line' id='line_1_69' title="bbox 2015 1971 3684 2044; baseline 0 -18"><span class='ocrx_word' id='word_1_529' title='bbox 2015 1971 2153 2026; x_wconf 70' lang='grc' dir='ltr'><strong>ἀλλὰ</strong></span> <span class='ocrx_word' id='word_1_530' title='bbox 2179 1973 2272 2026; x_wconf 75' lang='grc' dir='ltr'><strong>καὶ</strong></span> <span class='ocrx_word' id='word_1_531' title='bbox 2302 1971 2459 2025; x_wconf 88' lang='grc' dir='ltr'><strong>τοῦτο</strong></span> <span class='ocrx_word' id='word_1_532' title='bbox 2479 1973 2576 2042; x_wconf 87' lang='grc' dir='ltr'><strong>τῆς</strong></span> <span class='ocrx_word' id='word_1_533' title='bbox 2609 1976 2708 2044; x_wconf 75' lang='grc' dir='ltr'><strong>σῆς</strong></span> <span class='ocrx_word' id='word_1_534' title='bbox 2733 1973 2949 2040; x_wconf 86' lang='grc' dir='ltr'><strong>ἐγένετο</strong></span> <span class='ocrx_word' id='word_1_535' title='bbox 2976 1974 3266 2035; x_wconf 87' lang='grc' dir='ltr'><strong>συνέσεως,</strong></span> <span class='ocrx_word' id='word_1_536' title='bbox 3309 1973 3370 2025; x_wconf 78' lang='grc' dir='ltr'><strong>τὸ</strong></span> <span class='ocrx_word' id='word_1_537' title='bbox 3392 1975 3684 2043; x_wconf 74' lang='grc' dir='ltr'><strong>κατασχεῖν</strong></span> 
     </span>
    </p>
   </div>
   <div class='ocr_carea' id='block_1_70' title="bbox 2015 2058 3684 2131">
    <p class='ocr_par' dir='ltr' id='par_1_70' title="bbox 2015 2058 3684 2131">
     <span class='ocr_line' id='line_1_70' title="bbox 2015 2058 3684 2131; baseline 0.001 -20"><span class='ocrx_word' id='word_1_538' title='bbox 2015 2059 2179 2111; x_wconf 80' lang='grc' dir='ltr'><strong>αὐτὸν</strong></span> <span class='ocrx_word' id='word_1_539' title='bbox 2218 2060 2454 2130; x_wconf 84' lang='grc' dir='ltr'><strong>σήμερον</strong></span> <span class='ocrx_word' id='word_1_540' title='bbox 2475 2058 2633 2125; x_wconf 76' lang='grc' dir='ltr'><strong>οἴκοι,</strong></span> <span class='ocrx_word' id='word_1_541' title='bbox 2657 2060 2750 2112; x_wconf 75' lang='grc' dir='ltr'><strong>καὶ</strong></span> <span class='ocrx_word' id='word_1_542' title='bbox 2774 2060 2852 2122; x_wconf 82' lang='grc' dir='ltr'><strong>εἰς</strong></span> <span class='ocrx_word' id='word_1_543' title='bbox 2881 2061 2978 2131; x_wconf 72' lang='grc' dir='ltr'><strong>τὴν</strong></span> <span class='ocrx_word' id='word_1_544' title='bbox 3000 2058 3186 2130; x_wconf 68' lang='grc' dir='ltr'><strong>αὔριον</strong></span> <span class='ocrx_word' id='word_1_545' title='bbox 3229 2059 3564 2129; x_wconf 72' lang='grc' dir='ltr'><strong>ὑποσχέσθαι</strong></span> <span class='ocrx_word' id='word_1_546' title='bbox 3585 2060 3684 2130; x_wconf 75' lang='grc' dir='ltr'><strong>τὴν</strong></span> 
     </span>
    </p>
   </div>
   <div class='ocr_carea' id='block_1_71' title="bbox 2016 2143 3684 2217">
    <p class='ocr_par' dir='ltr' id='par_1_71' title="bbox 2016 2143 3684 2217">
     <span class='ocr_line' id='line_1_71' title="bbox 2016 2143 3684 2217; baseline -0.001 -20"><span class='ocrx_word' id='word_1_547' title='bbox 2016 2145 2339 2216; x_wconf 89' lang='grc' dir='ltr'><strong>παρουσίαν.</strong></span> <span class='ocrx_word' id='word_1_548' title='bbox 2366 2146 2483 2199; x_wconf 84' lang='grc' dir='ltr'><strong>’Ίνα</strong></span> <span class='ocrx_word' id='word_1_549' title='bbox 2507 2145 2615 2217; x_wconf 77' lang='grc' dir='ltr'><strong>γὰρ</strong></span> <span class='ocrx_word' id='word_1_550' title='bbox 2639 2145 2712 2216; x_wconf 81' lang='grc' dir='ltr'><strong>μὴ</strong></span> <span class='ocrx_word' id='word_1_551' title='bbox 2737 2146 2845 2198; x_wconf 89' lang='grc' dir='ltr'><strong>τῶν</strong></span> <span class='ocrx_word' id='word_1_552' title='bbox 2867 2145 3079 2198; x_wconf 75' lang='grc' dir='ltr'><strong>ἱππέων</strong></span> <span class='ocrx_word' id='word_1_553' title='bbox 3108 2144 3169 2198; x_wconf 70' lang='grc' dir='ltr'><strong>τὸ</strong></span> <span class='ocrx_word' id='word_1_554' title='bbox 3203 2143 3402 2216; x_wconf 82' lang='grc' dir='ltr'><strong>πλῆθος</strong></span> <span class='ocrx_word' id='word_1_555' title='bbox 3426 2145 3555 2215; x_wconf 81' lang='grc' dir='ltr'><strong>μηδέ</strong></span> <span class='ocrx_word' id='word_1_556' title='bbox 3574 2145 3684 2198; x_wconf 87' lang='grc' dir='ltr'><strong>τῶν</strong></span> 
     </span>
    </p>
   </div>
   <div class='ocr_carea' id='block_1_72' title="bbox 2016 2232 3686 2304">
    <p class='ocr_par' dir='ltr' id='par_1_72' title="bbox 2016 2232 3686 2304">
     <span class='ocr_line' id='line_1_72' title="bbox 2016 2232 3686 2304; baseline 0.001 -20"><span class='ocrx_word' id='word_1_557' title='bbox 2016 2232 2375 2304; x_wconf 80' lang='grc' dir='ltr'><strong>ὡπλισμένων</strong></span> <span class='ocrx_word' id='word_1_558' title='bbox 2426 2233 2772 2304; x_wconf 88' lang='grc' dir='ltr'><strong>στρατιωτῶν</strong></span> <span class='ocrx_word' id='word_1_559' title='bbox 2815 2234 2844 2286; x_wconf 89' lang='grc' dir='ltr'><strong>ὀ</strong></span> <span class='ocrx_word' id='word_1_560' title='bbox 2891 2232 3116 2302; x_wconf 80' lang='grc' dir='ltr'><strong>θόρυϐος</strong></span> <span class='ocrx_word' id='word_1_561' title='bbox 3141 2233 3446 2302; x_wconf 84' lang='grc' dir='ltr'><strong>λυμήνηται</strong></span> <span class='ocrx_word' id='word_1_562' title='bbox 3475 2233 3686 2303; x_wconf 77' lang='grc' dir='ltr'><strong>παρθέο</strong></span> 
     </span>
    </p>
   </div>
   <div class='ocr_carea' id='block_1_73' title="bbox 2015 2317 3684 2393">
    <p class='ocr_par' dir='ltr' id='par_1_73' title="bbox 2015 2317 3684 2393">
     <span class='ocr_line' id='line_1_73' title="bbox 2015 2317 3684 2393; baseline 0.001 -23"><span class='ocrx_word' id='word_1_563' title='bbox 2015 2335 2145 2382; x_wconf 90' lang='grc' dir='ltr'><strong>νοις,</strong></span> <span class='ocrx_word' id='word_1_564' title='bbox 2177 2319 2592 2390; x_wconf 61' lang='grc' dir='ltr'><strong>γεγηρακυωις,</strong></span> <span class='ocrx_word' id='word_1_565' title='bbox 2627 2319 2961 2389; x_wconf 85' lang='grc' dir='ltr'><strong>πρεσϐύταις</strong></span> <span class='ocrx_word' id='word_1_566' title='bbox 2991 2317 3236 2388; x_wconf 85' lang='grc' dir='ltr'><strong>ἀνδράσι,</strong></span> <span class='ocrx_word' id='word_1_567' title='bbox 3261 2317 3355 2373; x_wconf 80' lang='grc' dir='ltr'><strong>καὶ</strong></span> <span class='ocrx_word' id='word_1_568' title='bbox 3381 2317 3684 2393; x_wconf 71' lang='grc' dir='ltr'><strong>διαταράεη</strong></span> 
     </span>
    </p>
   </div>
   <div class='ocr_carea' id='block_1_74' title="bbox 2014 2403 3686 2476">
    <p class='ocr_par' dir='ltr' id='par_1_74' title="bbox 2014 2403 3686 2476">
     <span class='ocr_line' id='line_1_74' title="bbox 2014 2403 3686 2476; baseline -0.001 -16"><span class='ocrx_word' id='word_1_569' title='bbox 2014 2406 2113 2476; x_wconf 79' lang='grc' dir='ltr'><strong>τὴν</strong></span> <span class='ocrx_word' id='word_1_570' title='bbox 2151 2406 2364 2476; x_wconf 76' lang='grc' dir='ltr'><strong>ἐορτὴν,</strong></span> <span class='ocrx_word' id='word_1_571' title='bbox 2390 2407 2514 2471; x_wconf 80' lang='grc' dir='ltr'><strong>ἄξια</strong></span> <span class='ocrx_word' id='word_1_572' title='bbox 2544 2406 2644 2476; x_wconf 90' lang='grc' dir='ltr'><strong>τῆς</strong></span> <span class='ocrx_word' id='word_1_573' title='bbox 2682 2406 2881 2475; x_wconf 77' lang='grc' dir='ltr'><strong>ἑαυτῆς</strong></span> <span class='ocrx_word' id='word_1_574' title='bbox 2925 2404 3190 2467; x_wconf 86' lang='grc' dir='ltr'><strong>συνέσεως</strong></span> <span class='ocrx_word' id='word_1_575' title='bbox 3230 2403 3456 2457; x_wconf 89' lang='grc' dir='ltr'><strong>ποιοῦσα</strong></span> <span class='ocrx_word' id='word_1_576' title='bbox 3500 2403 3686 2458; x_wconf 82' lang='grc' dir='ltr'><strong>διενείο</strong></span> 
     </span>
    </p>
   </div>
   <div class='ocr_carea' id='block_1_75' title="bbox 2019 2491 3684 2566">
    <p class='ocr_par' dir='ltr' id='par_1_75' title="bbox 2019 2491 3684 2566">
     <span class='ocr_line' id='line_1_75' title="bbox 2019 2491 3684 2566; baseline -0.001 -20"><span class='ocrx_word' id='word_1_577' title='bbox 2019 2511 2156 2566; x_wconf 82' lang='grc' dir='ltr'><strong>ματο</strong></span> <span class='ocrx_word' id='word_1_578' title='bbox 2179 2493 2278 2564; x_wconf 81' lang='grc' dir='ltr'><strong>τὴν</strong></span> <span class='ocrx_word' id='word_1_579' title='bbox 2322 2495 2644 2564; x_wconf 74' lang='grc' dir='ltr'><strong>πανήγυριν.</strong></span> <span class='ocrx_word' id='word_1_580' title='bbox 2699 2494 2764 2547; x_wconf 78' lang='grc' dir='ltr'><strong>Εἰ</strong></span> <span class='ocrx_word' id='word_1_581' title='bbox 2815 2494 2913 2562; x_wconf 72' lang='grc' dir='ltr'><strong>μὲν</strong></span> <span class='ocrx_word' id='word_1_582' title='bbox 2941 2491 3047 2563; x_wconf 83' lang='grc' dir='ltr'><strong>γὰρ</strong></span> <span class='ocrx_word' id='word_1_583' title='bbox 3095 2492 3395 2562; x_wconf 78' lang='grc' dir='ltr'><strong>ἀμφοτέροι</strong></span> <span class='ocrx_word' id='word_1_584' title='bbox 3443 2493 3684 2563; x_wconf 82' lang='grc' dir='ltr'><strong>σήμερον</strong></span> 
     </span>
    </p>
   </div>
   <div class='ocr_carea' id='block_1_76' title="bbox 2015 2579 3682 2653">
    <p class='ocr_par' dir='ltr' id='par_1_76' title="bbox 2015 2579 3682 2653">
     <span class='ocr_line' id='line_1_76' title="bbox 2015 2579 3682 2653; baseline 0 -19"><span class='ocrx_word' id='word_1_585' title='bbox 2015 2582 2397 2653; x_wconf 84' lang='grc' dir='ltr'><strong>παρεγένοντο,</strong></span> <span class='ocrx_word' id='word_1_586' title='bbox 2435 2583 2674 2653; x_wconf 81' lang='grc' dir='ltr'><strong>σήμερον</strong></span> <span class='ocrx_word' id='word_1_587' title='bbox 2715 2580 2781 2634; x_wconf 83' lang='grc' dir='ltr'><strong>ἂν</strong></span> <span class='ocrx_word' id='word_1_588' title='bbox 2819 2579 2970 2643; x_wconf 86' lang='grc' dir='ltr'><strong>τέλος</strong></span> <span class='ocrx_word' id='word_1_589' title='bbox 3028 2579 3187 2632; x_wconf 80' lang='grc' dir='ltr'><strong>ἔλαϐε</strong></span> <span class='ocrx_word' id='word_1_590' title='bbox 3227 2581 3293 2632; x_wconf 70' lang='grc' dir='ltr'><strong>τά</strong></span> <span class='ocrx_word' id='word_1_591' title='bbox 3325 2579 3424 2649; x_wconf 86' lang='grc' dir='ltr'><strong>τῆς</strong></span> <span class='ocrx_word' id='word_1_592' title='bbox 3457 2581 3682 2652; x_wconf 81' lang='grc' dir='ltr'><strong>ἑορτῆς·</strong></span> 
     </span>
    </p>
   </div>
   <div class='ocr_carea' id='block_1_77' title="bbox 2018 2667 3686 2740">
    <p class='ocr_par' dir='ltr' id='par_1_77' title="bbox 2018 2667 3686 2740">
     <span class='ocr_line' id='line_1_77' title="bbox 2018 2667 3686 2740; baseline -0.001 -18"><span class='ocrx_word' id='word_1_593' title='bbox 2018 2670 2103 2723; x_wconf 85' lang='grc' dir='ltr'><strong>ἵνα</strong></span> <span class='ocrx_word' id='word_1_594' title='bbox 2147 2669 2205 2722; x_wconf 80' lang='grc' dir='ltr'><strong>δὲ</strong></span> <span class='ocrx_word' id='word_1_595' title='bbox 2238 2669 2332 2723; x_wconf 74' lang='grc' dir='ltr'><strong>καὶ</strong></span> <span class='ocrx_word' id='word_1_596' title='bbox 2361 2669 2590 2738; x_wconf 77' lang='grc' dir='ltr'><strong>ἡσυχίαν</strong></span> <span class='ocrx_word' id='word_1_597' title='bbox 2625 2667 2927 2739; x_wconf 86' lang='grc' dir='ltr'><strong>ἐργάσηται</strong></span> <span class='ocrx_word' id='word_1_598' title='bbox 2953 2669 3017 2736; x_wconf 81' lang='grc' dir='ltr'><strong>τῇ</strong></span> <span class='ocrx_word' id='word_1_599' title='bbox 3068 2667 3317 2740; x_wconf 72' lang='grc' dir='ltr'><strong>παρούσῃ</strong></span> <span class='ocrx_word' id='word_1_600' title='bbox 3356 2667 3557 2739; x_wconf 75' lang='grc' dir='ltr'><strong>ἡμέρᾳ,</strong></span> <span class='ocrx_word' id='word_1_601' title='bbox 3590 2669 3686 2721; x_wconf 76' lang='grc' dir='ltr'><strong>καὶ</strong></span> 
     </span>
    </p>
   </div>
   <div class='ocr_carea' id='block_1_78' title="bbox 2012 2753 3687 2828">
    <p class='ocr_par' dir='ltr' id='par_1_78' title="bbox 2012 2753 3687 2828">
     <span class='ocr_line' id='line_1_78' title="bbox 2012 2753 3687 2828; baseline -0.002 -17"><span class='ocrx_word' id='word_1_602' title='bbox 2012 2761 2080 2828; x_wconf 78' lang='grc' dir='ltr'><strong>τῇ</strong></span> <span class='ocrx_word' id='word_1_603' title='bbox 2112 2755 2395 2827; x_wconf 84' lang='grc' dir='ltr'><strong>προσθήκῃ</strong></span> <span class='ocrx_word' id='word_1_604' title='bbox 2424 2755 2524 2824; x_wconf 89' lang='grc' dir='ltr'><strong>τῆς</strong></span> <span class='ocrx_word' id='word_1_605' title='bbox 2544 2753 2732 2826; x_wconf 74' lang='grc' dir='ltr'><strong>αὔριον</strong></span> <span class='ocrx_word' id='word_1_606' title='bbox 2769 2753 3250 2824; x_wconf 61' lang='grc' dir='ltr'><strong>ἐπιδαψιλεύσηται</strong></span> <span class='ocrx_word' id='word_1_607' title='bbox 3294 2755 3392 2826; x_wconf 77' lang='grc' dir='ltr'><strong>τὴν</strong></span> <span class='ocrx_word' id='word_1_608' title='bbox 3418 2756 3687 2826; x_wconf 72' lang='grc' dir='ltr'><strong>εὐφροσύ-</strong></span> 
     </span>
    </p>
   </div>
   <div class='ocr_carea' id='block_1_79' title="bbox 2015 2841 3685 2918">
    <p class='ocr_par' dir='ltr' id='par_1_79' title="bbox 2015 2841 3685 2918">
     <span class='ocr_line' id='line_1_79' title="bbox 2015 2841 3685 2918; baseline -0.001 -20"><span class='ocrx_word' id='word_1_609' title='bbox 2015 2863 2134 2914; x_wconf 88' lang='grc' dir='ltr'><strong>νην,</strong></span> <span class='ocrx_word' id='word_1_610' title='bbox 2167 2842 2471 2914; x_wconf 86' lang='grc' dir='ltr'><strong>διενείματο</strong></span> <span class='ocrx_word' id='word_1_611' title='bbox 2501 2842 2636 2913; x_wconf 77' lang='grc' dir='ltr'><strong>πρὺς</strong></span> <span class='ocrx_word' id='word_1_612' title='bbox 2661 2842 2824 2895; x_wconf 78' lang='grc' dir='ltr'><strong>αὐτὸν</strong></span> <span class='ocrx_word' id='word_1_613' title='bbox 2872 2841 2968 2913; x_wconf 80' lang='grc' dir='ltr'><strong>τὴν</strong></span> <span class='ocrx_word' id='word_1_614' title='bbox 3024 2841 3386 2913; x_wconf 85' lang='grc' dir='ltr'><strong>λειτουργίαν,</strong></span> <span class='ocrx_word' id='word_1_615' title='bbox 3421 2843 3514 2895; x_wconf 77' lang='grc' dir='ltr'><strong>καὶ</strong></span> <span class='ocrx_word' id='word_1_616' title='bbox 3550 2843 3685 2918; x_wconf 78' lang='grc' dir='ltr'><strong>αὐτὴ</strong></span> 
     </span>
    </p>
   </div>
   <div class='ocr_carea' id='block_1_80' title="bbox 2016 2928 3686 3003">
    <p class='ocr_par' dir='ltr' id='par_1_80' title="bbox 2016 2928 3686 3003">
     <span class='ocr_line' id='line_1_80' title="bbox 2016 2928 3686 3003; baseline -0.001 -18"><span class='ocrx_word' id='word_1_617' title='bbox 2016 2933 2256 3003; x_wconf 84' lang='grc' dir='ltr'><strong>σήμερον</strong></span> <span class='ocrx_word' id='word_1_618' title='bbox 2308 2929 2750 3000; x_wconf 87' lang='grc' dir='ltr'><strong>παραγενομένη,</strong></span> <span class='ocrx_word' id='word_1_619' title='bbox 2795 2928 2982 3000; x_wconf 78' lang='grc' dir='ltr'><strong>αῦριον</strong></span> <span class='ocrx_word' id='word_1_620' title='bbox 3036 2930 3168 3000; x_wconf 75' lang='grc' dir='ltr'><strong>ἡμῖν</strong></span> <span class='ocrx_word' id='word_1_621' title='bbox 3195 2931 3557 2999; x_wconf 78' lang='grc' dir='ltr'><strong>ἐπηγγείλατο</strong></span> <span class='ocrx_word' id='word_1_622' title='bbox 3585 2931 3686 3003; x_wconf 76' lang='grc' dir='ltr'><strong>τὴν</strong></span> 
     </span>
    </p>
   </div>
   <div class='ocr_carea' id='block_1_81' title="bbox 2015 3017 3688 3091">
    <p class='ocr_par' dir='ltr' id='par_1_81' title="bbox 2015 3017 3688 3091">
     <span class='ocr_line' id='line_1_81' title="bbox 2015 3017 3688 3091; baseline 0 -19"><span class='ocrx_word' id='word_1_623' title='bbox 2015 3019 2225 3072; x_wconf 87' lang='grc' dir='ltr'><strong>ἐκείνου</strong></span> <span class='ocrx_word' id='word_1_624' title='bbox 2257 3018 2579 3091; x_wconf 87' lang='grc' dir='ltr'><strong>παρουσίαν.</strong></span> <span class='ocrx_word' id='word_1_625' title='bbox 2614 3018 2826 3089; x_wconf 83' lang='grc' dir='ltr'><strong>Ὥσπερ</strong></span> <span class='ocrx_word' id='word_1_626' title='bbox 2851 3017 2958 3089; x_wconf 76' lang='grc' dir='ltr'><strong>γάρ</strong></span> <span class='ocrx_word' id='word_1_627' title='bbox 2991 3021 3237 3072; x_wconf 84' lang='grc' dir='ltr'><strong>κοινωνεῖ</strong></span> <span class='ocrx_word' id='word_1_628' title='bbox 3272 3018 3374 3087; x_wconf 86' lang='grc' dir='ltr'><strong>τῆς</strong></span> <span class='ocrx_word' id='word_1_629' title='bbox 3413 3017 3688 3088; x_wconf 78' lang='grc' dir='ltr'><strong>βασιλείας</strong></span> 
     </span>
    </p>
   </div>
   <div class='ocr_carea' id='block_1_82' title="bbox 2017 3102 3687 3173">
    <p class='ocr_par' dir='ltr' id='par_1_82' title="bbox 2017 3102 3687 3173">
     <span class='ocr_line' id='line_1_82' title="bbox 2017 3102 3687 3173; baseline -0.001 -15"><span class='ocrx_word' id='word_1_630' title='bbox 2017 3103 2186 3173; x_wconf 82' lang='grc' dir='ltr'><strong>αὐτῷ,</strong></span> <span class='ocrx_word' id='word_1_631' title='bbox 2214 3103 2356 3156; x_wconf 79' lang='grc' dir='ltr'><strong>οὑτω</strong></span> <span class='ocrx_word' id='word_1_632' title='bbox 2375 3103 2469 3156; x_wconf 78' lang='grc' dir='ltr'><strong>καὶ</strong></span> <span class='ocrx_word' id='word_1_633' title='bbox 2494 3102 2591 3172; x_wconf 83' lang='grc' dir='ltr'><strong>τῆς</strong></span> <span class='ocrx_word' id='word_1_634' title='bbox 2624 3102 2925 3166; x_wconf 80' lang='grc' dir='ltr'><strong>εὐσεϐείας.</strong></span> <span class='ocrx_word' id='word_1_635' title='bbox 2963 3104 3056 3155; x_wconf 73' lang='grc' dir='ltr'><strong>καὶ</strong></span> <span class='ocrx_word' id='word_1_636' title='bbox 3083 3103 3184 3156; x_wconf 84' lang='grc' dir='ltr'><strong>οὐκ</strong></span> <span class='ocrx_word' id='word_1_637' title='bbox 3221 3103 3447 3172; x_wconf 76' lang='grc' dir='ltr'><strong>ἀφίησιν</strong></span> <span class='ocrx_word' id='word_1_638' title='bbox 3495 3105 3552 3156; x_wconf 88' lang='grc' dir='ltr'><strong>ἐν</strong></span> <span class='ocrx_word' id='word_1_639' title='bbox 3576 3106 3687 3168; x_wconf 78' lang='grc' dir='ltr'><strong>τοῖς</strong></span> 
     </span>
    </p>
   </div>
   <div class='ocr_carea' id='block_1_83' title="bbox 2018 3187 3689 3262">
    <p class='ocr_par' dir='ltr' id='par_1_83' title="bbox 2018 3187 3689 3262">
     <span class='ocr_line' id='line_1_83' title="bbox 2018 3187 3689 3262; baseline 0 -18"><span class='ocrx_word' id='word_1_640' title='bbox 2018 3189 2437 3260; x_wconf 83' lang='grc' dir='ltr'><strong>κατορθώμασιν</strong></span> <span class='ocrx_word' id='word_1_641' title='bbox 2479 3189 2708 3262; x_wconf 74' lang='grc' dir='ltr'><strong>ἄμοιρον</strong></span> <span class='ocrx_word' id='word_1_642' title='bbox 2753 3187 2914 3254; x_wconf 76' lang='grc' dir='ltr'><strong>εἶναι,</strong></span> <span class='ocrx_word' id='word_1_643' title='bbox 2948 3191 3083 3244; x_wconf 84' lang='grc' dir='ltr'><strong>ἀλλά</strong></span> <span class='ocrx_word' id='word_1_644' title='bbox 3113 3191 3386 3261; x_wconf 85' lang='grc' dir='ltr'><strong>πανταχοῦ</strong></span> <span class='ocrx_word' id='word_1_645' title='bbox 3419 3208 3689 3262; x_wconf 75' lang='grc' dir='ltr'><strong>συμμεριο</strong></span> 
     </span>
    </p>
   </div>
   <div class='ocr_carea' id='block_1_84' title="bbox 2020 3273 3686 3348">
    <p class='ocr_par' dir='ltr' id='par_1_84' title="bbox 2020 3273 3686 3348">
     <span class='ocr_line' id='line_1_84' title="bbox 2020 3273 3686 3348; baseline 0.001 -20"><span class='ocrx_word' id='word_1_646' title='bbox 2020 3277 2150 3348; x_wconf 83' lang='grc' dir='ltr'><strong>στὴν</strong></span> <span class='ocrx_word' id='word_1_647' title='bbox 2178 3277 2462 3347; x_wconf 86' lang='grc' dir='ltr'><strong>λαμϐάνει.</strong></span> <span class='ocrx_word' id='word_1_648' title='bbox 2511 3277 2666 3331; x_wconf 77' lang='grc' dir='ltr'><strong>Ἐπεὶ</strong></span> <span class='ocrx_word' id='word_1_649' title='bbox 2703 3273 2796 3332; x_wconf 77' lang='grc' dir='ltr'><strong>οῦν</strong></span> <span class='ocrx_word' id='word_1_650' title='bbox 2829 3280 2924 3332; x_wconf 75' lang='grc' dir='ltr'><strong>καὶ</strong></span> <span class='ocrx_word' id='word_1_651' title='bbox 2961 3279 3040 3342; x_wconf 89' lang='grc' dir='ltr'><strong>εἰς</strong></span> <span class='ocrx_word' id='word_1_652' title='bbox 3084 3278 3182 3348; x_wconf 77' lang='grc' dir='ltr'><strong>τὴν</strong></span> <span class='ocrx_word' id='word_1_653' title='bbox 3228 3277 3484 3332; x_wconf 81' lang='grc' dir='ltr'><strong>ἐπιοῦσαν</strong></span> <span class='ocrx_word' id='word_1_654' title='bbox 3530 3281 3686 3332; x_wconf 82' lang='grc' dir='ltr'><strong>ἐκτα-</strong></span> 
     </span>
    </p>
   </div>
   <div class='ocr_carea' id='block_1_85' title="bbox 2018 3365 3687 3436">
    <p class='ocr_par' dir='ltr' id='par_1_85' title="bbox 2018 3365 3687 3436">
     <span class='ocr_line' id='line_1_85' title="bbox 2018 3365 3687 3436; baseline 0 -19"><span class='ocrx_word' id='word_1_655' title='bbox 2018 3365 2178 3435; x_wconf 84' lang='grc' dir='ltr'><strong>θῆναι</strong></span> <span class='ocrx_word' id='word_1_656' title='bbox 2202 3366 2282 3419; x_wconf 81' lang='grc' dir='ltr'><strong>δεῖ</strong></span> <span class='ocrx_word' id='word_1_657' title='bbox 2311 3365 2410 3434; x_wconf 82' lang='grc' dir='ltr'><strong>τὴν</strong></span> <span class='ocrx_word' id='word_1_658' title='bbox 2432 3366 2734 3436; x_wconf 80' lang='grc' dir='ltr'><strong>πανήγυριν</strong></span> <span class='ocrx_word' id='word_1_659' title='bbox 2761 3368 2892 3436; x_wconf 69' lang='grc' dir='ltr'><strong>ἡμῖν</strong></span> <span class='ocrx_word' id='word_1_660' title='bbox 2920 3365 3017 3436; x_wconf 80' lang='grc' dir='ltr'><strong>τὴν</strong></span> <span class='ocrx_word' id='word_1_661' title='bbox 3041 3366 3432 3436; x_wconf 78' lang='grc' dir='ltr'><strong>πνευματικὴν,</strong></span> <span class='ocrx_word' id='word_1_662' title='bbox 3459 3365 3560 3436; x_wconf 75' lang='grc' dir='ltr'><strong>τὴν</strong></span> <span class='ocrx_word' id='word_1_663' title='bbox 3587 3365 3687 3419; x_wconf 86' lang='grc' dir='ltr'><strong>αὐ-</strong></span> 
     </span>
    </p>
   </div>
   <div class='ocr_carea' id='block_1_86' title="bbox 2017 3452 3687 3525">
    <p class='ocr_par' dir='ltr' id='par_1_86' title="bbox 2017 3452 3687 3525">
     <span class='ocr_line' id='line_1_86' title="bbox 2017 3452 3687 3525; baseline 0.001 -19"><span class='ocrx_word' id='word_1_664' title='bbox 2017 3453 2116 3524; x_wconf 78' lang='grc' dir='ltr'><strong>τὴν</strong></span> <span class='ocrx_word' id='word_1_665' title='bbox 2148 3453 2385 3525; x_wconf 81' lang='grc' dir='ltr'><strong>σπουδὴν</strong></span> <span class='ocrx_word' id='word_1_666' title='bbox 2430 3453 2590 3508; x_wconf 85' lang='grc' dir='ltr'><strong>πάλιν</strong></span> <span class='ocrx_word' id='word_1_667' title='bbox 2629 3452 3025 3524; x_wconf 79' lang='grc' dir='ltr'><strong>ἐπιδειξώμεθα</strong></span> <span class='ocrx_word' id='word_1_668' title='bbox 3049 3494 3065 3520; x_wconf 93' lang='grc'><strong>,</strong></span> <span class='ocrx_word' id='word_1_669' title='bbox 3105 3455 3192 3507; x_wconf 82' lang='grc' dir='ltr'><strong>ἵνα</strong></span> <span class='ocrx_word' id='word_1_670' title='bbox 3225 3454 3414 3525; x_wconf 86' lang='grc' dir='ltr'><strong>ῶσπερ</strong></span> <span class='ocrx_word' id='word_1_671' title='bbox 3449 3456 3687 3524; x_wconf 83' lang='grc' dir='ltr'><strong>σήμερον</strong></span> 
     </span>
    </p>
   </div>
   <div class='ocr_carea' id='block_1_87' title="bbox 2018 3538 3687 3612">
    <p class='ocr_par' dir='ltr' id='par_1_87' title="bbox 2018 3538 3687 3612">
     <span class='ocr_line' id='line_1_87' title="bbox 2018 3538 3687 3612; baseline -0.001 -20"><span class='ocrx_word' id='word_1_672' title='bbox 2018 3540 2117 3608; x_wconf 75' lang='grc' dir='ltr'><strong>τὴν</strong></span> <span class='ocrx_word' id='word_1_673' title='bbox 2155 3539 2500 3611; x_wconf 84' lang='grc' dir='ltr'><strong>φιλόχριστον</strong></span> <span class='ocrx_word' id='word_1_674' title='bbox 2529 3539 2734 3612; x_wconf 84' lang='grc' dir='ltr'><strong>ταύτην</strong></span> <span class='ocrx_word' id='word_1_675' title='bbox 2758 3540 2895 3610; x_wconf 80' lang='grc' dir='ltr'><strong>μετὰ</strong></span> <span class='ocrx_word' id='word_1_676' title='bbox 2923 3540 3032 3609; x_wconf 68' lang='grc' dir='ltr'><strong>τῆς</strong></span> <span class='ocrx_word' id='word_1_677' title='bbox 3047 3538 3255 3602; x_wconf 85' lang='grc' dir='ltr'><strong>πόλεως</strong></span> <span class='ocrx_word' id='word_1_678' title='bbox 3273 3538 3687 3608; x_wconf 80' lang='grc' dir='ltr'><strong>είδομεν,οῦτως</strong></span> 
     </span>
    </p>
   </div>
   <div class='ocr_carea' id='block_1_88' title="bbox 2020 3624 3686 3698">
    <p class='ocr_par' dir='ltr' id='par_1_88' title="bbox 2020 3624 3686 3698">
     <span class='ocr_line' id='line_1_88' title="bbox 2020 3624 3686 3698; baseline -0.001 -18"><span class='ocrx_word' id='word_1_679' title='bbox 2020 3626 2206 3696; x_wconf 83' lang='grc' dir='ltr'><strong>αῦριον</strong></span> <span class='ocrx_word' id='word_1_680' title='bbox 2238 3628 2328 3680; x_wconf 82' lang='grc' dir='ltr'><strong>τὸν</strong></span> <span class='ocrx_word' id='word_1_681' title='bbox 2347 3626 2570 3696; x_wconf 79' lang='grc' dir='ltr'><strong>θεοφιλῆ</strong></span> <span class='ocrx_word' id='word_1_682' title='bbox 2606 3627 2830 3698; x_wconf 89' lang='grc' dir='ltr'><strong>βασιλέα</strong></span> <span class='ocrx_word' id='word_1_683' title='bbox 2863 3626 3000 3696; x_wconf 85' lang='grc' dir='ltr'><strong>μετά</strong></span> <span class='ocrx_word' id='word_1_684' title='bbox 3034 3626 3130 3679; x_wconf 88' lang='grc' dir='ltr'><strong>τοῦ</strong></span> <span class='ocrx_word' id='word_1_685' title='bbox 3161 3625 3522 3697; x_wconf 76' lang='grc' dir='ltr'><strong>στρατοπέδου</strong></span> <span class='ocrx_word' id='word_1_686' title='bbox 3565 3624 3686 3678; x_wconf 85' lang='grc' dir='ltr'><strong>θεα-</strong></span> 
     </span>
    </p>
   </div>
   <div class='ocr_carea' id='block_1_89' title="bbox 2023 3711 3687 3784">
    <p class='ocr_par' dir='ltr' id='par_1_89' title="bbox 2023 3711 3687 3784">
     <span class='ocr_line' id='line_1_89' title="bbox 2023 3711 3687 3784; baseline -0.002 -19"><span class='ocrx_word' id='word_1_687' title='bbox 2023 3712 2244 3782; x_wconf 84' lang='grc' dir='ltr'><strong>σώμεθα</strong></span> <span class='ocrx_word' id='word_1_688' title='bbox 2276 3715 2732 3784; x_wconf 86' lang='grc' dir='ltr'><strong>παραγινόμενον,</strong></span> <span class='ocrx_word' id='word_1_689' title='bbox 2765 3713 2857 3766; x_wconf 80' lang='grc' dir='ltr'><strong>καὶ</strong></span> <span class='ocrx_word' id='word_1_690' title='bbox 2887 3712 2985 3782; x_wconf 76' lang='grc' dir='ltr'><strong>τὴν</strong></span> <span class='ocrx_word' id='word_1_691' title='bbox 3019 3713 3186 3782; x_wconf 79' lang='grc' dir='ltr'><strong>αὐτὴν</strong></span> <span class='ocrx_word' id='word_1_692' title='bbox 3219 3712 3559 3782; x_wconf 86' lang='grc' dir='ltr'><strong>προσάγοντα</strong></span> <span class='ocrx_word' id='word_1_693' title='bbox 3607 3711 3687 3782; x_wconf 84' lang='grc' dir='ltr'><strong>τῷ</strong></span> 
     </span>
    </p>
   </div>
   <div class='ocr_carea' id='block_1_90' title="bbox 2021 3799 3685 3872">
    <p class='ocr_par' dir='ltr' id='par_1_90' title="bbox 2021 3799 3685 3872">
     <span class='ocr_line' id='line_1_90' title="bbox 2021 3799 3685 3872; baseline 0.001 -19"><span class='ocrx_word' id='word_1_694' title='bbox 2021 3800 2141 3871; x_wconf 86' lang='grc' dir='ltr'><strong>Θεῴ</strong></span> <span class='ocrx_word' id='word_1_695' title='bbox 2175 3800 2364 3854; x_wconf 90' lang='grc' dir='ltr'><strong>θυσίαν</strong></span> <span class='ocrx_word' id='word_1_696' title='bbox 2389 3802 2486 3871; x_wconf 79' lang='grc' dir='ltr'><strong>τήν</strong></span> <span class='ocrx_word' id='word_1_697' title='bbox 2515 3802 2622 3855; x_wconf 79' lang='grc' dir='ltr'><strong>ἀπὸ</strong></span> <span class='ocrx_word' id='word_1_698' title='bbox 2653 3803 2750 3872; x_wconf 82' lang='grc' dir='ltr'><strong>τῆς</strong></span> <span class='ocrx_word' id='word_1_699' title='bbox 2779 3802 3084 3865; x_wconf 88' lang='grc' dir='ltr'><strong>εὐλαϐείας,</strong></span> <span class='ocrx_word' id='word_1_700' title='bbox 3118 3801 3217 3870; x_wconf 74' lang='grc' dir='ltr'><strong>τὴν</strong></span> <span class='ocrx_word' id='word_1_701' title='bbox 3237 3801 3346 3854; x_wconf 84' lang='grc' dir='ltr'><strong>ἀπὸ</strong></span> <span class='ocrx_word' id='word_1_702' title='bbox 3371 3799 3462 3853; x_wconf 89' lang='grc' dir='ltr'><strong>τοῦ</strong></span> <span class='ocrx_word' id='word_1_703' title='bbox 3498 3801 3685 3870; x_wconf 76' lang='grc' dir='ltr'><strong>ζήλου,</strong></span> 
     </span>
    </p>
   </div>
   <div class='ocr_carea' id='block_1_91' title="bbox 2021 3885 3689 3957">
    <p class='ocr_par' dir='ltr' id='par_1_91' title="bbox 2021 3885 3689 3957">
     <span class='ocr_line' id='line_1_91' title="bbox 2021 3885 3689 3957; baseline -0.001 -17"><span class='ocrx_word' id='word_1_704' title='bbox 2021 3887 2118 3956; x_wconf 76' lang='grc' dir='ltr'><strong>τὴν</strong></span> <span class='ocrx_word' id='word_1_705' title='bbox 2142 3888 2248 3941; x_wconf 76' lang='grc' dir='ltr'><strong>ἀπὸ</strong></span> <span class='ocrx_word' id='word_1_706' title='bbox 2275 3887 2374 3957; x_wconf 83' lang='grc' dir='ltr'><strong>τῆς</strong></span> <span class='ocrx_word' id='word_1_707' title='bbox 2409 3887 2644 3950; x_wconf 85' lang='grc' dir='ltr'><strong>πίστεως</strong></span> <span class='ocrx_word' id='word_1_708' title='bbox 2663 3903 2676 3920; x_wconf 89' lang='grc'><strong>·</strong></span> <span class='ocrx_word' id='word_1_709' title='bbox 2708 3887 2802 3941; x_wconf 68' lang='grc' dir='ltr'><strong>καί⁵</strong></span> <span class='ocrx_word' id='word_1_710' title='bbox 2828 3887 3080 3950; x_wconf 84' lang='grc' dir='ltr'><strong>λαϐόντες</strong></span> <span class='ocrx_word' id='word_1_711' title='bbox 3105 3888 3230 3951; x_wconf 86' lang='grc' dir='ltr'><strong>τούς</strong></span> <span class='ocrx_word' id='word_1_712' title='bbox 3256 3885 3444 3954; x_wconf 78' lang='grc' dir='ltr'><strong>ἁγίους</strong></span> <span class='ocrx_word' id='word_1_713' title='bbox 3481 3887 3689 3957; x_wconf 76' lang='grc' dir='ltr'><strong>μάρτυ·</strong></span> 
     </span>
    </p>
   </div>
   <div class='ocr_carea' id='block_1_92' title="bbox 2025 3973 3684 4046">
    <p class='ocr_par' dir='ltr' id='par_1_92' title="bbox 2025 3973 3684 4046">
     <span class='ocr_line' id='line_1_92' title="bbox 2025 3973 3684 4046; baseline -0.001 -18"><span class='ocrx_word' id='word_1_714' title='bbox 2025 3991 2122 4044; x_wconf 88' lang='grc' dir='ltr'><strong>ρας</strong></span> <span class='ocrx_word' id='word_1_715' title='bbox 2143 3976 2432 4038; x_wconf 78' lang='grc' dir='ltr'><strong>κοινωνοὺς</strong></span> <span class='ocrx_word' id='word_1_716' title='bbox 2455 3975 2562 4028; x_wconf 88' lang='grc' dir='ltr'><strong>τῶν</strong></span> <span class='ocrx_word' id='word_1_717' title='bbox 2589 3974 2785 4046; x_wconf 86' lang='grc' dir='ltr'><strong>εὐχῶν,</strong></span> <span class='ocrx_word' id='word_1_718' title='bbox 2807 3973 3092 4044; x_wconf 77' lang='grc' dir='ltr'><strong>εὐξώμεθα</strong></span> <span class='ocrx_word' id='word_1_719' title='bbox 3115 3975 3296 4038; x_wconf 83' lang='grc' dir='ltr'><strong>αὐτοῖς</strong></span> <span class='ocrx_word' id='word_1_720' title='bbox 3320 3973 3462 4043; x_wconf 76' lang='grc' dir='ltr'><strong>ζωῆς</strong></span> <span class='ocrx_word' id='word_1_721' title='bbox 3489 3974 3684 4044; x_wconf 86' lang='grc' dir='ltr'><strong>μῆκος,</strong></span> 
     </span>
    </p>
   </div>
   <div class='ocr_carea' id='block_1_93' title="bbox 2021 4059 3687 4134">
    <p class='ocr_par' dir='ltr' id='par_1_93' title="bbox 2021 4059 3687 4134">
     <span class='ocr_line' id='line_1_93' title="bbox 2021 4059 3687 4134; baseline -0.001 -20"><span class='ocrx_word' id='word_1_722' title='bbox 2021 4064 2090 4132; x_wconf 87' lang='grc' dir='ltr'><strong>γῆ</strong></span> <span class='ocrx_word' id='word_1_723' title='bbox 2101 4078 2195 4134; x_wconf 91' lang='grc' dir='ltr'><strong>ρας</strong></span> <span class='ocrx_word' id='word_1_724' title='bbox 2221 4061 2466 4133; x_wconf 83' lang='grc' dir='ltr'><strong>λιπαρὸν,</strong></span> <span class='ocrx_word' id='word_1_725' title='bbox 2497 4062 2690 4125; x_wconf 81' lang='grc' dir='ltr'><strong>παῖδας</strong></span> <span class='ocrx_word' id='word_1_726' title='bbox 2711 4062 2805 4116; x_wconf 75' lang='grc' dir='ltr'><strong>καὶ</strong></span> <span class='ocrx_word' id='word_1_727' title='bbox 2847 4061 3052 4114; x_wconf 85' lang='grc' dir='ltr'><strong>παίδων</strong></span> <span class='ocrx_word' id='word_1_728' title='bbox 3105 4061 3318 4125; x_wconf 80' lang='grc' dir='ltr'><strong>παῖδας,</strong></span> <span class='ocrx_word' id='word_1_729' title='bbox 3351 4060 3444 4113; x_wconf 72' lang='grc' dir='ltr'><strong>καί⁵</strong></span> <span class='ocrx_word' id='word_1_730' title='bbox 3472 4059 3579 4130; x_wconf 88' lang='grc' dir='ltr'><strong>πρό</strong></span> <span class='ocrx_word' id='word_1_731' title='bbox 3622 4076 3687 4126; x_wconf 88' lang='grc' dir='ltr'><strong>γε</strong></span> 
     </span>
    </p>
   </div>
   <div class='ocr_carea' id='block_1_94' title="bbox 2021 4145 3690 4220">
    <p class='ocr_par' dir='ltr' id='par_1_94' title="bbox 2021 4145 3690 4220">
     <span class='ocr_line' id='line_1_94' title="bbox 2021 4145 3690 4220; baseline -0.002 -16"><span class='ocrx_word' id='word_1_732' title='bbox 2021 4151 2223 4205; x_wconf 85' lang='grc' dir='ltr'><strong>τούτων</strong></span> <span class='ocrx_word' id='word_1_733' title='bbox 2244 4151 2523 4215; x_wconf 83' lang='grc' dir='ltr'><strong>ἁπάντων,</strong></span> <span class='ocrx_word' id='word_1_734' title='bbox 2549 4150 2640 4205; x_wconf 83' lang='grc' dir='ltr'><strong>τὸν</strong></span> <span class='ocrx_word' id='word_1_735' title='bbox 2659 4149 2818 4220; x_wconf 77' lang='grc' dir='ltr'><strong>ζῆλον</strong></span> <span class='ocrx_word' id='word_1_736' title='bbox 2843 4146 3030 4203; x_wconf 89' lang='grc' dir='ltr'><strong>τοῦτον</strong></span> <span class='ocrx_word' id='word_1_737' title='bbox 3050 4147 3393 4216; x_wconf 82' lang='grc' dir='ltr'><strong>ἐπιταθῆναι,</strong></span> <span class='ocrx_word' id='word_1_738' title='bbox 3419 4146 3518 4216; x_wconf 77' lang='grc' dir='ltr'><strong>τὴν</strong></span> <span class='ocrx_word' id='word_1_739' title='bbox 3536 4145 3690 4201; x_wconf 85' lang='grc' dir='ltr'><strong>εὐλά-</strong></span> 
     </span>
    </p>
   </div>
   <div class='ocr_carea' id='block_1_95' title="bbox 2023 4232 3684 4310">
    <p class='ocr_par' dir='ltr' id='par_1_95' title="bbox 2023 4232 3684 4310">
     <span class='ocr_line' id='line_1_95' title="bbox 2023 4232 3684 4310; baseline -0.003 -20"><span class='ocrx_word' id='word_1_740' title='bbox 2023 4238 2174 4293; x_wconf 86' lang='grc' dir='ltr'><strong>ϐειαν</strong></span> <span class='ocrx_word' id='word_1_741' title='bbox 2204 4239 2534 4310; x_wconf 82' lang='grc' dir='ltr'><strong>ἐπιδοθῆναι,</strong></span> <span class='ocrx_word' id='word_1_742' title='bbox 2551 4239 2645 4292; x_wconf 70' lang='grc' dir='ltr'><strong>καὶ</strong></span> <span class='ocrx_word' id='word_1_743' title='bbox 2673 4236 2847 4300; x_wconf 85' lang='grc' dir='ltr'><strong>οὓτως</strong></span> <span class='ocrx_word' id='word_1_744' title='bbox 2876 4236 2968 4290; x_wconf 79' lang='grc' dir='ltr'><strong>τὸν</strong></span> <span class='ocrx_word' id='word_1_745' title='bbox 2997 4235 3242 4307; x_wconf 84' lang='grc' dir='ltr'><strong>παρόντα</strong></span> <span class='ocrx_word' id='word_1_746' title='bbox 3272 4233 3518 4288; x_wconf 84' lang='grc' dir='ltr'><strong>διανύσαι</strong></span> <span class='ocrx_word' id='word_1_747' title='bbox 3549 4232 3684 4303; x_wconf 87' lang='grc' dir='ltr'><strong>βίον,</strong></span> 
     </span>
    </p>
   </div>
   <div class='ocr_carea' id='block_1_96' title="bbox 2023 4320 3690 4396">
    <p class='ocr_par' dir='ltr' id='par_1_96' title="bbox 2023 4320 3690 4396">
     <span class='ocr_line' id='line_1_96' title="bbox 2023 4320 3690 4396; baseline -0.002 -18"><span class='ocrx_word' id='word_1_748' title='bbox 2023 4325 2097 4388; x_wconf 89' lang='grc' dir='ltr'><strong>ῶς</strong></span> <span class='ocrx_word' id='word_1_749' title='bbox 2124 4325 2214 4379; x_wconf 73' lang='grc' dir='ltr'><strong>καὶ</strong></span> <span class='ocrx_word' id='word_1_750' title='bbox 2238 4325 2382 4379; x_wconf 87' lang='grc' dir='ltr'><strong>κατά</strong></span> <span class='ocrx_word' id='word_1_751' title='bbox 2408 4327 2532 4389; x_wconf 77' lang='grc' dir='ltr'><strong>τοὺς</strong></span> <span class='ocrx_word' id='word_1_752' title='bbox 2558 4324 2866 4396; x_wconf 87' lang='grc' dir='ltr'><strong>ἀκηράτους</strong></span> <span class='ocrx_word' id='word_1_753' title='bbox 2914 4323 3114 4386; x_wconf 85' lang='grc' dir='ltr'><strong>αίῶνας</strong></span> <span class='ocrx_word' id='word_1_754' title='bbox 3158 4320 3583 4392; x_wconf 84' lang='grc' dir='ltr'><strong>συμϐασιλεῦσαι</strong></span> <span class='ocrx_word' id='word_1_755' title='bbox 3611 4321 3690 4391; x_wconf 82' lang='grc' dir='ltr'><strong>τῷ</strong></span> 
     </span>
    </p>
   </div>
   <div class='ocr_carea' id='block_1_97' title="bbox 2025 4409 3687 4483">
    <p class='ocr_par' dir='ltr' id='par_1_97' title="bbox 2025 4409 3687 4483">
     <span class='ocr_line' id='line_1_97' title="bbox 2025 4409 3687 4483; baseline -0.002 -18"><span class='ocrx_word' id='word_1_756' title='bbox 2025 4415 2305 4482; x_wconf 85' lang='grc' dir='ltr'><strong>μονογενεί</strong></span> <span class='ocrx_word' id='word_1_757' title='bbox 2332 4411 2446 4483; x_wconf 62' lang='lat' dir='ltr'><strong>mp</strong></span> <span class='ocrx_word' id='word_1_758' title='bbox 2473 4411 2568 4467; x_wconf 91' lang='grc' dir='ltr'><strong>τοῦ</strong></span> <span class='ocrx_word' id='word_1_759' title='bbox 2614 4411 2748 4466; x_wconf 79' lang='grc' dir='ltr'><strong>Θεοῦ</strong></span> <span class='ocrx_word' id='word_1_760' title='bbox 2773 4427 2787 4438; x_wconf 87' lang='grc'><strong>·</strong></span> <span class='ocrx_word' id='word_1_761' title='bbox 2811 4413 2878 4464; x_wconf 73' lang='lat' dir='ltr'><strong>El</strong></span> <span class='ocrx_word' id='word_1_762' title='bbox 2913 4411 3020 4482; x_wconf 82' lang='grc' dir='ltr'><strong>γὰρ</strong></span> <span class='ocrx_word' id='word_1_763' title='bbox 3061 4409 3442 4480; x_wconf 74' lang='grc' dir='ltr'><strong>ὑπομένομεν</strong></span> <span class='ocrx_word' id='word_1_764' title='bbox 3464 4449 3480 4474; x_wconf 94' lang='grc'><strong>,</strong></span> <span class='ocrx_word' id='word_1_765' title='bbox 3533 4409 3687 4478; x_wconf 73' lang='grc' dir='ltr'><strong>φησὶ,</strong></span> 
     </span>
    </p>
   </div>
   <div class='ocr_carea' id='block_1_98' title="bbox 2023 4495 3690 4569">
    <p class='ocr_par' dir='ltr' id='par_1_98' title="bbox 2023 4495 3690 4569">
     <span class='ocr_line' id='line_1_98' title="bbox 2023 4495 3690 4569; baseline -0.003 -17"><span class='ocrx_word' id='word_1_766' title='bbox 2023 4499 2122 4552; x_wconf 83' lang='grc' dir='ltr'><strong>καί</strong></span> <span class='ocrx_word' id='word_1_767' title='bbox 2153 4500 2722 4569; x_wconf 70' lang='grc' dir='ltr'><strong>συμϐασιλεύσομεν</strong></span> <span class='ocrx_word' id='word_1_768' title='bbox 2743 4515 2755 4526; x_wconf 89' lang='grc'>·</span> <span class='ocrx_word' id='word_1_769' title='bbox 2807 4498 2901 4551; x_wconf 72' lang='grc' dir='ltr'><strong>καὶ</strong></span> <span class='ocrx_word' id='word_1_770' title='bbox 2948 4497 3057 4551; x_wconf 89' lang='grc' dir='ltr'><strong>τῶν</strong></span> <span class='ocrx_word' id='word_1_771' title='bbox 3089 4496 3321 4550; x_wconf 88' lang='grc' dir='ltr'><strong>αἰωνίων</strong></span> <span class='ocrx_word' id='word_1_772' title='bbox 3349 4495 3690 4566; x_wconf 82' lang='grc' dir='ltr'><strong>ἐπιτύχωμεν</strong></span> 
     </span>
    </p>
   </div>
   <div class='ocr_carea' id='block_1_99' title="bbox 2023 4579 3690 4656">
    <p class='ocr_par' dir='ltr' id='par_1_99' title="bbox 2023 4579 3690 4656">
     <span class='ocr_line' id='line_1_99' title="bbox 2023 4579 3690 4656; baseline -0.003 -15"><span class='ocrx_word' id='word_1_773' title='bbox 2023 4586 2243 4654; x_wconf 81' lang='grc' dir='ltr'><strong>ἀγαθῶν</strong></span> <span class='ocrx_word' id='word_1_774' title='bbox 2264 4605 2276 4617; x_wconf 83' lang='grc'>·</span> <span class='ocrx_word' id='word_1_775' title='bbox 2310 4579 2385 4641; x_wconf 79' lang='grc' dir='ltr'><strong>ὧν</strong></span> <span class='ocrx_word' id='word_1_776' title='bbox 2411 4588 2618 4656; x_wconf 89' lang='grc' dir='ltr'><strong>γένοιτο</strong></span> <span class='ocrx_word' id='word_1_777' title='bbox 2645 4587 2849 4650; x_wconf 77' lang='grc' dir='ltr'><strong>πάντας</strong></span> <span class='ocrx_word' id='word_1_778' title='bbox 2877 4587 3023 4656; x_wconf 79' lang='grc' dir='ltr'><strong>ἡμᾶς</strong></span> <span class='ocrx_word' id='word_1_779' title='bbox 3047 4584 3363 4654; x_wconf 80' lang='grc' dir='ltr'><strong>ἀξιωθῆναι,</strong></span> <span class='ocrx_word' id='word_1_780' title='bbox 3391 4582 3690 4654; x_wconf 76' lang='grc' dir='ltr'><strong>χάριτι-καὶ</strong></span> 
     </span>
    </p>
   </div>
   <div class='ocr_carea' id='block_1_100' title="bbox 2024 4663 3688 4747">
    <p class='ocr_par' dir='ltr' id='par_1_100' title="bbox 2024 4663 3688 4747">
     <span class='ocr_line' id='line_1_100' title="bbox 2024 4663 3688 4747; baseline -0.004 -20"><span class='ocrx_word' id='word_1_781' title='bbox 2024 4674 2398 4747; x_wconf 72' lang='grc' dir='ltr'><strong>φιλανθρωπία</strong></span> <span class='ocrx_word' id='word_1_782' title='bbox 2430 4675 2523 4727; x_wconf 86' lang='grc' dir='ltr'><strong>τοῦ</strong></span> <span class='ocrx_word' id='word_1_783' title='bbox 2565 4675 2770 4745; x_wconf 83' lang='grc' dir='ltr'><strong>Κυρίου</strong></span> <span class='ocrx_word' id='word_1_784' title='bbox 2792 4673 2949 4743; x_wconf 87' lang='grc' dir='ltr'><strong>ήμῶν</strong></span> <span class='ocrx_word' id='word_1_785' title='bbox 2987 4671 3159 4739; x_wconf 84' lang='grc' dir='ltr'><strong>Ἰησοῦ</strong></span> <span class='ocrx_word' id='word_1_786' title='bbox 3187 4669 3441 4741; x_wconf 87' lang='grc' dir='ltr'><strong>Χριστοῦ,</strong></span> <span class='ocrx_word' id='word_1_787' title='bbox 3484 4669 3604 4740; x_wconf 83' lang='grc' dir='ltr'><strong>μεθ’</strong></span> <span class='ocrx_word' id='word_1_788' title='bbox 3626 4663 3688 4724; x_wconf 77' lang='grc' dir='ltr'><strong>οὗ</strong></span> 
     </span>
    </p>
   </div>
   <div class='ocr_carea' id='block_1_101' title="bbox 2023 4752 3686 4834">
    <p class='ocr_par' dir='ltr' id='par_1_101' title="bbox 2023 4752 3686 4834">
     <span class='ocr_line' id='line_1_101' title="bbox 2023 4752 3686 4834; baseline -0.006 -18"><span class='ocrx_word' id='word_1_789' title='bbox 2023 4761 2101 4832; x_wconf 76' lang='grc' dir='ltr'><strong>τῷ</strong></span> <span class='ocrx_word' id='word_1_790' title='bbox 2136 4763 2365 4833; x_wconf 79' lang='grc' dir='ltr'><strong>Πατρ¹ιή</strong></span> <span class='ocrx_word' id='word_1_791' title='bbox 2399 4761 2527 4826; x_wconf 77' lang='grc' dir='ltr'><strong>δόξα</strong></span> <span class='ocrx_word' id='word_1_792' title='bbox 2563 4761 2681 4834; x_wconf 76' lang='grc' dir='ltr'><strong>ἅμα</strong></span> <span class='ocrx_word' id='word_1_793' title='bbox 2726 4760 2803 4831; x_wconf 82' lang='grc' dir='ltr'><strong>τῷ</strong></span> <span class='ocrx_word' id='word_1_794' title='bbox 2837 4758 2974 4830; x_wconf 81' lang='grc' dir='ltr'><strong>άγίιρ</strong></span> <span class='ocrx_word' id='word_1_795' title='bbox 3010 4757 3304 4827; x_wconf 85' lang='grc' dir='ltr'><strong>Πνεύματι,</strong></span> <span class='ocrx_word' id='word_1_796' title='bbox 3336 4753 3431 4814; x_wconf 84' lang='grc' dir='ltr'><strong>νῦν</strong></span> <span class='ocrx_word' id='word_1_797' title='bbox 3461 4757 3553 4809; x_wconf 76' lang='grc' dir='ltr'><strong>καὶ</strong></span> <span class='ocrx_word' id='word_1_798' title='bbox 3583 4752 3686 4816; x_wconf 67' lang='grc' dir='ltr'><strong>ἀεὶ,</strong></span> 
     </span>
    </p>
   </div>
   <div class='ocr_carea' id='block_1_102' title="bbox 2025 4845 3238 4916">
    <p class='ocr_par' dir='ltr' id='par_1_102' title="bbox 2025 4845 3238 4916">
     <span class='ocr_line' id='line_1_102' title="bbox 2025 4845 3238 4916; baseline -0.006 -12"><span class='ocrx_word' id='word_1_799' title='bbox 2025 4851 2118 4904; x_wconf 73' lang='grc' dir='ltr'><strong>καὶ</strong></span> <span class='ocrx_word' id='word_1_800' title='bbox 2145 4851 2226 4914; x_wconf 83' lang='grc' dir='ltr'><strong>εἰς</strong></span> <span class='ocrx_word' id='word_1_801' title='bbox 2259 4850 2383 4914; x_wconf 76' lang='grc' dir='ltr'><strong>τοὺς</strong></span> <span class='ocrx_word' id='word_1_802' title='bbox 2418 4850 2619 4913; x_wconf 82' lang='grc' dir='ltr'><strong>αἰῶνας</strong></span> <span class='ocrx_word' id='word_1_803' title='bbox 2645 4849 2749 4904; x_wconf 89' lang='grc' dir='ltr'><strong>τῶν</strong></span> <span class='ocrx_word' id='word_1_804' title='bbox 2777 4847 3006 4904; x_wconf 78' lang='grc' dir='ltr'><strong>αἰώνων.</strong></span> <span class='ocrx_word' id='word_1_805' title='bbox 3049 4845 3238 4916; x_wconf 71' lang='grc' dir='ltr'><strong>Ἀμήν.</strong></span> 
     </span>
    </p>
   </div>
   <div class='ocr_carea' id='block_1_103' title="bbox 3901 1958 3966 4153">
    <p class='ocr_par' dir='ltr' id='par_1_103' title="bbox 3902 1958 3966 4105">
     <span class='ocr_line' id='line_1_103' title="bbox 3913 1958 3966 2116; baseline 0 0"><span class='ocrx_word' id='word_1_806' title='bbox 3913 1958 3966 2116; x_wconf 73' lang='grc' dir='ltr'>Ξ</span> 
     </span>
     <span class='ocr_line' id='line_1_104' title="bbox 3912 2126 3966 2188; baseline 0 -2"><span class='ocrx_word' id='word_1_807' title='bbox 3912 2126 3966 2188; x_wconf 72' lang='grc' dir='ltr'><strong>α</strong></span> 
     </span>
     <span class='ocr_line' id='line_1_105' title="bbox 3909 2198 3966 2327; baseline 0 -4"><span class='ocrx_word' id='word_1_808' title='bbox 3909 2198 3966 2327; x_wconf 71' lang='grc' dir='ltr'>ἓ</span> 
     </span>
     <span class='ocr_line' id='line_1_106' title="bbox 3909 2330 3966 2430; baseline 0 0"><span class='ocrx_word' id='word_1_809' title='bbox 3909 2330 3966 2430; x_wconf 82' lang='grc' dir='ltr'>Ξ</span> 
     </span>
     <span class='ocr_line' id='line_1_107' title="bbox 3906 2549 3966 2620; baseline 0 -2"><span class='ocrx_word' id='word_1_810' title='bbox 3906 2549 3966 2620; x_wconf 79' lang='grc' dir='ltr'>Ζ</span> 
     </span>
     <span class='ocr_line' id='line_1_108' title="bbox 3907 2626 3966 2724; baseline 0 -11"><span class='ocrx_word' id='word_1_811' title='bbox 3907 2626 3966 2724; x_wconf 71' lang='grc' dir='ltr'>Ξ</span> 
     </span>
     <span class='ocr_line' id='line_1_109' title="bbox 3906 2767 3966 2892; baseline 0 -2"><span class='ocrx_word' id='word_1_812' title='bbox 3906 2767 3966 2892; x_wconf 70' lang='grc' dir='ltr'>Ξ</span> 
     </span>
     <span class='ocr_line' id='line_1_110' title="bbox 3906 2948 3966 3065; baseline 0 0"><span class='ocrx_word' id='word_1_813' title='bbox 3906 2948 3966 3065; x_wconf 79' lang='grc' dir='ltr'>Ξ</span> 
     </span>
     <span class='ocr_line' id='line_1_111' title="bbox 3907 3129 3966 3203; baseline 0 -2"><span class='ocrx_word' id='word_1_814' title='bbox 3907 3129 3966 3203; x_wconf 71' lang='grc' dir='ltr'><strong>ἑ.-</strong></span> 
     </span>
     <span class='ocr_line' id='line_1_112' title="bbox 3906 3227 3966 3407; baseline 0 -2"><span class='ocrx_word' id='word_1_815' title='bbox 3906 3227 3966 3407; x_wconf 84' lang='grc' dir='ltr'>Ξ</span> 
     </span>
     <span class='ocr_line' id='line_1_113' title="bbox 3906 3433 3966 3593; baseline 0 -6"><span class='ocrx_word' id='word_1_816' title='bbox 3906 3433 3966 3593; x_wconf 73' lang='grc' dir='ltr'>Ξ</span> 
     </span>
     <span class='ocr_line' id='line_1_114' title="bbox 3907 3611 3964 3656; baseline 0 -2"><span class='ocrx_word' id='word_1_817' title='bbox 3907 3611 3964 3656; x_wconf 73' lang='grc' dir='ltr'><strong>,ι-</strong></span> 
     </span>
     <span class='ocr_line' id='line_1_115' title="bbox 3906 3671 3964 3753; baseline 0 0"><span class='ocrx_word' id='word_1_818' title='bbox 3906 3671 3964 3753; x_wconf 80' lang='grc' dir='ltr'>Ξ</span> 
     </span>
     <span class='ocr_line' id='line_1_116' title="bbox 3906 3768 3964 3866; baseline 0 -4"><span class='ocrx_word' id='word_1_819' title='bbox 3906 3768 3964 3866; x_wconf 78' lang='grc' dir='ltr'>Ξ</span> 
     </span>
     <span class='ocr_line' id='line_1_117' title="bbox 3902 3979 3964 4105; baseline 0 0"><span class='ocrx_word' id='word_1_820' title='bbox 3902 3979 3964 4105; x_wconf 71' lang='grc' dir='ltr'>Ξ</span> 
     </span>
    </p>
   </div>
  </div>
