3966 6160
451 363 548 447 575'
1293 387 1358 442 ut
1399 385 1701 455 tiOitlLlA,
1743 384 1942 442 Ditl'l‘A
1985 384 2013 440 ιι

2122 354 2370 442 iscum
2415 387 2622 444 turea
2642 365 2882 445 iretur.

440 540 1165 564 FW

3608 396 3714 450 Γι·

2720 540 3574 566 -Μ--ν,
3589 558 3638 564 ’Ὅ-
3657 561 3666 563 ξ
3682 559 3709 565 .-

1795 594 2143 694 IIOMILIA
2187 595 2298 660 Ill.

441 755 702 826 Ejusdem.
738 751 1025 823 Insequenti
1048 751 1131 804 die
1154 748 1450 803 adveniente
1476 747 1775 817 imperatore
1796 741 1848 795 in
1874 755 2014 794 mar-

509 846 698 917 tyrium
739 839 827 900 m
876 843 1138 898 ecclesiam
1195 842 1418 910 apostoli
1443 849 1492 894 et
1519 838 1754 908 martyris
1786 835 2014 901 Tltomte,

505 947 620 1009 qua:
640 940 737 991 sita
763 947 835 991 est
864 937 916 990 in
938 934 1156 1006 Drypia,
1193 950 1308 987 cum
1352 933 1632 987 recessisset
1672 941 1788 985 ante
1811 930 2016 984 concio-

466 1069 472 1074 .
504 1029 763 1092 πεπολιαέ
790 1028 998 1082 ftomih‘a
1026 1027 1194 1080 habita
1213 1035 1286 1080 est
1309 1024 1377 1077 ad
1405 1022 1583 1094 populi
1605 1016 1803 1078 costum.

510 1123 560 1176 ί.
591 1120 913 1175 Benedictus
940 1118 1082 1174 Deus
1116 1135 1129 1172 :
1161 1126 1374 1186 quanta:
1395 1123 1518 1170 sunt
1537 1123 1831 1187 martyrum
1852 1111 2021 1166 virtu-

439 1215 555 1268 tes!
587 1211 702 1268 lteri
728 1211 882 1266 nobis
908 1210 982 1265 illi
1011 1218 1174 1264 tutam
1204 1209 1471 1264 civitatem
1498 1222 1618 1262 cum
1658 1195 2016 1274 imperatrice,

445 1305 601 1361 hodie
655 1305 1032 1374 imperatorem
1089 1316 1211 1356 cum
1248 1300 1484 1355 exercitu
1530 1307 1587 1354 et
1627 1297 1825 1368 pietate
1853 1294 2018 1350 multa

439 1398 590 1452 nobis
619 1404 970 1460 attraxerant,
1005 1409 1109 1449 non
1139 1391 1367 1447 vinculis
1403 1389 1496 1445 sed
1537 1400 1725 1444 catena
1755 1387 2016 1452 caritatis,

437 1501 620 1544 catena
666 1503 786 1560 qua:
835 1499 1122 1557 numquam
1170 1483 1452 1553 rumpitur.
1495 1481 1606 1536 Hoc
1631 1487 1807 1532 autem
1851 1477 2018 1532 mira-

438 1585 543 1640 bile
586 1593 697 1647 est,
730 1596 836 1638 non
882 1579 1023 1651 quod
1055 1577 1259 1634 venerit
1288 1577 1597 1647 imperator,
1613 1571 1708 1628 sed
1727 1571 1869 1643 quod
1895 1585 2016 1625 cum

438 1691 623 1747 magna
677 1673 985 1738 alacritate;
1023 1686 1128 1726 non
1159 1668 1496 1733 necessitate,
1524 1665 1619 1722 sed
1648 1665 1877 1729 auecta;
1910 1675 2016 1716 non

435 1777 656 1844 gratiam
685 1771 961 1840 pnehens,
989 1766 1088 1822 sed.
1109 1763 1333 1835 gratiam
1362 1761 1631 1831 accipiens
1659 1776 1672 1812 :
1700 1768 1755 1814 et
1783 1757 1872 1828 qui
1919 1755 2017 1810 be-

437 1864 623 1919 uelicia
655 1862 905 1915 omnibus
939 1874 1033 1931 per
1075 1857 1264 1913 orbem
1297 1855 1537 1919 confert,
1563 1851 1708 1906 venit
1756 1847 2016 1904 beneﬁcia

434 1975 469 2010 a
495 1956 698 2010 saurtis
725 1955 872 2008 hisce
902 1965 1232 2022 magnosque
1247 1949 1510 2004 bonorum
1543 1945 1744 2000 fructus
1771 1951 2020 2012 acceptu-

435 2064 545 2105 rus.
576 2048 805 2118 Ideoque
835 2055 889 2102 et
919 2048 1031 2116 ipse
1062 2042 1384 2105 diademate,
1409 2050 1462 2096 et
1511 2039 1767 2095 satellites
1803 2050 2012 2101 omnes,

433 2143 521 2196 alii
544 2143 768 2214 clypeis,
791 2140 878 2194 alii
899 2139 1099 2193 lanceis
1119 2135 1400 2206 depositis,
1419 2143 1474 2188 et
1495 2132 1630 2186 fastu
1654 2131 1747 2184 illo
1769 2129 2015 2201 depulso,

433 2250 554 2288 cum
581 2231 815 2287 demisso
841 2231 1022 2285 animo
1059 2241 1340 2282 accessere
1381 2238 1592 2286 ornues,
1622 2223 1771 2292 quasi
1799 2237 1829 2274 a
1872 2232 2014 2276 terra

433 2329 488 2384 in
519 2328 704 2383 ca-lum
742 2325 996 2396 ingressi,
1042 2323 1130 2377 ubi
1166 2321 1478 2392 dignitates,
1520 2317 1796 2388 splendor,
1827 2324 1878 2369 et
1907 2323 2014 2368 tota

434 2422 521 2475 illa
550 2419 864 2490 dignitatum
892 2432 1050 2472 scena
1079 2415 1308 2485 ejicitur,
1338 2413 1460 2467 vitae
1486 2420 1662 2466 autem
1707 2408 2013 2478 exemplum

434 2521 490 2567 ct
531 2511 740 2567 virtutis
800 2510 1003 2565 fructus
1047 2517 1252 2562 Lautum
1305 2505 1578 2575 eliulgcnt.
1629 2502 1781 2569 Quod
1836 2501 1879 2555 si
1929 2499 2018 2555 hic

436 2613 578 2659 tanta
620 2613 698 2658 est
731 2611 1025 2673 martyrum
1073 2600 1266 2666 virtus,
1312 2597 1486 2667 cegita
1531 2603 1728 2666 quanta
1773 2594 1827 2648 in
1871 2592 2018 2646 ctelis

433 2697 607 2752 futura
651 2697 719 2750 sit
752 2713 766 2749 :
798 2695 844 2749 si
892 2695 943 2748 in
1006 2707 1237 2764 agonum
1282 2698 1336 2744 et
1376 2689 1729 2744 certaminum
1772 2694 2015 2753 tempore

435 2791 569 2845 tales
598 2800 722 2843 sunt
750 2788 984 2856 ipsorum
1013 2785 1248 2841 honores
1272 2798 1286 2846 ;
1320 2782 1373 2837 in
1406 2780 1748 2852 praemiorum
1772 2787 2016 2845 tempore

431 2883 610 2956 qualia
657 2881 841 2936 bravia
884 2879 1079 2934 erunt?
1109 2877 1319 2932 Etenim
1367 2883 1548 2928 nostra
1581 2887 1684 2926 non
1723 2878 1847 2925 sunt
1874 2885 2014 2939 prte-

432 2980 601 3034 sontis
650 2977 772 3030 vita:
815 2973 1074 3028 limitibus
1119 2970 1564 3038 circumscripta:
1610 2965 1706 3021 sed
1745 2964 1811 3018 ad
1854 2963 2013 3018 aliam

432 3071 594 3125 vitam
637 3065 890 3136 praesenti
938 3064 1213 3119 meliorem
1260 3073 1627 3131 properamus,
1687 3065 1742 3110 et
1781 3054 1846 3108 ad
1893 3055 2016 3108 lon-

431 3165 636 3234 giorem
675 3176 825 3230 spem
869 3155 1262 3220 contendimus,
1294 3163 1350 3209 et
1393 3152 1459 3207 ad
1501 3151 1762 3206 bonorum
1817 3148 2020 3232 haben-‘-

429 3259 568 3310 tiutn
639 3250 1025 3308 usumfruetutn
1080 3245 1456 3301 immortalem.
1505 3243 1566 3299 In
1627 3242 1735 3298 duo
1787 3225 2017 3308 namque

433 3363 545 3401 iuva
575 3347 714 3400 Deus
760 3345 920 3398 vitam
955 3353 1192 3396 nosuam
1219 3337 1439 3400 divisit;
1475 3347 1814 3405 prarsensque
1836 3344 2015 3408 terum

434 3439 760 3492 laboriosum
814 3435 1080 3496 reddidit,
1129 3431 1362 3485 futurum
1412 3441 1540 3481 vero
1586 3439 1753 3479 suave
1792 3431 1848 3479 et
1893 3420 2014 3476 infi-

435 3532 601 3586 nitum
631 3547 648 3595 ;
680 3539 740 3583 ut
777 3536 897 3596 post
938 3525 1176 3580 modicos
1207 3521 1293 3576 hic
1332 3519 1634 3575 exantlatos
1665 3516 1876 3571 labores
1919 3515 2018 3567 im-

434 3621 749 3676 mortalibus
800 3619 904 3672 illic
957 3618 1193 3670 fruamur
1236 3612 1470 3668 coronis.
1525 3609 1747 3665 Volebat
1798 3607 2014 3678 quidem

433 3715 520 3769 ille
542 3711 721 3767 Statim
746 3710 814 3763 ab
833 3707 1055 3763 exordio
1084 3705 1149 3758 ad
1182 3705 1324 3758 illam
1355 3717 1450 3757 nos
1471 3699 1665 3756 ducere
1687 3699 1888 3763 vitam;
1919 3696 2016 3752 sed

434 3822 532 3862 nos
563 3821 669 3860 non
719 3802 1082 3875 permisimus,
1118 3797 1432 3867 ignaviaque
1479 3802 1660 3847 nostra
1691 3792 1884 3846 multas
1915 3804 2012 3844 ne-

435 3902 646 3959 xuimtts
676 3912 872 3957 moras,
907 3905 957 3949 et
1016 3908 1110 3962 per
1149 3891 1411 3960 ingratum
1443 3887 1678 3940 animum
1707 3883 2012 3938 diuturnam

434 3994 580 4048 illam
611 3990 920 4047 dilationem
955 3986 1108 4040 nobis
1147 3978 1597 4050 cornparavimus.
1629 3976 1694 4030 Et
1720 3976 1820 4029 hoc
1836 3989 1897 4027 ex
1928 3973 2012 4039 iis,

433 4104 552 4157 qua:
584 4085 651 4140 ab
677 4084 827 4139 initio
857 4081 1010 4135 nobis
1052 4078 1170 4132 data
1203 4075 1432 4137 fuerant,
1468 4072 1680 4141 planum
1723 4069 1897 4124 facere
1922 4081 2013 4122 co-

435 4181 625 4234 nabor.
672 4176 806 4231 Nam
831 4176 909 4229 sic
938 4173 1080 4228 Deus
1113 4170 1388 4224 nobiscum
1423 4166 1530 4237 agit
1555 4183 1568 4218 :
1593 4181 1714 4218 curn
1739 4162 2011 4234 quidpiam

436 4274 558 4328 boni
607 4269 762 4325 nobis
804 4266 1136 4337 prmstiturus
1167 4271 1268 4327 est,
1299 4258 1504 4315 etiamsi
1536 4257 1734 4326 indigni
1769 4254 1884 4324 ejus
1915 4253 2012 4307 bc-

437 4365 716 4420 nelicentia
764 4359 1058 4420 videamur,
1095 4364 1271 4408 tamen
1319 4368 1415 4420 per
1443 4350 1642 4403 ontnia
1669 4345 1922 4410 ostendit,
1953 4359 2012 4400 se

434 4458 650 4529 quidem
679 4451 928 4516 voluisse,
960 4447 1052 4503 sed
1081 4462 1174 4516 per
1202 4444 1468 4514 ignaviam
1494 4451 1729 4495 nostram
1754 4437 2013 4492 accidisse

435 4562 492 4604 nt
535 4549 603 4603 ab
630 4564 694 4601 eo
721 4544 861 4617 quod
894 4543 982 4596 ille
1029 4538 1242 4593 volebat
1276 4534 1663 4589 excide-renuis.
1716 4529 1826 4584 lloc
1870 4538 2012 4583 certe

435 4642 586 4696 initio
622 4639 765 4693 fecit.

510 4732 744 4785 Hominis
789 4727 1014 4800 dignitas
1069 4726 1120 4776 in
1178 4731 1311 4775 statu
1363 4715 1682 4772 ὕπτιοι-ωιτη.
1741 4713 2013 4767 Peccatum

435 4829 615 4880 Αύκοιιὶ
649 4823 901 4878 hominem
926 4822 992 4873 ad
1012 4817 1353 4871 subtimiorcm
1379 4822 1566 4866 statum
1593 4810 1770 4864 evexit.
1793 4837 1864 4846 -—
1881 4806 2012 4860 Gum

434 4923 574 4980 enim
608 4918 881 4973 hominem
899 4911 1198 4968 elTurmavit
1215 4906 1565 4969 Deus,statim
1591 4918 1692 4956 non
1718 4900 2010 4965 laboribus,

435 5031 538 5068 non
585 5011 839 5074 misereve,
869 5022 972 5062 non
1001 5003 1173 5059 dolori
1216 5001 1514 5056 obnoxium
1560 4996 1704 5060 fecit,
1737 5007 2018 5047 nonmor-n

436 5109 592 5162 talem
633 5101 912 5163 condidit;
952 5097 1048 5153 sed
1081 5109 1178 5150 nec
1218 5092 1444 5147 tristitia:
1471 5104 1569 5143 nec
1598 5085 1883 5141 sudoribus
1916 5099 2013 5138 nec

435 5199 589 5253 morti
623 5207 747 5250 tunc
778 5193 1024 5246 addictus
1064 5196 1197 5242 erat.
1229 5184 1410 5254 Neque
1438 5181 1603 5244 enim,
1638 5179 1736 5233 nisi
1767 5177 1834 5231 ab
1860 5177 2012 5230 initio

435 5292 534 5345 hoc
565 5292 640 5346 illi
668 5285 1064 5348 concessisset,
1090 5288 1212 5349 post
1235 5274 1710 5344 transgressionem
1737 5270 1802 5324 ad
1848 5269 2008 5323 talem

436 5385 581 5438 illum
636 5380 968 5452 punitiouem
1010 5391 1072 5429 ac
1110 5369 1426 5440 supplicium
1457 5365 1842 5420 damnavisset.
1873 5364 2007 5418 Cum

438 5478 612 5548 itaque
629 5475 712 5528 his
740 5471 975 5527 nondum
1002 5466 1267 5521 obnoxius
1291 5472 1454 5526 esset,
1474 5462 1761 5528 plusquam
1785 5457 1866 5512 sol
1897 5458 2010 5526 ipse

438 5569 691 5639 fulgebat,
717 5565 955 5618 vestibus
981 5559 1173 5625 nudus,
1203 5557 1369 5627 gloria
1390 5552 1770 5609 circumdatus.
1798 5550 2009 5603 Etenim

439 5664 535 5715 hoc
561 5674 772 5729 quoque
811 5653 1148 5710 beatitudinis
1176 5652 1291 5717 ejus
1317 5649 1522 5718 signqu
1553 5653 1669 5700 erat
1697 5645 2006 5708 maximum,

438 5755 574 5824 quod
609 5768 705 5810 nec
731 5752 966 5805 vestibus
995 5754 1175 5818 egeret
1206 5760 1376 5813 neque
1427 5748 1732 5810 legumento
1776 5753 1875 5793 nec
1904 5738 2010 5792 alio

441 5849 627 5917 quovis
669 5848 884 5913 amictu,
927 5843 1239 5911 SCd'CUI‘ptls
1271 5839 1491 5894 haberet
1538 5835 1722 5890 lterum
1770 5834 2008 5888 omnium

2129 755 2226 796 usu
2272 745 2539 812 superius.
2582 744 2766 817 Neque
2809 745 2935 802 hinc
2983 748 3156 802 solum
3203 749 3390 805 beatus
3431 761 3585 812 erat:
3612 753 3715 807 sed

2125 834 2266 904 quod
2296 845 2450 891 antea
2483 838 2577 892 Dei
2604 838 2870 894 frueretur
2897 840 3188 910 colloquio,
3218 851 3272 896 et
3300 843 3548 911 loquendi
3585 859 3708 898 eum

2125 924 2244 995 ipso
2273 925 2514 982 libertate
2539 928 2816 998 gauderet.
2845 929 2914 983 Et
2937 931 3110 1000 angeli
3137 931 3354 1000 quidem
3385 933 3710 998 ueniebant,

2123 1016 2416 1072 Cherubin)
2430 1028 2484 1073 et
2509 1020 2638 1074 Sera
2647 1021 2788 1089 pltim
2812 1037 2879 1076 ne
2899 1022 3167 1076 audebant
3188 1025 3402 1092 quidem
3422 1026 3663 1096 aspicere
3694 1044 3708 1078 :

2125 1113 2240 1178 ipse
2270 1125 2400 1165 vero
2425 1122 2481 1166 ut
2508 1113 2712 1167 amicus
2749 1128 2874 1167 cum
2915 1113 3088 1168 amico
3131 1115 3403 1185 colloquia
3448 1131 3572 1171 ctnn
3616 1119 3706 1171 illo

2126 1202 2402 1258 miscebat.
2435 1204 2650 1260 Etenim
2694 1205 2908 1276 quando
2938 1206 3211 1262 brutorum
3256 1210 3568 1264 animalium
3613 1227 3706 1276 ge-

2125 1309 2254 1350 nera
2269 1296 2540 1362 condidit,
2573 1299 2638 1351 ad
2671 1299 2842 1368 ipsuru
2876 1300 2963 1352 illa
2989 1300 3234 1366 adduxit,
3261 1312 3319 1357 et
3345 1304 3458 1371 ipse
3487 1305 3706 1361 nomina

2125 1385 2257 1455 ipsis
2308 1387 2561 1458 imposuit
2587 1390 2606 1458 (
2634 1389 2762 1444 Gen.
2790 1391 2846 1446 2.
2875 1392 2943 1446 i9
2973 1390 3016 1463 ),
3047 1408 3169 1462 qua:
3221 1394 3500 1452 immutata
3555 1413 3702 1452 man-

2124 1489 2262 1530 sere.
2294 1476 2425 1531 Nam
2455 1477 2556 1534 hoc
2598 1495 2812 1550 quoque
2836 1482 3126 1536 maximum
3154 1493 3270 1538 erat
3297 1485 3519 1542 honoris
3549 1489 3646 1557 ipsi
3676 1506 3703 1542 a

2125 1565 2234 1621 Deo
2251 1569 2473 1639 priestiti
2491 1570 2722 1641 signum,
2736 1587 2842 1627 non
2860 1574 3002 1644 quod
3020 1575 3192 1644 ipsum
3206 1577 3418 1634 nomina
3435 1579 3706 1651 imponere

2117 1657 2358 1728 jusserit,
2389 1662 2485 1716 sed
2515 1663 2658 1734 quod
2683 1665 2866 1732 etiam,
2903 1679 3180 1738 postquam
3213 1668 3376 1725 homo
3395 1671 3502 1726 sibi.
3526 1671 3704 1728 datam

2123 1749 2294 1822 legem
2327 1762 2615 1821 everterat,
2645 1755 2787 1811 Deus
2816 1757 3101 1826 honorem,
3131 1775 3288 1828 quem
3320 1761 3420 1831 ipsi
3461 1773 3589 1820 ante
3623 1765 3703 1820 lo-

2120 1856 2240 1912 gem
2285 1857 2648 1913 concesserat,
2693 1863 2802 1901 non
2847 1848 3170 1916 abstulerit;
3218 1853 3315 1908 sed
3361 1855 3526 1910 Omne
3568 1861 3706 1922 quod

2121 1938 2315 1990 vocarit
2342 1938 2528 2005 Adam,
2561 1941 2656 1995 Itoc
2682 1958 2864 1996 nomen
2883 1955 2954 1997 est
2982 1945 3083 2014 ipsi
3109 1943 3317 2016 (tota).
3357 1947 3542 2003 Viden’
3571 1967 3704 2019 quo-

2120 2027 2283 2082 modo
2307 2030 2508 2085 nullum
2533 2031 2606 2087 ibi
2621 2044 2765 2089 esset
2784 2037 3063 2104 prmscntis
3087 2039 3210 2092 vita:
3231 2039 3530 2110 syrnboluin
3554 2043 3716 2098 “tuon.

2119 2128 2265 2174 artes
2317 2121 2411 2187 ibi,
2456 2137 2562 2178 non
2605 2127 2944 2191 commercia,
2993 2144 3098 2182 non
3127 2130 3382 2199 aedilicia,
3414 2150 3519 2190 non
3548 2135 3704 2191 indu.

2121 2221 2320 2276 menta,
2355 2228 2460 2267 non
2492 2214 2725 2283 calceos,
2755 2233 2862 2272 non
2909 2229 3134 2283 tectum,
3163 2237 3273 2276 non
3298 2239 3560 2293 mensam,
3593 2244 3720 2284 nom

2122 2299 2382 2366 laborem,
2407 2319 2516 2359 non
2541 2305 2803 2373 dolorem,
2831 2324 2937 2362 non
2959 2324 3209 2378 mortem,
3230 2328 3334 2366 non
3363 2315 3505 2370 aliud
3540 2319 3710 2375 malet

2120 2410 2238 2449 rnm
2268 2410 2459 2466 agmen
2481 2397 2715 2461 videris;
2738 2400 2831 2453 sed
2860 2402 3134 2470 splendida
3166 2413 3318 2458 erant
3345 2409 3622 2475 precantia,
3648 2422 3718 2466 et-

2120 2487 2241 2542 laata
2263 2489 2543 2556 vestibula,
2565 2501 2620 2544 et
2640 2491 2846 2545 initium
2868 2493 2934 2546 ad
2962 2493 3237 2549 motioccm
3261 2496 3419 2550 vitam
3445 2499 3700 2557 ducebat.

2118 2580 2224 2636 Sed
2280 2581 2330 2636 id
2365 2598 2469 2637 non
2503 2585 2741 2653 permisit
2789 2583 2981 2650 Adam,
3007 2602 3127 2639 cum
3181 2587 3386 2657 ignavia
3439 2606 3566 2645 usus
3607 2609 3704 2651 ex,

2122 2674 2389 2745 plicabili,
2413 2675 2686 2744 jusserunt
2732 2675 2834 2730 sibi
2875 2677 3134 2732 terminos
3182 2681 3488 2747 transilit-it,-
3530 2700 3716 2753 Ituqttc-

2118 2771 2188 2824 ab
2219 2785 2326 2824 uno
2347 2769 2616 2824 abstinere
2639 2771 2784 2840 ligno
2807 2773 3059 2826 sustinuit
3085 2791 3098 2826 :
3126 2782 3360 2829 attamen
3385 2777 3462 2830 sic
3489 2793 3701 2846 quoque

2119 2862 2283 2915 multa
2327 2861 2420 2916 Dei
2454 2863 2754 2930 benignitas
2792 2865 3112 2917 ostenditur.
3157 2864 3306 2919 Solet
3347 2867 3488 2920 enim
3522 2867 3658 2920 Deus
3683 2909 3698 2931 ,

2117 2954 2333 3025 quando
2381 2970 2410 3007 a
2458 2956 2706 3024 quopiam
2759 2969 2855 3024 per
2906 2957 3170 3023 igua-viam
3217 2957 3700 3027 delapsi-sumus,

2120 3046 2295 3101 omnia
2325 3045 2524 3112 facere,
2558 3063 2658 3101 nec
2688 3059 2812 3101 ante
2838 3047 3122 3112 absisrere,
3147 3065 3302 3119 quam
3331 3051 3509 3106 μοδειά
3533 3054 3702 3110 multo

2121 3139 2324 3209 majora
2364 3139 2429 3195 iis
2472 3155 2590 3209 qua:
2619 3141 3190 3195 amisimus-extulerit
3223 3160 3238 3198 :
3269 3142 3318 3197 id
3337 3145 3699 3214 quodetiam
3747 3193 3750 3196 .

2121 3243 2246 3288 tunc
2287 3231 2503 3287 factum.
2538 3231 2852 3287 Excidimus
2890 3235 3035 3287 enim
3086 3249 3149 3288 ex
3181 3235 3446 3302 paradiso,
3475 3245 3525 3289 et
3552 3252 3704 3290 acce-

2122 3329 2295 3390 pimus
2313 3326 2504 3381 ca-lutn
2531 3343 2544 3379 :
2571 3324 2796 3395 ideoque
2816 3325 3014 3380 damno
3037 3327 3209 3395 majus
3230 3337 3310 3382 est
3337 3329 3563 3384 ιυι-ι-ιιηι.
3594 3331 3697 3385 Sed

2121 3434 2226 3473 non
2279 3418 2456 3472 statim
2507 3416 2637 3470 illud
2686 3418 3028 3485 accepimus;
3081 3417 3237 3487 idque
3287 3435 3354 3474 ex
3397 3420 3513 3490 ejus
3571 3437 3719 3477 cura.

2119 3520 2172 3566 et
2202 3509 2532 3580 providentia
2563 3508 2892 3562 factutnrest.
2927 3509 3060 3576 Quia
3090 3510 3231 3562 enim
3279 3510 3488 3564 dixerat
3517 3511 3698 3564 inimi-

2118 3616 2234 3668 eus,
2271 3601 2428 3655 Eritis
2470 3602 2597 3655 sicut
2637 3600 2711 3653 dri
2758 3598 2914 3672 (Gen.
2961 3602 3015 3653 5.
3050 3599 3142 3666 5),
3186 3609 3239 3654 et
3281 3601 3423 3669 ip-os
3473 3602 3562 3654 tali
3605 3618 3702 3670 Spe

2120 3695 2419 3767 inﬂarent,
2456 3701 2512 3745 ut
2557 3699 2933 3760 exspectarent
2976 3706 3034 3744 se
3063 3689 3172 3743 Deo
3215 3705 3368 3759 pares
3397 3690 3532 3755 fore,
3564 3684 3618 3745 et
3649 3695 3724 3746 in-

2118 3785 2477 3855 arrogantiam
2529 3783 2674 3855 ipsos
2719 3781 2980 3836 allcxerat
3032 3789 3082 3834 et
3125 3781 3190 3833 ad
3237 3781 3492 3850 majorem
3543 3800 3723 3853 quam.

2119 3887 2308 3932 natura
2336 3889 2432 3930 sua
2457 3873 2624 3928 ferret
2657 3873 2965 3943 opinionem
2998 3888 3013 3925 :
3051 3871 3353 3940 hujusmodi
3383 3873 3530 3927 ulcus
3564 3879 3706 3943 peni-

2121 3978 2209 4024 tus
2249 3981 2445 4024 curans
2473 3967 2637 4030 Deus,
2677 3966 2856 4020 Statim
2883 3964 2947 4017 ad
2991 3973 3200 4032 tempus
3247 3965 3376 4017 sinit
3429 3965 3480 4018 in
3530 3976 3717 4021 llltll'lt}

2120 4063 2347 4127 versari,
2379 4071 2436 4116 ut
2474 4059 2847 4130 experimento
2871 4057 3067 4112 diaboli
3098 4057 3378 4111 consilium
3412 4058 3702 4122 edisceret,

2118 4168 2172 4214 et
2206 4158 2370 4228 probe
2399 4157 2637 4210 instituta
2675 4157 2875 4218 anima,
2905 4167 3100 4221 corpus
3127 4151 3432 4207 immortale
3457 4168 3703 4207 assutae-

2120 4263 2220 4309 ret.
2267 4251 2480 4305 Interim
2530 4262 2658 4318 ergo
2705 4247 2915 4300 volebat
2972 4245 3356 4299 Deusmortis
3409 4255 3612 4299 metum
3654 4249 3720 4304 in.

2119 4346 2299 4400 animo
2347 4343 2548 4411 vigere,
2591 4337 2990 4406 terribilemque
3019 4350 3134 4392 rem
3163 4332 3366 4399 putari.

2189 4437 2243 4491 2.
2286 4433 2366 4488 De
2393 4432 2558 4486 Abelis
2587 4434 2742 4485 crede.
2791 4428 3113 4484 Resurrectio
3140 4432 3318 4499 futura
3347 4428 3556 4482 obscure
3587 4433 3693 4500 pri-

2119 4546 2256 4583 mum
2283 4523 2732 4580 indieata.—ldeo
2760 4521 2980 4576 Abelem
3013 4521 3158 4589 prius
3188 4520 3617 4590 mori-permisit,
3645 4531 3715 4576 υί-

2117 4623 2205 4692 qui
2253 4620 2629 4690 prrevaricatus
2678 4615 2871 4681 fuerat,
2901 4629 2966 4668 ex
2994 4614 3111 4684 ipse
3137 4613 3252 4667 visu
3288 4613 3521 4668 disceret
3548 4616 3706 4682 quid-

2121 4731 2240 4768 nam
2265 4729 2410 4768 mors
2427 4721 2589 4776 esset,
2605 4721 2658 4765 οι
2679 4723 2837 4780 quam
2859 4708 3037 4779 gravis
3065 4721 3402 4776 onerosaque
3425 4723 3511 4762 res
3538 4719 3704 4762 85581.

2119 4809 2250 4864 Nam
2273 4809 2315 4862 si
2344 4807 2456 4877 ipse
2479 4806 2680 4875 primus
2722 4813 2964 4856 mortuus
3011 4811 3175 4865 esset,
3221 4810 3462 4854 naturam
3492 4803 3566 4855 rei
3597 4820 3702 4855 non

2120 4903 2377 4965 novisset,
2406 4915 2526 4966 eum
2557 4914 2661 4952 non
2691 4896 2855 4950 alium
2882 4894 3103 4949 vidisset
3128 4901 3395 4946 mortuum
3418 4909 3589 4947 :nnnc
3619 4912 3706 4947 au-

2122 5008 2228 5053 tetn
2254 4997 2366 5066 ipse
2387 4993 2602 5065 quidem
2625 4993 2796 5055 vivus,
2815 4989 2867 5042 in
2889 4988 2993 5041 alio
3010 4998 3190 5041 autem
3221 5001 3447 5056 corpore
3473 4996 3705 5042 mortem

2120 5095 2309 5148 videns
2341 5093 2429 5145 lilii
2460 5104 2656 5159 corpus
2681 5094 3058 5156 occupantem,
3086 5082 3387 5136 accuratius
3426 5092 3478 5133 et
3507 5080 3703 5134 clarius

2119 5178 2412 5247 punitionis
2432 5167 3073 5244 magnitudincmdidicit.
3109 5167 3337 5234 Ideoque
3368 5179 3470 5220 non
3500 5171 3701 5217 tantum

2120 5270 2173 5323 in
2201 5269 2400 5331 alieno,
2437 5266 2528 5320 sed
2561 5274 2614 5318 et
2642 5264 2693 5317 in
2737 5261 2826 5315 lilii
2853 5260 2937 5314 sui
2958 5273 3183 5328 corpore
3210 5256 3259 5309 id
3285 5255 3434 5319 vidit,
3468 5253 3556 5308 ubi
3578 5271 3726 5328 eunt

2120 5364 2232 5432 ipsa
2271 5362 2346 5416 rei
2391 5369 2577 5414 natura
2623 5356 2929 5427 tyrannicas
2966 5354 3132 5422 patris
3157 5350 3379 5404 all'eetus
3400 5350 3700 5420 graviorem

2120 5452 2361 5525 pariebat
2402 5450 2676 5512 dolorem,
2723 5446 2991 5514 etiamque
3020 5457 3142 5497 eum
3192 5441 3308 5510 ipsa
3351 5449 3538 5496 natura
3595 5440 3703 5493 vir-

2121 5559 2205 5602 tus
2237 5546 2358 5608 lilii;
2393 5557 2512 5596 cum
2553 5542 2748 5593 virtute
2789 5537 2886 5590 llos
2914 5548 3128 5605 quoque
3162 5533 3358 5587 aetatis.
3389 5531 3504 5586 Non
3557 5532 3704 5585 enim

2121 5643 2172 5696 in
2213 5645 2507 5701 senectute,
2567 5632 2658 5687 scd
2697 5633 2747 5684 in
2790 5631 2906 5700 ipso
2951 5627 3250 5697 jnventutis
3293 5628 3475 5695 vigore
3529 5636 3707 5679 tnurte

2120 5735 2358 5790 sublatus
2386 5739 2488 5785 est.
2513 5727 2590 5780 Ad
2625 5726 2740 5780 lnrc
2758 5721 3081 5777 veroornnia
3111 5734 3139 5773 a
3173 5719 3336 5773 fratre
3370 5732 3468 5773 suo
3497 5719 3548 5772 id
3583 5733 3698 5786 p.15-

2118 5845 2209 5885 su—s
2241 5829 2428 5889 fuerat,
2465 5830 2516 5876 ct
2545 5837 2569 5874 a
2595 5819 2756 5873 fratre
2778 5815 3033 5872 scelerate
3054 5820 3106 5867 et
3137 5812 3315 5883 inique
3357 5822 3563 5883 agente.
3604 5811 3714 5868 iter.
