3966 6160
396 410 484 467 ΠἾ

391 527 547 580 adma
589 526 644 572 et
681 515 1076 572 resonet-tione
1119 513 1372 584 fulgente.
1418 511 1704 581 Propterea
1743 523 1955 580 quoque

391 628 615 686 parseris
641 612 744 666 vita
776 609 1038 664 laboriosa
1070 606 1206 662 facta
1243 615 1326 660 est
1364 615 1419 660 et
1458 604 1639 658 multis
1673 602 1958 657 sudoribus

391 709 529 776 plena
551 721 566 769 ;
585 712 642 760 ut
663 703 784 758 hinc
807 700 1100 755 crassiores
1125 697 1368 752 homines
1389 695 1476 764 qui
1503 694 1659 749 rebus
1673 691 1958 762 praesenti-

390 799 472 853 bus
516 811 640 852 sese
685 795 914 848 libenter
947 791 1178 854 dedunt,
1209 787 1452 857 depulsi,
1485 795 1538 840 et
1561 785 1630 839 ob
1651 786 1772 838 vita:
1800 783 1957 852 hujus

390 885 673 942 molestiam
722 882 1060 942 fatiscentes,
1105 879 1405 946 voluptates
1446 885 1500 930 et
1546 875 1790 930 aﬂ‘ecttnn
1830 887 1955 942 erga

390 987 695 1051 pta-sentem
713 975 871 1027 vitam
887 972 1144 1040 fugerent,
1159 979 1318 1038 atque
1333 966 1396 1021 ad
1416 966 1663 1020 czelorum
1681 971 1958 1018 currerent

389 1083 616 1123 antorem
640 1107 656 1129 ,
695 1074 750 1118 et
787 1064 852 1117 ad
893 1063 1034 1118 illam
1072 1061 1382 1116 festinarent
1409 1057 1569 1112 diem.
1604 1055 1956 1123 Philosoppus

389 1162 518 1217 enim
561 1167 617 1213 et
653 1154 897 1212 sublimis
939 1154 1020 1206 vir
1065 1168 1169 1206 non
1217 1163 1352 1220 opus
1397 1147 1614 1203 habebit
1657 1143 1953 1215 bujusmodi

389 1251 622 1316 monitis,
645 1249 738 1303 sed
759 1245 998 1315 cogitans
1017 1252 1212 1314 quanta
1233 1256 1319 1296 res
1340 1241 1407 1295 sit
1429 1255 1650 1309 regnutn
1669 1238 1952 1302 caelorum;

391 1344 487 1398 imo
509 1350 634 1395 ante
658 1353 900 1409 regnum,
929 1343 1183 1407 quantum
1211 1335 1425 1388 sitcum
1451 1331 1561 1386 Deo
1583 1340 1780 1386 etcum
1803 1326 1957 1382 Citri-

387 1445 464 1488 sto
489 1446 611 1488 esse
637 1430 777 1501 (hoc
801 1429 997 1497 quippe
1025 1425 1171 1480 omni
1200 1438 1364 1494 regno
1392 1421 1561 1491 majus
1586 1419 1724 1491 est),
1756 1418 1955 1472 nullam

387 1538 491 1578 rem
520 1527 835 1591 praesentem
863 1531 1078 1572 suavem
1111 1516 1336 1578 sentiet;
1362 1512 1455 1568 sed
1485 1511 1600 1566 ba‘c
1623 1511 1953 1580 despiciens,

385 1616 545 1684 magis
566 1630 722 1685 quam
751 1612 990 1666 umbram
1015 1611 1101 1664 illa
1125 1615 1517 1680 jirzetercurret.
1545 1606 1804 1674 Quoniam
1829 1621 1936 1658 veri

381 1705 566 1763 multi.
595 1703 742 1758 carui
782 1701 1076 1757 servientes
1114 1707 1170 1754 et
1213 1715 1244 1754 a
1293 1696 1574 1770 tyrannide
1617 1695 1954 1750 saecularium

384 1811 553 1850 rerum
585 1792 827 1859 detenti,
857 1792 994 1846 sicut
1036 1791 1087 1844 in
1121 1789 1366 1844 cavernis
1405 1787 1672 1842 latitantes
1709 1785 1832 1840 fera:
1857 1825 1870 1848 ,
1901 1785 1954 1840 in

383 1889 461 1942 his
501 1888 726 1942 libenter
765 1894 1046 1940 versantur
1080 1901 1094 1938 :
1125 1882 1336 1937 illorum
1373 1895 1498 1951 erga
1534 1881 1682 1934 istazc
1710 1878 1954 1933 allectum

379 1977 717 2040 exscindens,
742 1977 905 2030 multa
933 1975 1037 2029 illis
1064 1974 1231 2028 tristia
1255 1972 1492 2036 immisit,
1517 1972 1755 2034 timores,
1777 1986 1952 2035 caras,

379 2071 782 2132 sollicitudines,
812 2068 1122 2132 certamina,
1155 2066 1411 2136 pericula,
1441 2078 1711 2134 pavorem,
1739 2071 1792 2125 et
1820 2064 1954 2116 mu!-

379 2172 486 2218 tttttt
515 2161 873 2229 corporalium
904 2158 1184 2214 allectuum
1217 2171 1442 2226 agmen,
1474 2145 1632 2224 atque
1663 2155 1802 2208 illam
1831 2168 1952 2208 cor-

379 2271 564 2325 porum
592 2253 923 2312 obsidionem
942 2292 957 2317 ,
987 2251 1192 2319 aliaque
1217 2251 1380 2303 multa
1400 2289 1415 2314 ,
1444 2264 1561 2316 qua:
1587 2262 1832 2302 sermone
1859 2261 1954 2300 cx-

379 2347 532 2416 pritni
566 2362 670 2404 non
699 2352 925 2416 poSsuut
952 2361 965 2396 :
998 2351 1055 2397 ut
1086 2343 1226 2396 illam
1257 2341 1442 2395 saltem
1471 2340 1727 2398 malorum
1761 2355 1793 2392 n
1817 2338 1953 2391 diem

377 2440 742 2502 formidantes,
762 2439 827 2491 ad
852 2435 1190 2505 tranquillum
1210 2442 1418 2502 portum
1435 2432 1702 2500 appellere
1718 2432 1952 2499 cupiant,

375 2543 431 2588 et
455 2535 742 2588 serenitate
783 2529 883 2586 frui
916 2536 1166 2598 perpetua
1191 2567 1206 2590 ,
1241 2541 1359 2597 qua:
1386 2541 1490 2578 non
1519 2524 1653 2578 mala
1679 2525 1826 2576 llOltla
1855 2522 1953 2576 ad-

371 2623 539 2676 mixta
579 2620 771 2675 habeat
793 2659 810 2686 ,
841 2617 933 2673 sed
973 2617 1110 2672 bona
1150 2631 1319 2686 pura,
1347 2631 1466 2684 qua:
1498 2629 1618 2668 vere
1660 2612 1794 2666 bona
1825 2615 1949 2666 sint.

997 394 1064 450 IV
1107 393 1408 463 llOSllLlA,
1451 394 1816 452 Αωίειιευε
1855 395 1959 450 EOS

2069 387 2134 451 U’l
2173 393 2306 450 NON
2343 395 2782 463 ADFUERANT,
2822 397 2974 452 ETC.

3535 397 3640 456 878

2061 509 2192 564 Nam
2223 525 2342 581 qua:
2369 510 2454 567 hic
2479 511 2724 567 videntur
2753 512 2888 568 bona
2917 527 3067 578 esse,
3096 520 3153 568 ut
3177 511 3408 578 divitiae,
3439 508 3642 584 gloria,

2062 602 2318 672 potentia,
2340 605 2552 658 nomina
2575 615 2699 659 sunt
2719 604 2976 660 bonorum
2997 614 3051 659 et
3069 606 3350 661 contrariis
3365 607 3598 661 admixta
3623 624 3638 662 :

2058 711 2179 766 quae
2202 712 2332 752 vero
2361 697 2486 762 illic,
2516 698 2722 752 sincera
2746 707 2798 752 et
2823 714 2948 767 pura
2976 707 3120 764 sunt,
3146 713 3250 754 non
3282 699 3497 754 nomine
3525 707 3642 754 tan-

2061 797 2209 854 tum,
2254 787 2350 843 sed
2392 804 2451 843 re
2495 789 2876 845 beatitudinem
2927 791 3195 846 habentia.
3242 790 3312 847 Ut
3355 807 3482 862 ergo
3525 789 3642 848 haec

2058 892 2480 946 consequamur,
2509 881 2822 935 armulemur
2848 890 3138 954 martyrum
3167 881 3416 938 virtutem
3436 925 3451 946 ,
3482 883 3639 939 forti-

2061 966 2296 1022 tudinem
2321 1007 2337 1034 ,
2369 969 2542 1023 zelum
2569 1009 2584 1034 ,
2617 969 2773 1025 ﬁdem
2798 1011 2814 1037 ,
2853 974 3194 1041 praesentium
3230 982 3594 1044 contemptum
3621 1015 3638 1041 ,

2061 1057 2356 1114 futurorum
2373 1059 2716 1116 desiderium.
2735 1061 2964 1118 Possunt
2978 1064 3119 1119 enim
3138 1065 3250 1120 haec
3261 1066 3420 1120 etiam
3435 1067 3640 1138 absque

2060 1151 2475 1220 persequutione
2515 1153 2693 1208 omnia
2733 1152 2991 1209 exhiberi.
3033 1155 3253 1213 Etiamsi
3296 1159 3438 1214 enim
3480 1175 3639 1229 rogus

2059 1256 2166 1296 non
2213 1243 2517 1312 propositus
2553 1245 2658 1312 sit,
2689 1253 2744 1300 at
2780 1245 3102 1301 desiderium
3139 1247 3291 1304 adest
3325 1250 3635 1316 ardentius;

2057 1331 2266 1387 etiamsi
2295 1333 2591 1389 belluarum
2619 1335 2807 1391 dentes
2831 1352 2938 1391 non
2965 1337 3159 1404 adsint,
3182 1348 3237 1393 at
3257 1341 3466 1396 animus
3488 1342 3639 1397 adest

2059 1419 2236 1476 bellua
2275 1424 2521 1492 gravior;
2551 1425 2759 1480 etiamsi
2791 1427 3070 1483 carnifices
3099 1443 3204 1483 non
3234 1428 3410 1484 adsint
3437 1432 3527 1500 qui
3555 1431 3636 1486 la-

2059 1521 2171 1567 tera
2200 1513 2490 1569 dilacerent
2511 1557 2527 1581 ,
2557 1525 2612 1569 at
2637 1517 2794 1571 instat
2826 1517 3020 1572 invidia
3047 1520 3232 1590 quovis
3256 1522 3508 1578 carnifice
3531 1537 3636 1578 str—

2057 1603 2193 1668 vior,
2221 1619 2342 1674 quae
2369 1606 2605 1660 anitnum
2631 1608 2872 1663 devorat.
2900 1608 3124 1679 Oportet
3149 1610 3309 1680 igitur
3332 1628 3429 1667 nos
3452 1626 3635 1670 contra

2058 1692 2174 1750 haec
2202 1696 2364 1750 animi
2393 1698 2517 1751 vitia
2546 1710 2823 1770 promptos
2851 1710 2906 1756 et
2935 1702 3219 1770 expeditos
3244 1743 3260 1770 ,
3293 1712 3348 1758 et
3396 1706 3635 1774 philoso—

2057 1785 2286 1857 phorum
2341 1789 2634 1844 ratiociniis
2682 1791 2958 1857 munitos,
2997 1792 3067 1846 ita
3113 1803 3431 1862 prmseutem
3474 1797 3634 1850 vitam

2058 1879 2372 1948 transigere,
2410 1889 2465 1934 ει
2495 1893 2708 1950 semper
2728 1880 2796 1933 ad
2825 1881 3134 1936 certandum
3162 1895 3374 1951 paratos
3399 1899 3551 1950 esse;
3581 1896 3639 1940 ut

2057 1977 2336 2038 postquam
2376 1969 2582 2024 tantillo
2614 1981 2852 2040 tempore
2889 1970 3309 2028 laboraverimus
3331 2015 3345 2038 ,
3381 1986 3637 2045 perpetuo

2056 2074 2411 2125 coronemur,
2439 2072 2493 2116 et
2523 2063 2910 2118 immortalibus
2939 2063 3174 2119 fruantur
3203 2066 3356 2121 bouis
3377 2110 3392 2134 ,
3425 2085 3637 2138 semper

2055 2169 2175 2208 cum
2206 2155 2429 2210 Domino
2449 2165 2742 2219 versantes,
2765 2166 2820 2212 et
2843 2159 3110 2213 consortio
3133 2159 3224 2214 illo
3239 2175 3454 2216 omnem
3478 2177 3635 2218 mene

2059 2255 2163 2303 tem
2186 2257 2241 2301 et
2262 2248 2633 2318 cogitationem
2659 2262 2946 2318 superante
2971 2250 3244 2306 fruentes:
3267 2255 3409 2323 quod
3431 2256 3632 2313 utinam

2057 2355 2156 2396 nos
2178 2355 2366 2396 omnes
2389 2357 2797 2411 consequamur,
2822 2344 2988 2412 gratia
3008 2356 3061 2400 et
3083 2345 3405 2416 benignitate
3429 2349 3635 2405 Domini

2057 2431 2226 2487 nostri
2247 2431 2372 2486 Jesu
2391 2431 2608 2500 Christi,
2635 2448 2729 2501 per
2749 2449 2908 2503 quem
2932 2444 2986 2489 et
3006 2449 3126 2489 eum
3147 2452 3254 2506 quo
3275 2436 3414 2493 Patri
3437 2441 3599 2508 gloria
3618 2485 3634 2508 ,

2057 2539 2160 2579 una
2187 2540 2308 2580 cum
2336 2526 2534 2596 Spiritu
2561 2537 2768 2593 sancto,
2793 2544 2934 2584 nunc
2955 2539 3010 2585 et
3033 2545 3268 2602 semper,
3291 2542 3344 2588 et
3370 2532 3421 2588 iu
3443 2535 3637 2590 smcula

2058 2617 2396 2670 smeulorum.
2425 2620 2614 2672 Amen.

377 2733 3609 2772 Mm

1829 2795 2172 2858 HOMILIA
2208 2799 2317 2859 ιν.

373 2925 609 2982 ’Βοηιὶιὶα
639 2923 914 2979 Itortutoria
943 2920 1113 2974 habita
1154 2920 1207 2973 in
1251 2919 1438 2988 templo
1465 2927 1653 2973 sancta:
1681 2919 1960 2972 Anastasite

447 3021 687 3075 adversus
713 3034 800 3072 eos
827 3016 910 3086 qui
947 3031 1048 3068 non
1075 3013 1344 3084 adfuerant
1368 3029 1385 3076 ;
1412 3029 1472 3065 ac
1509 3011 1868 3065 demonstratio
1899 3011 1960 3064 de

448 3110 692 3182 agonibus
718 3119 763 3163 et
789 3106 1143 3161 certaminibus
1169 3105 1300 3158 beati
1330 3114 1376 3158 et
1393 3103 1522 3174 justi
1550 3102 1687 3157 Jobi.

375 3217 378 3220 '
450 3205 499 3258 1.
542 3201 621 3256 De
645 3201 934 3253 auditorum
966 3197 1220 3268 paucitate
1251 3196 1492 3266 queritur.
1511 3223 1578 3234 -—
1597 3194 1805 3262 Quanto
1833 3210 1958 3264 pau-

369 3295 550 3348 ciores
590 3292 752 3348 solito
791 3301 916 3345 sunt
962 3289 997 3342 ii
1041 3289 1130 3358 qui
1171 3295 1577 3351 convenerunt,
1608 3296 1755 3340 lauto
1783 3297 1829 3339 et
1865 3300 1960 3339 nos

375 3387 583 3455 majore
613 3393 824 3438 utemur
850 3381 1143 3435 alacritate.
1186 3378 1367 3449 Neque
1393 3378 1532 3432 enim
1563 3393 1771 3444 :equum
1806 3375 1963 3429 fuerit

375 3473 677 3530 absentium
717 3472 997 3542 segnitiem
1040 3469 1276 3525 studium
1317 3479 1555 3522 nostrum
1601 3468 1957 3532 labefactare;

377 3568 488 3621 imo
523 3575 803 3636 propterea
845 3563 1121 3616 lautiorem
1149 3562 1307 3614 etiam
1341 3575 1669 3630 apponemus
1698 3575 1959 3625 metuam,

376 3670 435 3712 ut
465 3656 554 3721 qui
584 3670 689 3709 non
720 3653 1008 3708 adfuerunt
1033 3660 1290 3724 quantum
1323 3651 1499 3704 datnni
1533 3651 1674 3719 passi
1727 3651 1833 3704 sint
1869 3667 1961 3703 ex-

378 3748 679 3817 perimento
719 3745 989 3799 discentes
1012 3783 1028 3808 ,
1063 3742 1413 3796 studiosiores
1443 3749 1622 3810 postea
1670 3741 1777 3794 sint
1819 3741 1958 3794 circa

373 3847 674 3892 conventus
697 3845 929 3890 nostros.
954 3834 1078 3889 ideo
1099 3834 1256 3888 etiam
1276 3834 1550 3886 caritatem
1573 3845 1678 3884 \‘Csl
1692 3848 1801 3884 iam
1835 3847 1963 3900 rogo

375 3929 540 3983 dictis
569 3927 856 3982 attendatis
886 3941 902 3980 :
930 3925 1006 3979 sic
1036 3925 1174 3978 enim
1203 3923 1396 3992 duplex
1426 3923 1573 3975 vobis
1605 3922 1805 3975 lucrum
1837 3938 1961 3988 pro-

382 4023 591 4078 veniet:
613 4019 923 4075 absentibus
951 4019 1091 4072 enim
1119 4017 1256 4070 dicta
1286 4016 1594 4079 referentes,
1613 4013 1962 4067 studiosiores

381 4115 502 4169 illos
527 4112 792 4174 el'ticictis,
823 4122 878 4164 et
903 4119 1131 4162 vestram
1159 4109 1388 4160 animam
1419 4105 1768 4174 philosophia:
1796 4106 1963 4168 magis

383 4209 626 4263 deditam
669 4204 925 4260 reddetis.
965 4197 1432 4267 Quemadmodum
1476 4193 1620 4246 enim
1663 4201 1824 4246 terra:
1862 4205 1958 4244 na-

387 4306 512 4353 tura
553 4299 598 4352 si
643 4296 966 4365 negligatur,
1000 4292 1194 4346 berbas
1231 4290 1428 4346 emittit
1479 4287 1675 4353 malas;
1714 4286 1799 4341 sin
1829 4301 1959 4340 vero

383 4389 690 4458 frequenter
709 4384 1060 4456 agrtcolarutn
1081 4382 1323 4435 manibus
1345 4381 1564 4440 fruatur,
1589 4379 1812 4432 fructum
1844 4379 1963 4431 red-

380 4481 462 4534 dit
495 4487 756 4533 tnaturttm
788 4494 802 4530 :
831 4476 908 4530 sic
946 4488 1000 4528 et
1027 4474 1254 4526 hominis
1275 4473 1470 4530 attinnt,
1501 4487 1618 4539 qua:
1650 4471 1700 4523 iit
1739 4471 1962 4539 segnitie

381 4570 546 4640 jacet,
569 4568 884 4623 delictorum
908 4565 1085 4633 spinas
1103 4562 1260 4632 parit,
1280 4577 1395 4630 qtae
1427 4576 1551 4613 vero
1580 4561 1815 4614 studiose
1837 4562 1968 4613 eoli-

384 4675 492 4722 tur,
523 4669 826 4718 comantem
855 4658 1064 4713 virtutis
1092 4658 1192 4709 l‘ert
1225 4655 1476 4708 fructum.
1495 4653 1617 4707 Ideo
1642 4669 1851 4723 quoque
1879 4670 1964 4704 sa-

384 4755 537 4823 piens
554 4751 771 4824 quidam
799 4751 1069 4811 admonet,
1093 4747 1299 4801 dicens:
1323 4745 1482 4810 Quasi
1500 4762 1618 4814 ager
1643 4755 1710 4798 est
1743 4748 1818 4798 vir
1845 4746 1971 4797 stul-

384 4859 489 4911 tus,
521 4856 571 4900 et
591 4843 745 4914 quasi
773 4843 915 4896 vinea
941 4843 1014 4894 vir
1042 4849 1205 4892 mente
1231 4854 1442 4900 carens;
1464 4839 1505 4891 si
1533 4837 1792 4899 reliqueris
1819 4852 1929 4888 eum
1950 4877 1965 4901 ,

375 4949 596 5004 arescet,
621 4948 773 5006 atque
798 4935 1057 4989 inutilibus
1085 4931 1247 4985 herbis
1276 4931 1550 4984 lua'uriabit
1568 4928 1746 4999 (Prov.
1766 4929 1854 4985 2-4.
1878 4931 1965 4984 50.

384 5031 448 5086 51
479 5033 519 5102 ).
569 5030 646 5084 Νε
689 5027 847 5098 igitur
887 5025 988 5079 hoc
1027 5038 1166 5077 mtue
1204 5022 1452 5084 eveniat,
1486 5019 1790 5088 frequenter
1821 5021 1966 5073 verbi

386 5128 579 5181 falcem
607 5123 982 5187 immittimus;
1014 5131 1066 5176 et
1092 5122 1134 5174 si
1163 5120 1285 5190 quid
1306 5119 1427 5173 mali
1458 5120 1739 5188 germinet,
1759 5118 1971 5174 assidue

387 5228 765 5290 amputamtts;
799 5214 845 5269 si
884 5213 1009 5283 quid
1039 5221 1214 5268 autem
1254 5223 1632 5283 opportunum,
1657 5211 1698 5263 si
1745 5211 1968 5263 l'ruetutn

392 5309 595 5361 habens
619 5348 634 5371 ,
675 5306 937 5360 nutrimus
975 5311 1028 5358 et
1072 5304 1385 5372 irrigamtts,
1418 5311 1471 5355 et
1504 5301 1568 5354 ad
1613 5301 1966 5354 maturitazem

389 5402 744 5465 adducimus,
784 5397 1055 5452 assiduam
1101 5397 1176 5450 rei
1220 5411 1401 5449 curam
1445 5395 1717 5447 habentes.
1771 5393 1970 5461 Duplici

389 5493 532 5547 enim
559 5533 574 5556 ,
606 5491 715 5546 imo
742 5488 936 5559 triplici
968 5502 1183 5556 egemus
1225 5485 1586 5554 providentia;
1617 5484 1789 5553 primo
1813 5523 1827 5547 ,
1859 5490 1910 5534 ut
1942 5498 1971 5536 a

392 5582 628 5650 nequitia
672 5580 992 5642 liberemur;
1025 5576 1259 5631 secundo
1280 5617 1295 5642 ,
1329 5583 1382 5628 ut
1415 5576 1661 5627 virtutem
1695 5573 1969 5642 possidea-

394 5687 541 5734 tnus;
576 5671 640 5724 ad
674 5671 787 5724 haec
810 5684 958 5733 vero,
986 5676 1043 5721 ιιι
1071 5666 1382 5736 acquisitam
1409 5665 1659 5717 virtutem
1683 5680 1968 5718 conserveo

395 5776 514 5814 nius
544 5780 556 5814 :
585 5761 674 5816 ubi
701 5761 929 5815 tnaxime
953 5758 1110 5812 etiam
1141 5756 1308 5810 tttulto
1339 5756 1516 5808 labore
1548 5765 1629 5808 est
1659 5770 1811 5824 opus.
1841 5754 1968 5808 Nam

396 5851 655 5921 malignus
681 5851 893 5907 damon
923 5850 1058 5905 bona
1081 5847 1426 5919 cperantibus
1455 5847 1604 5902 nobis
1635 5849 1800 5917 magis
1832 5848 1964 5902 invi-

2062 2920 2189 2988 det,
2233 2931 2288 2977 et
2331 2922 2468 2978 bene
2512 2933 2798 2992 cperanles
2829 2924 3029 2982 invadit
3058 2945 3072 2982 :
3101 2943 3164 2983 ac
3204 2930 3342 2984 sicut
3383 2931 3565 3001 pirata:
3594 2936 3638 2988 si

2061 3025 2220 3082 quam
2251 3014 2422 3068 navim
2450 3014 2664 3070 videant
2688 3031 2848 3071 arena
2877 3027 3146 3085 onustam,
3177 3033 3528 3090 praetereunt;
3558 3026 3638 3079 sin

2062 3119 2190 3160 vero
2206 3106 2443 3160 sarcinas
2459 3108 2718 3176 pretiosas
2733 3119 2785 3163 et
2807 3108 3018 3164 divitias
3042 3109 3322 3178 ferentem,
3353 3113 3486 3168 hanc
3513 3114 3641 3169 ado-

2064 3197 2293 3265 riuntur,
2324 3197 2459 3253 infra
2485 3198 2835 3268 perforanles,
2859 3216 3088 3271 superne
3115 3215 3501 3272 oppugnantes,
3526 3206 3638 3258 nul-

2064 3290 2276 3358 lamque
2301 3289 2598 3344 machinam
2631 3306 2734 3346 non
2762 3292 3016 3346 adhibent
3041 3311 3054 3347 :
3084 3293 3152 3346 ita
3179 3305 3230 3348 et
3257 3295 3496 3349 diabolus
3525 3296 3644 3350 illos

2065 3383 2296 3438 maxime
2333 3381 2529 3437 adoriri
2569 3384 2743 3449 solet,
2775 3385 2864 3454 qui
2905 3385 3112 3439 virtutis
3149 3387 3355 3457 copiam
3398 3404 3640 3458 magnam

2065 3473 2418 3543 collegerunt,
2451 3473 2684 3544 ipsisque
2715 3475 2952 3530 invidere
2978 3486 3030 3531 et
3063 3477 3279 3532 insidias
3309 3487 3534 3533 struere.

2150 3562 2316 3619 Virtus
2344 3565 2635 3635 impugnata
2659 3567 2718 3634 ﬁt
2744 3569 3010 3634 potentior.
3032 3567 3220 3622 —Tot
3239 3569 3378 3622 enim
3404 3569 3645 3625 homines

2067 3654 2120 3709 iit
2147 3655 2276 3710 orbe
2303 3664 2456 3710 erant
2481 3655 2600 3710 Jobi
2632 3665 2902 3725 tempore;
2931 3666 2985 3711 et
3015 3666 3189 3711 tamen
3215 3660 3470 3714 adversus
3497 3662 3642 3714 illutn

2065 3747 2238 3801 solum
2282 3762 2402 3802 sese
2447 3747 2677 3800 accinxit
2719 3747 2996 3813 diabolus,
3044 3747 3419 3820 machinasque
3459 3767 3644 3806 omnes

2067 3848 2252 3893 contra
2271 3838 2415 3891 illuni
2441 3839 2622 3892 movit.
2639 3838 2744 3893 Sed
2765 3853 2866 3891 non
2886 3840 3055 3907 potuit
3071 3840 3263 3894 inferre
3281 3842 3602 3907 naufragium
3627 3860 3640 3906 ;

2068 3929 2195 3997 quin
2233 3930 2390 3982 etiam
2433 3929 2686 3996 majorem
2731 3929 2992 3982 sarrinam
3034 3928 3207 3983 effecit
3241 3938 3293 3984 et
3330 3931 3644 3999 ampliorem

2071 4020 2506 4089 negotiationem.
2525 4019 2798 4088 Ejusmodi
2829 4020 2970 4074 enim
2999 4031 3078 4074 est
3111 4021 3276 4074 virtus
3305 4038 3318 4074 :
3342 4023 3644 4092 impugnata

2072 4113 2341 4180 potentior
2361 4113 2607 4174 efficitur,
2631 4123 2684 4166 et
2707 4113 2911 4166 insidiis
2934 4113 3169 4184 impetita
3188 4116 3350 4168 tutior
3365 4115 3538 4169 evadit
3562 4135 3576 4170 ;
3597 4117 3648 4170 id

2068 4202 2208 4272 quod
2231 4203 2358 4256 etin
2381 4202 2534 4256 beato
2557 4204 2644 4256 illo
2667 4203 2906 4273 contigit,
2930 4205 3019 4273 qui
3043 4205 3272 4274 undique
3293 4216 3647 4276 oppugnatus,

2073 4293 2275 4346 firmior
2299 4293 2554 4358 coosdtit,
2579 4301 2632 4346 et
2657 4292 2800 4346 mille
2824 4293 2943 4346 telis
2965 4295 3206 4363 exceptis
3227 4312 3330 4348 non
3354 4295 3529 4360 cessit,
3553 4296 3647 4351 sed

2071 4383 2266 4438 diaboli
2310 4384 2612 4452 pharetram
2651 4385 2952 4450 evacuavit;
2996 4385 3110 4454 ipse
3147 4400 3276 4440 vero
3314 4401 3419 4439 non
3459 4387 3648 4441 cecidit

2071 4491 2244 4544 neque
2265 4475 2633 4544 supplantatus
2653 4484 2737 4529 est
2755 4494 2767 4528 ;
2789 4475 2881 4529 sed
2904 4477 3040 4530 sicut
3059 4477 3288 4546 optimm
3305 4479 3644 4547 gubernator,

2075 4582 2174 4619 nec
2199 4566 2405 4620 furente
2426 4567 2554 4620 mari
2578 4575 2631 4619 et
2651 4566 2928 4620 concitatis
2950 4567 3194 4622 fluctibus
3216 4568 3647 4638 immergehatttr,

2075 4671 2248 4725 neque
2286 4659 2336 4710 in
2368 4657 2653 4726 tranquillo
2683 4668 2924 4727 tempore
2957 4659 3304 4727 negligentior
3332 4659 3498 4712 factus
3527 4668 3610 4713 est
3637 4678 3652 4720 ;

2076 4749 2170 4800 sed
2203 4749 2254 4800 in
2286 4761 2508 4817 utroque
2537 4759 2835 4817 temporum
2861 4749 3168 4804 discrimine
3199 4763 3379 4818 parem
3408 4750 3654 4805 servabat

2075 4851 2246 4896 artem
2279 4859 2292 4894 :
2320 4851 2371 4896 et
2399 4858 2570 4912 neque
2596 4841 2793 4895 divitia:
2825 4844 2994 4910 ipsum
3027 4843 3298 4906 inflabant,
3331 4857 3501 4912 neque
3526 4859 3655 4914 pauo

2078 4944 2256 5002 pertas
2295 4932 2407 5002 ejus
2446 4933 2678 4986 animum
2716 4932 3062 5002 deprimebat.
3095 4931 3203 4986 Nec
3234 4933 3390 5002 igitur
3417 4949 3536 4986 cum
3569 4950 3655 4987 res

2080 5027 2150 5080 illi
2196 5041 2448 5096 prospere
2478 5025 2764 5090 cederent,
2797 5025 2975 5094 segnis
3011 5033 3164 5087 erat;
3199 5039 3368 5093 neque
3397 5036 3516 5078 cum
3551 5034 3656 5076 tota

2079 5118 2270 5172 domus
2296 5117 2414 5186 ejus
2441 5132 2628 5171 eversa
2685 5124 2826 5169 esset
2863 5123 2917 5169 et
2972 5115 3218 5168 universa
3266 5114 3316 5167 in
3363 5114 3651 5182 perniciem

2082 5209 2291 5272 ierunt,
2324 5209 2565 5262 turbatus
2589 5215 2701 5270 est,
2729 5221 2830 5260 nec
2853 5223 2881 5259 a
2913 5206 3108 5259 virtute
3134 5205 3535 5272 constantiaque
3563 5221 3657 5258 stta

2082 5301 2316 5355 deﬂexit.
2368 5300 2598 5354 Audiant
2614 5298 2829 5363 divites,
2845 5297 3060 5351 audiant
3082 5311 3340 5366 pauperes
3366 5315 3378 5351 :
3403 5297 3662 5352 ambobus

2083 5391 2224 5444 enim
2242 5391 2352 5443 hate
2376 5389 2640 5444 enarratio
2663 5390 2808 5443 utilis
2823 5399 2905 5443 est
2925 5406 2936 5441 :
2954 5389 3059 5441 itno
3078 5403 3204 5443 vero
3225 5371 3472 5442 omnibus
3494 5389 3664 5442 homi-

2081 5484 2234 5536 nibus
2253 5483 2365 5536 hzcc
2383 5481 2599 5535 historia
2619 5482 2896 5535 utilitatem
2917 5480 3084 5544 affert,
3100 5491 3202 5534 tam
3223 5481 3286 5535 iis
3302 5481 3390 5550 qui
3411 5497 3663 5551 prospere

2083 5590 2195 5629 rem
2214 5583 2566 5643 agunt,quatn
2589 5571 2650 5626 iis
2669 5573 2756 5639 qui
2777 5575 2827 5627 in
2855 5573 3154 5628 calamitate
3181 5583 3480 5628 versantur.
3502 5574 3662 5632 Utra-

2085 5681 2189 5733 que
2210 5664 2350 5719 enim
2369 5681 2514 5717 arma
2533 5672 2780 5724 tractans,
2808 5663 3017 5733 pietatis
3035 5673 3283 5729 ecrtator,
3299 5664 3442 5719 orbis
3469 5665 3664 5721 athleta

2079 5767 2361 5810 coronatus
2383 5799 2396 5818 ,
2425 5756 2477 5811 itt
2511 5764 2732 5824 utroque
2759 5754 3052 5810 certamine
3084 5763 3340 5824 tropmttm
3372 5758 3570 5818 erexit;
3603 5769 3656 5812 ει

2082 5849 2134 5904 in
2162 5851 2303 5904 omni
2346 5849 2468 5905 belli
2511 5864 2703 5916 genere
2739 5849 2980 5905 daemone
3012 5849 3100 5904 illo
3133 5850 3365 5907 irruente
3388 5893 3405 5922 ,
3436 5849 3488 5905 iu
3517 5853 3661 5905 omni
