3966 6160
326 349 431 409 479

331 474 621 539 cut-tamine
649 472 821 533 stabat
846 512 863 536 ,
891 480 945 527 et
979 471 1030 525 in
1056 468 1304 527 omnibus
1332 466 1501 523 victor
1540 460 1907 534 proclamaba-

337 577 419 629 tur
445 584 458 623 :
483 579 545 621 ac
564 565 699 623 sicut
716 564 882 625 miles
903 575 1195 632 generosus
1219 560 1307 629 qui
1334 558 1497 614 sciret
1520 566 1678 615 noctu
1708 567 1910 623 pugna-

340 674 397 717 ω
417 697 437 725 .
467 670 646 713 muros
674 668 979 723 oppugnare
1002 694 1018 718 ,
1051 651 1223 711 navali
1256 648 1551 706 certamine
1588 644 1874 714 conﬂigere
1896 683 1913 710 ,

339 746 502 817 pedes
524 754 852 807 concertare,
879 759 1030 810 arcu,
1060 742 1263 809 lancea,
1287 739 1470 801 funda,
1503 738 1643 803 telis,
1667 734 1918 803 omnique

340 852 526 909 pugna!
543 852 739 907 genere
758 835 1093 895 adversarios
1112 846 1366 903 superare
1385 840 1439 887 et
1459 830 1653 899 ubique
1675 829 1917 885 vincere:

339 931 419 987 sic
455 930 617 991 etiam
661 943 957 998 generosus
1000 927 1090 982 ille
1127 925 1373 996 quamvis
1415 924 1759 982 tentationem
1798 934 1920 975 cum

338 1018 651 1076 fortitudine
680 1035 867 1089 magna
894 1019 1031 1084 tulit,
1061 1033 1091 1075 a
1120 1026 1451 1089 paupertate,
1474 1031 1504 1073 a
1533 1014 1693 1078 fante.
1720 1028 1748 1070 a
1777 1027 1923 1067 mor-

342 1112 446 1178 bo,
476 1128 508 1173 a
550 1112 775 1179 dolore,
819 1127 848 1167 a
895 1110 1124 1169 filiorum
1167 1108 1438 1179 pernicie,
1485 1107 1552 1162 ab
1592 1105 1813 1167 amicis,
1855 1100 1925 1155 ab

340 1204 575 1262 inimicis
596 1247 613 1271 .
645 1204 715 1265 ab
750 1218 917 1263 uxore
941 1242 957 1267 ,
987 1217 1017 1255 a
1060 1200 1229 1259 servis
1273 1208 1530 1269 paratam.
1564 1196 1744 1268 Neque
1784 1194 1926 1250 enim

345 1299 576 1357 humana
605 1298 881 1357 calamitas
911 1296 1015 1351 ulla
1046 1302 1164 1360 est,
1207 1308 1328 1364 qua:
1358 1308 1464 1348 non
1497 1292 1549 1346 in
1586 1304 1782 1359 corpus
1811 1288 1929 1357 ejus

352 1391 552 1449 inﬂicta
599 1390 775 1445 fuerit.
824 1390 1074 1445 Attamen
1120 1386 1322 1442 retibus
1358 1384 1604 1442 omnibus
1641 1390 1696 1438 et
1732 1379 1937 1464 diaboli.

350 1483 526 1539 illiciis
567 1482 809 1549 superior
838 1480 934 1535 fuit
962 1497 975 1533 :
1002 1478 1248 1549 quodque
1284 1476 1577 1532 mirabilius
1604 1482 1686 1529 est
1705 1515 1720 1539 ,
1752 1472 1929 1526 omnia

354 1575 407 1628 in
438 1574 585 1629 illum
618 1572 927 1639 irruebant,
959 1568 1136 1626 omnia
1162 1584 1282 1626 cum
1310 1567 1685 1639 exsuperantia
1708 1606 1724 1633 ,
1753 1564 1930 1619 omnia

357 1679 463 1719 uno
490 1672 749 1732 tempore.

425 1754 480 1809 2.
511 1753 588 1809 Ne
613 1753 754 1809 enim
781 1751 881 1809 hoc
906 1751 1077 1807 soluat
1102 1750 1411 1807 consideres
1428 1789 1444 1813 ,
1470 1746 1611 1819 quod
1640 1754 1780 1801 tanta
1808 1761 1934 1817 pas~

357 1862 450 1903 sus
471 1846 560 1911 sit,
583 1845 676 1900 sed
703 1844 857 1906 adde,
882 1859 987 1899 non
1015 1844 1286 1914 paulatim,
1311 1856 1483 1911 neque
1507 1838 1633 1895 dato
1657 1838 1935 1895 intervallo

358 1938 485 1997 ullo.
514 1935 608 1991 sed
638 1934 813 1989 omnia
840 1934 998 1989 simul
1022 1943 1077 1989 et
1101 1949 1207 1988 uno
1234 1944 1491 2002 tempore.
1524 1931 1639 1986 Non
1667 1930 1936 1985 modicum

355 2038 533 2083 autem
569 2026 698 2091 illud
734 2034 817 2083 est
851 2026 1201 2081 teutationum
1230 2024 1650 2079 additamentum
1682 2040 1695 2076 :
1724 2022 1777 2077 in
1806 2022 1937 2077 reli-

358 2120 478 2188 quis
506 2118 647 2173 enim
691 2117 993 2175 hominibus
1030 2117 1255 2187 primum
1285 2130 1445 2173 nemo
1475 2114 1772 2169 inveniatur
1795 2153 1809 2178 ,
1848 2113 1938 2182 qui

358 2210 536 2267 omnia
565 2208 724 2264 simul
755 2209 981 2278 patiatur
1000 2248 1015 2273 ,
1044 2207 1138 2263 sed
1165 2207 1209 2262 si
1235 2222 1355 2263 cum
1386 2214 1695 2277 paupertate
1719 2219 1939 2260 concer-

360 2312 475 2369 tet,
521 2302 657 2357 bona
704 2310 880 2355 tamen
922 2298 1224 2355 valetudine
1269 2297 1499 2365 fruitur;
1543 2297 1589 2352 si
1632 2304 1942 2367 paupertate

361 2392 523 2448 simul
576 2402 630 2447 et
682 2391 869 2445 morbo
911 2389 1392 2455 circumveniatur,
1438 2396 1493 2442 at
1533 2402 1677 2457 smpe
1721 2401 1943 2443 uxorem

365 2485 527 2547 liabet
564 2485 629 2545 ad
667 2487 846 2554 gravia
888 2483 1141 2554 patienda
1173 2483 1419 2538 solatium
1448 2480 1791 2544 all'erentem,
1823 2494 1946 2549 quas

368 2588 553 2648 portus
581 2579 745 2630 instar
772 2576 869 2644 ipsi
900 2576 1000 2640 sit;
1033 2574 1115 2629 sin
1146 2589 1243 2630 nec
1270 2588 1495 2629 uxorem
1524 2570 1718 2627 habeat
1748 2570 1906 2624 talem
1928 2609 1943 2637 ,

366 2679 422 2727 at
461 2685 566 2726 non
607 2684 723 2723 eam
765 2676 940 2721 tamen
974 2683 1092 2737 qua:
1126 2666 1197 2720 ita
1238 2664 1536 2735 perniciosa
1561 2662 1835 2727 consulat;
1864 2661 1945 2715 sin

367 2764 526 2816 etiam
555 2761 624 2815 ita
653 2759 946 2830 perniciosa
974 2758 1365 2824 consulentem,
1393 2766 1448 2811 at
1470 2770 1575 2811 non
1602 2755 1741 2815 filios
1760 2766 1950 2809 omnes

369 2869 479 2910 uno
504 2854 757 2924 temporis
798 2862 1069 2910 momento
1095 2849 1386 2918 amittit;si
1411 2849 1569 2906 etiam
1614 2863 1722 2903 uno
1746 2857 1951 2916 tempo-

370 2946 447 3001 ris
476 2954 746 3000 momento
769 2984 784 3008 ,
810 2953 864 2998 at
884 2959 988 2999 non
1025 2942 1117 2999 tali
1142 2943 1335 3008 modo;
1363 2940 1411 2996 si
1434 2940 1524 2997 illo
1545 2938 1724 3006 modo,
1747 2947 1801 2993 et
1820 2937 1953 2993 ami-

371 3053 467 3093 cos
492 3037 652 3093 habet
679 3036 767 3106 qtti
794 3052 853 3091 se
882 3036 1259 3103 consolentur;
1290 3034 1334 3091 si
1373 3048 1479 3089 non
1506 3032 1871 3094 consolentur,
1900 3037 1954 3084 at

374 3148 480 3186 non
531 3130 809 3185 domestici
866 3130 1154 3195 insultant;
1182 3130 1266 3186 sin
1313 3128 1590 3193 insultant,
1632 3136 1687 3180 at
1726 3142 1830 3179 non
1879 3124 1953 3179 illi

374 3224 535 3277 etiam
585 3223 639 3276 in
680 3220 867 3276 faciem
910 3230 1246 3291 conspuunt;
1290 3220 1337 3277 si
1373 3230 1551 3276 autem
1604 3220 1678 3275 illi
1709 3219 1868 3273 etiam
1902 3218 1954 3273 in

374 3314 565 3369 faciem
590 3322 906 3382 eonSpuant,
940 3322 995 3367 at
1024 3329 1129 3366 non
1167 3312 1259 3368 ille
1294 3311 1385 3366 tali
1434 3311 1621 3365 morbo
1647 3312 1953 3375 detinetur;

376 3408 423 3461 si
471 3406 561 3461 tali
614 3405 802 3460 morbo
849 3404 1140 3467 detinetur,
1194 3412 1372 3459 tamen
1401 3403 1673 3459 domicilio
1724 3411 1777 3457 et
1818 3401 1956 3455 lecto

377 3498 606 3563 fruitur;
641 3512 814 3567 neque
854 3496 907 3549 in
940 3496 1065 3552 timo
1094 3494 1283 3561 sedet;
1330 3496 1375 3550 si
1425 3496 1609 3550 intimo
1651 3493 1855 3559 sedeat,
1904 3501 1958 3546 at

384 3589 546 3645 habet
568 3589 657 3661 qui
685 3587 784 3643 sibi
815 3603 1054 3654 manum,
1091 3588 1397 3657 porrigant;
1446 3587 1491 3642 si
1532 3602 1636 3641 non
1682 3586 1841 3641 habet
1866 3585 1955 3655 qui

379 3684 481 3739 sibi
529 3696 743 3737 manum
797 3680 1092 3751 porrigant,
1129 3688 1184 3734 at
1228 3696 1334 3734 non
1367 3679 1528 3734 habet
1566 3680 1654 3748 qui
1682 3686 1867 3733 contra
1896 3691 1955 3735 se

282 3784 301 3793 ‘
382 3775 719 3831 invehantur.
748 3772 843 3829 llic
868 3782 1045 3827 autem
1080 3771 1166 3825 illa
1197 3771 1375 3825 omnia
1406 3771 1686 3836 sustinuit;
1712 3769 1960 3840 quodque

384 3868 678 3923 mirabilius
718 3876 835 3930 est,
868 3875 918 3919 ut
946 3866 1055 3936 jam
1087 3865 1227 3930 dixi,
1272 3864 1448 3918 omnia
1501 3863 1657 3917 simul
1685 3881 1698 3916 :
1723 3865 1863 3932 quod
1910 3862 1961 3916 id

382 3960 549 4016 eflicit
594 3969 651 4014 ut
705 3960 843 4014 mala
886 3959 1048 4027 duplo
1095 3969 1149 4012 et
1214 3957 1373 4028 lriplo
1428 3956 1630 4025 majora
1682 3956 1960 4009 videantur

384 4067 528 4116 esse,
574 4051 785 4118 quando
826 4051 871 4104 is
906 4051 997 4118 qui
1028 4064 1148 4103 cum
1178 4048 1332 4101 malis
1357 4057 1626 4102 concertat
1650 4086 1665 4111 ,
1698 4061 1761 4100 ne
1787 4046 1962 4113 respi-

388 4144 537 4198 randi
591 4142 803 4213 quidem
846 4140 1091 4194 solatium
1130 4138 1313 4205 habet,
1368 4138 1461 4193 sed
1500 4154 1565 4192 ex
1618 4138 1966 4194 contiuuitate

389 4234 573 4289 inflicti
614 4234 734 4287 tnali
766 4234 932 4301 major
964 4233 1117 4287 dolor
1146 4242 1200 4286 et
1228 4231 1553 4302 perturbatio
1582 4232 1752 4284 oritur
1783 4250 1794 4284 :
1824 4233 1963 4301 quod

394 4326 479 4377 hic
518 4323 756 4392 contigit.
814 4321 945 4376 Nam
988 4323 1166 4376 ovium
1221 4322 1509 4391 perniciem
1561 4331 1615 4375 et
1665 4321 1967 4378 incendium

392 4415 600 4484 excepit
638 4414 797 4469 boum
834 4416 1016 4483 rapina
1041 4457 1055 4477 .
1096 4424 1148 4469 et
1179 4415 1316 4469 banc
1344 4415 1648 4483 asinorum;
1681 4414 1818 4471 hanc
1844 4431 1970 4471 vero

392 4506 718 4565 camelorum
740 4514 954 4574 captura
976 4514 1031 4559 et
1055 4520 1331 4559 servorum
1354 4505 1561 4572 cmdes;
1594 4506 1747 4560 istam
1767 4522 1893 4562 vero
1919 4510 1971 4560 ti-

394 4604 582 4657 liortnu
607 4600 885 4670 pernicies,
905 4609 957 4653 et
982 4598 1215 4654 terribile
1238 4598 1363 4652 illud
1392 4598 1764 4670 insolitumque
1786 4602 1973 4657 mortis

393 4708 563 4764 genus
589 4691 997 4761 llOl‘l'lblllUsQlle
1020 4690 1323 4759 sepulcrum
1350 4690 1597 4760 (idipsum
1618 4694 1759 4746 enim
1782 4701 1838 4747 et
1858 4694 1973 4747 exi-

396 4787 526 4840 tiutn
557 4792 611 4839 et
647 4783 947 4852 sepulcrum
990 4780 1121 4852 fuit)
1150 4790 1203 4836 et
1232 4796 1414 4835 mensa
1440 4823 1456 4849 ,
1484 4798 1601 4852 qua:
1630 4798 1770 4838 nunc
1796 4784 1971 4844 cibum

396 4875 661 4931 sumentia
695 4890 918 4944 corpora
944 4914 959 4940 ,
1003 4889 1143 4930 nunc
1168 4873 1382 4928 concisa
1424 4876 1665 4943 excepit;
1694 4886 1746 4930 et
1784 4877 1974 4945 phiala:

394 4979 553 5037 atque
582 4968 763 5036 pocula
786 4981 905 5020 cum
927 4968 1050 5020 vino
1074 4964 1383 5035 sanguinem
1405 4965 1741 5035 excipientis,
1766 4978 1819 5022 et
1844 4985 1972 5024 rou-

396 5061 505 5113 cisa
538 5059 795 5113 membra.
828 5060 1071 5111 Attamen
1112 5066 1229 5126 post
1261 5055 1397 5111 hanc
1420 5071 1635 5127 gravem
1667 5060 1972 5128 tragmdiam

396 5150 639 5220 graviOra
666 5149 768 5203 alia
798 5162 982 5203 rursus
1007 5164 1126 5202 eum
1159 5156 1412 5212 manent,
1441 5162 1561 5201 cum
1590 5163 1655 5203 ne
1685 5151 1763 5203 vel
1796 5153 1973 5205 tantil-

399 5244 506 5299 lum
555 5242 887 5309 rvSpirasset.
929 5240 1061 5296 Hinc
1102 5242 1242 5299 enim
1287 5242 1544 5299 vermium
1587 5242 1933 5312 scaturigines
1958 5286 1973 5311 ,

397 5334 564 5389 saniei
596 5333 810 5398 fluenta,
843 5332 893 5386 in
922 5333 1045 5386 limo
1074 5332 1252 5394 sedes.
1285 5339 1419 5387 testa
1445 5349 1563 5403 quat
1592 5333 1753 5387 latera
1786 5334 1935 5387 radat
1958 5376 1974 5400 ,

399 5430 676 5481 vulnerum
705 5425 879 5488 factor,
904 5424 991 5494 qui
1016 5439 1213 5481 novum
1240 5423 1364 5479 illud
1392 5424 1543 5480 famis
1563 5440 1727 5495 genus
1751 5423 1979 5489 induxit,

399 5534 461 5571 ac
486 5534 551 5572 ne
579 5528 868 5586 pr.l'SCIIICS
888 5516 1100 5586 quidem
1124 5514 1274 5573 cibos
1297 5526 1511 5586 tangere
1533 5518 1712 5573 sitiens
1730 5559 1743 5581 ,
1766 5519 1982 5585 gravius

403 5607 513 5673 ipsa
545 5608 681 5662 fame
715 5607 979 5662 fastidium
1008 5607 1288 5661 inducebat
1317 5625 1330 5661 :
1359 5617 1411 5665 et
1442 5606 1555 5662 lucc
1584 5624 1687 5662 non
1715 5608 1939 5667 duorum
1959 5648 1975 5672 .

404 5710 509 5749 non
535 5696 753 5760 decem,
784 5713 889 5750 non
917 5697 1097 5766 viginti
1120 5738 1134 5762 ,
1167 5713 1271 5751 nou
1297 5706 1509 5752 centum
1535 5699 1740 5754 dierum
1771 5699 1976 5768 spatio,

405 5785 495 5838 Sed
525 5784 764 5853 plurimis
793 5787 1081 5844 mensibus.
1114 5787 1296 5859 Neque
1324 5786 1408 5844 hic
1426 5798 1684 5845 steterunt
1709 5808 1978 5861 corporea:

1007 343 1064 398 S.
1103 336 1379 396 JOANNIS
1414 329 1887 392 CHRYSOSTOMI
1930 327 2247 383 AllCllll‘ll’.
2288 320 2824 385 COXSTANTINOP.

3470 329 3564 382 ιδιι

2022 466 2355 522 calamitates
2383 484 2396 519 :
2425 465 2517 521 sed
2548 480 2667 519 cum
2698 466 2750 519 itt
2783 464 2882 517 hoc
2912 471 3050 518 statu
3080 464 3167 519 ille
3201 473 3331 519 esset
3357 474 3408 521 et
3433 474 3568 523 nudi.

2022 575 2126 631 que
2153 561 2498 624 cruciaretur,
2529 560 2689 620 intus,
2717 556 3072 622 extrinsecus,
3098 558 3275 612 uxoris
3297 560 3444 613 etiam
3472 577 3567 615 tua-

2022 650 2197 706 chin:e
2242 666 2363 705 ettm
2410 648 2874 720 aggrediebantur.
2926 646 3192 703 Daemonis
3224 648 3377 702 telqu
3402 650 3570 708 effecta

2025 742 2216 811 conjux
2244 781 2259 805 ,
2291 742 2463 794 virum
2507 755 2669 795 suum
2717 740 2889 809 lingua
2920 739 3151 808 impetit,
3181 747 3230 794 et
3278 750 3421 809 pacto
3457 742 3575 796 inito

2025 848 2145 888 cum
2188 832 2421 897 dabolo,
2472 832 2621 885 illum
2664 831 2783 886 telis
2830 840 3125 901 oppugnat,
3182 830 3244 884 iis
3273 847 3387 899 quze
3432 847 3573 902 supra

2027 925 2258 981 diximus
2284 924 2650 980 acerbioribus
2683 933 2738 979 et
2764 923 3250 993 perniciosiuribtts.
3299 924 3469 995 Neque
3504 927 3579 985 hic

2032 1016 2127 1071 fuit
2160 1016 2508 1071 certaminum
2561 1014 2720 1079 ﬁnis;
2749 1013 2844 1069 sed
2886 1014 3031 1068 initia
3061 1030 3245 1069 rursus
3268 1026 3314 1070 et
3347 1020 3580 1085 promotis

2030 1108 2162 1162 aciei
2217 1116 2392 1162 erant.
2448 1107 2583 1173 Quia
2639 1107 2781 1161 enim
2839 1106 2970 1161 nihil
3025 1107 3148 1161 inde
3199 1107 3427 1163 lucratus
3485 1122 3585 1167 erit

2032 1199 2296 1265 diabolus,
2354 1200 2645 1253 atnicontm
2699 1198 2898 1253 cborus
2938 1199 3166 1253 accessit
3192 1239 3208 1265 ,
3253 1202 3337 1271 qui
3381 1205 3584 1258 cununi.

2033 1292 2321 1347 serentium
2372 1291 2553 1362 specie
2596 1290 2930 1346 inimicorum
2973 1306 3123 1347 more
3180 1292 3415 1347 insiliunt
3443 1295 3489 1348 in
3514 1295 3589 1364 ja-

2034 1395 2264 1447 centern,
2285 1393 2339 1438 et
2368 1383 2549 1439 ulcera
2588 1381 2851 1439 refricant
2886 1383 2987 1439 sibi
3029 1394 3213 1439 mutuo
3243 1386 3593 1453 succedentes,

2002 1532 2003 1535 η
2036 1491 2208 1546 neque
2236 1476 2499 1545 respirare
2541 1475 2798 1538 sinentes,
2833 1474 3013 1529 multis
3047 1476 3267 1530 circulis
3297 1477 3462 1546 ipsum
3500 1478 3594 1533 cir-

2034 1569 2350 1625 cumdantes
2399 1568 2778 1640 crudelemque
2836 1577 3053 1639 agentes
3105 1567 3381 1625 choream.
3434 1571 3596 1626 Dicam

2037 1660 2196 1715 etiam
2257 1660 2431 1714 noctis
2503 1659 2892 1714 intolerabilem
2939 1660 3332 1726 tentationem,
3386 1678 3500 1731 qua:
3552 1671 3601 1718 et

2040 1750 2151 1820 ipsa
2182 1766 2317 1805 nova
2365 1751 2685 1820 insolitaque
2728 1752 2882 1805 erat?
2915 1751 3138 1807 thteris
3174 1768 3407 1824 namque
3434 1736 3601 1807 ltomi~

2040 1843 2196 1897 nibus
2215 1844 2501 1908 omnibus;
2522 1842 2648 1898 licet
2671 1844 2946 1898 innumera
2976 1845 3241 1914 patiantur
3262 1846 3467 1916 gravia,
3496 1846 3606 1901 licet

2042 1937 2093 1993 in
2120 1953 2337 1994 carcere
2364 1938 2621 2005 habitent,
2652 1937 2776 1993 licet
2801 1946 2989 2018 catena
3017 1941 3472 2011 constringantur,
3500 1940 3609 1994 licet

2042 2029 2368 2084 calamitates
2415 2028 2730 2100 deplorent,
2780 2028 2904 2085 licet
2947 2031 3189 2101 corporis
3235 2032 3610 2086 mutilationem

2044 2124 2311 2191 patiantur
2331 2162 2347 2186 ,
2374 2121 2496 2176 licet
2526 2121 2664 2177 fame
2694 2130 3002 2190 premantur
3027 2130 3081 2177 et
3109 2124 3301 2177 morbo
3328 2123 3612 2178 laboribus-

2043 2228 2147 2284 que
2168 2222 2221 2268 et
2242 2212 2493 2268 aerumnis
2512 2229 2527 2277 ;
2553 2222 2786 2268 attamen
2811 2227 2913 2267 nox
2936 2213 3225 2268 adveniens
3244 2214 3618 2269 consolationis

2046 2306 2387 2377 pltarmacum
2435 2306 2652 2361 adducit
2677 2348 2691 2374 ,
2737 2320 2932 2376 corpus
2973 2306 3243 2361 laboribus
3283 2323 3506 2362 vacuum
3531 2350 3541 2368 .
3571 2314 3621 2361 et

2047 2399 2277 2453 animam
2319 2412 2349 2451 a
2388 2397 2531 2451 curis
2572 2397 2789 2452 liberam
2828 2396 3147 2451 dimittens:
3180 2396 3311 2452 huic
3341 2413 3470 2451 vero
3510 2406 3624 2451 tunc

2048 2494 2209 2547 etiam
2241 2499 2424 2561 portus
2454 2490 2505 2544 in
2536 2489 2813 2559 scopulum
2845 2503 3030 2544 versus
3054 2499 3136 2543 est
3158 2528 3173 2554 ,
3205 2497 3261 2544 et
3294 2490 3623 2558 pltarmaenm

2050 2581 2149 2637 fuit
2203 2583 2369 2646 ulcus,
2428 2581 2726 2635 consolatio
2768 2580 3027 2651 gravioris
3064 2580 3517 2648 terribiliorisque
3541 2578 3629 2634 do-

2051 2674 2181 2730 loris
2242 2672 2683 2736 additamentum,
2756 2681 3045 2741 tempestas
3095 2671 3194 2741 ipsi
3257 2673 3371 2726 fuit
3436 2672 3487 2726 in
3541 2686 3632 2725 no-

2050 2775 2160 2831 cte,
2193 2781 2310 2835 qua:
2360 2764 2567 2818 caeteris
2614 2762 2913 2818 hominibus
2967 2763 3104 2833 parit
3146 2763 3633 2834 tranquillitatem:

2052 2865 2107 2912 et
2130 2842 2361 2925 fugiebat
2389 2853 2603 2925 quidem
2635 2854 2723 2909 ille
2753 2855 2900 2923 quasi
2927 2870 2955 2909 a
2985 2853 3229 2909 fluctibus
3252 2871 3282 2909 tt
3318 2856 3407 2911 die
3429 2898 3444 2922 ,
3469 2855 3537 2909 ob
3562 2854 3637 2908 itr-

2057 2947 2359 3004 tolerabiles
2390 2947 2509 3002 illos
2535 2946 2783 3012 dolores;
2815 2946 3017 3001 invenit
3044 2955 3220 3001 autem
3251 2945 3456 3002 fluctus
3482 2947 3641 3002 decu-

2055 3054 2245 3094 manos
2269 3080 2285 3105 ,
2318 3038 2545 3093 vortices
2568 3078 2584 3106 ,
2618 3048 2795 3107 petras
2819 3046 2873 3091 et
2900 3052 3024 3092 saxa
3058 3038 3273 3092 latcmia
3303 3079 3323 3106 ,
3360 3040 3431 3094 ita
3462 3049 3517 3093 ut
3541 3038 3643 3109 jam

2056 3131 2163 3187 diei
2195 3129 2389 3185 fluctus
2414 3137 2640 3199 optaret.
2670 3128 2792 3183 Ideo
2816 3131 2976 3184 etiam
3005 3130 3137 3203 ipse,
3172 3130 3273 3184 ltoc
3314 3147 3511 3185 novmn
3543 3146 3648 3185 ma-

2058 3224 2168 3279 lum
2206 3237 2463 3279 enarratis
2483 3264 2498 3287 ,
2531 3221 2795 3277 clamabat
2829 3222 3015 3278 dicens
3046 3240 3057 3275 :
3088 3222 3149 3277 Si
3185 3224 3435 3280 accubent
3456 3264 3475 3291 ,
3502 3224 3611 3277 dico
3631 3264 3647 3288 ,

2062 3312 2277 3380 Quando
2319 3313 2424 3366 dies
2467 3314 2599 3366 erit?
2637 3312 2679 3366 si
2720 3329 2964 3385 surgam,
3004 3313 3153 3376 dico,
3191 3313 3423 3381 Quando
3454 3331 3653 3385 tit-spera

2058 3410 2080 3478 (
2107 3406 2204 3461 Job
2234 3406 2286 3460 7.
2324 3407 2358 3461 4
2383 3405 2436 3475 )?
2465 3404 2577 3475 Qua
2612 3406 2682 3461 de
2710 3420 2867 3459 causa
2892 3447 2909 3471 ,
2940 3405 3026 3462 dic
3067 3405 3235 3467 mihi?
3279 3422 3422 3462 nam
3464 3410 3515 3461 in
3575 3408 3655 3461 die

2063 3496 2275 3569 quidem
2316 3496 2437 3565 jure
2478 3503 2685 3550 noctem
2736 3495 2961 3565 requiris
2989 3513 3004 3550 :
3036 3510 3330 3564 veSperattI
3381 3498 3527 3553 enim
3577 3494 3659 3551 ille

2062 3601 2273 3647 noctem
2316 3598 2493 3655 vocat,
2521 3603 2641 3658 quae
2687 3603 2717 3641 a
2765 3588 2971 3643 diurnis
3020 3588 3175 3642 malis
3209 3588 3303 3643 dat
3373 3592 3654 3661 requiem:

2062 3700 2185 3739 cum
2213 3693 2387 3737 autem
2421 3696 2530 3735 nox
2562 3679 2801 3744 advenit,
2830 3689 2957 3734 tunc
2989 3680 3142 3735 adest
3177 3683 3578 3752 tranquillitas,
3606 3690 3657 3734 et

2066 3776 2314 3832 dolorum
2346 3773 2873 3841 sollicitudinumque
2916 3772 3140 3827 oblivio.
3168 3772 3281 3827 Cur
3310 3790 3449 3844 ergo
3474 3766 3660 3828 ‘rursus

2066 3871 2206 3924 diem
2251 3866 2518 3936 requiris?
2570 3865 2703 3932 Quia
2750 3864 2880 3919 mihi
2926 3878 3029 3918 nox
3074 3864 3161 3919 die
3204 3868 3496 3921 molestior
3538 3878 3659 3925 est;

2068 3975 2240 4029 neque
2278 3960 2419 4013 enim
2464 3956 2590 4012 milii
2621 3957 3005 4011 immunitatem
3048 3972 3075 4007 a
3106 3957 3385 4013 laboribus
3421 3967 3664 4029 prmstat,

2067 4053 2162 4107 sed
2195 4066 2380 4107 eorum
2414 4059 2757 4120 augmentum
2788 4057 2843 4102 et
2883 4049 3141 4103 tumultus
3168 4058 3332 4117 atque
3377 4049 3663 4118 perturba-

2070 4145 2242 4199 tiones
2273 4162 2287 4197 :
2318 4154 2479 4212 atque
2521 4142 2622 4197 hoc
2662 4141 2834 4212 ipsum
2872 4140 3149 4203 declarans
3188 4141 3412 4197 dicebat
3448 4161 3461 4197 :
3494 4142 3671 4198 Term
3712 4138 3717 4145 ’

2072 4252 2149 4290 me
2183 4236 2236 4289 in
2272 4234 2565 4297 insomniis.
2597 4242 2643 4285 et
2669 4234 2721 4286 in
2749 4232 2865 4287 visis
2895 4248 2972 4285 me
2999 4232 3229 4299 percelli:
3257 4231 3430 4304 (Ibid.
3474 4247 3520 4283 υ.
3566 4234 3668 4301 μ).

2073 4326 2282 4381 Etenim
2314 4326 2708 4394 perterrebatur
2739 4324 3028 4393 tremendis
3062 4323 3162 4378 llllS
3194 4327 3487 4379 nocturnis
3525 4325 3673 4386 visis,

2075 4416 2409 4473 intolerando
2437 4418 2660 4480 timore,
2694 4417 2886 4469 mentis
2911 4429 3135 4470 excessu
3167 4424 3385 4472 terrore
3417 4418 3670 4472 obrutus.

2145 4510 2200 4565 3.
2243 4511 2431 4563 Annon
2480 4507 2837 4576 defatigamini
2876 4508 3153 4562 audientes
3200 4516 3307 4562 tam
3355 4509 3679 4580 frequentes

2075 4603 2190 4656 illas
2236 4600 2604 4654 calamitates?
2662 4601 2728 4654 At
2782 4600 2869 4653 ille
2929 4600 3133 4669 patiens
3187 4616 3292 4656 non
3361 4601 3677 4656 fatiscebat.

2075 4691 2429 4760 Quamobrem
2459 4705 2585 4758 rogo
2611 4691 2882 4745 caritatem
2917 4701 3162 4755 vestram,
3184 4690 3364 4746 adhuc
3399 4693 3680 4762 paululum

2074 4782 2392 4852 exapectctis
2441 4798 2455 4833 :
2502 4780 2735 4834 nondum
2779 4780 2919 4833 enim
2972 4788 3140 4834 totum
3181 4779 3445 4847 diximus,
3507 4796 3681 4851 neque

2077 4876 2376 4932 addidimus
2426 4874 2646 4927 alteram
2712 4875 3159 4941 exsuperantiam.
3222 4873 3401 4930 Unum
3459 4877 3683 4943 quidem

2079 4978 2216 5030 erat,
2252 4966 2390 5035 quod
2441 4966 2615 5017 omnia
2671 4964 2807 5016 mala
2855 4980 2976 5032 qum
3035 4964 3338 5023 hominibus
3394 4969 3682 5028 accidunt,

2082 5075 2241 5112 unum
2286 5073 2478 5126 corpus
2534 5056 2793 5125 perferret
2837 5071 2851 5109 :
2892 5055 3035 5110 aliud
3087 5072 3233 5119 vero,
3286 5059 3440 5126 quod
3500 5058 3685 5113 omnia

2081 5151 2257 5211 simul,
2288 5165 2384 5203 nec
2402 5150 2479 5202 vel
2504 5149 2775 5202 minimam
2816 5147 3044 5201 habebat
3071 5149 3304 5217 requiem
3334 5151 3428 5203 vel
3462 5151 3685 5205 dilatio-

2084 5261 2227 5298 nem.
2285 5243 2522 5296 Tertium
2565 5241 2764 5295 addere
2805 5242 2923 5293 volo
2968 5259 2981 5295 :
3033 5242 3297 5310 quodnam
3361 5243 3505 5297 illud
3564 5244 3687 5297 (st?

2083 5335 2233 5403 Quod
2288 5334 2550 5387 dicturum
2605 5332 2808 5403 singula
2867 5347 2972 5386 non
3032 5332 3190 5386 modo
3241 5334 3401 5386 simul
3464 5336 3687 5404 ingrue-

2085 5438 2236 5491 runt,
2289 5426 2383 5480 sed
2436 5427 2594 5478 etiam
2651 5440 2773 5479 eum
2828 5424 2880 5479 vi
2932 5440 3120 5492 magna
3168 5437 3218 5478 et
3274 5428 3688 5483 vehementia:

2086 5534 2205 5574 nam
2253 5526 2533 5586 paupertas
2568 5516 2686 5583 ejus
2713 5523 2830 5569 erat
2876 5518 3019 5569 omni
3060 5527 3367 5585 paupertate
3414 5520 3691 5584 gravior;

2086 5608 2304 5663 morbus
2349 5609 2495 5672 item,
2540 5606 2718 5673 sedes,
2772 5605 2998 5661 filiorum
3045 5608 3325 5675 pernicies,
3376 5608 3693 5665 buttorunt-

2085 5716 2189 5769 que
2239 5701 2496 5754 euntium.
2549 5696 2824 5766 Perpende
2874 5709 3049 5750 autem
3080 5717 3091 5751 :
3124 5700 3352 5767 perdidit
3407 5704 3694 5769 quispiam

2090 5793 2224 5853 bona
2274 5810 2365 5846 sua
2391 5793 2408 5841 7
2437 5802 2488 5845 at
2518 5807 2620 5845 non
2654 5789 2862 5860 penitus
2904 5789 3104 5857 omnia,
3146 5808 3317 5861 neque
3362 5792 3464 5845 tali
3499 5797 3689 5857 tundo.
