3966 6160
189 315 309 375 ιῗθ·

187 432 386 496 ἐκεῖνος
414 431 627 486 ᾶπαντα
660 429 961 502 πειρασμὸν
994 428 1135 501 μετά
1162 428 1365 498 πολλῆς
1392 431 1588 501 ήνεγκε
1620 430 1720 498 τῆς
1748 432 1842 485 ἀν-

184 520 384 590 δρείας,
427 519 518 572 τὸν
552 517 661 573 ἀπὸ
689 518 898 581 πενίας,
933 518 1026 571 τὸν
1059 517 1167 572 ἀπὸ
1196 516 1377 589 λιμοῦ,
1406 519 1497 572 τὸν
1535 518 1644 573 ἀπὸ
1672 519 1849 583 νόσου,

182 608 266 661 ¹εὺν
296 607 358 672 ἐξ
381 605 597 672 ὀδύνης,
641 606 734 662 τὸν
766 606 876 661 ἀπὸ
904 605 1006 677 τῆς
1038 604 1146 659 τῶν
1171 605 1382 660 παίδων
1412 606 1712 670 ἀπωλείας,
1760 608 1850 661 τὸν

182 692 286 747 ἀπὸ
326 692 437 746 τῶν
479 691 669 762 φίλων,
709 690 804 746 τὸν
846 691 956 746 ἀπὸ
1001 690 1112 746 τῶν
1158 690 1367 762 ἐχθρῶν
1390 731 1406 756 ,
1453 691 1545 745 τὸν
1598 692 1705 745 ἀπὸ
1751 691 1851 762 τῆς

183 782 467 849 γυναικὸς,
510 780 603 834 τὸν
646 779 754 835 ἀπὸ
780 778 891 834 τῶν
922 778 1170 835 οίκετῶν.
1226 778 1361 832 Οὑδὲ
1398 778 1507 850 γάρ
1533 773 1601 850 ἦν
1636 778 1849 853 ἀνθρω-

184 866 307 937 πίνη
350 867 605 939 συμφορά
639 867 675 938 ἢ
720 867 795 939 μὴ
836 869 916 930 είς
958 867 1017 920 τὺ
1058 865 1217 937 σῶμα
1266 863 1569 938 ἐξεκενώθη
1614 866 1844 921 ἐκείνου.

195 954 328 1013 Ἀλλ’
352 955 500 1025 ὅμως
525 955 777 1011 ἀπάντων
798 952 1143 1027 ὑπερηνέχθη
1167 953 1275 1008 τῶν
1295 952 1525 1009 δικτύων
1545 954 1638 1008 καὶ
1657 952 1851 1024 ὑψηλόο

180 1060 332 1115 τερος
358 1044 547 1111 γέγονε
575 1041 683 1095 τῶν
707 1040 802 1095 τοῦ
829 1041 1074 1096 διαϐόλου
1103 1041 1365 1112 καλάμων
1385 1059 1400 1076 ·
1442 1042 1613 1096 καὶτὸ
1631 1041 1695 1114 δὴ
1724 1043 1850 1097 θαυ-

181 1129 529 1202 μαστότερον,
560 1130 641 1183 ὅτι
668 1130 763 1183 καὶ⁵
794 1130 971 1184 πάντα
1004 1128 1153 1203 αὑτῷ
1180 1128 1360 1201 ἐπῄει,
1391 1131 1486 1185 καὶ
1516 1129 1694 1186 πάντα
1727 1130 1846 1203 μεθ’

178 1217 480 1288 ὑπερϐολῆς
508 1216 603 1270 καὶ
632 1216 810 1271 πάντα
852 1218 941 1286 ὑφ’
970 1216 1048 1270 ἐν.

240 1303 309 1373 β’.
352 1307 443 1376 Μὴ
477 1307 583 1376 γάρ
612 1304 675 1377 δὴ
704 1304 862 1359 τοῦτο
893 1305 1057 1383 μόνον
1094 1304 1230 1377 ἴδῃς,
1260 1305 1340 1359 ὅτι
1362 1303 1597 1359 τοσαῦτα
1622 1303 1843 1372 ἔπαθεν,

173 1392 308 1446 ἀλλά
341 1393 593 1463 πρόσθες.
623 1394 705 1447 ὅτι
732 1393 853 1446 οὑδὲ
883 1385 1032 1446 ⁸κατὰ
1069 1392 1264 1463 μικρὸν
1301 1391 1423 1446 οὐδὲ
1452 1385 1515 1446 ἐκ
1546 1392 1847 1465 διαστήμα-

170 1499 282 1547 τος.
312 1483 430 1537 ἀλλ’
462 1484 551 1553 ὑφ’
576 1483 640 1537 ἒν
665 1485 758 1538 καὶ
783 1482 942 1553 ὀμοῦ.
968 1483 1043 1538 Οὑ
1074 1482 1243 1555 μικρά
1263 1484 1322 1537 δὲ
1354 1482 1493 1554 αῦτη
1523 1484 1844 1556 πειρασμῶν

171 1568 459 1642 προσθήκη
497 1587 512 1603 ·
563 1570 671 1624 τῶν
727 1570 828 1641 μὲν
877 1569 988 1641 γάρ
1033 1570 1208 1625 ἄλλων
1246 1570 1501 1625 ἀπάντων
1541 1570 1844 1642 ἀνθρώπων

170 1655 390 1727 πρῶτον
417 1657 516 1727 μὲν
547 1657 718 1721 οὐδεὶς
751 1657 817 1711 ἂν
857 1657 1107 1730 εὑρεθείη
1140 1658 1318 1713 πάντα
1350 1658 1648 1726 ὑπομείνας
1679 1660 1836 1731 όμοῦ,

169 1743 290 1797 ἀλλ’
336 1747 387 1798 εἰ
419 1745 514 1798 καὶ
555 1744 714 1816 πενίᾳ
750 1744 989 1811 παλαίει,
1024 1746 1173 1816 ὅμως
1217 1745 1405 1813 ὑγείας
1446 1745 1744 1801 ἀπολαύει·
1790 1750 1839 1801 εί

170 1831 216 1887 δὲ
279 1831 378 1885 καὶ
426 1832 586 1903 πενία
635 1832 731 1886 καὶ
783 1832 924 1904 νόσῳ
990 1832 1303 1905 περιεπάρη
1332 1871 1349 1897 ,
1402 1833 1541 1887 ἀλλά
1586 1833 1842 1902 γυναικὸς

169 1919 431 1985 πολλάκις
482 1920 755 1974 ἀπέλαυσε
789 1919 1286 1993 παραμυθουμένης
1336 1921 1524 1993 φέρειν
1571 1921 1637 1975 τά
1668 1922 1840 1987 δεινὰ,

166 2008 253 2062 καὶ
301 2007 428 2062 ἀντὶ
472 2007 691 2080 λιμένος
737 2007 883 2079 αὑτῷ
916 2008 1207 2081 γινομένης
1238 2025 1252 2039 ·
1301 2010 1350 2063 εί
1386 2008 1443 2062 δὲ
1480 2009 1554 2081 μὴ
1589 2009 1842 2078 γυναικὸς

165 2095 445 2149 ἀπέλαυσε
506 2094 798 2166 τοιαύτης,
863 2095 980 2151 ἀλλ’
1029 2096 1128 2167 οὐχ
1179 2094 1322 2149 οὑτω
1372 2095 1844 2167 συμϐουλευούσης

163 2182 387 2256 ὀλέθρια
408 2198 424 2213 ·
477 2184 525 2236 εί
554 2183 612 2237 δὲ
645 2185 739 2238 καὶ
778 2181 919 2238 οὑτω
953 2182 1424 2254 συμϐουλευούσης
1453 2182 1695 2254 ὀλέθρια,
1725 2182 1841 2238 ἀλλ’

159 2270 280 2341 οὐχὶ
332 2271 431 2325 καὶ
474 2271 599 2335 τοὺς
643 2271 835 2334 παῖδας
880 2270 1082 2343 ἀθρόον
1121 2269 1405 2325 ἀπώλεσεν
1456 2270 1700 2336 ἅπαντας
1722 2286 1737 2301 ·
1792 2273 1841 2326 εί

156 2358 208 2411 δὲ
238 2359 346 2413 καὶ
374 2358 589 2429 ἀθρόον,
623 2358 736 2413 ἀλλ’
778 2359 839 2412 οὑ
882 2358 1106 2430 τοιούτῳ
1143 2358 1327 2430 τρόπῳ
1354 2357 1611 2429 τελευτῆς
1638 2376 1653 2390 ·
1700 2361 1749 2413 εί
1780 2359 1838 2413 δὲ

157 2450 245 2501 καὶ
280 2448 517 2518 τοιούτῳ
541 2448 728 2518 τρόπῳ
753 2447 1032 2516 τελευτῆς.
1063 2447 1197 2501 ἀλλά
1222 2447 1408 2517 φίλους
1437 2447 1561 2517 ἐσχε
1592 2465 1841 2518 παρακα-

155 2533 423 2598 λοῦντας·
455 2537 505 2588 εί
539 2533 596 2586 δὲ
633 2535 732 2588 ούκ
766 2533 889 2605 ἔσχε
932 2532 1403 2606 παρακαλοῦντας.
1445 2532 1558 2588 ἀλλ’
1587 2535 1707 2606 οὑχὶ
1744 2535 1839 2590 καὶ

152 2620 331 2683 οὕτως
382 2620 809 2692 ἐπεμϐαίνοντας
844 2637 859 2652 ·
911 2624 961 2675 εί
1004 2621 1059 2675 δέ
1095 2623 1187 2677 καὶ
1227 2622 1685 2692 ἐπεμϐαίνοντας,
1721 2623 1837 2677 ἀλλ’

152 2711 270 2779 οὑχὶ
320 2709 423 2763 καὶ
476 2710 690 2771 οίκέτας
734 2707 1120 2773 ὀνειδίζοντας·
1158 2711 1206 2763 εί
1246 2709 1302 2763 δὲ
1334 2711 1429 2763 καὶ
1459 2708 1834 2776 ὀνειδίζοντας,

152 2798 262 2852 ἀλλ’
280 2797 414 2868 οὐχὶ
434 2798 527 2851 καὶ
547 2799 626 2862 είς
646 2797 705 2850 τὸ
728 2798 1015 2867 πρόσωπον
1034 2797 1198 2852 αὑτοῦ
1218 2801 1243 2851 ἐ
1251 2798 1574 2868 μπτύοντας·
1598 2801 1646 2853 εί
1666 2800 1720 2854 δὲ
1740 2801 1836 2854 καὶ

154 2887 223 2949 εἰς
243 2887 316 2940 τδ
343 2885 639 2956 πρόσωπον
663 2883 1022 2954 ἐμπτύοντας,
1046 2885 1161 2939 ἀλλ’
1180 2885 1299 2955 οὑχ).
1320 2886 1412 2940 καὶ
1431 2886 1571 2957 νόσῳ
1597 2887 1833 2960 τοσαύτῃ

154 2972 514 3044 περιεπάρη·
563 2974 614 3025 εί
656 2971 713 3025 δὲ
748 2971 840 3025 καὶ
874 2972 1010 3042 νόσῳ
1050 2975 1356 3045 περιεπάρη
1403 2973 1656 3044 τοσαύτῃ,
1696 2975 1833 3029 ἀλλά

150 3059 434 3130 δωματίου
457 3060 547 3112 καὶ
578 3060 787 3129 σκέπης
809 3059 1108 3127 ἀπέλαυσε,
1134 3061 1229 3113 καὶ
1254 3061 1353 3114 οὑκ
1369 3062 1461 3114 ἐπὶ
1476 3060 1577 3131 τῆς
1600 3063 1833 3134 κοπρίας

153 3148 403 3216 ἐκάθητο
426 3162 442 3178 ·
470 3149 518 3200 εξ
548 3146 606 3199 δὲ
630 3146 726 3200 καὶ
759 3146 852 3199 ἐπὶ
874 3145 975 3214 τῆς
1001 3146 1233 3218 κοπρίας
1266 3147 1520 3219 ἐκάθητο.
1562 3149 1676 3203 ἀλλ’
1706 3149 1831 3221 ἔσχε

147 3235 272 3298 τοὺς
299 3236 469 3304 χεῖρα
505 3233 799 3304 ὀρέγοντας
820 3247 835 3263 ·
866 3234 914 3286 εί
936 3234 992 3287 δέ
1025 3233 1100 3305 μὴ
1134 3233 1259 3305 ἔσχε
1280 3237 1406 3299 τοὺς
1431 3238 1587 3306 χεῖρα
1614 3236 1832 3310 ὀρέγον-

145 3337 264 3386 τας,
304 3320 432 3376 ἄλλ’
460 3322 581 3393 ούχὶ
603 3322 698 3375 καὶ
720 3323 846 3385 τοὺς
866 3322 1313 3393 ἐπεμϐαίνοντας.
1338 3319 1504 3387 Οὗτος
1530 3324 1584 3378 δὲ
1617 3325 1832 3380 ἅπαντα

145 3409 328 3464 ταῦτα
359 3409 688 3481 ὑπήνεγκεν,
719 3411 814 3464 καὶ
844 3409 905 3463 τὸ
930 3409 994 3480 δή
1024 3409 1476 3482 θαυμαστότερον,
1495 3412 1523 3465 ὅ
1545 3412 1831 3484 προλαϐὼν

145 3492 332 3557 εἷπον,
387 3499 469 3551 ὅτι
510 3499 607 3552 καὶ
638 3497 775 3568 ὁμοῦ
806 3498 985 3552 πάντα
1006 3536 1022 3562 ,
1064 3499 1204 3570 ὅπερ
1235 3498 1550 3552 διπλασίονα
1580 3500 1673 3553 καὶ
1710 3518 1830 3571 τρισ-

144 3583 423 3638 πλασίονα
455 3585 600 3637 ποιεῖ
627 3584 696 3638 τά
728 3584 939 3655 χαλεπὰ
978 3584 1283 3654 φαίνεσθαι,
1312 3586 1439 3638 ὅταν
1468 3585 1602 3656 μηδέ
1634 3587 1732 3658 τὴν
1767 3591 1830 3643 ἐκ

142 3672 241 3743 τῆς
291 3672 593 3742 ἁνακωχῆς
645 3671 743 3743 ἔχῃ
792 3672 1143 3743 παραμυθίαν
1166 3672 1367 3745 [542]ό
1399 3673 1827 3744 ἀγωνιζόμενος,

139 3758 283 3814 ἀλλά
325 3761 398 3830 τῇ
435 3759 686 3832 συνεχείᾳ
731 3760 830 3831 τῆς
860 3761 1155 3832 ἐπαγωγῆς
1189 3761 1389 3813 πλείων
1419 3764 1448 3814 6
1495 3761 1721 3834 θόρυϐος
1747 3765 1831 3833 γί-

140 3863 313 3918 νηται
351 3846 445 3899 καὶ
481 3846 682 3916 μείζων
713 3848 745 3917 ή
778 3848 1024 3918 ταραχή·
1068 3848 1205 3918 ὅπερ
1233 3847 1325 3901 ἐπὶ
1371 3848 1560 3901 τούτου
1605 3849 1828 3922 συνέϐη.

138 3934 254 4005 Τὴν
278 3933 392 4005 μὲν
416 3933 524 4005 γάρ
546 3933 654 3986 τῶν
675 3934 963 4005 προϐάτων
987 3934 1258 3989 ἀπώλειαν
1277 3935 1367 3988 καὶ
1394 3936 1481 3989 τὸν
1504 3938 1830 4008 ἐμπρησμὸν

135 4024 426 4095 διεδέχετο
457 4022 565 4076 τῶν
601 4021 739 4093 βοῶν
770 4024 803 4095 ή
835 4025 1085 4096 ἁρπαγὴ,
1123 4026 1216 4078 καὶ
1267 4026 1364 4095 τὴν
1395 4025 1600 4079 τούτων
1641 4029 1674 4097 ἡ
1721 4028 1831 4081 τῶν

134 4110 279 4165 ὕνων
315 4111 632 4182 ἀφαίρεσις,
653 4112 748 4164 καὶ
774 4113 976 4183 ταύτην
1005 4114 1038 4185 ή
1068 4111 1174 4166 τῶν
1196 4114 1459 4185 καμήλων
1483 4116 1830 4185 αίχμαλωσία

133 4201 234 4253 καὶ
269 4197 389 4251 τῶν
419 4198 645 4251 οἰκετῶν
675 4200 708 4269 ή
744 4198 948 4270 σφαγὴ.
1002 4199 1099 4253 καὶ
1141 4198 1346 4272 ταύτην
1383 4201 1416 4273 ή
1471 4202 1577 4255 τῶν
1624 4201 1829 4256 παίδων

135 4287 400 4342 ἀπιὶιλεια
423 4289 519 4339 καὶ
546 4289 575 4341 6
605 4287 830 4358 φρικτὸς
857 4290 1060 4351 ἐκεῖνος
1079 4291 1173 4342 καὶ
1205 4289 1387 4353 καινὸς
1409 4289 1654 4355 θάνατος,
1687 4292 1780 4344 καὶ
1802 4294 1831 4346 ό

142 4374 596 4446 φρικωδέστερος
620 4375 788 4443 τάφος
821 4377 881 4441 (6
910 4375 1070 4439 αὑτὸς
1100 4376 1205 4447 γὰρ
1222 4375 1355 4446 ὁμοῦ
1375 4379 1469 4429 καὶ
1491 4376 1716 4442 θάνατος
1737 4380 1830 4434 καὶ

134 4462 318 4529 τάφος
358 4461 610 4530 ἐγίνετο).
647 4465 742 4516 καὶ
790 4464 823 4533 ή
852 4463 1118 4533 τράπεζα,
1153 4464 1187 4533 ἢ
1226 4462 1319 4515 νῦν
1348 4464 1446 4533 μὲν
1481 4464 1783 4535 ἐστιώμενα
1811 4506 1827 4531 ,

132 4547 237 4601 νῦν
261 4548 324 4601 δὲ
358 4548 739 4602 κατακοπέντα
758 4548 1027 4621 δεξαμένη
1058 4550 1127 4602 τὰ
1148 4548 1397 4621 σώματα,
1434 4552 1526 4604 καὶ
1556 4554 1613 4605 αί
1643 4554 1829 4621 φιάλαι

133 4636 235 4688 καὶ
271 4639 346 4689 τά
389 4639 623 4706 ποτήρια
669 4636 808 4706 μετά
847 4635 941 4689 τοῦ
971 4636 1115 4691 οίνου
1146 4638 1207 4690 τὸ
1254 4632 1393 4709 αἷμα
1426 4640 1824 4711 ὑποδεχόμενα,

133 4722 236 4775 καὶ
282 4724 353 4777 τά
377 4725 838 4794 κατακεκομμένα
877 4725 1033 4796 μέλη.
1083 4726 1241 4779 Ἀλλά
1275 4728 1421 4797 ὅμως
1458 4730 1556 4799 τὴν
1585 4729 1826 4801 χαλεπὴν

129 4809 358 4879 ταύτην
404 4811 717 4881 τραγῳδίαν
765 4812 926 4881 ἐτερα
957 4812 1310 4884 χαλεπώτερα
1346 4815 1505 4869 πάλιν
1532 4816 1670 4869 αύτά
1699 4819 1827 4870 ἁνα-

136 4896 311 4966 μένει
332 4908 381 4959 ³,
415 4897 536 4951 οὐδὲ
579 4897 774 4967 μικρὸν
822 4898 1253 4954 ἀναπνεύσαντα.
1305 4902 1582 4956 Ἐντεῦθεν
1630 4903 1735 4974 γὰρ
1770 4907 1825 4959 αἱ

130 4982 327 5051 πηγαὶ
351 4984 458 5038 τῶν
492 4984 810 5053 σκωλήκων,
840 4988 887 5039 οἱ
909 4986 1017 5039 τῶν
1043 4986 1252 5059 ίχώρων
1283 4989 1504 5059 ῥύακες,
1545 4993 1577 5062 ή
1608 4994 1699 5044 ἐπὶ
1726 4994 1827 5063 τῆς

130 5073 380 5143 κοπρίας
406 5074 509 5128 καθ
524 5075 667 5144 ἔδρα,
685 5074 746 5127 τὸ
774 5076 1038 5147 ὄστρακον
1066 5077 1127 5129 τὸ
1170 5079 1269 5141 τὰς
1304 5079 1541 5151 πλευρὰς
1572 5083 1826 5147 καταξαί-

126 5175 253 5220 νον,
294 5161 330 5229 ἡ
372 5161 606 5216 δυσωδία
626 5161 738 5214 τῶν
763 5162 933 5214 ἑλκῶν
965 5166 998 5234 ή
1036 5164 1127 5217 τὸν
1157 5167 1340 5218 καινὸν
1394 5168 1599 5222 ἐκεῖνον
1637 5172 1825 5223 ἐπεισ-

130 5244 368 5310 άγουσα
420 5247 610 5317 λιμὸν,
637 5249 733 5302 καὶ
779 5251 1068 5321 ὁρωμένων
1101 5254 1200 5306 οὑκ
1246 5255 1465 5323 ἀφιεῖσα
1503 5256 1612 5308 τῶν
1642 5258 1827 5312 σιτίων

122 5332 438 5396 ἅπτεσθαι,
490 5336 585 5389 καὶ
617 5335 713 5388 τοῦ
759 5336 917 5408 λιμοῦ
972 5339 1359 5409 χαλεπωτέραν
1401 5342 1673 5397 ἐντιθεῖσα
1727 5344 1825 5416 τὴν

120 5416 352 5484 ἀηδίαν
375 5436 386 5450 ·
427 5423 519 5475 καὶ
551 5423 722 5477 ταῦτα
742 5426 842 5479 οὑκ
870 5427 961 5479 ἐπὶ
984 5427 1079 5481 δύο
1105 5429 1195 5481 καὶ
1235 5429 1365 5483 δέκα
1401 5432 1491 5483 καὶ
1530 5432 1702 5484 εἴκοσι
1733 5434 1826 5487 καὶ

118 5502 346 5556 ἑκατὸν
388 5509 635 5581 ἡμέρας,
680 5511 796 5564 ἀλλ’
837 5513 929 5565 ἐπὶ
992 5516 1125 5584 μησὶ
1169 5516 1399 5570 πλείοσι.
1444 5520 1552 5572 Καὶ
1593 5520 1714 5572 οὑδέ
1740 5522 1822 5572 ἐν-

118 5589 330 5642 ταῦθα
349 5592 526 5648 ἵστατο
562 5597 627 5649 τὰ
648 5598 755 5651 τῶν
794 5599 1199 5670 παλαισμάτων,
1231 5604 1343 5658 ἀλλ’
1365 5608 1422 5658 ἐν
1438 5606 1646 5669 τούτοις
1674 5608 1827 5673 ὄντος

129 5676 330 5730 αὑτοῦ
360 5683 448 5735 καὶ
476 5684 1007 5757 ἀποτηγανιζομένου
1036 5691 1316 5757 πάντοθεν,
1350 5691 1578 5757 ἔνδοθεν,
1603 5693 1820 5760 ἔξωθεν,

192 5859 222 5943 ⁸“
248 5860 262 5906 ι
295 5873 434 5936 mum}
464 5876 740 5939 mr‘ru‘nhgm
767 5875 972 5943 rqsmuc
1022 5875 1232 5938 {egendo
1258 5890 1264 5917 τ
1295 5878 1393 5925 aur
1421 5879 1546 5938 ομως
1573 5882 1687 5940 μετὰ
1729 5884 1810 5937 τὴν

122 5941 155 5983 χ
172 5934 229 5971 ιι)
244 5956 255 5965 .
274 5954 310 5968 ..
324 5957 337 5967 .
356 5929 482 5972 Mira
506 5931 642 5975 αὐτον
667 5932 892 5994 inquit“.

917 334 978 370 ιν
1019 314 1322 384 ιιοκιυΑ,
1352 314 1725 373 Αυνειιευε
1765 316 1826 372 Ε(

1998 317 2033 373 3|
2067 317 2206 374 non
2237 317 2680 385 Αυγυειιιλτ.
2720 318 2874 376 mc.
2922 384 2927 387 γ

3513 324 3636 381 ιὸθκ

1956 429 2115 501 ἐπῄει
2165 432 2261 486 καὶ
2300 430 2369 487 τά
2412 431 2514 502 τῆς
2540 431 2796 499 γυναικὸς
2840 433 3230 504 μηχανήματα.
3272 436 3485 496 Γίνεται
3515 446 3626 519 γὰρ

1944 519 2043 573 τοῦ
2074 519 2325 590 δαίμονος
2359 520 2520 574 ὅπλον
2553 522 2585 590 ή
2624 520 2890 585 σύνοικος,
2927 522 3021 576 καί
3050 524 3259 591 τοξεύει
3284 528 3377 581 τὸν
3417 531 3614 605 ἄνδρα,

1946 608 2047 679 τὴν
2088 608 2334 676 γλῶτταν
2374 609 2668 665 δανείσασα
2706 609 2785 680 τῷ
2838 608 3100 683 διαϐόλῳ,
3155 615 3250 668 καὶ
3286 616 3468 687 βάλλει
3513 623 3623 676 τῶν
3654 636 3657 637 ⁷

1947 696 2252 768 εἰρημένων
2282 696 2409 769 βέλη
2446 696 2745 769 πικρότερα
2774 697 2873 753 καὶ
2922 698 3308 773 ὀλεθριώτερα.
3361 708 3468 765 Καὶ
3496 710 3621 769 οὐδὲ

1949 782 2180 868 ἐνταῦθα
2228 783 2377 849 τέλος
2428 783 2704 854 ἐλάμϐανε
2751 785 2819 838 τά
2862 785 3256 858 παλαίσματα,
3319 792 3434 849 ἀλλ’
3471 797 3616 868 ἀρχὴ

1946 862 2110 929 πάλιν
2148 873 2240 927 καὶ
2287 872 2549 944 προοίμια
2596 873 2693 944 τῆς
2741 875 3097 946 παρατάξεως
3119 873 3210 948 ἦν.
3260 862 3619 955 Ἐπειδὴ

1944 959 2098 1015 οὑδέν
2126 958 2376 1014 ἐντεῦθεν
2409 962 2626 1029 ἐγένετο
2658 960 2817 1015 πλέον
2843 962 2922 1032 τῷ
2960 962 3214 1036 διαϐόλῳ,
3245 966 3355 1023 τῶν
3390 968 3559 1036 φίλων
3587 972 3618 1025 6
3646 1008 3651 1012 α

1946 1045 2107 1118 χορὸς
2151 1047 2506 1118 παρεγένετο,
2536 1049 2595 1103 ἐν
2642 1049 2974 1121 προσωπείῳ
3015 1053 3360 1123 συμπαθείας
3405 1054 3473 1111 τά
3504 1057 3618 1113 τῶν

1946 1135 2219 1206 πολεμίων
2252 1136 2717 1206 ἐπιδεικνύμενος,
2754 1138 2849 1191 καὶ
2874 1138 3183 1195 ἐνάλλονται
3225 1131 3489 1215 κειμένῳ,
3523 1146 3618 1201 καὶ

1942 1222 2290 1289 ἀναξαίνουσι
2316 1224 2388 1278 τά
2413 1224 2545 1298 ἐλκη
2571 1264 2588 1288 ,
2634 1223 2899 1296 ἀλλήλους
2933 1225 3299 1299 διαδεχόμενοι
3335 1232 3429 1289 καὶ
3481 1232 3618 1303 μηδὲ

1942 1308 2201 1364 ἀναπνεῖν
2261 1310 2477 1377 ἐῶντες,
2535 1312 2628 1366 καὶ
2682 1312 2911 1381 πολλοὺς
2961 1313 3196 1380 κύκλους
3252 1318 3615 1384 κυκλοῦντες,

1942 1397 2189 1470 χαλεπήν
2212 1414 2334 1453 τινα
2361 1400 2580 1471 χορείαν
2605 1399 2939 1471 χορεύοντες.
2977 1400 3135 1455 Εἴποι
3163 1403 3253 1457 καὶ
3284 1405 3382 1473 τῆς
3416 1407 3614 1469 νυκτὸς

1941 1484 2033 1538 τὸν
2082 1485 2356 1558 ἀφόρητον
2402 1486 2732 1560 πειρασμὸν,
2768 1487 2864 1541 καὶ
2906 1487 3070 1541 αὑτὸν
3107 1489 3292 1543 καινὸν
3341 1490 3471 1546 ὄντα
3522 1492 3618 1547 καὶ

1943 1570 2244 1642 παράδοξον
2267 1592 2282 1639 ;
2310 1573 2435 1638 Τοῖς
2466 1573 2566 1644 μὲν
2587 1574 2695 1645 γὰρ
2727 1573 2907 1638 ἄλλοις
2933 1575 3135 1629 ἀπασιν
3159 1575 3489 1647 ἀνθρώποις,
3513 1578 3617 1633 κᾶν

1944 1659 2115 1730 μυρία
2161 1660 2415 1731 πάσχωσι
2469 1660 2639 1725 δεινά,
2695 1658 2796 1714 κᾶν
2838 1661 3192 1733 δεσμωτήρια
3242 1663 3456 1727 οἰκῶσι,
3514 1664 3620 1720 κᾶν

1941 1745 2131 1799 ἀλυσιν
2162 1746 2545 1818 περικέωνται,
2570 1748 2676 1802 κάν
2711 1747 2994 1820 συμφορὰς
3022 1748 3282 1820 θρηνῶσι,
3311 1749 3415 1803 κᾶν
3435 1750 3618 1820 λώϐην

1941 1831 2192 1904 σώματος
2220 1833 2554 1905 ὑπομένωσι,
2612 1834 2717 1888 κᾶν
2749 1833 2910 1904 πενίᾳ.
2938 1833 3257 1905 πιέζωνται,
3295 1836 3396 1890 κᾶν
3442 1838 3613 1907 νόσῳ,

1939 1919 2042 1974 κᾶν
2078 1921 2281 1986 πόνοις,
2324 1922 2427 1976 κᾶν
2454 1922 2876 1992 ταλαιπωρίαις,
2912 1922 3026 1977 ἀλλ’
3057 1923 3206 1995 ὅμως
3242 1924 3545 1979 ἐπελθοῦσα
3578 1928 3613 1996 ή

1940 2006 2037 2073 νὺξ
2065 2008 2355 2079 φάρμακον
2396 2009 2591 2078 ἐπάγει
2626 2011 3001 2082 παραμυθίας,
3035 2012 3255 2083 ἀφιεῖσα
3290 2010 3399 2064 τῶν
3433 2011 3612 2066 πόνων

1937 2094 1999 2148 τὸ
2039 2094 2218 2165 σῶμα,
2250 2095 2461 2149 ἀνιεῖσα
2491 2095 2599 2148 τῶν
2630 2096 2925 2167 φροντίδων
2980 2098 3079 2167 τήν
3164 2095 3370 2168 ψυχήν·
3417 2098 3512 2150 ἐπὶ
3554 2098 3614 2153 δέ

1939 2183 2149 2240 ἐκείνου
2179 2182 2299 2237 τότε
2327 2184 2420 2237 καὶ
2452 2186 2481 2238 6
2513 2183 2678 2255 λιμὴν
2707 2184 2970 2248 σκόπελος
2997 2185 3207 2252 γέγονε,
3240 2186 3335 2240 καὶ
3361 2188 3422 2240 τὸ
3469 2186 3608 2258 φάρ-

1942 2286 2115 2339 μακον
2141 2270 2297 2335 ἐλκος
2324 2270 2584 2342 κατέστη,
2623 2270 2714 2325 καὶ
2747 2273 2780 2341 ή
2828 2271 3154 2342 παραμυθία
3199 2271 3485 2344 προσθήκη
3526 2290 3612 2338 τις

1936 2352 2005 2428 ἦν
2030 2357 2219 2429 ὀδύνης
2239 2357 2613 2431 χαλεπωτέρα,
2631 2360 2724 2415 καὶ
2744 2358 3115 2431 φοϐερώτερος
3128 2362 3156 2413 6
3174 2358 3380 2431 χειμὼν
3404 2361 3614 2430 ἐγίνετο

1938 2448 1995 2499 ἐν
2028 2449 2097 2519 τῇ
2127 2448 2293 2500 πᾶσιν
2319 2446 2629 2519 ἀνθρώποις
2668 2448 2827 2501 νυκτὶ
2859 2447 3180 2519 παρεχούσῃ
3201 2447 3443 2518 γαλήνην
3469 2464 3481 2476 ·
3518 2450 3614 2504 καὶ

1936 2532 2136 2603 ἔφευγε
2167 2533 2266 2605 μὲν
2287 2533 2363 2597 ὡς
2394 2535 2503 2590 ἀπὸ
2529 2533 2791 2605 κυμάτων
2805 2534 2904 2605 τῆς
2930 2535 3165 2604 ἡμέρας,
3206 2533 3294 2587 διὰ
3320 2534 3419 2598 τάς
3440 2535 3614 2607 ἀκαρ-

1876 2622 1883 2637 ¹
1935 2637 1991 2672 τε
1999 2621 2191 2692 ρήτους
2210 2619 2398 2685 ὀδύνας
2414 2620 2647 2686 ὲκείνας,
2662 2621 2884 2692 εὑρισκε
2903 2620 2959 2674 δὲ
2976 2621 3270 2692 τρικυμίας
3289 2623 3382 2675 καὶ
3398 2623 3612 2694 στροϐί-

1932 2709 2057 2774 λους
2080 2710 2172 2762 καὶ⁵
2197 2708 2434 2780 ὑφάλους
2449 2710 2542 2762 καὶ
2564 2709 2843 2779 σπιλάδας,
2869 2709 2945 2774 ὼς
2974 2710 3135 2763 πάλιν
3156 2710 3224 2763 τά
3249 2711 3306 2763 ἐν
3338 2712 3402 2780 τῇ
3428 2712 3459 2780 ή
3469 2712 3533 2780 μέ
3545 2728 3615 2781 ρα

1933 2794 2153 2865 κύματα
2170 2794 2372 2867 ζητεῖν.
2390 2796 2481 2849 Διὸ
2495 2795 2562 2867 δὴ
2580 2796 2674 2850 καὶ
2703 2796 2864 2861 αὑτὸς
2888 2797 2949 2849 τὸ
2970 2797 3153 2850 καινὸν
3167 2796 3325 2850 τοῦτο
3345 2798 3513 2860 πάθος
3536 2798 3614 2851 δι-

1930 2881 2068 2951 ηγού
2075 2881 2385 2952 μενος,ἐϐόα
2396 2882 2588 2951 λέγων·
2606 2883 2749 2937 Ἐὰν
2765 2881 3206 2955 κοιμηθῶ,.ιέτω
3215 2899 3226 2910 ·
3238 2884 3390 2937 Πότε
3401 2882 3614 2953 ἡμέρας

1928 2971 2037 3027 ἐὰν
2057 2969 2314 3034 ἀναστῶ,
2339 2970 2495 3039 λέγω
2512 2988 2525 3004 ·
2560 2972 2711 3025 Πότε
2742 2971 3009 3040 ἑσπέρας
3054 2972 3210 3034 Τίνος
3237 2971 3423 3024 ἕνεκεν
3445 3011 3459 3035 ,
3490 2972 3612 3025 εἰπέ

1932 3070 2023 3123 μοι
2047 3069 2061 3116 ς
2087 3055 2143 3106 ἐν
2166 3053 2266 3124 μὲν
2284 3053 2392 3125 γάρ
2419 3057 2486 3126 τῇ
2516 3055 2697 3127 ήμέρα
2719 3056 2945 3119 είκότως
2968 3055 3068 3126 τὴν
3094 3054 3268 3108 νύκτα
3295 3055 3573 3124 ἐπιζητεῖς
3594 3072 3609 3087 ·

1929 3140 2167 3213 ἐσπέραν
2194 3142 2302 3212 γὰρ
2350 3142 2444 3213 τὴν
2474 3142 2642 3197 νύκτα
2675 3141 2849 3201 καλεῖ,
2890 3144 2980 3196 ἅτε
3015 3143 3260 3197 ἀτέλειαν
3295 3144 3429 3195 πᾶσι
3458 3158 3605 3213 παρ-

1929 3226 2157 3298 έχουσαν
2197 3228 2304 3280 τῶν
2351 3228 2733 3300 μεθημερινῶν
2753 3228 2940 3283 κακῶν
2960 3246 2973 3261 ·
2998 3230 3055 3282 ἐν
3073 3231 3227 3282 νυκτὶ
3251 3229 3307 3281 δὲ
3327 3229 3612 3300 γενόμενος

1929 3316 2021 3368 καί
2052 3314 2259 3388 γαλήνῃ
2280 3315 2371 3368 καὶ
2402 3314 2538 3387 λήθῃ
2560 3315 2670 3368 τῶν
2712 3314 2911 3370 ὀδυνῶν
2943 3315 3168 3368 ἐκείνων
3204 3316 3296 3369 καὶ.
3328 3316 3435 3368 τῶν
3450 3332 3613 3386 φρονεο

1927 3402 2105 3462 τίδων,
2129 3402 2180 3455 τί
2202 3401 2363 3456 πάλιν
2384 3402 2662 3473 ἐπιζητεῖς
2687 3402 2783 3470 τὴν
2806 3402 3018 3474 ἡμέραν
3039 3419 3053 3466 ;
3076 3402 3197 3456 Ὀτι
3225 3419 3315 3472 μοι
3339 3402 3437 3472 τῆς
3458 3402 3610 3474 [545]

1927 3491 2138 3560 ἡμέρας
2175 3490 2529 3561 χαλεταυτέρα
2570 3492 2603 3560 ή
2637 3489 2762 3554 νύξ·
2792 3491 2853 3543 ού
2898 3491 3005 3561 γὰρ
3043 3490 3293 3545 ἀτέλειάν
3344 3507 3433 3559 μοι
3463 3508 3612 3559 παρ-

1927 3577 2041 3651 έχει
2086 3577 2196 3630 τῶν
2242 3577 2421 3633 πόνων
2442 3617 2456 3637 .
2485 3576 2600 3631 ἀλλ’
2647 3577 2896 3630 ἐπίτασιν
2922 3576 3019 3629 καὶ
3048 3574 3308 3646 θορύϐους
3330 3576 3424 3629 καὶ
3441 3592 3610 3645 ταραι

1933 3663 2034 3734 χάς
2052 3680 2065 3694 ·
2110 3665 2201 3717 καὶ
2234 3663 2393 3716 τοῦτο
2416 3664 2546 3717 αὑτὸ
2583 3662 2937 3734 διηγούμενος
2966 3662 3119 3730 ἔλεγε
3149 3678 3164 3693 ⁸
3197 3661 3409 3728 Ψοδεῖς
3430 3680 3508 3730 με
3536 3663 3608 3715 ἐν

1936 3751 2291 3823 ἐνυπνίοις,
2320 3752 2418 3804 καί
2466 3751 2536 3804 ἐν
2568 3750 2828 3819 δράμασι
2862 3766 2938 3817 με
2982 3747 3463 3815 καταπλήσσεις.
3503 3749 3610 3803 Καὶ

1928 3838 2036 3908 γὰρ
2064 3838 2495 3909 ἐξεδειματοῦτο,
2527 3837 2766 3908 φοϐερὰς
2797 3835 2948 3905 ὄψεις
2980 3835 3123 3906 ὀρῶν
3156 3836 3249 3889 ἐπὶ
3266 3836 3365 3905 τῆς
3391 3838 3606 3900 νυκτὸς,

1930 3926 2024 3978 καὶ
2056 3925 2219 3994 φόϐον
2247 3925 2520 3996 ἀφόρητον
2554 3925 2860 3996 ὑπομένων,
2902 3922 3159 3977 ἐκστασίν
3187 3940 3244 3975 τε
3276 3922 3476 3994 πολλὴν
3512 3925 3608 3976 καὶ

1928 4012 2287 4083 κατάπληξιν.

1998 4094 2217 4170 γ’.Ἀρα
2235 4099 2333 4152 οὑκ
2356 4099 2668 4169 ἁπεκάμετε
2686 4097 2974 4161 ἀκούοντες
2994 4096 3092 4162 τάς
3120 4094 3451 4166 ἐπαλλήλους
3478 4094 3608 4147 ταύ-

1926 4202 2023 4252 τας
2051 4187 2367 4258 συμφοράςς
2418 4186 2555 4239 Ἀλλ’
2587 4188 2792 4249 ἐκεῖνος
2812 4187 2910 4239 οὑκ
2947 4185 3149 4255 ἔκαμνε
3168 4185 3408 4253 πάσχων.
3433 4181 3522 4235 Διὸ
3543 4181 3608 4254 δὴ

1930 4273 2229 4346 παρακαλῶ
2265 4273 2363 4345 τὴν
2386 4275 2655 4345 ὑμετέραν
2686 4275 2905 4344 ἀγάπην
2936 4273 3014 4327 ἐτι
3053 4272 3246 4344 μικρὸν
3271 4272 3563 4342 ἀναμεῖναι
3588 4285 3605 4300 ·

1928 4362 2139 4415 οὐδέπω
2168 4362 2272 4432 γαρ
2297 4362 2359 4415 τὸ
2394 4363 2500 4415 πᾶν
2530 4363 2849 4432 εἰρήκαμεν,
2876 4361 2996 4415 οὐδὲ
3053 4361 3149 4432 τὴν
3208 4359 3402 4430 ἑτέραν
3436 4374 3607 4431 προσ-

1927 4449 2202 4520 εθήκαμεν
2243 4448 2567 4521 ὑπερϐολήν.
2616 4449 2729 4501 Μία
2785 4448 2882 4518 μὲν
2919 4449 3027 4518 γὰρ
3055 4443 3153 4519 ἦν,
3189 4448 3270 4501 ὃτι
3319 4447 3496 4501 πάντα
3538 4446 3608 4500 τά

1928 4537 1986 4588 ἐν
2016 4535 2323 4607 ἀνθρώποις
2356 4535 2504 4589 κᾶκά
2536 4535 2593 4587 ἓν
2625 4536 2783 4605 σῶμα
2812 4535 3103 4605 ὑπέμεινεν
3130 4551 3144 4566 ·
3198 4535 3359 4604 ἐτέρα
3407 4534 3484 4599 δὲ,
3523 4535 3607 4587 ὅτι

1929 4625 2105 4678 πάντα
2137 4624 2297 4695 ὁμοῦ,
2344 4626 2435 4679 καὶ
2473 4625 2594 4678 οὑδὲ
2647 4625 2746 4695 τὴν
2796 4624 3064 4696 τυχοῦσαν
3092 4625 3249 4695 ἔσχεν
3276 4628 3567 4695 ἀνακωχήν
3588 4642 3601 4656 ·

1930 4711 2186 4783 βούλομαι
2215 4713 2271 4765 δὲ
2303 4713 2397 4767 καὶ
2426 4714 2616 4785 τρίτην
2646 4714 2817 4767 εἰπεῖν
2838 4729 2851 4742 ·
2875 4713 2957 4776 τίς
2985 4709 3075 4765 οῦν
3110 4715 3257 4764 ἐστιν
3288 4710 3424 4780 αῦτη
3448 4729 3460 4769 ;
3483 4712 3604 4764 Ὀτι

1927 4802 2037 4856 τῶν
2066 4803 2369 4874 εἰρημένων
2395 4803 2623 4855 ἕκαστον
2656 4803 2715 4855 οὑ
2756 4801 2913 4871 μόνον
2976 4800 3118 4873 [οὑχ]
3150 4799 3286 4868 όμοῦ
3347 4798 3603 4869 ἐπῆλθεν,

1929 4889 2063 4943 ἀλλά
2098 4890 2192 4942 καὶ
2226 4890 2363 4960 μετὰ
2404 4889 2604 4959 πολλῆς
2643 4888 2743 4959 τῆς
2789 4887 3093 4960 ὑπερϐολῆς
3128 4886 3220 4939 καὶ
3248 4885 3347 4955 τῆς
3379 4884 3603 4957 σφοδρό-

1927 4993 2119 5046 τητος·
2162 4977 2281 5048 ἦτε
2308 4977 2416 5045 γὰρ
2458 4976 2616 5029 πενία
2657 4976 2844 5038 πενίας
2878 4975 3097 5043 ἀπάσης
3148 4972 3523 5042 χαλεπωτέρα,

1926 5081 1985 5117 τε
2007 5064 2181 5127 νόσος,
2201 5063 2237 5133 ἦ
2270 5079 2331 5115 τε
2362 5063 2620 5134 καθέδρα,
2651 5063 2685 5131 ἥ
2720 5079 2779 5115 τε
2813 5063 2920 5114 τῶν
2949 5060 3154 5113 παίδων
3184 5058 3447 5121 ἀπώλεια,
3473 5060 3507 5130 ἦ
3539 5076 3601 5115 τε

1925 5155 2034 5206 τῶν
2060 5155 2226 5206 ὀντων
2258 5153 2529 5206 ἁπάντων.
2565 5152 2761 5204 Σκόπει
2785 5152 2841 5204 δέ
2863 5168 2875 5180 ’
2924 5147 3198 5203 Ἀπώλεσέ
3227 5166 3309 5211 τις
3338 5148 3405 5202 τά
3432 5148 3598 5215 ὄντας

1926 5240 2038 5293 ἀλλ’
2068 5242 2166 5309 οὑχ
2200 5238 2370 5302 οὑτως
2403 5238 2722 5309 ὁλοσχερῶς,
2779 5238 2898 5290 οὐδὲ
2959 5236 3143 5308 τρόπῳ
3172 5233 3414 5305 τοιούτῳ.
3457 5235 3589 5287 Ἀπ-

1928 5327 2087 5380 έϐαλε
2116 5328 2307 5390 παῖδας
2328 5343 2341 5391 ;
2365 5326 2478 5379 ἀλλ’
2502 5328 2754 5379 οὐδέποτε
2779 5327 2868 5393 ὑφ’
2894 5324 2950 5377 ἓν
2978 5325 3243 5386 ἅπαντας,
3272 5323 3391 5376 οὐδὲ
3411 5322 3597 5377 τοσού-

1927 5431 2070 5476 τους,
2092 5414 2210 5467 οὑδὲ
2241 5413 2530 5474 τοιούτους.
2554 5412 2710 5481 Νόσῳ
2736 5412 3092 5483 περιέπεσεν;
3121 5410 3232 5463 ἀλλ’
3264 5411 3324 5462 οὑ
3355 5408 3597 5482 τοιαύτη,

1926 5501 2039 5553 ἀλλ’
2078 5501 2109 5570 ἢ
2144 5502 2416 5569 πυρετοῖς,
2448 5499 2480 5569 ἢ
2523 5499 2693 5571 λώϐῃ,
2728 5499 2759 5568 ἢ
2802 5498 2977 5568 ἑτέρῳ
3008 5498 3115 5551 τινὶ
3156 5497 3317 5550 πάῗει
3353 5497 3595 5568 συνήθει.

1940 5587 2153 5658 Ἐκεὶνη
2185 5588 2294 5656 δέή
2332 5586 2510 5656 πληγὴ
2552 5585 2676 5656 ξένη
2706 5602 2790 5648 τις
2821 5580 2905 5655 ἦν,
2935 5584 3029 5636 καὶ
3063 5583 3140 5656 τῷ
3171 5586 3429 5654 πάσχοντι
3453 5583 3601 5655 μόνῳ

1931 5677 2129 5743 σαφής.
2176 5675 2347 5741 Λόγος
2395 5674 2501 5744 γὰρ
2557 5672 2731 5736 οὐδεὶς
2772 5672 3122 5741 παραστῆσαι
3173 5672 3377 5724 δύναιτ’
3426 5671 3491 5724 ἂν
3536 5672 3600 5727 τὸ

1932 5762 2124 5831 πικρὸν
2178 5761 2282 5812 τῶν
2310 5760 2479 5812 ἑλκῶν
2507 5758 2728 5813 ἐκείνων
2762 5758 2855 5811 καὶ
2880 5758 2940 5811 τὸ
2981 5759 3088 5811 τῶν
3122 5759 3444 5830 τραυμάτων
3471 5759 3592 5810 ὀδυ-

1928 5850 2110 5917 νηρὸν,
2139 5848 2251 5902 ἀλλ’
2286 5851 2443 5920 ἀρκεῖ
2490 5848 2647 5916 μόνον
2694 5848 2781 5900 τὶν
2822 5844 3198 5916 ἐργασάμενον
3240 5847 3457 5899 εἰπόντα
3500 5845 3587 5897 καὶ

1932 5937 2019 5990 τὸν
2074 5939 2291 6008 ἄσχετον
2324 5938 2483 5992 αὐτοῦ
2518 5936 2707 6009 θυμὸν,
2750 5933 3083 5998 ἑνοεέξασθαι
3129 5937 3222 6007 τῆς
3276 5936 3483 6004 πληγῆς
3530 5935 3589 5986 ἰδ
