3966 6160
348 340 449 422 ω

347 478 541 538 Amisit
584 475 721 534 Illius
737 460 771 534 ?‘
808 483 865 530 at
903 485 1194 544 numquam
1244 487 1351 528 uno
1392 476 1664 525 momento
1718 480 1928 530 omnes,

346 584 522 642 neque
575 577 693 636 tot,
745 580 920 638 neque
978 567 1131 620 tales.
1190 564 1249 621 lu
1299 563 1544 618 morbum
1597 558 1823 615 incidit?
1878 565 1934 611 at

346 676 450 720 non
476 660 659 723 talem,
685 658 781 717 sed
823 656 908 713 vel
954 654 1090 712 febri
1137 654 1417 720 laboravit,
1446 653 1533 708 vel
1576 650 1933 714 mutilatioue,

344 754 425 808 vel
450 751 804 821 similialiquo
823 758 1189 819 consuetaque
1209 745 1417 802 morbo.
1446 743 1541 800 Illa
1571 751 1749 798 autem
1781 741 1932 811 plaga

346 844 556 901 insolita
586 852 721 909 erat,
751 857 869 913 qua:
883 840 976 896 uni
1007 837 1227 910 patienti
1255 845 1380 893 nota
1401 844 1561 891 esset.
1581 832 1767 888 Nullus
1791 832 1932 887 enim

344 951 523 993 senno
542 935 812 1006 explicare
840 931 1011 1004 possit
1030 945 1189 1002 quam
1214 929 1405 985 acerba
1426 930 1608 982 essent
1636 924 1814 980 ulcera
1841 920 1931 979 illa

344 1039 397 1086 et
422 1038 681 1100 quantum
722 1026 978 1083 inferrent
1000 1024 1224 1079 vulnera
1254 1022 1536 1088 dolorem;
1568 1018 1660 1075 sed
1692 1019 1821 1073 satis
1850 1025 1934 1073 est

344 1123 545 1179 dixisse
586 1121 709 1192 quis
734 1120 933 1174 malum
971 1117 1242 1183 inﬂixerit,
1274 1124 1329 1170 et
1357 1128 1517 1185 quam
1544 1113 1862 1168 exulcerato
1887 1110 1933 1166 is

343 1217 528 1271 auium
554 1222 720 1280 esset,
750 1221 809 1267 ut
837 1211 1007 1282 plagae.
1048 1207 1359 1281 magnitudo
1400 1205 1732 1263 ostendatur.
1784 1202 1931 1260 Nova

346 1312 472 1368 item
493 1321 549 1370 et
564 1311 774 1367 insolita
801 1317 918 1365 erat
942 1307 1057 1378 ejus
1079 1306 1256 1363 sedes.
1283 1304 1465 1377 Neque
1484 1304 1627 1361 enim
1650 1303 1789 1359 ullus
1810 1318 1931 1359 um-

344 1420 502 1475 quam
534 1416 734 1475 pauper
761 1403 839 1457 sic
865 1401 1004 1457 sedit
1031 1400 1175 1457 omni
1207 1409 1447 1468 tempore
1473 1398 1574 1453 sub
1602 1397 1721 1465 dio,
1755 1405 1813 1452 ut
1842 1397 1933 1452 ille

344 1495 592 1562 sedebat,
609 1494 848 1550 vestibus
873 1491 1119 1557 nudatus,
1139 1502 1278 1547 Iccto
1295 1492 1531 1561 privatus
1547 1491 1714 1557 omni,
1734 1489 1785 1544 in
1805 1489 1934 1544 limo

344 1586 543 1642 sedens
563 1586 837 1641 vermibus
865 1594 1100 1639 scatens.
1130 1582 1286 1653 Sa'pe
1315 1582 1494 1638 evenit
1513 1581 1709 1652 utquis
1735 1581 1930 1636 malam

346 1678 566 1734 haberet
599 1692 820 1731 uxorem
844 1676 968 1731 :sed
989 1675 1130 1729 nulla
1153 1689 1403 1744 umquam
1423 1682 1530 1729 tam
1555 1673 1794 1744 improba
1835 1673 1931 1728 fuit

343 1788 462 1840 qum
492 1770 544 1824 in
577 1778 719 1824 tanta
758 1767 1061 1823 calamitate
1100 1766 1270 1821 virum
1311 1766 1697 1833 insectaretur,
1731 1776 1785 1819 et
1822 1765 1933 1836 gla-

344 1864 488 1918 dium
520 1871 732 1916 aeneret
762 1860 1021 1915 adversus
1048 1859 1283 1913 animam
1316 1857 1502 1929 ipsius,
1529 1857 1760 1929 taliaque
1800 1873 1926 1913 con-

346 1960 459 2014 silia
486 1957 657 2012 daret.
694 1955 1001 2010 Amicorum
1029 1967 1244 2023 quoque
1283 1961 1333 2007 et
1360 1952 1784 2007 domesticorum
1812 1951 1931 2005 ani—

346 2065 489 2106 mum
519 2047 805 2105 considera
835 2064 848 2100 :
883 2045 1035 2100 famis
1075 2060 1289 2116 quoque
1327 2059 1523 2099 novum
1551 2059 1750 2115 genus,
1790 2043 1931 2113 quod

347 2155 530 2195 mensa
564 2138 802 2210 apposita
831 2137 959 2192 nihil
983 2146 1197 2206 gustare
1232 2143 1430 2206 posset.
1463 2135 1645 2190 Dicam
1690 2145 1744 2191 et
1772 2150 1934 2206 quar-

349 2240 455 2284 tam
496 2230 869 2302 hyperbolen?
920 2228 1133 2284 divitias
1183 2242 1375 2300 nempe
1422 2236 1475 2283 et
1526 2227 1932 2297 prosperitatem

350 2322 647 2392 pristinam.
694 2319 825 2375 Nam
864 2320 953 2391 qui
982 2320 1049 2374 ab
1093 2318 1244 2373 initio
1296 2320 1348 2372 in
1389 2327 1703 2388 paupertate
1758 2316 1931 2383 vixit,

350 2412 555 2466 facilius
593 2410 698 2466 fert
734 2411 898 2477 illam,
929 2419 1111 2481 utpote
1150 2409 1242 2480 qui
1284 2410 1482 2464 malum
1515 2408 1641 2464 illud
1669 2408 1761 2465 diu
1793 2409 1935 2464 tule-

350 2507 416 2559 rit
446 2520 461 2557 :
488 2503 579 2574 qui
607 2511 785 2558 autem
816 2518 882 2557 ex
924 2511 1068 2557 tanta
1098 2501 1370 2571 opulentia
1399 2501 1652 2572 delapsus
1676 2509 1782 2565 est,
1808 2515 1932 2555 eum

350 2605 534 2667 utpote
559 2611 659 2652 nec
685 2607 987 2666 expertum.
1010 2610 1111 2650 nec
1140 2603 1454 2650 noseentem
1476 2594 1618 2649 illam
1645 2594 1935 2650 verisimile

349 2700 432 2745 est
470 2689 686 2760 gravius
733 2688 986 2753 sensisse,
1045 2688 1291 2744 acerbius
1340 2686 1613 2752 doluisse,
1668 2694 1723 2742 et
1766 2687 1933 2756 magis

363 2785 633 2838 turbatum
661 2780 845 2837 fuisse.
886 2781 1143 2848 Quintum
1186 2781 1347 2835 etiam
1377 2778 1483 2833 dici
1526 2780 1692 2849 possit
1721 2795 1733 2832 :
1761 2777 1927 2849 quod-

349 2893 473 2932 nam
502 2876 667 2931 illud?
696 2875 751 2931 In
778 2875 897 2930 aliis
923 2874 1164 2946 quidem,
1190 2872 1388 2943 singuli
1406 2872 1653 2927 homines
1681 2873 1770 2943 qui
1792 2871 1934 2926 mul-

349 2978 525 3022 torum
550 2966 651 3021 sibi
702 2967 964 3020 malorum
1016 2963 1218 3020 conscii
1248 2973 1392 3029 sunt,
1445 2978 1664 3019 causam
1712 2973 1930 3029 norunt,

345 3059 503 3127 cujus
548 3048 709 3112 causa
768 3058 1068 3128 patiuntur;
1122 3055 1283 3127 idque
1342 3070 1446 3110 non
1501 3070 1688 3125 parum
1741 3054 1933 3110 estad

346 3149 771 3205 consolationem
801 3168 815 3205 :
858 3149 948 3205 ille
978 3163 1107 3203 vero
1128 3163 1301 3218 neque
1330 3147 1434 3203 hoc
1458 3148 1672 3218 quidem
1700 3148 1935 3218 cogitare

348 3250 577 3312 poterat,
596 3240 735 3312 quod
754 3241 1067 3296 delictorum
1088 3250 1531 3312 peccatorumque
1549 3255 1732 3312 pinnas
1746 3241 1897 3296 daret
1916 3257 1931 3294 :

347 3341 403 3389 et
425 3332 527 3388 hoc
548 3333 779 3387 maxime
807 3332 1147 3387 ratiocinium
1177 3331 1292 3401 ejus
1332 3333 1597 3389 turbabat.
1629 3333 1762 3388 Cum
1789 3334 1931 3388 enim

346 3426 513 3480 vitam
542 3440 693 3479 suam
722 3424 1093 3494 perpendebat
1121 3433 1175 3478 ct
1214 3424 1596 3479 conscientiam
1628 3440 1777 3479 suam
1818 3424 1935 3494 plus

347 3532 508 3585 quam
538 3516 620 3571 sol
664 3510 1003 3587 ell'ulgentem
1050 3531 1112 3570 ac
1151 3526 1295 3571 recte
1330 3512 1593 3570 factorum
1634 3514 1932 3571 multitudi-

348 3623 493 3672 nem,
524 3617 744 3662 noverat
769 3623 827 3661 se
866 3606 1079 3662 coronis
1108 3614 1162 3660 et
1207 3607 1389 3660 bravio
1428 3615 1483 3659 et
1513 3605 1743 3676 pra-miis
1782 3607 1935 3660 imm-

349 3701 512 3755 ineris
536 3714 657 3754 esse
684 3697 902 3769 dignum
932 3715 948 3753 :
979 3712 1100 3752 cum
1125 3712 1253 3752 vero
1279 3711 1471 3765 corpus
1493 3710 1644 3750 suum
1677 3696 1934 3764 respicie-

349 3792 460 3858 bat,
494 3790 693 3853 ulcera,
720 3799 775 3845 et
803 3790 979 3844 omnia
1005 3804 1124 3859 qua:
1153 3788 1255 3843 sibi
1284 3787 1630 3854 acciderant;
1659 3787 1846 3843 videns
1875 3804 1935 3844 se

348 3883 591 3953 graviora
628 3883 755 3951 pati,
786 3896 945 3952 quam
985 3880 1075 3951 qui
1122 3890 1362 3935 extrema
1410 3880 1614 3934 scelera
1659 3891 1959 3949 perpetras

351 3982 491 4041 rant,
522 3974 720 4029 nullam
746 3987 961 4027 causam
993 3973 1237 4027 invenire
1278 3980 1332 4027 et
1363 3970 1545 4027 dicere
1584 3980 1795 4042 poterat
1836 3988 1936 4027 cur

351 4069 476 4125 talia
499 4077 791 4139 pateretur.
822 4065 946 4122 Ideo
962 4065 1121 4136 igitur
1136 4065 1203 4120 ad
1227 4064 1821 4137 inconipreheusihilem
1844 4060 1933 4118 Dei

350 4160 804 4233 dispensationem
827 4157 1137 4227 confugiens
1153 4157 1363 4212 dicebat
1387 4156 1565 4211 :Sicut
1582 4155 1802 4211 Domino
1823 4154 1938 4224 pla-

350 4258 476 4321 ruit,
498 4256 570 4308 ita
597 4256 787 4326 factum
811 4261 882 4307 est
912 4251 1032 4324 (Job
1065 4254 1114 4307 i.
1153 4250 1269 4321 2f).
1293 4250 1360 4305 Et
1384 4264 1605 4306 uxorem
1635 4247 1936 4318 reprimens

351 4363 451 4417 pro
477 4346 724 4400 facultate
750 4344 1008 4398 rationem
1040 4343 1370 4413 exprompsit
1394 4356 1509 4412 qua!
1539 4340 1787 4410 pietatem
1818 4337 1936 4407 ejus

352 4440 639 4495 admodum
669 4438 1007 4501 ostendebat,
1025 4438 1104 4492 sic
1130 4437 1314 4491 dicens
1338 4454 1352 4490 :
1376 4438 1436 4491 Si
1462 4435 1593 4488 bona
1622 4431 1935 4502 suscepimus

351 4554 383 4589 a
415 4534 656 4599 Domino,
686 4532 820 4586 mala
846 4547 946 4585 non
967 4529 1317 4584 sustinebimus
1345 4527 1498 4598 (Job.
1529 4524 1586 4589 2,
1611 4522 1746 4595 10)?

424 4631 553 4683 Ante
592 4626 808 4698 gratiam
844 4624 1002 4678 virtus
1041 4620 1293 4693 difﬁcilior
1328 4627 1454 4674 erat.
1483 4646 1554 4658 —-
1576 4617 1751 4672 Aliam
1799 4627 1938 4684 quo-

354 4737 460 4791 que
496 4719 671 4775 dicam
714 4715 1078 4790 hyperbolen,
1120 4730 1237 4784 qmc
1278 4712 1535 4767 athletam
1579 4708 1730 4763 illum
1772 4706 1941 4761 maxi-

357 4829 445 4870 me
482 4820 707 4869 coronet
746 4824 810 4865 ac
846 4808 1120 4878 prmdieet,
1160 4804 1514 4873 ostendatque
1543 4801 1684 4856 illius
1704 4800 1935 4854 animam

355 4906 640 4962 sublimem
671 4902 737 4957 ad
782 4902 970 4955 crelum
1010 4914 1175 4968 usque
1221 4897 1634 4966 pertingentem.
1680 4891 1937 4959 Qumnam

355 4998 518 5067 igitur
545 4994 633 5048 illa
661 4993 786 5047 est?
814 4988 1093 5060 Temporis
1117 4987 1417 5043 dillereutia
1453 5004 1466 5041 :
1499 4999 1622 5039 eum
1648 4984 1789 5038 enim
1815 4990 1941 5034 ante

352 5088 581 5159 gratiam
609 5092 664 5139 et
690 5093 814 5137 ante
843 5082 1015 5151 legem
1043 5079 1355 5139 exstitisset,
1396 5077 1488 5130 tali
1533 5086 1709 5130 tamen
1749 5072 1941 5142 plenus

354 5190 475 5234 erat
504 5174 858 5249 philosophia.
899 5171 1017 5227 Non
1062 5186 1247 5241 parum
1295 5178 1473 5223 autem
1517 5167 1645 5221 illud
1693 5174 1797 5230 est,
1844 5164 1941 5219 sed

353 5270 500 5342 quod
540 5276 823 5323 sexcentos
858 5264 1024 5341 possit
1070 5270 1284 5317 nectere
1326 5274 1574 5314 coronas.
1620 5255 1940 5312 Eorumdem

352 5365 502 5420 enim
533 5371 678 5417 recte
705 5361 966 5413 fat-torum
995 5371 1099 5410 non
1126 5354 1328 5410 e:edem
1352 5358 1477 5406 sunt
1498 5347 1796 5412 mercedes,
1819 5362 1940 5402 cum

354 5457 497 5510 alios
526 5453 743 5523 quidem
782 5449 972 5521 priscis
1003 5444 1330 5516 temporibus
1371 5443 1492 5499 talia
1524 5442 1771 5513 patravit,
1808 5439 1944 5492 alius

348 5554 539 5601 autem
567 5546 752 5600 intimo
778 5556 925 5606 aevo;
955 5541 1050 5594 sed
1086 5536 1248 5607 priori
1278 5525 1436 5602 longe
1464 5531 1716 5600 majores.
1761 5528 1943 5598 Neque

338 5640 507 5695 -enim
542 5654 638 5708 par
667 5649 753 5690 res
793 5644 894 5699 est,
943 5641 1223 5702 postquam
1257 5625 1503 5682 Christus
1530 5622 1765 5685 advenit,
1808 5630 1947 5690 post-

328 5747 523 5802 quam
567 5737 648 5785 tot
698 5737 948 5797 tantaque
990 5721 1229 5778 exhibuit
1271 5729 1321 5775 et
1376 5716 1584 5771 monuit
1625 5722 1678 5768 et
1714 5713 1948 5784 philoso-

344 5824 566 5894 _pliandi
595 5823 816 5881 consilia
847 5820 991 5877 dedit
1036 5815 1288 5890 pra'clare
1318 5826 1473 5879 agere
1519 5818 1572 5866 et
1623 5820 1745 5862 ante
1782 5809 1946 5878 ipsius

988 357 1055 414 IV
1096 352 1399 422 IIOMILIA,
1441 350 1801 410 ADVERSUS
1840 350 1968 407 E03
2003 351 2122 420 QUI
2162 354 2301 414 NON
2342 355 2786 427 ADFUERANT,
2828 357 2980 415 ETC.

3532 359 3637 414 £82

2042 464 2328 526 adventum
2349 479 2404 524 et
2435 480 2560 526 ante
2589 471 2759 542 legem
2797 481 2852 527 et
2880 459 3166 542 prophetas
3197 474 3319 530 talia
3350 486 3628 546 praestare.

2042 555 2330 628 Propterea
2362 570 2642 632 postquam
2687 562 2926 631 advenit,
2960 564 3219 634 majorem
3250 566 3501 623 virtutem
3542 585 3626 624 re-

2038 649 2200 719 quirit
2221 692 2235 715 ,
2277 650 2463 707 dicens
2493 668 2507 707 :
2542 650 2663 708 Nisi
2697 654 3029 710 abundaverit
3054 656 3260 727 justitia
3299 667 3463 712 uestra
3509 661 3627 728 plus

2037 757 2191 813 quant
2234 743 2531 799 Scribarum
2576 755 2627 801 et
2675 745 3076 815 Pharisaeorum,
3128 766 3231 805 non
3271 750 3526 807 intrabitis
3571 757 3626 807 in

2039 849 2250 904 regnum
2274 836 2513 891 etcloram
2544 836 2757 912 (Matth.
2790 840 2844 895 5.
2873 841 2990 911 20).
3020 841 3231 909 Quanto
3275 845 3450 915 major
3480 847 3625 902 enim

2040 926 2138 981 fuit
2167 928 2429 994 doctrina,
2468 940 2617 984 tanto
2644 930 2873 1001 majores
2893 943 2943 987 et
2967 932 3220 1003 justiores
3234 935 3446 990 virtutis
3470 953 3624 993 men-

2038 1033 2177 1074 surae
2199 1021 2386 1090 posite
2428 1032 2570 1077 sunt.
2611 1025 2678 1079 At
2731 1024 2815 1079 hic
2861 1041 2966 1079 non
3019 1027 3259 1083 doctrina
3313 1029 3610 1095 institutus,
3698 1015 3711 1025 ’

2039 1126 2145 1165 non
2176 1112 2392 1184 scriptis
2421 1114 2685 1180 eruditus,
2725 1132 2830 1170 non
2863 1116 3033 1181 libris,
3062 1132 3183 1174 cum
3213 1120 3390 1176 nullos
3418 1121 3623 1177 similes

2037 1205 2279 1271 vidisset,
2313 1221 2414 1261 nec
2436 1215 2617 1275 posset
2642 1208 2709 1262 ad
2734 1209 3010 1279 superiora
3038 1219 3280 1283 tempora
3318 1229 3621 1280 recurrere.

2036 1304 2091 1352 et
2117 1297 2369 1366 praeclara
2392 1299 2642 1369 exempla
2668 1299 3013 1355 considerare
3039 1319 3053 1367 ;
3083 1302 3318 1357 nondum
3342 1304 3483 1359 enim
3506 1315 3625 1361 erat

2035 1388 2321 1460 scriptura,
2350 1406 2449 1446 nec
2488 1390 2707 1447 historia
2735 1409 2853 1462 qua:
2882 1408 2971 1449 res
2994 1402 3174 1465 gestas
3215 1395 3487 1462 traderet;
3526 1399 3621 1453 sed

2038 1482 2089 1537 in
2119 1483 2199 1537 via
2231 1499 2337 1539 non
2368 1484 2514 1549 trita,
2547 1484 2601 1538 in
2634 1485 2765 1539 mari
2792 1483 2846 1540 in
2875 1500 2985 1555 quo
3015 1487 3193 1541 nullus
3219 1489 3616 1557 enavigaverat,

2037 1575 2089 1629 in
2122 1584 2264 1629 tanta
2291 1574 2545 1644 nequitia:
2582 1575 2833 1645 caligine,
2866 1576 3014 1631 solus
3052 1586 3107 1632 et
3138 1579 3342 1648 primus
3369 1580 3460 1636 ille
3496 1587 3624 1636 tunc

2036 1663 2173 1719 hanc
2195 1664 2543 1736 philosophia:
2569 1666 2706 1720 viam
2724 1667 2956 1736 aperuit,
2977 1668 3029 1722 in
3047 1683 3254 1723 summa
3281 1669 3477 1726 virtute
3497 1684 3620 1726 cum

2035 1757 2409 1827 exsuperantia
2463 1771 2708 1812 summus
2762 1757 3084 1814 declaratus.
3147 1759 3316 1815 Valde
3368 1777 3619 1833 magnum

2035 1852 2230 1921 quippe
2245 1859 2329 1906 est
2357 1850 2439 1905 vel
2473 1850 2711 1905 minores
2730 1851 2945 1905 virtutis
2976 1860 3157 1921 partes
3185 1862 3332 1908 recte
3357 1855 3575 1925 exsequi
3600 1871 3617 1919 ;

2037 1941 2193 2012 longe
2210 1941 2381 2011 majus
2399 1949 2574 1995 autem
2597 1941 2649 1996 in
2667 1956 2877 1996 summo
2890 1956 3201 2012 supremum
3214 1945 3451 2000 omnium
3465 1961 3617 2002 esse:

2036 2031 2176 2103 quod
2198 2041 2378 2087 autem
2405 2031 2660 2103 patientia
2693 2032 2762 2086 sit
2779 2033 3017 2087 omnium
3041 2048 3315 2104 suprema,
3340 2050 3498 2090 nemo
3525 2052 3620 2092 ne-

2035 2124 2257 2194 gaverit.
2285 2123 2412 2179 Hice
2434 2123 2593 2195 igitur
2607 2139 2727 2180 eum
2752 2124 2868 2194 ipse
2889 2122 3137 2181 diabolus
3158 2126 3344 2192 sciret,
3368 2127 3578 2183 dicebat
3599 2144 3616 2183 :

2036 2216 2232 2272 Pellem
2255 2232 2349 2286 pro
2374 2216 2526 2286 pelle,
2567 2223 2616 2270 et
2641 2216 2811 2270 omnia
2837 2232 2951 2287 qua:
2978 2216 3125 2271 habet
3162 2216 3332 2283 Immo,
3362 2218 3500 2272 dabit
3528 2236 3622 2289 pro

2035 2308 2208 2360 anima
2237 2322 2329 2360 sua
2359 2305 2487 2360 :sed
2512 2306 2651 2359 mitte
2700 2322 2909 2359 manum
2935 2315 3095 2372 tuam,
3136 2317 3186 2361 et
3224 2317 3375 2378 tange
3417 2324 3621 2363 carnem

2035 2399 2147 2466 ejus
2167 2394 2287 2465 (Job
2312 2396 2369 2450 2.
2402 2396 2482 2467 4).
2516 2395 2672 2451 Unde
2703 2397 2875 2465 palam
2907 2405 2992 2452 est
3034 2396 3173 2452 hanc
3213 2399 3463 2455 virtutem
3498 2414 3623 2455 esse

2036 2487 2273 2541 omnium
2312 2500 2642 2554 supremam,
2694 2500 2922 2556 qumque
2978 2487 3116 2542 virili
3163 2496 3218 2542 et
3256 2486 3429 2544 ferrea
3486 2505 3622 2559 opus

2039 2579 2234 2635 habeat
2271 2578 2486 2645 anima;
2518 2578 2781 2647 siquidem
2825 2579 3007 2635 videre
3050 2594 3238 2651 posses
3265 2593 3495 2652 quantus
3534 2584 3638 2639 ille‘

2036 2680 2155 2727 erat
2201 2673 2255 2728 in
2313 2671 2721 2726 tentationibus.
2773 2670 2907 2726 Rem
2956 2671 3102 2727 enim
3147 2686 3327 2727 sermo
3373 2686 3624 2732 atcurate

2036 2762 2294 2820 exhibere
2323 2776 2428 2817 non
2460 2761 2651 2831 potuit.
2687 2760 2935 2817 Dolorem
2963 2762 3128 2829 enim,
3164 2764 3423 2833 supplicia
3446 2806 3461 2830 ,
3490 2779 3627 2823 mo-

2037 2855 2176 2912 roris
2201 2853 2561 2927 tyrannidem,
2600 2864 2654 2909 et
2679 2854 3138 2924 perturbationem
3167 2871 3234 2911 ex
3274 2866 3351 2912 tot
3381 2853 3622 2916 tristibus

2036 2950 2200 3006 rebus
2240 2956 2436 3014 ortam,
2480 2948 2624 3003 nulla
2668 2950 2750 3002 vis
2794 2950 3062 3004 sermonis
3106 2948 3302 3005 efferre
3327 2949 3407 3006 sic
3446 2961 3622 3022 potest

2035 3041 2396 3107 audientibus,
2423 3038 2485 3095 ut
2528 3040 2640 3110 ipsa
2682 3055 2862 3095 rerum
2907 3041 3261 3110 experientia.

2108 3133 2164 3188 4.
2204 3132 2318 3202 Age
2341 3146 2470 3202 ergo
2491 3131 2641 3186 illum
2671 3131 2764 3186 tibi
2807 3131 2967 3187 etiam
2992 3133 3303 3188 monstrabo
3327 3134 3452 3208 (hoc
3476 3137 3620 3191 enim

2038 3239 2145 3280 non
2171 3224 2440 3278 modicum
2470 3231 2573 3285 est,
2607 3221 2703 3277 sed
2734 3222 2916 3277 animo
2940 3223 3100 3279 valde
3138 3225 3458 3296 philosopho
3484 3241 3622 3297 opus

2038 3314 2305 3386 habentis)
2327 3313 2380 3369 in
2405 3312 2610 3369 divitiis
2632 3322 2688 3368 et
2709 3314 2761 3367 in
2784 3309 3059 3386 opulentia
3091 3330 3336 3387 magnam
3361 3319 3621 3375 exhibeu~

2039 3416 2146 3463 tem
2160 3404 2575 3475 philosophiam.
2599 3404 2786 3473 Qualis
2810 3405 2971 3476 igitur
2990 3415 3105 3460 erat
3126 3421 3247 3461 cum
3272 3408 3423 3463 dives
3438 3419 3583 3465 esset
3596 3410 3624 3466 ἳ

2036 3495 2350 3554 Communis
2368 3494 2606 3549 omnium
2633 3502 2838 3564 portus,
2861 3495 3160 3549 communis
3188 3497 3425 3551 omnium
3447 3506 3619 3568 pater,

2035 3587 2336 3644 communis
2365 3585 2635 3651 medicus;
2684 3584 2794 3639 imo
2831 3585 3042 3639 medico
3071 3585 3243 3654 major
3273 3604 3288 3640 :
3316 3586 3439 3642 audi
3468 3604 3622 3644 nam-

2036 3695 2142 3751 que
2168 3694 2291 3735 eum
2328 3678 2596 3733 dicentem
2632 3694 2647 3731 :
2683 3676 2790 3747 Ego
2829 3691 2968 3729 eram
3004 3676 3182 3729 oculus
3222 3692 3489 3743 caecorum,
3532 3696 3620 3751 pes

2036 3750 2337 3828 alendorum
2367 3769 2488 3841 (Job
2514 3769 2603 3825 ea.
2633 3768 2747 3839 ιδ).
2780 3750 2968 3823 Viden’
3006 3768 3277 3835 quomodo
3298 3769 3506 3826 medico
3547 3768 3618 3827 sit

2038 3864 2248 3934 major?
2265 3863 2477 3918 Natura:
2499 3862 2668 3916 vicem
2692 3861 2882 3932 agebat
2897 3875 3022 3930 erga
3046 3861 3265 3915 mutilos
3286 3870 3341 3917 et
3361 3863 3620 3919 mam-osi

2037 3966 2094 4012 et
2121 3955 2264 4025 quod
2296 3969 2401 4008 non
2449 3962 2697 4023 poterant
2732 3951 2921 4006 medici
2957 3959 3076 4006 arte
3116 3955 3408 4021 corrigere,
3446 3952 3497 4007 id
3528 3952 3622 4010 ille

2038 4045 2313 4102 reficiebat
2339 4043 2729 4106 consolatione,
2754 4042 2823 4097 ob
2850 4041 3070 4095 multam
3100 4041 3241 4097 circa
3271 4042 3391 4097 illos
3426 4043 3621 4101 solliei-

2039 4137 2277 4191 tudinem
2304 4135 2667 4190 membrorum
2696 4133 2864 4188 vicem
2896 4132 3026 4201 ipsis
3050 4146 3263 4202 gerens.
3292 4133 3424 4189 Nam
3462 4137 3618 4207 quasi

2038 4230 2178 4294 sani,
2204 4226 2431 4297 pedibus
2474 4225 2732 4289 valentes,
2777 4235 2832 4278 et
2875 4222 3120 4279 videntes
3148 4224 3412 4295 degebant
3451 4228 3485 4282 ii
3524 4228 3616 4299 qui

2039 4318 2122 4373 his
2149 4316 2387 4373 mulctati
2414 4322 2566 4369 erant
2591 4313 2864 4379 membris,
2892 4328 2996 4368 non
3027 4316 3321 4371 sentientes
3351 4316 3624 4376 claudica-

2042 4412 2241 4465 tionem
2274 4422 2447 4477 neqne
2473 4406 2771 4460 emcitatem
2811 4404 2882 4461 ob
2922 4415 3167 4476 magnam
3201 4406 3319 4478 ejus
3340 4409 3623 4477 providen-

2041 4504 2190 4558 tiam.
2218 4500 2553 4570 Quapropter
2582 4512 2687 4552 non
2717 4496 2869 4562 dixit,
2904 4494 3018 4566 Ego
3040 4495 3292 4552 consolor
3314 4496 3539 4554 claudos
3566 4512 3624 4555 et

2040 4607 2213 4651 ca'cos
2244 4610 2259 4647 :
2289 4591 2407 4655 sed,
2440 4589 2540 4643 Pes
2559 4598 2607 4643 et
2631 4587 2808 4663 oculus
2839 4586 3055 4645 illorum
3092 4603 3265 4651 eram;
3307 4595 3363 4640 et
3406 4603 3621 4652 rursus,

2041 4687 2155 4759 Ego
2182 4701 2320 4740 eram
2343 4694 2486 4754 pater
2509 4682 2860 4749 impotentium
2881 4676 3042 4748 (Ibid.
3119 4674 3233 4743 16).
3319 4675 3506 4746 Neque
3537 4677 3624 4733 hic

2042 4778 2191 4844 dicit,
2217 4773 2547 4831 Consolabar
2562 4770 2868 4840 orphanos;
2896 4768 3015 4833 sed,
3044 4765 3199 4820 Pater
3216 4765 3426 4820 illorum
3445 4783 3623 4822 eram:

2044 4870 2171 4925 hinc
2196 4865 2488 4922 ostendens
2512 4878 2573 4918 se
2602 4877 2709 4917 non
2736 4860 2926 4915 sivisse
2961 4872 3056 4913 eos
3084 4856 3168 4912 vel
3200 4856 3253 4909 in
3285 4870 3501 4911 sensum
3533 4873 3626 4912 ve-

2045 4963 2159 5019 nire
2185 4959 2329 5031 quod
2359 4955 2585 5028 orphani
2608 4961 2812 5017 essent,
2847 4964 3018 5020 neque
3053 4946 3361 5018 permisisse
3389 4956 3446 5001 ut
3473 4947 3626 5002 triste

2046 5056 2172 5112 illud
2198 5061 2481 5126 appareret
2510 5069 2523 5105 :
2555 5043 3002 5121 quemadmodum
3021 5051 3076 5095 et
3103 5040 3208 5093 illic
3232 5038 3528 5093 ercitatem
3558 5054 3626 5094 ne

1995 5166 1999 5173 '
2046 5149 2304 5205 sentirent
2331 5144 2459 5201 (ιωεί
2481 5143 2531 5196 vi
2562 5136 2912 5211 providentia:
2939 5147 3052 5188 suae
3072 5130 3356 5196 efﬁciebat,
3377 5130 3504 5183 dunt
3533 5130 3621 5185 in-

2047 5238 2325 5297 commoda
2373 5235 2628 5291 auferret.
2659 5229 2843 5298 Neque
2886 5238 3110 5294 corpora
3138 5222 3311 5276 solum
3353 5235 3541 5276 manca
3571 5230 3628 5276 et

2050 5332 2234 5386 mutila
2273 5328 2514 5390 curabat,
2548 5336 2722 5393 neque
2765 5317 3049 5389 orphanos
3080 5320 3307 5378 tantum,
3348 5312 3476 5367 dum
3523 5311 3629 5367 illis

2051 5423 2434 5479 membrorum.
2478 5416 2561 5470 bis
2612 5420 2893 5484 parentum
2924 5408 3039 5464 vice
3067 5406 3284 5469 aderat;
3332 5402 3427 5458 sed
3466 5402 3630 5458 etiam

2053 5515 2213 5588 judex
2262 5528 2292 5564 a
2345 5510 2525 5578 seipse
2570 5505 2894 5560 constitutus
2944 5499 3118 5553 fuerat
3147 5495 3257 5550 imo
3301 5494 3420 5565 plus
3471 5508 3634 5564 quam

2053 5585 2216 5680 judex
2241 5620 2257 5669 ;
2289 5617 2410 5658 nam
2439 5599 2515 5652 ait
2540 5615 2554 5652 :
2585 5593 2802 5650 Causam
2827 5607 2978 5662 quam
2996 5585 3275 5643 nesciebam
3303 5585 3635 5655 investigari,

2053 5677 2100 5755 et
2128 5694 2354 5768 confregi
2370 5688 2857 5755 molasiniquorum,
2884 5691 2931 5734 et
2951 5696 3013 5735 ea:
3032 5677 3199 5733 medio
3228 5677 3450 5730 dentium
3462 5690 3637 5768 eorum

2059 5763 2279 5870 t‘l‘a'llll-m
2305 5763 2486 5854 arripui
2537 5775 2719 5852 (Ibid.
2763 5773 2853 5830 ευ.
2904 5773 2969 5828 17
3089 5767 3206 5825 lloc
3246 5766 3416 5825 multo
3461 5763 3641 5836 majus
