3966 6160
443 313 547 368 485

445 439 530 484 est
578 443 738 500 quam
789 427 993 497 judicis
1051 425 1306 480 officium.
1370 425 1586 482 iudices
1643 424 1786 478 enim
1845 422 2030 478 sedent

447 528 824 590 exspectantes
863 520 950 590 qui
977 519 1223 588 injuriam
1257 519 1395 588 passi
1447 527 1615 582 sunt;
1667 525 1721 571 et
1752 525 2031 586 postquam

448 609 526 665 illi
577 610 844 678 supplices
873 619 1234 669 accesserunt,
1279 619 1404 664 tunc
1432 623 1585 664 suum
1613 607 1854 680 przebent
1877 605 2032 660 auxi-

450 701 575 754 lium
633 700 705 754 illi
756 700 846 771 qui
903 701 1043 755 inter
1098 699 1308 768 judices
1366 701 1600 754 maxime
1656 698 1804 768 probi
1859 708 2036 764 sunt;

450 793 630 860 plures
655 790 918 860 siquidem
949 805 1048 845 nec
1089 791 1217 844 illud
1253 799 1507 859 prccstant
1538 807 1550 842 :
1584 789 1670 843 hic
1712 803 1842 843 vero
1869 789 2032 842 etiam

449 885 685 952 optimos
730 883 848 938 illos
889 884 1012 938 vicit
1047 892 1101 938 et
1141 884 1299 952 longe
1338 881 1629 951 superavit.
1678 873 1862 945 Neque
1889 882 2034 935 enim

448 974 797 1044 exspectabat
846 974 1020 1028 donec
1084 974 1116 1027 ii
1174 975 1264 1043 qui
1314 972 1504 1041 injuria
1546 971 1917 1026 afficiebantur
1965 971 2031 1025 ad

450 1083 508 1120 se
539 1068 803 1130 venirent,
860 1081 1033 1136 neque
1077 1077 1357 1136 postquam
1409 1064 1484 1118 illi
1537 1063 1806 1132 supplices
1853 1077 2033 1118 acces-

446 1169 654 1223 serant,
677 1161 742 1214 ad
770 1175 925 1230 opem
955 1159 1228 1215 ferendam
1263 1158 1545 1229 pergebat;
1571 1155 1665 1212 sed
1695 1157 1780 1211 ille
1829 1171 2034 1225 prame-

448 1251 604 1304 nit-ns
633 1251 893 1306 circuibat
914 1265 1158 1320 quaerens
1189 1264 1283 1304 eos
1304 1251 1392 1318 qui
1421 1249 1532 1302 lmsi
1579 1247 1808 1312 fuerant;
1838 1257 1891 1301 et
1929 1261 2033 1300 non

447 1343 609 1396 modo
630 1357 895 1412 qnmrens,
925 1343 1016 1396 sed
1039 1357 1159 1398 eum
1189 1342 1349 1396 multa
1375 1341 1669 1412 vigilantia,
1695 1357 1813 1394 cum
1842 1354 2032 1408 magna

451 1435 829 1489 sollicitudine.
854 1434 907 1489 Id
933 1449 1059 1490 vero
1091 1435 1233 1490 clare
1268 1435 1504 1500 noveris,
1529 1435 1571 1487 si
1597 1433 1722 1487 dicti
1754 1434 1855 1487 vim
1889 1433 2033 1488 didi-

450 1527 607 1580 ceris.
638 1525 753 1580 Non
784 1526 924 1580 enim
969 1525 1130 1589 dixit,
1177 1525 1447 1592 Quaesivi;
1491 1525 1605 1584 sed.
1641 1524 1857 1579 Causam
1885 1541 2034 1595 quant

452 1619 733 1672 nesciebam
758 1619 1091 1688 investigavi;
1125 1619 1174 1672 id
1199 1629 1302 1683 est,
1334 1619 1653 1684 examinavi,
1678 1623 1888 1673 curiose
1911 1635 2034 1689 per-

452 1691 642 1780 quisivi
672 1725 791 1764 cum
822 1711 1198 1773 sollicitudine,
1226 1712 1404 1764 omnia
1434 1727 1651 1766 movere
1679 1728 1782 1766 non
1807 1712 2032 1779 cessavi,

455 1811 510 1854 ut
536 1803 886 1872 comperircm
931 1818 998 1858 an
1043 1803 1164 1874 quis
1193 1805 1422 1858 latenter
1448 1803 1639 1874 injuria
1678 1805 1833 1859 lursus
1875 1804 2028 1860 foret.

459 1875 701 1949 Vidistin’
731 1896 941 1968 vigilem
968 1899 1202 1951 animum
1230 1897 1252 1951 ?
1284 1896 1404 1952 vide
1429 1913 1642 1969 qucque
1670 1895 2034 1953 fortitudinem

453 1997 505 2042 et
551 2004 732 2042 curam
768 2010 781 2044 :
814 1989 878 2043 Et
923 1991 1136 2044 contrivi
1175 1991 1338 2044 molas
1382 1992 1690 2064 iniquorum.
1736 1990 1884 2043 Illam
1930 1993 2034 2044 vim

451 2080 755 2151 mordacem
787 2081 942 2147 solvi,
979 2081 1168 2152 inquit,
1196 2092 1252 2138 ut
1282 2082 1346 2136 ad
1399 2084 1557 2137 aliam
1604 2083 1901 2138 faciendam
1931 2083 2034 2136 ini-

448 2174 705 2243 quitatem
729 2175 841 2244 jam
861 2175 1068 2230 inutilis
1093 2179 1182 2231 sit.
1216 2178 1417 2232 Ambos
1442 2179 1616 2248 itaque
1641 2178 1880 2247 juvahat,
1913 2177 2033 2232 illos

450 2281 517 2318 ne
545 2266 683 2319 male
712 2275 1042 2335 paterentur,
1083 2267 1180 2322 bos
1211 2284 1277 2323 ne
1309 2269 1446 2324 Inale
1475 2268 1712 2323 facerent
1743 2269 2037 2339 impediens

449 2365 502 2408 et
529 2355 914 2411 moderatiores
943 2357 1193 2412 reddens.
1238 2358 1403 2411 Porro
1440 2359 1789 2413 constantiam
1827 2367 1880 2414 et
1918 2374 2040 2427 per-

449 2449 804 2501 Severantiam
837 2467 850 2502 :
885 2447 947 2501 Et
969 2464 1032 2502 ea:
1069 2450 1232 2502 medio
1259 2449 1484 2502 dentium
1512 2467 1684 2504 eorum
1713 2452 1876 2522 eripui
1904 2465 2036 2520 prir-

451 2538 592 2591 dam.
645 2537 828 2606 Neque
878 2538 1021 2594 enim
1075 2539 1644 2610 desperabam,neque
1689 2541 2034 2608 desistebam,

450 2631 550 2684 etsi
582 2647 666 2686 res
684 2631 794 2700 jam
819 2639 971 2701 capta
996 2640 1148 2697 erat;
1178 2633 1272 2687 sed
1299 2632 1440 2703 quod
1460 2635 1568 2702 jam
1590 2633 1898 2704 absorptum
1925 2647 2038 2692 erat

451 2721 815 2790 retrahebam,
844 2725 1075 2793 pastoris
1109 2725 1295 2794 optimi
1334 2735 1388 2781 et
1417 2726 1590 2796 vigilis
1620 2725 2036 2784 sollicitudinem

450 2826 577 2880 erga
606 2827 897 2868 Conscrvos
926 2813 1208 2870 exhibens.

523 2905 643 2960 Jobi
698 2907 979 2963 lminiIitas.
1023 2937 1096 2949 —
1141 2908 1348 2977 Quanta
1403 2924 1555 2967 vero.
1586 2909 1859 2966 humilitas
1920 2912 2038 2982 ejus

461 3009 604 3053 esset
629 2999 823 3069 cogita.
885 2999 947 3056 Si
972 3010 1141 3054 autem
1181 3000 1388 3066 despexi
1429 3003 1684 3072 judicium
1727 3004 1912 3073 [catuli
1941 3007 2039 3059 mei

452 3101 498 3144 et
546 3090 766 3152 ancillas,
814 3090 935 3143 dum
983 3089 1276 3159 iudicantur
1304 3093 1571 3146 adversum
1602 3111 1698 3148 me.
1733 3095 1869 3163 Quid
1901 3097 2039 3150 enim

454 3183 642 3253 [ariam
696 3183 742 3236 si
796 3183 1128 3237 visitationem
1195 3199 1356 3236 meam
1426 3184 1581 3255 faciat
1635 3184 1817 3242 Deus?
1867 3205 2038 3243 annon

455 3286 510 3329 tu
561 3291 654 3345 ego
708 3277 760 3328 in
809 3284 978 3330 ventre
1021 3277 1116 3346 fui,
1164 3287 1210 3329 ct
1247 3278 1344 3346 ipsi
1384 3282 1588 3348 [nerunt
1633 3279 1781 3347 (Job
1817 3282 1904 3336 51.
1948 3284 2041 3338 15-

455 3366 600 3438 15)?
621 3366 921 3422 Contritum
944 3367 1179 3422 animttm
1204 3367 1404 3430 vidisti,
1423 3377 1475 3421 et
1493 3378 1733 3423 naturam
1763 3370 2037 3438 hmniuum

456 3469 703 3514 accurate
733 3458 1162 3513 considerantem
1195 3472 1256 3511 ac
1284 3459 1544 3512 scientem
1575 3459 1702 3528 quid
1735 3463 1801 3514 sit
1829 3449 2034 3528 servus,

456 3529 585 3618 quid
615 3549 768 3614 liber,
817 3547 870 3603 id
896 3547 1037 3618 quod
1067 3564 1094 3601 a
1125 3549 1306 3604 multis
1335 3549 1730 3606 circumfertur.
1766 3553 1912 3608 llanc
1938 3555 2039 3623 igi—

463 3650 550 3696 tur
576 3641 795 3710 eiiciens
839 3641 1253 3711 inmqualitatem
1299 3643 1481 3728 a‘pari
1524 3645 1780 3698 natalium
1812 3645 2036 3713 honore,

457 3737 529 3790 de
569 3735 906 3804 philosophia
961 3746 1264 3789 sernmnem
1317 3735 1536 3791 inducit.
1574 3736 1831 3808 Quodque
1883 3740 2043 3794 mira-

455 3826 568 3882 bile
587 3827 638 3880 in
662 3826 753 3880 illo
770 3835 872 3890 est,
911 3827 1012 3880 hoc
1037 3825 1239 3881 faciens
1265 3841 1370 3880 non
1398 3843 1460 3881 ex
1492 3827 1790 3884 lnnuilitate
1812 3845 1870 3885 se
1901 3832 2041 3901 loqui

451 3916 717 3986 :putabat,
759 3915 851 3970 sed
896 3915 1132 3969 debitum
1186 3917 1438 3984 implere.
1485 3917 1822 3988 Quapropter
1870 3925 2041 3974 ratio-

459 4005 659 4060 cinium
693 4005 870 4073 posuit
913 4018 1016 4072 quo
1060 4005 1367 4058 heminibus
1410 4009 1658 4062 omnibus
1699 4010 1950 4078 suadeat,
1987 4022 2046 4066 ut

463 4112 570 4150 non
601 4097 761 4148 altius
792 4095 1001 4162 sapiant
1026 4110 1184 4164 quam
1209 4097 1370 4160 servi,
1395 4097 1602 4151 etiamsi
1625 4099 1818 4154 millies
1837 4102 2040 4156 domini

461 4187 588 4241 sint.
621 4187 748 4240 line
785 4186 982 4255 quippe
1019 4188 1256 4252 nomina,
1307 4202 1495 4243 servus
1537 4200 1591 4244 et
1623 4191 1777 4256 liber,
1829 4195 2042 4248 nomina

465 4287 670 4332 tantum
700 4287 824 4332 sunt
851 4294 908 4332 re
935 4294 1096 4332 vacua
1131 4296 1142 4329 :
1179 4281 1410 4334 servitus
1429 4292 1605 4337 autem
1638 4284 1689 4338 in
1719 4299 1957 4356 peccato,
1988 4299 2044 4343 et

462 4369 683 4423 libertas
713 4368 764 4422 in
789 4367 993 4436 justitia
1020 4368 1290 4424 definitur.
1329 4371 1465 4440 Ergo
1492 4389 1588 4427 nos
1629 4378 1708 4430 sic
1739 4375 2043 4434 humiliabi—

463 4460 617 4514 mus?
645 4475 824 4514 annon
863 4474 992 4514 vero
1019 4459 1390 4518 desiderabilis
1417 4466 1763 4537 amabilisque
1785 4471 1872 4526 ille
1912 4483 1996 4528 est
2022 4473 2043 4526 ?

465 4552 641 4606 Etiam
690 4550 930 4608 :nnabilis
989 4566 1002 4602 :
1056 4561 1109 4606 et
1174 4551 1262 4606 hic
1319 4553 1664 4624 hyperbolem
1730 4563 2043 4619 consideres

465 4645 642 4699 velim.
675 4643 1132 4710 Quemadmodum
1173 4645 1314 4698 enim
1360 4646 1412 4700 in
1459 4649 1950 4709 molestiisviriliter
1989 4665 2044 4710 et

465 4753 588 4791 cum
645 4736 960 4791 fortitudine
1009 4749 1198 4806 magna
1249 4737 1392 4792 illata
1438 4743 1575 4796 mola
1625 4743 1744 4798 tulit
1797 4764 1811 4800 :
1863 4748 1932 4801 ita
1991 4760 2046 4804 et

460 4833 516 4887 in
565 4830 915 4900 prosperitate
955 4830 1177 4885 virtutes
1221 4830 1460 4901 singulas
1503 4837 1744 4905 apprime
1784 4843 2040 4910 exercuit,

465 4939 574 4978 non
617 4924 957 4978 mediocriter
997 4938 1096 4978 nec
1148 4934 1472 4994 utcumque,
1523 4929 1616 4983 sed
1665 4930 1733 4984 ad
1780 4946 2044 4992 summum

465 5021 638 5089 ipsum
681 5018 996 5074 ascendens.
1027 5017 1088 5072 Si
1111 5035 1226 5072 vero
1251 5029 1386 5089 ωερε
1419 5021 1638 5077 dixerint
1665 5024 1870 5080 ancilla:
1897 5043 2039 5095 mete,

465 5111 592 5179 Quis
639 5111 722 5164 det
765 5111 907 5164 nobis
949 5113 1014 5165 de
1051 5110 1289 5166 carnibus
1335 5114 1440 5167 suis
1470 5125 1521 5166 ut
1558 5127 1840 5172 saturentur
1860 5121 1886 5174 ?
1929 5138 2045 5176 cum

461 5202 611 5257 rafde
653 5202 814 5257 bonus
842 5219 932 5275 ego
958 5204 1054 5257 sius
1084 5202 1206 5276 (Job
1240 5205 1327 5261 l5.
1357 5205 1470 5276 3|).
1501 5207 1597 5263 llic
1620 5221 1857 5267 amorem
1887 5229 2044 5271 enar-

463 5305 543 5349 rat
583 5291 903 5351 famulorum
935 5297 1489 5367 vt'ltetnentissitnum,
1534 5302 1656 5372 qui,
1695 5304 1761 5358 ad
1809 5306 2044 5363 furorem

461 5403 630 5458 usque
650 5397 919 5443 amatores
944 5389 1197 5445 ardentes
1225 5401 1400 5457 erant,
1433 5407 1497 5447 ex
1526 5395 1687 5449 modo
1712 5397 1916 5454 scilicet
1937 5417 2044 5469 quo

458 5491 586 5548 erga
613 5479 736 5533 iHos
763 5495 822 5533 se
859 5483 1096 5551 gerebat.
1134 5482 1207 5537 lt-a
1238 5485 1402 5551 enim,
1448 5485 1639 5555 inquit,
1687 5489 1814 5542 mihi
1847 5491 2041 5546 addicti

459 5577 634 5632 erant,
679 5568 752 5623 ita
786 5569 953 5636 affixi,
995 5573 1065 5626 ita
1111 5588 1197 5628 me
1239 5577 1512 5642 amabant,
1562 5587 1622 5632 ut
1668 5593 1927 5650 cuperent
1955 5586 2040 5638 vel

459 5659 592 5727 ipsis
620 5660 830 5726 impleri
855 5664 1123 5728 carnibus,
1171 5665 1422 5739 ipsasque
1469 5667 1752 5742 devorare,
1783 5674 1924 5745 quod
1955 5693 2039 5733 me

431 5780 434 5784 -
456 5751 664 5806 ardenti
686 5766 868 5809 arnore
889 5753 1188 5828 ditigerent.

1185 311 1238 366 ε.
1282 308 1556 366 ,ΙΟΛΝΝΙΞ
1589 302 2060 364 ΟΙΙΠΥΞΟΞΤΟΜΙ
2102 301 2412 360 ΑΒΟΠΙΕΡ.
2453 302 2983 359 οοΝετΑΝτιΝοΡ.
3586 321 3668 374 ιδῃ

2215 421 2269 475 5.
2312 421 2450 487 Quid
2476 437 2604 477 vero
2628 423 2730 478 dici
2763 424 2932 493 possit
2952 423 3020 479 de
3050 435 3347 498 contemptu
3375 431 3666 494 divitiarum?

2141 529 2262 567 nam
2306 513 2444 570 ltaitc
2480 532 2692 586 quoque
2731 517 2824 572 iile
2873 518 3128 574 virtutem
3175 524 3406 592 apprime
3445 534 3668 589 exercuit.

2138 605 2253 663 Non
2303 610 2463 663 modo
2500 610 2643 665 enim
2689 613 2897 667 alienas
2947 629 3054 668 non
3105 619 3516 688 concupiscebat,
3553 628 3668 694 quod

2140 701 2292 754 multi
2309 717 2448 757 nunc
2471 702 2690 766 faciunt,
2709 705 2801 759 sed
2822 721 2995 775 neque
3009 722 3155 774 suas,
3171 725 3350 764 verum
3369 712 3431 767 ab
3452 713 3526 769 his
3541 717 3673 774 etiam

2138 805 2258 847 eum
2293 796 2672 864 exsuperantia
2705 798 2870 851 multa
2899 813 2960 854 se
2990 801 3292 855 continuit:
3322 804 3527 876 ideoque
3549 810 3674 874 dice-

2141 885 2230 938 bat
2261 904 2272 938 :
2307 885 2368 940 Si
2399 886 2600 940 laetatus
2637 906 2752 942 sum
2791 907 2908 945 cum
2935 894 3108 947 multa:
3142 896 3267 949 mihi
3293 899 3470 969 fuerint
3497 903 3675 970 divitiaz,

2141 991 2300 1042 neque
2336 977 2502 1047 lapidi
2537 983 2758 1049 pretioso
2792 983 2986 1050 conﬁdi
3043 984 3167 1053 (Job
3199 988 3286 1042 3f.
3318 988 3407 1044 25.
3431 991 3532 1061 20).
3560 994 3674 1062 Qua-

2142 1078 2358 1139 pmpter
2385 1087 2508 1126 cum
2541 1073 2764 1128 sublata)
2810 1076 2908 1144 ipsi
2947 1076 3120 1144 fuere,
3151 1079 3407 1150 jacturam
3441 1086 3523 1140 ille
3548 1086 3674 1143 facil-

2142 1162 2268 1219 lime
2317 1165 2434 1219 tulit
2461 1183 2476 1231 ;
2509 1181 2741 1238 cumque
2770 1169 3042 1235 adessent,
3076 1173 3465 1246 eleemosynam
3494 1179 3679 1253 largiter

2137 1255 2413 1323 erogabat,
2455 1257 2706 1314 omnibus
2750 1259 3027 1315 dexteram
3075 1265 3353 1336 porrigens
3397 1268 3682 1341 domumque

2139 1361 2287 1401 suam
2318 1349 2584 1416 aperiens.
2618 1349 2802 1420 Neque
2832 1351 2883 1406 id
2917 1351 3166 1419 faciebat,
3196 1359 3336 1428 quod
3368 1362 3508 1416 multi
3536 1365 3683 1420 solent

2139 1442 2228 1511 qui
2276 1444 2489 1499 curiose
2547 1446 2820 1516 inquirunt
2849 1463 2878 1500 a
2912 1451 3216 1520 petentibus
3242 1493 3257 1514 ,
3313 1457 3518 1524 quinam
3561 1459 3683 1513 sint:

2139 1535 2253 1599 sed,
2295 1537 2469 1590 Janua
2511 1554 2643 1604 mea,
2697 1538 2888 1609 inquit,
2934 1543 3072 1594 omni
3116 1545 3334 1598 venienti
3374 1557 3540 1615 aperta
3579 1561 3685 1615 erat.

2145 1625 2346 1693 Inﬁrmi
2368 1628 2498 1682 enim
2527 1645 2622 1698 ope
2647 1647 2756 1684 mea
2785 1649 2884 1685 non
2915 1633 3283 1701 privabantur:
3307 1646 3582 1708 peregrinus
3605 1657 3688 1695 non

2139 1719 2492 1788 egrediebatur
2526 1737 2589 1774 ea:
2614 1723 2780 1792 janua
2802 1739 2911 1777 mea
2937 1725 3053 1778 sinu
3079 1743 3237 1782 racuo
3273 1728 3430 1797 (Ibid.
3461 1731 3542 1786 5L
3573 1731 3632 1785 52
3652 1741 3690 1786 et

2138 1808 2253 1881 5i).
2297 1809 2483 1865 Vidisti
2513 1799 2852 1882 largiiatettt?
2878 1815 3052 1870 vidisti
3096 1818 3476 1875 ltumauitttont
3498 1863 3512 1885 ,
3542 1823 3691 1877 vidisti

2141 1901 2541 1970 benignitatem,
2570 1905 2964 1962 humilitatem?
2989 1908 3079 1964 Vis
3098 1912 3271 1965 etiam
3291 1914 3581 1970 castitatem
3601 1916 3695 1969 edi-

2139 1994 2328 2048 srrere?
2361 1992 2539 2065 Pepigi
2569 1995 2754 2063 foedus,
2787 1998 2977 2067 inquit,
3002 2016 3117 2054 cum
3139 2002 3301 2055 oculis
3320 2005 3460 2068 meis,
3486 2016 3533 2058 ut
3553 2023 3609 2060 ne
3629 2023 3696 2060 co-

2140 2087 2354 2156 gitarem
2394 2088 2596 2156 quidem
2637 2087 2701 2142 de
2738 2090 2930 2160 virgine
2956 2093 3124 2146 aliena
3169 2093 3339 2164 (Ibid.
3429 2093 3512 2162 1).
3591 2099 3700 2166 Quae

2141 2190 2324 2250 postea
2356 2185 2577 2238 veniens
2619 2183 2866 2240 Christus
2905 2189 3184 2257 pra-cepit,
3218 2205 3284 2243 ea
3316 2191 3428 2260 ipse
3473 2207 3529 2246 re
3569 2208 3700 2247 esse-

2139 2283 2336 2342 quutus
2366 2285 2469 2330 est.
2503 2275 2691 2331 Vidisti
2721 2277 2871 2332 illum
2911 2278 3171 2334 divitem?
3204 2282 3388 2336 vidisti
3420 2299 3700 2352 pauperi-tu,

2140 2365 2317 2420 vidisti
2363 2366 2500 2422 bene
2527 2369 2816 2430 valentem,
2849 2369 3026 2424 vidisti
3059 2373 3310 2438 a-grunt?
3337 2373 3510 2427 vidisti
3539 2373 3703 2429 residi

2140 2473 2237 2528 pro
2266 2468 2388 2513 voto
2415 2461 2798 2515 succedentes?
2817 2461 2994 2516 vidisti
3026 2463 3172 2534 illum
3199 2466 3448 2520 omnium
3470 2467 3706 2535 jacturam

2141 2551 2368 2606 fecisse?
2403 2553 2576 2607 vidisti
2605 2556 2816 2623 qualem
2848 2570 2907 2610 se
2927 2556 3238 2612 exhibuerit
3263 2574 3392 2629 erga
3419 2559 3572 2623 ﬁlios,
3601 2574 3708 2629 ergt

2139 2643 2387 2704 famulos.
2418 2660 2546 2714 erga
2573 2645 2763 2715 injuria
2792 2647 3012 2702 afl'vcms
3035 2691 3051 2712 ,
3078 2665 3204 2720 erga
3237 2651 3505 2721 pupillos?
3532 2653 3590 2707 Si
3615 2667 3713 2704 vero

2138 2733 2371 2789 abiissent
2420 2752 2534 2789 cum
2575 2737 2864 2792 irrisoribtts
2954 2742 3126 2813 (Ibid.
3184 2741 3276 2814 5),
3308 2743 3478 2814 inquit
3504 2761 3516 2796 :
3541 2743 3588 2796 id
3623 2752 3712 2806 est,

2137 2825 2322 2897 Neque
2345 2827 2460 2882 huic
2495 2831 2764 2884 consortia
2799 2833 3125 2900 qua-rebam,
3155 2849 3478 2890 scurrarum
3523 2851 3714 2906 nempe.

2140 2917 2208 2971 Et
2235 2918 2336 2973 hoc
2362 2920 2708 2974 continentia:
2735 2938 2840 2975 non
2875 2938 3094 2992 parvum
3121 2933 3208 2980 est
3241 2928 3477 2994 signum.
3509 2927 3712 2982 Omnem

2139 3011 2335 3080 quippe
2365 3012 2615 3067 virtutem
2662 3023 2898 3068 sectatus
2927 3025 3008 3070 est
3036 3032 3051 3071 :
3086 3027 3140 3072 et
3169 3033 3296 3073 cum
3337 3022 3391 3074 in
3437 3030 3578 3074 tanta
3604 3036 3719 3089 opu-

2140 3094 2300 3150 lentia
2328 3107 2492 3164 esset,
2525 3100 2828 3154 accuratius
2853 3115 2915 3166 se,
2938 3103 3182 3170 gerebat,
3213 3121 3383 3175 quam
3414 3105 3449 3160 ii
3480 3107 3567 3176 qui
3603 3104 3717 3159 nihil

2142 3185 2399 3242 haberent
2428 3204 2442 3242 :
2471 3204 2574 3243 non
2606 3191 2747 3244 enim
2773 3191 2859 3246 ille
2883 3194 2972 3262 qui
3006 3193 3138 3249 nihil
3174 3195 3437 3263 habebat,
3464 3208 3723 3268 tantopere

2140 3292 2168 3331 a
2214 3280 2556 3347 pecuniarum
2604 3296 2790 3336 amore
2829 3283 3040 3338 alienus
3065 3295 3203 3351 erat,
3237 3298 3506 3359 quantum
3540 3289 3623 3343 hic
3645 3286 3722 3358 qui

2143 3380 2216 3424 tot
2248 3381 2501 3445 tantaque
2533 3375 2857 3444 possidebat.
2887 3375 3096 3446 Ubique
3118 3381 3269 3434 enim
3304 3383 3474 3436 animi
3497 3381 3727 3453 proposi-

2144 3472 2252 3517 tum
2295 3475 2379 3519 est
2415 3465 2555 3534 quod
2584 3479 2892 3523 coronatur.
2934 3469 3001 3524 Et
3037 3470 3104 3523 ad
3143 3470 3328 3540 ipsum
3374 3473 3728 3544 temperantia:

2141 3557 2352 3611 culmen
2385 3558 2478 3614 ille
2507 3560 2847 3626 ascenderat,
2877 3571 2931 3616 et
2958 3563 3213 3618 virtutem
3247 3580 3378 3622 cum
3407 3565 3733 3622 accuratione

2141 3650 2452 3719 congruenti
2482 3663 2806 3722 exsequutus
2835 3653 3029 3709 fuerat.

2217 3742 2342 3796 llzec
2366 3743 2644 3807 aemulare,
2678 3744 2892 3810 dilecte,
2927 3745 3042 3802 Ita-c
3073 3747 3333 3815 imitare;
3367 3760 3424 3808 rt
3453 3750 3593 3805 hanc
3619 3751 3738 3804 ima.

2143 3836 2319 3905 ginem
2351 3835 2442 3889 tibi
2467 3835 2732 3905 depictam
2761 3853 3064 3907 assumvns,
3094 3840 3144 3893 in
3175 3845 3530 3899 conscientia
3561 3853 3644 3897 tua
3663 3843 3736 3895 in-

2145 3929 2247 3996 fige
2273 3942 2287 3980 :
2316 3929 2437 3982 etsi
2465 3928 2515 3981 in
2543 3944 2774 3983 llltBl‘ttl‘e
2802 3930 2896 3995 sis,
2926 3931 2992 3984 ad
3020 3931 3166 3984 illum
3198 3937 3483 4005 confuge;
3525 3937 3571 3990 si
3596 3936 3646 3989 in
3665 3932 3737 3987 di-

2144 4021 2311 4083 vitiis,
2339 4019 2459 4074 hinc
2486 4020 2833 4091 pharmacum
2862 4034 3002 4092 pete,
3036 4023 3104 4078 ita
3132 4036 3189 4079 ut
3220 4043 3410 4098 neque
3437 4035 3742 4100 paupertate

2144 4112 2481 4182 deprimaris,
2504 4133 2677 4186 neque
2693 4118 2743 4172 in
2759 4118 2956 4175 divitiis
2982 4120 3210 4178 infleris.
3240 4124 3302 4179 Si
3323 4127 3470 4181 filios
3487 4124 3751 4181 amiseris.

2147 4204 2268 4259 hinc
2287 4209 2710 4265 consolationem
2741 4211 2905 4266 habes
2930 4231 2943 4268 :
2973 4213 3060 4269 hic
3078 4216 3228 4271 enim
3261 4221 3490 4276 culmen
3519 4220 3747 4288 invenies

2143 4310 2198 4352 et
2228 4300 2588 4356 calamitatum
2616 4311 2670 4356 et
2688 4303 2956 4371 patientiae
2986 4321 3000 4358 :
3028 4307 3072 4360 si
3099 4307 3151 4361 in
3184 4311 3455 4366 morbum
3479 4309 3750 4375 incideris,

2148 4393 2320 4460 regita
2345 4395 2601 4448 vermium
2631 4398 3006 4476 scaturigines,
3036 4415 3171 4469 quas
3199 4417 3346 4460 caro
3377 4405 3503 4476 ejus
3532 4405 3750 4460 ebullieo

2146 4483 2269 4548 bat;
2295 4495 2350 4539 et
2375 4486 2554 4539 omnia
2582 4487 2848 4557 patienter
2872 4475 3015 4545 feres
3045 4509 3057 4546 :
3087 4495 3131 4546 si
3158 4497 3384 4552 amicus
3413 4475 3514 4553 tibi
3542 4494 3756 4554 insidias

2133 4579 2434 4643 struxerit,
2465 4593 2653 4634 rursus
2676 4589 2919 4636 sanctum
2949 4582 3002 4636 in
3032 4584 3278 4640 medium
3304 4589 3524 4654 adduc,
3551 4599 3607 4645 et
3631 4591 3751 4644 iram

2148 4676 2290 4722 tuam
2331 4671 2608 4738 superahis
2641 4689 2655 4725 :
2685 4672 2732 4726 si
2764 4676 2853 4744 qui
2882 4675 3004 4728 vilis
3031 4677 3184 4746 pretii
3218 4687 3277 4734 te
3312 4680 3614 4753 impetant,
3641 4696 3756 4752 per-

2147 4761 2320 4831 pende
2345 4777 2406 4816 ea
2445 4778 2564 4833 qure
2604 4779 2634 4817 a
2664 4764 2877 4834 famulis
2908 4767 3020 4838 ipse
3063 4784 3261 4838 passus
3288 4783 3406 4842 est,
3441 4785 3501 4830 et
3545 4775 3754 4829 multam

2146 4855 2378 4924 accipies
2411 4854 2726 4911 medicinam
2769 4875 2784 4911 :
2822 4860 2865 4914 si
2913 4862 3048 4915 mala
3084 4864 3348 4932 quazdatn
3382 4867 3635 4938 suspicio
3682 4866 3754 4921 iu-

2149 4947 2324 5010 vadat,
2355 4948 2526 5016 cegita
2552 4948 2639 5002 illa
2681 4964 2798 5018 qua:
2820 4951 2888 5006 de
2910 4950 3010 5006 hoc
3031 4951 3300 5021 dixerint,
3340 4960 3497 5027 quod
3532 4957 3758 5014 nendum

2150 5040 2380 5108 pereatis
2428 5055 2584 5111 pares
2629 5056 2817 5112 pcenas
2857 5044 3086 5112 dederit,
3115 5055 3171 5102 et
3194 5051 3397 5118 qualia
3442 5053 3548 5122 ipsi
3581 5063 3765 5122 expro-

2149 5128 2398 5195 brarent;
2429 5141 2483 5185 ct
2521 5131 2571 5186 id
2613 5148 2826 5204 quoque
2867 5137 3037 5191 morbi
3067 5141 3393 5207 superabis.
3431 5143 3596 5200 Nulla
3628 5141 3763 5199 enim

2147 5233 2255 5282 est.
2281 5233 2338 5278 ut
2367 5223 2517 5278 initio
2541 5225 2674 5290 dixi,
2700 5227 2750 5280 in
2785 5227 3088 5284 hominibus
3127 5231 3439 5292 calamitas
3467 5253 3635 5307 (piam
3667 5249 3768 5290 non

2149 5329 2337 5383 passus
2367 5316 2437 5370 sit
2463 5316 2547 5371 hic
2576 5319 2674 5382 vir,
2703 5317 2990 5373 adamante
3021 5319 3267 5389 firmior;
3304 5325 3522 5382 famem
3556 5333 3767 5396 nempe.

2149 5417 2537 5476 paupertatem,
2556 5409 2822 5475 morbum,
2841 5411 3067 5479 filiorum
3095 5414 3501 5486 amissionem,
3519 5431 3603 5477 tot
3616 5434 3772 5494 opum

2143 5499 2406 5569 jacturam
2432 5503 2589 5558 simul
2628 5504 2904 5574 excipiens
2929 5515 2984 5562 et
3026 5508 3303 5565 tolerans.
3354 5514 3430 5569 Et
3460 5528 3584 5584 post
3615 5517 3771 5569 etiam

2148 5602 2356 5661 reputa,
2382 5593 2522 5660 qttod
2549 5595 2729 5648 uxoris
2770 5597 2996 5663 insidiis,
3023 5600 3338 5656 amicorum
3371 5606 3658 5662 tttolestiis
3677 5617 3774 5674 apo

2147 5694 2361 5752 minus,
2383 5701 2410 5738 s
2437 5685 2646 5740 famulis
2669 5687 3024 5758 impugnatus.
3048 5696 3363 5760 peremnia
3389 5701 3596 5768 quavis
3623 5707 3767 5768 petra

2147 5779 2348 5832 ttrunor
2387 5788 2635 5833 ostensus
2671 5789 2785 5846 est;
2817 5791 2868 5835 et
2900 5780 3010 5837 lucc
3039 5792 3160 5838 ante
3197 5782 3398 5857 legem
3442 5801 3500 5845 et
3523 5788 3775 5861 gratiam.
