  <div class='ocr_page' id='page_1' title='image "/cluster/home/n/w/nwhite01/storage/ocr_20150623/63/mdp.39015008641394/378.png"; bbox 0 0 3966 6160; ppageno 0'>
   <div class='ocr_carea' id='block_1_1' title="bbox 321 326 439 386">
    <p class='ocr_par' dir='ltr' id='par_1_1' title="bbox 321 326 439 386">
     <span class='ocr_line' id='line_1_1' title="bbox 321 326 439 386; baseline 0.008 -48"><span class='ocrx_word' id='word_1_1' title='bbox 321 326 413 386; x_wconf 56' lang='lat' dir='ltr'><strong>m</strong></span> <span class='ocrx_word' id='word_1_2' title='bbox 436 338 439 339; x_wconf 62' lang='lat'><strong><em>,</em></strong></span> 
     </span>
    </p>
   </div>
   <div class='ocr_carea' id='block_1_2' title="bbox 312 546 1873 617">
    <p class='ocr_par' dir='ltr' id='par_1_2' title="bbox 312 546 1873 617">
     <span class='ocr_line' id='line_1_2' title="bbox 312 546 1873 617; baseline 0.001 -17"><span class='ocrx_word' id='word_1_3' title='bbox 312 562 441 613; x_wconf 86' lang='lat' dir='ltr'><strong>nem,</strong></span> <span class='ocrx_word' id='word_1_4' title='bbox 462 547 508 601; x_wconf 91' lang='lat' dir='ltr'><strong>si</strong></span> <span class='ocrx_word' id='word_1_5' title='bbox 531 554 651 615; x_wconf 89' lang='lat' dir='ltr'><strong>post</strong></span> <span class='ocrx_word' id='word_1_6' title='bbox 688 546 860 617; x_wconf 90' lang='lat' dir='ltr'><strong>legem</strong></span> <span class='ocrx_word' id='word_1_7' title='bbox 902 554 956 602; x_wconf 88' lang='lat' dir='ltr'><strong>et</strong></span> <span class='ocrx_word' id='word_1_8' title='bbox 981 547 1206 617; x_wconf 77' lang='lat' dir='ltr'><strong>gratiam</strong></span> <span class='ocrx_word' id='word_1_9' title='bbox 1246 557 1392 601; x_wconf 88' lang='lat' dir='ltr'><strong>tanto</strong></span> <span class='ocrx_word' id='word_1_10' title='bbox 1426 547 1662 602; x_wconf 88' lang='lat' dir='ltr'><strong>fruentes</strong></span> <span class='ocrx_word' id='word_1_11' title='bbox 1709 547 1873 614; x_wconf 72' lang='lat' dir='ltr'><strong>d0l:0,</strong></span> 
     </span>
    </p>
   </div>
   <div class='ocr_carea' id='block_1_3' title="bbox 310 638 1875 711">
    <p class='ocr_par' dir='ltr' id='par_1_3' title="bbox 310 638 1875 711">
     <span class='ocr_line' id='line_1_3' title="bbox 310 638 1875 711; baseline 0.001 -19"><span class='ocrx_word' id='word_1_12' title='bbox 310 639 471 693; x_wconf 83' lang='lat' dir='ltr'><strong>minus</strong></span> <span class='ocrx_word' id='word_1_13' title='bbox 500 638 735 694; x_wconf 89' lang='lat' dir='ltr'><strong>feramus</strong></span> <span class='ocrx_word' id='word_1_14' title='bbox 761 654 919 710; x_wconf 88' lang='lat' dir='ltr'><strong>quam</strong></span> <span class='ocrx_word' id='word_1_15' title='bbox 943 639 1034 694; x_wconf 89' lang='lat' dir='ltr'><strong>ille</strong></span> <span class='ocrx_word' id='word_1_16' title='bbox 1054 640 1144 711; x_wconf 87' lang='lat' dir='ltr'><strong>qui</strong></span> <span class='ocrx_word' id='word_1_17' title='bbox 1171 640 1223 694; x_wconf 92' lang='lat' dir='ltr'><strong>in</strong></span> <span class='ocrx_word' id='word_1_18' title='bbox 1251 639 1513 710; x_wconf 87' lang='lat' dir='ltr'><strong>principio</strong></span> <span class='ocrx_word' id='word_1_19' title='bbox 1537 650 1590 695; x_wconf 85' lang='lat' dir='ltr'><strong>et</strong></span> <span class='ocrx_word' id='word_1_20' title='bbox 1618 640 1747 709; x_wconf 84' lang='lat' dir='ltr'><strong>ipsis</strong></span> <span class='ocrx_word' id='word_1_21' title='bbox 1770 641 1875 694; x_wconf 89' lang='lat' dir='ltr'><strong>ini-</strong></span> 
     </span>
    </p>
   </div>
   <div class='ocr_carea' id='block_1_4' title="bbox 1175 312 2669 419">
    <p class='ocr_par' dir='ltr' id='par_1_4' title="bbox 1175 312 2669 419">
     <span class='ocr_line' id='line_1_4' title="bbox 1175 312 2669 419; baseline 0.012 -24"><span class='ocrx_word' id='word_1_22' title='bbox 1175 338 1218 395; x_wconf 83' lang='lat' dir='ltr'><strong>v</strong></span> <span class='ocrx_word' id='word_1_23' title='bbox 1257 312 1559 407; x_wconf 64' lang='lat' dir='ltr'><strong>tiouuaa,</strong></span> <span class='ocrx_word' id='word_1_24' title='bbox 1606 340 1693 397; x_wconf 85' lang='lat' dir='ltr'><strong>DE</strong></span> <span class='ocrx_word' id='word_1_25' title='bbox 1732 340 1978 399; x_wconf 73' lang='lat' dir='ltr'><strong>srumo</strong></span> <span class='ocrx_word' id='word_1_26' title='bbox 2018 343 2669 419; x_wconf 63' lang='lat' dir='ltr'><strong>PR£SI.NTIUM,ETC.</strong></span> 
     </span>
    </p>
   </div>
   <div class='ocr_carea' id='block_1_5' title="bbox 316 450 1878 525">
    <p class='ocr_par' dir='ltr' id='par_1_5' title="bbox 316 450 1878 525">
     <span class='ocr_line' id='line_1_5' title="bbox 316 450 1878 525; baseline 0.003 -16"><span class='ocrx_word' id='word_1_27' title='bbox 316 457 509 511; x_wconf 79' lang='lat' dir='ltr'><strong>Etenim</strong></span> <span class='ocrx_word' id='word_1_28' title='bbox 554 470 621 509; x_wconf 91' lang='lat' dir='ltr'><strong>ne</strong></span> <span class='ocrx_word' id='word_1_29' title='bbox 674 450 947 508; x_wconf 85' lang='lat' dir='ltr'><strong>minimam</strong></span> <span class='ocrx_word' id='word_1_30' title='bbox 989 450 1207 525; x_wconf 88' lang='lat' dir='ltr'><strong>quidem</strong></span> <span class='ocrx_word' id='word_1_31' title='bbox 1254 455 1566 512; x_wconf 83' lang='lat' dir='ltr'><strong>habebimus</strong></span> <span class='ocrx_word' id='word_1_32' title='bbox 1607 454 1878 513; x_wconf 73' lang='lat' dir='ltr'><strong>defensio-</strong></span> 
     </span>
    </p>
   </div>
   <div class='ocr_carea' id='block_1_6' title="bbox 3456 372 3556 432">
    <p class='ocr_par' dir='ltr' id='par_1_6' title="bbox 3456 372 3556 432">
     <span class='ocr_line' id='line_1_6' title="bbox 3456 372 3556 432; baseline 0.07 -8"><span class='ocrx_word' id='word_1_33' title='bbox 3456 372 3556 432; x_wconf 64' lang='lat'><strong>£86</strong></span> 
     </span>
    </p>
   </div>
   <div class='ocr_carea' id='block_1_7' title="bbox 1985 461 3562 559">
    <p class='ocr_par' dir='ltr' id='par_1_7' title="bbox 1985 461 3562 559">
     <span class='ocr_line' id='line_1_7' title="bbox 1985 461 3562 559; baseline 0.023 -47"><span class='ocrx_word' id='word_1_34' title='bbox 1985 461 2056 513; x_wconf 82' lang='lat' dir='ltr'><strong>ita</strong></span> <span class='ocrx_word' id='word_1_35' title='bbox 2110 465 2462 533; x_wconf 91' lang='lat' dir='ltr'><strong>recedamus,</strong></span> <span class='ocrx_word' id='word_1_36' title='bbox 2515 472 2832 532; x_wconf 61' lang='lat' dir='ltr'><strong>armulemur</strong></span> <span class='ocrx_word' id='word_1_37' title='bbox 2870 480 3125 537; x_wconf 87' lang='lat' dir='ltr'><strong>athletam</strong></span> <span class='ocrx_word' id='word_1_38' title='bbox 3186 486 3408 559; x_wconf 86' lang='lat' dir='ltr'><strong>ejusque</strong></span> <span class='ocrx_word' id='word_1_39' title='bbox 3447 510 3562 547; x_wconf 70' lang='grc' dir='ltr'><strong>οιτ-</strong></span> 
     </span>
    </p>
   </div>
   <div class='ocr_carea' id='block_1_8' title="bbox 1984 555 3556 653">
    <p class='ocr_par' dir='ltr' id='par_1_8' title="bbox 1984 555 3556 653">
     <span class='ocr_line' id='line_1_8' title="bbox 1984 555 3556 653; baseline 0.02 -48"><span class='ocrx_word' id='word_1_40' title='bbox 1984 555 2179 609; x_wconf 76' lang='lat' dir='ltr'><strong>lamina</strong></span> <span class='ocrx_word' id='word_1_41' title='bbox 2224 558 2534 617; x_wconf 85' lang='lat' dir='ltr'><strong>imitemur:</strong></span> <span class='ocrx_word' id='word_1_42' title='bbox 2567 575 2621 620; x_wconf 92' lang='lat' dir='ltr'><strong>ut</strong></span> <span class='ocrx_word' id='word_1_43' title='bbox 2661 578 2709 622; x_wconf 90' lang='lat' dir='ltr'><strong>et</strong></span> <span class='ocrx_word' id='word_1_44' title='bbox 2756 567 2932 627; x_wconf 86' lang='lat' dir='ltr'><strong>futura</strong></span> <span class='ocrx_word' id='word_1_45' title='bbox 2972 555 3366 649; x_wconf 83' lang='lat' dir='ltr'><strong>consequamur</strong></span> <span class='ocrx_word' id='word_1_46' title='bbox 3399 588 3556 653; x_wconf 86' lang='lat' dir='ltr'><strong>bona,</strong></span> 
     </span>
    </p>
   </div>
   <div class='ocr_carea' id='block_1_9' title="bbox 1980 646 3565 747">
    <p class='ocr_par' dir='ltr' id='par_1_9' title="bbox 1980 646 3565 747">
     <span class='ocr_line' id='line_1_9' title="bbox 1980 646 3565 747; baseline 0.023 -50"><span class='ocrx_word' id='word_1_47' title='bbox 1980 646 2148 714; x_wconf 87' lang='lat' dir='ltr'><strong>gratia</strong></span> <span class='ocrx_word' id='word_1_48' title='bbox 2177 656 2231 703; x_wconf 91' lang='lat' dir='ltr'><strong>et</strong></span> <span class='ocrx_word' id='word_1_49' title='bbox 2261 649 2592 723; x_wconf 80' lang='lat' dir='ltr'><strong>benignitate</strong></span> <span class='ocrx_word' id='word_1_50' title='bbox 2623 659 2828 716; x_wconf 88' lang='lat' dir='ltr'><strong>Domini</strong></span> <span class='ocrx_word' id='word_1_51' title='bbox 2859 669 3029 721; x_wconf 94' lang='lat' dir='ltr'><strong>nostri</strong></span> <span class='ocrx_word' id='word_1_52' title='bbox 3052 646 3180 726; x_wconf 82' lang='lat' dir='ltr'><strong>.lesu</strong></span> <span class='ocrx_word' id='word_1_53' title='bbox 3214 671 3436 737; x_wconf 85' lang='lat' dir='ltr'><strong>Christi.</strong></span> <span class='ocrx_word' id='word_1_54' title='bbox 3469 646 3565 747; x_wconf 74' lang='lat' dir='ltr'><strong>per</strong></span> 
     </span>
    </p>
   </div>
   <div class='ocr_carea' id='block_1_10' title="bbox 310 730 3564 824">
    <p class='ocr_par' dir='ltr' id='par_1_10' title="bbox 310 730 3564 824">
     <span class='ocr_line' id='line_1_10' title="bbox 310 730 3564 824; baseline 0.01 -39"><span class='ocrx_word' id='word_1_55' title='bbox 310 732 386 786; x_wconf 87' lang='lat' dir='ltr'><strong>tiis</strong></span> <span class='ocrx_word' id='word_1_56' title='bbox 403 731 526 801; x_wconf 84' lang='lat' dir='ltr'><strong>vitae</strong></span> <span class='ocrx_word' id='word_1_57' title='bbox 552 731 802 786; x_wconf 77' lang='lat' dir='ltr'><strong>humana:</strong></span> <span class='ocrx_word' id='word_1_58' title='bbox 829 740 1029 787; x_wconf 84' lang='lat' dir='ltr'><strong>tantam</strong></span> <span class='ocrx_word' id='word_1_59' title='bbox 1070 732 1313 786; x_wconf 79' lang='lat' dir='ltr'><strong>exhibuit</strong></span> <span class='ocrx_word' id='word_1_60' title='bbox 1356 732 1772 801; x_wconf 84' lang='lat' dir='ltr'><strong>philosophiam.</strong></span> <span class='ocrx_word' id='word_1_61' title='bbox 1810 730 1878 787; x_wconf 90' lang='lat' dir='ltr'><strong>Ut</strong></span> <span class='ocrx_word' id='word_1_62' title='bbox 1917 755 1935 765; x_wconf 85' lang='lat'><strong>-</strong></span> <span class='ocrx_word' id='word_1_63' title='bbox 1981 748 2140 824; x_wconf 89' lang='lat' dir='ltr'><strong>quem</strong></span> <span class='ocrx_word' id='word_1_64' title='bbox 2190 745 2247 793; x_wconf 88' lang='lat' dir='ltr'><strong>et</strong></span> <span class='ocrx_word' id='word_1_65' title='bbox 2296 754 2418 796; x_wconf 92' lang='lat' dir='ltr'><strong>cum</strong></span> <span class='ocrx_word' id='word_1_66' title='bbox 2470 761 2576 815; x_wconf 92' lang='lat' dir='ltr'><strong>quo</strong></span> <span class='ocrx_word' id='word_1_67' title='bbox 2631 749 2771 805; x_wconf 90' lang='lat' dir='ltr'><strong>Patri</strong></span> <span class='ocrx_word' id='word_1_68' title='bbox 2809 754 2978 824; x_wconf 80' lang='lat' dir='ltr'><strong>gloria</strong></span> <span class='ocrx_word' id='word_1_69' title='bbox 3006 799 3021 822; x_wconf 94' lang='lat'><strong>,</strong></span> <span class='ocrx_word' id='word_1_70' title='bbox 3068 775 3170 815; x_wconf 90' lang='lat' dir='ltr'><strong>una</strong></span> <span class='ocrx_word' id='word_1_71' title='bbox 3214 778 3335 819; x_wconf 93' lang='lat' dir='ltr'><strong>cum</strong></span> <span class='ocrx_word' id='word_1_72' title='bbox 3375 730 3564 823; x_wconf 53' lang='lat' dir='ltr'><strong>saneto</strong></span> 
     </span>
    </p>
   </div>
   <div class='ocr_carea' id='block_1_11' title="bbox 306 821 1877 893">
    <p class='ocr_par' dir='ltr' id='par_1_11' title="bbox 306 821 1877 893">
     <span class='ocr_line' id='line_1_11' title="bbox 306 821 1877 893; baseline 0 -18"><span class='ocrx_word' id='word_1_73' title='bbox 306 836 419 893; x_wconf 80' lang='lat' dir='ltr'><strong>ergo</strong></span> <span class='ocrx_word' id='word_1_74' title='bbox 470 833 526 879; x_wconf 91' lang='lat' dir='ltr'><strong>et</strong></span> <span class='ocrx_word' id='word_1_75' title='bbox 570 823 994 878; x_wconf 89' lang='lat' dir='ltr'><strong>consolationem</strong></span> <span class='ocrx_word' id='word_1_76' title='bbox 1054 823 1351 878; x_wconf 87' lang='lat' dir='ltr'><strong>habeamus</strong></span> <span class='ocrx_word' id='word_1_77' title='bbox 1403 824 1455 876; x_wconf 95' lang='lat' dir='ltr'><strong>iu</strong></span> <span class='ocrx_word' id='word_1_78' title='bbox 1500 821 1783 884; x_wconf 86' lang='lat' dir='ltr'><strong>tristibus,</strong></span> <span class='ocrx_word' id='word_1_79' title='bbox 1821 830 1877 876; x_wconf 90' lang='lat' dir='ltr'><strong>et</strong></span> 
     </span>
    </p>
   </div>
   <div class='ocr_carea' id='block_1_12' title="bbox 306 913 1871 986">
    <p class='ocr_par' dir='ltr' id='par_1_12' title="bbox 306 913 1871 986">
     <span class='ocr_line' id='line_1_12' title="bbox 306 913 1871 986; baseline -0.001 -18"><span class='ocrx_word' id='word_1_80' title='bbox 306 915 507 984; x_wconf 65' lang='lat' dir='ltr'><strong>optima</strong></span> <span class='ocrx_word' id='word_1_81' title='bbox 554 915 909 986; x_wconf 84' lang='lat' dir='ltr'><strong>philosophiae</strong></span> <span class='ocrx_word' id='word_1_82' title='bbox 962 915 1322 984; x_wconf 89' lang='lat' dir='ltr'><strong>disciplinam,</strong></span> <span class='ocrx_word' id='word_1_83' title='bbox 1374 914 1460 969; x_wconf 88' lang='lat' dir='ltr'><strong>his</strong></span> <span class='ocrx_word' id='word_1_84' title='bbox 1510 913 1871 983; x_wconf 89' lang='lat' dir='ltr'><strong>conscriptis,</strong></span> 
     </span>
    </p>
   </div>
   <div class='ocr_carea' id='block_1_13' title="bbox 303 1018 1998 1043">
    <p class='ocr_par' dir='ltr' id='par_1_13' title="bbox 303 1018 1998 1043">
     <span class='ocr_line' id='line_1_13' title="bbox 303 1018 1998 1043; baseline 0.005 0"><span class='ocrx_word' id='word_1_85' title='bbox 303 1018 1998 1043; x_wconf 64' lang='lat' dir='ltr'><em>W</em></span> 
     </span>
    </p>
   </div>
   <div class='ocr_carea' id='block_1_14' title="bbox 1981 823 3551 969">
    <p class='ocr_par' dir='ltr' id='par_1_14' title="bbox 1981 823 3551 969">
     <span class='ocr_line' id='line_1_14' title="bbox 1981 823 3551 969; baseline 0.024 -93"><span class='ocrx_word' id='word_1_86' title='bbox 1981 823 2199 969; x_wconf 57' lang='lat' dir='ltr'><strong>ipiritu,</strong></span> <span class='ocrx_word' id='word_1_87' title='bbox 2243 843 2384 887; x_wconf 91' lang='lat' dir='ltr'><strong>nunc</strong></span> <span class='ocrx_word' id='word_1_88' title='bbox 2422 846 2478 890; x_wconf 86' lang='lat' dir='ltr'><strong>et</strong></span> <span class='ocrx_word' id='word_1_89' title='bbox 2526 855 2761 911; x_wconf 87' lang='lat' dir='ltr'><strong>semper,</strong></span> <span class='ocrx_word' id='word_1_90' title='bbox 2790 856 2845 900; x_wconf 91' lang='lat' dir='ltr'><strong>et</strong></span> <span class='ocrx_word' id='word_1_91' title='bbox 2890 848 2941 902; x_wconf 89' lang='lat' dir='ltr'><strong>in</strong></span> <span class='ocrx_word' id='word_1_92' title='bbox 2992 853 3186 908; x_wconf 63' lang='lat' dir='ltr'><strong>sarcula</strong></span> <span class='ocrx_word' id='word_1_93' title='bbox 3213 857 3551 914; x_wconf 75' lang='lat' dir='ltr'><strong>smculorum.</strong></span> 
     </span>
     <span class='ocr_line' id='line_1_15' title="bbox 2032 934 2176 969; baseline 0.007 -1"><span class='ocrx_word' id='word_1_94' title='bbox 2032 934 2176 969; x_wconf 79' lang='lat' dir='ltr'><strong>ﬂlPﬂ-</strong></span> 
     </span>
    </p>
   </div>
   <div class='ocr_carea' id='block_1_15' title="bbox 2032 934 2176 976">
    <p class='ocr_par' dir='ltr' id='par_1_15' title="bbox 2032 934 2176 976">
     <span class='ocr_line' id='line_1_16' title="bbox 2032 934 2176 976; baseline 0.035 -8"><span class='ocrx_word' id='word_1_95' title='bbox 2032 934 2176 976; x_wconf 77' lang='grc' dir='ltr'><strong>ηιρη.</strong></span> 
     </span>
    </p>
   </div>
   <div class='ocr_carea' id='block_1_16' title="bbox 2007 1020 3549 1079">
    <p class='ocr_par' dir='ltr' id='par_1_16' title="bbox 2007 1020 3549 1079">
     <span class='ocr_line' id='line_1_17' title="bbox 2007 1020 3549 1079; baseline 0.005 -40"><span class='ocrx_word' id='word_1_96' title='bbox 2007 1020 3549 1079; x_wconf 36' lang='grc' dir='ltr'><strong>Μ--ξ--ϋ</strong></span> 
     </span>
    </p>
   </div>
   <div class='ocr_carea' id='block_1_17' title="bbox 1677 1074 2137 1141">
    <p class='ocr_par' dir='ltr' id='par_1_17' title="bbox 1677 1074 2137 1141">
     <span class='ocr_line' id='line_1_18' title="bbox 1677 1074 2137 1141; baseline 0.011 -5"><span class='ocrx_word' id='word_1_97' title='bbox 1677 1074 2019 1137; x_wconf 78' lang='lat' dir='ltr'><strong>HOMILIA</strong></span> <span class='ocrx_word' id='word_1_98' title='bbox 2060 1080 2137 1141; x_wconf 75' lang='grc' dir='ltr'><strong>ν.</strong></span> 
     </span>
    </p>
   </div>
   <div class='ocr_carea' id='block_1_18' title="bbox 304 1196 1868 1274">
    <p class='ocr_par' dir='ltr' id='par_1_18' title="bbox 304 1196 1868 1274">
     <span class='ocr_line' id='line_1_19' title="bbox 304 1196 1868 1274; baseline -0.004 -18"><span class='ocrx_word' id='word_1_99' title='bbox 304 1203 539 1274; x_wconf 73' lang='lat' dir='ltr'><strong>Ejusdem</strong></span> <span class='ocrx_word' id='word_1_100' title='bbox 562 1203 803 1259; x_wconf 78' lang='lat' dir='ltr'><strong>humilia.</strong></span> <span class='ocrx_word' id='word_1_101' title='bbox 837 1201 1010 1255; x_wconf 82' lang='lat' dir='ltr'><strong>habita</strong></span> <span class='ocrx_word' id='word_1_102' title='bbox 1039 1202 1090 1253; x_wconf 86' lang='lat' dir='ltr'><strong>in</strong></span> <span class='ocrx_word' id='word_1_103' title='bbox 1120 1201 1307 1270; x_wconf 80' lang='lat' dir='ltr'><strong>templo</strong></span> <span class='ocrx_word' id='word_1_104' title='bbox 1344 1208 1533 1273; x_wconf 62' lang='lat' dir='ltr'><strong>sanctis</strong></span> <span class='ocrx_word' id='word_1_105' title='bbox 1562 1196 1735 1252; x_wconf 69' lang='lat' dir='ltr'><strong>[renes</strong></span> <span class='ocrx_word' id='word_1_106' title='bbox 1758 1240 1773 1263; x_wconf 93' lang='lat'><strong>,</strong></span> <span class='ocrx_word' id='word_1_107' title='bbox 1806 1200 1868 1251; x_wconf 87' lang='lat' dir='ltr'><strong>de</strong></span> 
     </span>
    </p>
   </div>
   <div class='ocr_carea' id='block_1_19' title="bbox 361 1289 1869 1365">
    <p class='ocr_par' dir='ltr' id='par_1_19' title="bbox 361 1289 1869 1365">
     <span class='ocr_line' id='line_1_20' title="bbox 361 1289 1869 1365; baseline -0.004 -17"><span class='ocrx_word' id='word_1_108' title='bbox 361 1297 527 1349; x_wconf 71' lang='lat' dir='ltr'><strong>studio</strong></span> <span class='ocrx_word' id='word_1_109' title='bbox 574 1294 896 1365; x_wconf 55' lang='lat' dir='ltr'><strong>praesentium</strong></span> <span class='ocrx_word' id='word_1_110' title='bbox 944 1303 990 1347; x_wconf 84' lang='lat' dir='ltr'><strong>et</strong></span> <span class='ocrx_word' id='word_1_111' title='bbox 1031 1292 1095 1346; x_wconf 83' lang='lat' dir='ltr'><strong>de</strong></span> <span class='ocrx_word' id='word_1_112' title='bbox 1138 1292 1340 1362; x_wconf 85' lang='lat' dir='ltr'><strong>ignavia</strong></span> <span class='ocrx_word' id='word_1_113' title='bbox 1378 1291 1660 1345; x_wconf 78' lang='lat' dir='ltr'><strong>absentium</strong></span> <span class='ocrx_word' id='word_1_114' title='bbox 1686 1308 1706 1343; x_wconf 92' lang='lat'><strong><em>:</em></strong></span> <span class='ocrx_word' id='word_1_115' title='bbox 1733 1289 1869 1357; x_wconf 86' lang='lat' dir='ltr'><strong>quod</strong></span> 
     </span>
    </p>
   </div>
   <div class='ocr_carea' id='block_1_20' title="bbox 361 1378 1869 1454">
    <p class='ocr_par' dir='ltr' id='par_1_20' title="bbox 361 1378 1869 1454">
     <span class='ocr_line' id='line_1_21' title="bbox 361 1378 1869 1454; baseline -0.004 -15"><span class='ocrx_word' id='word_1_116' title='bbox 361 1387 423 1439; x_wconf 79' lang='lat' dir='ltr'><strong>sit</strong></span> <span class='ocrx_word' id='word_1_117' title='bbox 449 1384 787 1453; x_wconf 75' lang='lat' dir='ltr'><strong>psallendum,</strong></span> <span class='ocrx_word' id='word_1_118' title='bbox 819 1394 863 1437; x_wconf 86' lang='lat' dir='ltr'><strong>et</strong></span> <span class='ocrx_word' id='word_1_119' title='bbox 891 1383 1027 1454; x_wconf 86' lang='lat' dir='ltr'><strong>quod</strong></span> <span class='ocrx_word' id='word_1_120' title='bbox 1067 1382 1360 1437; x_wconf 75' lang='lat' dir='ltr'><strong>mulieribus</strong></span> <span class='ocrx_word' id='word_1_121' title='bbox 1402 1395 1551 1437; x_wconf 70' lang='lat' dir='ltr'><strong>sexta</strong></span> <span class='ocrx_word' id='word_1_122' title='bbox 1579 1396 1679 1435; x_wconf 83' lang='lat' dir='ltr'><strong>non</strong></span> <span class='ocrx_word' id='word_1_123' title='bbox 1708 1378 1869 1452; x_wconf 85' lang='lat' dir='ltr'><strong>impe-</strong></span> 
     </span>
    </p>
   </div>
   <div class='ocr_carea' id='block_1_21' title="bbox 361 1458 1325 1530">
    <p class='ocr_par' dir='ltr' id='par_1_21' title="bbox 361 1458 1325 1530">
     <span class='ocr_line' id='line_1_22' title="bbox 361 1458 1325 1530; baseline 0 -3"><span class='ocrx_word' id='word_1_124' title='bbox 361 1477 581 1529; x_wconf 77' lang='lat' dir='ltr'><strong>dimento</strong></span> <span class='ocrx_word' id='word_1_125' title='bbox 611 1476 677 1530; x_wconf 80' lang='lat' dir='ltr'><strong>sit</strong></span> <span class='ocrx_word' id='word_1_126' title='bbox 702 1475 770 1529; x_wconf 84' lang='lat' dir='ltr'><strong>ad</strong></span> <span class='ocrx_word' id='word_1_127' title='bbox 798 1477 995 1528; x_wconf 81' lang='lat' dir='ltr'><strong>virtutis</strong></span> <span class='ocrx_word' id='word_1_128' title='bbox 1021 1491 1245 1529; x_wconf 83' lang='lat' dir='ltr'><strong>cursum.</strong></span> <span class='ocrx_word' id='word_1_129' title='bbox 1322 1458 1325 1467; x_wconf 41' lang='lat' dir='ltr'><strong>I</strong></span> 
     </span>
    </p>
   </div>
   <div class='ocr_carea' id='block_1_22' title="bbox 363 1563 1866 1636">
    <p class='ocr_par' dir='ltr' id='par_1_22' title="bbox 363 1563 1866 1636">
     <span class='ocr_line' id='line_1_23' title="bbox 363 1563 1866 1636; baseline -0.002 -15"><span class='ocrx_word' id='word_1_130' title='bbox 363 1569 413 1621; x_wconf 82' lang='lat' dir='ltr'><strong>l.</strong></span> <span class='ocrx_word' id='word_1_131' title='bbox 438 1567 606 1634; x_wconf 87' lang='lat' dir='ltr'><strong>Quam</strong></span> <span class='ocrx_word' id='word_1_132' title='bbox 628 1563 935 1621; x_wconf 76' lang='lat' dir='ltr'><strong>dulcissima</strong></span> <span class='ocrx_word' id='word_1_133' title='bbox 957 1578 1041 1622; x_wconf 90' lang='lat' dir='ltr'><strong>est</strong></span> <span class='ocrx_word' id='word_1_134' title='bbox 1059 1564 1453 1636; x_wconf 89' lang='lat' dir='ltr'><strong>Scripturarttm</strong></span> <span class='ocrx_word' id='word_1_135' title='bbox 1476 1564 1633 1619; x_wconf 88' lang='lat' dir='ltr'><strong>lectio</strong></span> <span class='ocrx_word' id='word_1_136' title='bbox 1648 1572 1700 1619; x_wconf 89' lang='lat' dir='ltr'><strong>et</strong></span> <span class='ocrx_word' id='word_1_137' title='bbox 1721 1563 1866 1619; x_wconf 90' lang='lat' dir='ltr'><strong>omni</strong></span> 
     </span>
    </p>
   </div>
   <div class='ocr_carea' id='block_1_23' title="bbox 298 1657 1864 1730">
    <p class='ocr_par' dir='ltr' id='par_1_23' title="bbox 298 1657 1864 1730">
     <span class='ocr_line' id='line_1_24' title="bbox 298 1657 1864 1730; baseline 0 -19"><span class='ocrx_word' id='word_1_138' title='bbox 298 1668 443 1727; x_wconf 92' lang='lat' dir='ltr'><strong>prato</strong></span> <span class='ocrx_word' id='word_1_139' title='bbox 471 1660 707 1725; x_wconf 77' lang='lat' dir='ltr'><strong>suavior,</strong></span> <span class='ocrx_word' id='word_1_140' title='bbox 738 1668 898 1730; x_wconf 87' lang='lat' dir='ltr'><strong>atque</strong></span> <span class='ocrx_word' id='word_1_141' title='bbox 927 1660 1171 1729; x_wconf 89' lang='lat' dir='ltr'><strong>pomario</strong></span> <span class='ocrx_word' id='word_1_142' title='bbox 1200 1659 1450 1728; x_wconf 82' lang='lat' dir='ltr'><strong>paradiso</strong></span> <span class='ocrx_word' id='word_1_143' title='bbox 1476 1657 1864 1725; x_wconf 89' lang='lat' dir='ltr'><strong>delectabilior,</strong></span> 
     </span>
    </p>
   </div>
   <div class='ocr_carea' id='block_1_24' title="bbox 295 1748 1864 1818">
    <p class='ocr_par' dir='ltr' id='par_1_24' title="bbox 295 1748 1864 1818">
     <span class='ocr_line' id='line_1_25' title="bbox 295 1748 1864 1818; baseline 0.001 -15"><span class='ocrx_word' id='word_1_144' title='bbox 295 1749 519 1804; x_wconf 77' lang='lat' dir='ltr'><strong>maxime</strong></span> <span class='ocrx_word' id='word_1_145' title='bbox 547 1764 678 1804; x_wconf 89' lang='lat' dir='ltr'><strong>vero</strong></span> <span class='ocrx_word' id='word_1_146' title='bbox 703 1764 824 1804; x_wconf 91' lang='lat' dir='ltr'><strong>cum</strong></span> <span class='ocrx_word' id='word_1_147' title='bbox 864 1750 1101 1818; x_wconf 78' lang='lat' dir='ltr'><strong>cognitio</strong></span> <span class='ocrx_word' id='word_1_148' title='bbox 1124 1748 1343 1805; x_wconf 90' lang='lat' dir='ltr'><strong>lectioni</strong></span> <span class='ocrx_word' id='word_1_149' title='bbox 1383 1750 1614 1804; x_wconf 78' lang='lat' dir='ltr'><strong>additur.</strong></span> <span class='ocrx_word' id='word_1_150' title='bbox 1646 1749 1864 1805; x_wconf 84' lang='lat' dir='ltr'><strong>Pratum</strong></span> 
     </span>
    </p>
   </div>
   <div class='ocr_carea' id='block_1_25' title="bbox 294 1824 1864 1909">
    <p class='ocr_par' dir='ltr' id='par_1_25' title="bbox 294 1824 1864 1909">
     <span class='ocr_line' id='line_1_26' title="bbox 294 1824 1864 1909; baseline 0.002 -16"><span class='ocrx_word' id='word_1_151' title='bbox 294 1840 463 1908; x_wconf 88' lang='lat' dir='ltr'><strong>enim,</strong></span> <span class='ocrx_word' id='word_1_152' title='bbox 504 1824 561 1894; x_wconf 80' lang='lat' dir='ltr'><strong>et</strong></span> <span class='ocrx_word' id='word_1_153' title='bbox 604 1840 793 1894; x_wconf 90' lang='lat' dir='ltr'><strong>llorum</strong></span> <span class='ocrx_word' id='word_1_154' title='bbox 841 1838 1213 1909; x_wconf 82' lang='lat' dir='ltr'><strong>pulchritudo,</strong></span> <span class='ocrx_word' id='word_1_155' title='bbox 1261 1849 1318 1896; x_wconf 90' lang='lat' dir='ltr'><strong>et</strong></span> <span class='ocrx_word' id='word_1_156' title='bbox 1370 1841 1621 1896; x_wconf 89' lang='lat' dir='ltr'><strong>arborum</strong></span> <span class='ocrx_word' id='word_1_157' title='bbox 1675 1857 1864 1904; x_wconf 52' lang='lat' dir='ltr'><strong>com‘r,</strong></span> 
     </span>
    </p>
   </div>
   <div class='ocr_carea' id='block_1_26' title="bbox 295 1929 1867 2002">
    <p class='ocr_par' dir='ltr' id='par_1_26' title="bbox 295 1929 1867 2002">
     <span class='ocr_line' id='line_1_27' title="bbox 295 1929 1867 2002; baseline 0.001 -18"><span class='ocrx_word' id='word_1_158' title='bbox 295 1944 434 1997; x_wconf 87' lang='lat' dir='ltr'><strong>rosa,</strong></span> <span class='ocrx_word' id='word_1_159' title='bbox 465 1929 683 1995; x_wconf 83' lang='lat' dir='ltr'><strong>hedera,</strong></span> <span class='ocrx_word' id='word_1_160' title='bbox 715 1941 942 2002; x_wconf 87' lang='lat' dir='ltr'><strong>myrtus,</strong></span> <span class='ocrx_word' id='word_1_161' title='bbox 966 1932 1140 1987; x_wconf 87' lang='lat' dir='ltr'><strong>visum</strong></span> <span class='ocrx_word' id='word_1_162' title='bbox 1169 1931 1461 1995; x_wconf 88' lang='lat' dir='ltr'><strong>delectant,</strong></span> <span class='ocrx_word' id='word_1_163' title='bbox 1483 1933 1579 1987; x_wconf 91' lang='lat' dir='ltr'><strong>sed</strong></span> <span class='ocrx_word' id='word_1_164' title='bbox 1610 1941 1728 2001; x_wconf 90' lang='lat' dir='ltr'><strong>post</strong></span> <span class='ocrx_word' id='word_1_165' title='bbox 1751 1934 1867 1987; x_wconf 89' lang='lat' dir='ltr'><strong>dies</strong></span> 
     </span>
    </p>
   </div>
   <div class='ocr_carea' id='block_1_27' title="bbox 293 2022 1867 2093">
    <p class='ocr_par' dir='ltr' id='par_1_27' title="bbox 293 2022 1867 2093">
     <span class='ocr_line' id='line_1_28' title="bbox 293 2022 1867 2093; baseline 0 -17"><span class='ocrx_word' id='word_1_166' title='bbox 293 2037 487 2092; x_wconf 87' lang='lat' dir='ltr'><strong>paucos</strong></span> <span class='ocrx_word' id='word_1_167' title='bbox 533 2032 874 2077; x_wconf 88' lang='lat' dir='ltr'><strong>marcescunt</strong></span> <span class='ocrx_word' id='word_1_168' title='bbox 905 2040 918 2075; x_wconf 90' lang='lat'><strong>:</strong></span> <span class='ocrx_word' id='word_1_169' title='bbox 952 2022 1348 2091; x_wconf 88' lang='lat' dir='ltr'><strong>Scripturarum</strong></span> <span class='ocrx_word' id='word_1_170' title='bbox 1402 2032 1580 2077; x_wconf 89' lang='lat' dir='ltr'><strong>autem</strong></span> <span class='ocrx_word' id='word_1_171' title='bbox 1634 2024 1867 2093; x_wconf 80' lang='lat' dir='ltr'><strong>cognitio</strong></span> 
     </span>
    </p>
   </div>
   <div class='ocr_carea' id='block_1_28' title="bbox 295 2113 1867 2183">
    <p class='ocr_par' dir='ltr' id='par_1_28' title="bbox 295 2113 1867 2183">
     <span class='ocr_line' id='line_1_29' title="bbox 295 2113 1867 2183; baseline 0 -18"><span class='ocrx_word' id='word_1_172' title='bbox 295 2124 521 2168; x_wconf 88' lang='lat' dir='ltr'><strong>mentem</strong></span> <span class='ocrx_word' id='word_1_173' title='bbox 558 2114 750 2176; x_wconf 89' lang='lat' dir='ltr'><strong>munit,</strong></span> <span class='ocrx_word' id='word_1_174' title='bbox 790 2113 1172 2168; x_wconf 83' lang='lat' dir='ltr'><strong>conscientiam</strong></span> <span class='ocrx_word' id='word_1_175' title='bbox 1220 2122 1428 2183; x_wconf 90' lang='lat' dir='ltr'><strong>purgat,</strong></span> <span class='ocrx_word' id='word_1_176' title='bbox 1466 2113 1752 2168; x_wconf 87' lang='lat' dir='ltr'><strong>illiberales</strong></span> <span class='ocrx_word' id='word_1_177' title='bbox 1789 2114 1867 2165; x_wconf 87' lang='lat' dir='ltr'><strong>af-</strong></span> 
     </span>
    </p>
   </div>
   <div class='ocr_carea' id='block_1_29' title="bbox 295 2201 1866 2273">
    <p class='ocr_par' dir='ltr' id='par_1_29' title="bbox 295 2201 1866 2273">
     <span class='ocr_line' id='line_1_30' title="bbox 295 2201 1866 2273; baseline 0.004 -18"><span class='ocrx_word' id='word_1_178' title='bbox 295 2201 458 2257; x_wconf 86' lang='lat' dir='ltr'><strong>fectus</strong></span> <span class='ocrx_word' id='word_1_179' title='bbox 485 2203 688 2266; x_wconf 75' lang='lat' dir='ltr'><strong>avellit,</strong></span> <span class='ocrx_word' id='word_1_180' title='bbox 716 2203 970 2258; x_wconf 77' lang='lat' dir='ltr'><strong>virtutem</strong></span> <span class='ocrx_word' id='word_1_181' title='bbox 1000 2204 1226 2273; x_wconf 89' lang='lat' dir='ltr'><strong>plantat,</strong></span> <span class='ocrx_word' id='word_1_182' title='bbox 1266 2204 1605 2259; x_wconf 88' lang='lat' dir='ltr'><strong>ratiocinium</strong></span> <span class='ocrx_word' id='word_1_183' title='bbox 1635 2205 1866 2262; x_wconf 89' lang='lat' dir='ltr'><strong>sublime</strong></span> 
     </span>
    </p>
   </div>
   <div class='ocr_carea' id='block_1_30' title="bbox 290 2294 1867 2367">
    <p class='ocr_par' dir='ltr' id='par_1_30' title="bbox 290 2294 1867 2367">
     <span class='ocr_line' id='line_1_31' title="bbox 290 2294 1867 2367; baseline 0.001 -16"><span class='ocrx_word' id='word_1_184' title='bbox 290 2294 459 2361; x_wconf 74' lang='lat' dir='ltr'><strong>effert,</strong></span> <span class='ocrx_word' id='word_1_185' title='bbox 508 2311 612 2350; x_wconf 92' lang='lat' dir='ltr'><strong>non</strong></span> <span class='ocrx_word' id='word_1_186' title='bbox 647 2294 911 2367; x_wconf 86' lang='lat' dir='ltr'><strong>permittit</strong></span> <span class='ocrx_word' id='word_1_187' title='bbox 955 2305 1013 2350; x_wconf 91' lang='lat' dir='ltr'><strong>ut</strong></span> <span class='ocrx_word' id='word_1_188' title='bbox 1053 2295 1434 2366; x_wconf 79' lang='lat' dir='ltr'><strong>inexspectatts</strong></span> <span class='ocrx_word' id='word_1_189' title='bbox 1480 2299 1735 2353; x_wconf 73' lang='lat' dir='ltr'><strong>:erumuis</strong></span> <span class='ocrx_word' id='word_1_190' title='bbox 1766 2299 1867 2353; x_wconf 92' lang='lat' dir='ltr'><strong>im-</strong></span> 
     </span>
    </p>
   </div>
   <div class='ocr_carea' id='block_1_31' title="bbox 290 2386 1866 2459">
    <p class='ocr_par' dir='ltr' id='par_1_31' title="bbox 290 2386 1866 2459">
     <span class='ocr_line' id='line_1_32' title="bbox 290 2386 1866 2459; baseline 0.002 -17"><span class='ocrx_word' id='word_1_191' title='bbox 290 2401 607 2458; x_wconf 87' lang='lat' dir='ltr'><strong>mergamur,</strong></span> <span class='ocrx_word' id='word_1_192' title='bbox 636 2386 920 2443; x_wconf 82' lang='lat' dir='ltr'><strong>sublimius</strong></span> <span class='ocrx_word' id='word_1_193' title='bbox 949 2388 1109 2458; x_wconf 80' lang='lat' dir='ltr'><strong>erigit</strong></span> <span class='ocrx_word' id='word_1_194' title='bbox 1133 2403 1292 2459; x_wconf 90' lang='lat' dir='ltr'><strong>quam</strong></span> <span class='ocrx_word' id='word_1_195' title='bbox 1321 2397 1379 2443; x_wconf 90' lang='lat' dir='ltr'><strong>ut</strong></span> <span class='ocrx_word' id='word_1_196' title='bbox 1404 2389 1602 2445; x_wconf 88' lang='lat' dir='ltr'><strong>diaboli</strong></span> <span class='ocrx_word' id='word_1_197' title='bbox 1635 2389 1736 2445; x_wconf 90' lang='lat' dir='ltr'><strong>tela</strong></span> <span class='ocrx_word' id='word_1_198' title='bbox 1766 2406 1866 2445; x_wconf 88' lang='lat' dir='ltr'><strong>nos</strong></span> 
     </span>
    </p>
   </div>
   <div class='ocr_carea' id='block_1_32' title="bbox 288 2478 1867 2549">
    <p class='ocr_par' dir='ltr' id='par_1_32' title="bbox 288 2478 1867 2549">
     <span class='ocr_line' id='line_1_33' title="bbox 288 2478 1867 2549; baseline 0.004 -17"><span class='ocrx_word' id='word_1_199' title='bbox 288 2480 545 2548; x_wconf 75' lang='lat' dir='ltr'><strong>attingere</strong></span> <span class='ocrx_word' id='word_1_200' title='bbox 566 2478 1056 2549; x_wconf 71' lang='lat' dir='ltr'><strong>possinLadipsum</strong></span> <span class='ocrx_word' id='word_1_201' title='bbox 1099 2480 1354 2536; x_wconf 80' lang='lat' dir='ltr'><strong>transfert</strong></span> <span class='ocrx_word' id='word_1_202' title='bbox 1394 2483 1608 2549; x_wconf 67' lang='lat' dir='ltr'><strong>cadum,</strong></span> <span class='ocrx_word' id='word_1_203' title='bbox 1637 2483 1867 2539; x_wconf 86' lang='lat' dir='ltr'><strong>absolvit</strong></span> 
     </span>
    </p>
   </div>
   <div class='ocr_carea' id='block_1_33' title="bbox 288 2570 1864 2644">
    <p class='ocr_par' dir='ltr' id='par_1_33' title="bbox 288 2570 1864 2644">
     <span class='ocr_line' id='line_1_34' title="bbox 288 2570 1864 2644; baseline 0.004 -22"><span class='ocrx_word' id='word_1_204' title='bbox 288 2570 517 2624; x_wconf 88' lang='lat' dir='ltr'><strong>animam</strong></span> <span class='ocrx_word' id='word_1_205' title='bbox 540 2585 568 2623; x_wconf 90' lang='lat' dir='ltr'><strong>a</strong></span> <span class='ocrx_word' id='word_1_206' title='bbox 590 2570 816 2624; x_wconf 84' lang='lat' dir='ltr'><strong>vinculis</strong></span> <span class='ocrx_word' id='word_1_207' title='bbox 853 2571 1114 2638; x_wconf 89' lang='lat' dir='ltr'><strong>corporis,</strong></span> <span class='ocrx_word' id='word_1_208' title='bbox 1144 2572 1293 2626; x_wconf 89' lang='lat' dir='ltr'><strong>leves</strong></span> <span class='ocrx_word' id='word_1_209' title='bbox 1332 2573 1508 2626; x_wconf 89' lang='lat' dir='ltr'><strong>reddit</strong></span> <span class='ocrx_word' id='word_1_210' title='bbox 1527 2575 1677 2640; x_wconf 88' lang='lat' dir='ltr'><strong>alas;</strong></span> <span class='ocrx_word' id='word_1_211' title='bbox 1705 2574 1864 2644; x_wconf 91' lang='lat' dir='ltr'><strong>quid-</strong></span> 
     </span>
    </p>
   </div>
   <div class='ocr_carea' id='block_1_34' title="bbox 286 2660 1861 2731">
    <p class='ocr_par' dir='ltr' id='par_1_34' title="bbox 286 2660 1861 2731">
     <span class='ocr_line' id='line_1_35' title="bbox 286 2660 1861 2731; baseline 0.004 -16"><span class='ocrx_word' id='word_1_212' title='bbox 286 2660 412 2731; x_wconf 88' lang='lat' dir='ltr'><strong>quid</strong></span> <span class='ocrx_word' id='word_1_213' title='bbox 441 2660 566 2716; x_wconf 89' lang='lat' dir='ltr'><strong>boni</strong></span> <span class='ocrx_word' id='word_1_214' title='bbox 584 2663 701 2730; x_wconf 88' lang='lat' dir='ltr'><strong>quis</strong></span> <span class='ocrx_word' id='word_1_215' title='bbox 724 2661 941 2727; x_wconf 78' lang='lat' dir='ltr'><strong>dixerit,</strong></span> <span class='ocrx_word' id='word_1_216' title='bbox 961 2661 1013 2715; x_wconf 91' lang='lat' dir='ltr'><strong>in</strong></span> <span class='ocrx_word' id='word_1_217' title='bbox 1031 2661 1332 2717; x_wconf 81' lang='lat' dir='ltr'><strong>auditorum</strong></span> <span class='ocrx_word' id='word_1_218' title='bbox 1359 2675 1592 2720; x_wconf 90' lang='lat' dir='ltr'><strong>mentem</strong></span> <span class='ocrx_word' id='word_1_219' title='bbox 1606 2666 1861 2724; x_wconf 87' lang='lat' dir='ltr'><strong>immittit.</strong></span> 
     </span>
    </p>
   </div>
   <div class='ocr_carea' id='block_1_35' title="bbox 286 2748 1861 2826">
    <p class='ocr_par' dir='ltr' id='par_1_35' title="bbox 286 2748 1861 2826">
     <span class='ocr_line' id='line_1_36' title="bbox 286 2748 1861 2826; baseline 0.001 -17"><span class='ocrx_word' id='word_1_220' title='bbox 286 2748 412 2809; x_wconf 79' lang='lat' dir='ltr'><strong>Ideo</strong></span> <span class='ocrx_word' id='word_1_221' title='bbox 438 2753 558 2808; x_wconf 89' lang='lat' dir='ltr'><strong>illos</strong></span> <span class='ocrx_word' id='word_1_222' title='bbox 583 2754 670 2825; x_wconf 91' lang='lat' dir='ltr'><strong>qui</strong></span> <span class='ocrx_word' id='word_1_223' title='bbox 697 2755 892 2810; x_wconf 87' lang='lat' dir='ltr'><strong>absunt</strong></span> <span class='ocrx_word' id='word_1_224' title='bbox 926 2755 1154 2811; x_wconf 90' lang='lat' dir='ltr'><strong>miseros</strong></span> <span class='ocrx_word' id='word_1_225' title='bbox 1182 2756 1476 2824; x_wconf 64' lang='lat' dir='ltr'><strong>praedicare</strong></span> <span class='ocrx_word' id='word_1_226' title='bbox 1518 2775 1622 2811; x_wconf 85' lang='lat' dir='ltr'><strong>non</strong></span> <span class='ocrx_word' id='word_1_227' title='bbox 1673 2774 1861 2826; x_wconf 88' lang='lat' dir='ltr'><strong>cesso,</strong></span> 
     </span>
    </p>
   </div>
   <div class='ocr_carea' id='block_1_36' title="bbox 286 2844 1863 2918">
    <p class='ocr_par' dir='ltr' id='par_1_36' title="bbox 286 2844 1863 2918">
     <span class='ocr_line' id='line_1_37' title="bbox 286 2844 1863 2918; baseline 0.006 -20"><span class='ocrx_word' id='word_1_228' title='bbox 286 2858 489 2913; x_wconf 84' lang='lat' dir='ltr'><strong>vosque</strong></span> <span class='ocrx_word' id='word_1_229' title='bbox 514 2845 601 2915; x_wconf 89' lang='lat' dir='ltr'><strong>qui</strong></span> <span class='ocrx_word' id='word_1_230' title='bbox 625 2844 825 2900; x_wconf 85' lang='lat' dir='ltr'><strong>adestis</strong></span> <span class='ocrx_word' id='word_1_231' title='bbox 848 2844 1035 2901; x_wconf 89' lang='lat' dir='ltr'><strong>beatos</strong></span> <span class='ocrx_word' id='word_1_232' title='bbox 1057 2845 1330 2902; x_wconf 90' lang='lat' dir='ltr'><strong>celebrare</strong></span> <span class='ocrx_word' id='word_1_233' title='bbox 1348 2888 1364 2911; x_wconf 91' lang='lat'><strong>,</strong></span> <span class='ocrx_word' id='word_1_234' title='bbox 1403 2850 1524 2918; x_wconf 90' lang='lat' dir='ltr'><strong>quia</strong></span> <span class='ocrx_word' id='word_1_235' title='bbox 1553 2849 1863 2907; x_wconf 88' lang='lat' dir='ltr'><strong>thesaurum</strong></span> 
     </span>
    </p>
   </div>
   <div class='ocr_carea' id='block_1_37' title="bbox 280 2933 1862 3010">
    <p class='ocr_par' dir='ltr' id='par_1_37' title="bbox 280 2933 1862 3010">
     <span class='ocr_line' id='line_1_38' title="bbox 280 2933 1862 3010; baseline 0.006 -22"><span class='ocrx_word' id='word_1_236' title='bbox 280 2933 531 3004; x_wconf 81' lang='lat' dir='ltr'><strong>colligitis</strong></span> <span class='ocrx_word' id='word_1_237' title='bbox 550 2935 637 3005; x_wconf 85' lang='lat' dir='ltr'><strong>qui</strong></span> <span class='ocrx_word' id='word_1_238' title='bbox 665 2935 858 2989; x_wconf 88' lang='lat' dir='ltr'><strong>insumi</strong></span> <span class='ocrx_word' id='word_1_239' title='bbox 887 2950 991 2990; x_wconf 87' lang='lat' dir='ltr'><strong>nOu</strong></span> <span class='ocrx_word' id='word_1_240' title='bbox 1017 2945 1192 3005; x_wconf 82' lang='lat' dir='ltr'><strong>potest</strong></span> <span class='ocrx_word' id='word_1_241' title='bbox 1219 2936 1433 2992; x_wconf 80' lang='lat' dir='ltr'><strong>divitias</strong></span> <span class='ocrx_word' id='word_1_242' title='bbox 1467 2955 1586 3008; x_wconf 71' lang='lat' dir='ltr'><strong>qua:</strong></span> <span class='ocrx_word' id='word_1_243' title='bbox 1629 2941 1862 3010; x_wconf 86' lang='lat' dir='ltr'><strong>impendi</strong></span> 
     </span>
    </p>
   </div>
   <div class='ocr_carea' id='block_1_38' title="bbox 281 3026 1861 3097">
    <p class='ocr_par' dir='ltr' id='par_1_38' title="bbox 281 3026 1861 3097">
     <span class='ocr_line' id='line_1_39' title="bbox 281 3026 1861 3097; baseline 0.004 -15"><span class='ocrx_word' id='word_1_244' title='bbox 281 3039 574 3097; x_wconf 83' lang='lat' dir='ltr'><strong>nequeunt,</strong></span> <span class='ocrx_word' id='word_1_245' title='bbox 589 3037 642 3081; x_wconf 93' lang='lat' dir='ltr'><strong>et</strong></span> <span class='ocrx_word' id='word_1_246' title='bbox 665 3026 939 3082; x_wconf 80' lang='lat' dir='ltr'><strong>facultates</strong></span> <span class='ocrx_word' id='word_1_247' title='bbox 961 3027 1171 3082; x_wconf 73' lang='lat' dir='ltr'><strong>invidia:</strong></span> <span class='ocrx_word' id='word_1_248' title='bbox 1192 3044 1297 3083; x_wconf 90' lang='lat' dir='ltr'><strong>non</strong></span> <span class='ocrx_word' id='word_1_249' title='bbox 1321 3030 1599 3097; x_wconf 77' lang='lat' dir='ltr'><strong>obnoxias,</strong></span> <span class='ocrx_word' id='word_1_250' title='bbox 1623 3040 1680 3086; x_wconf 92' lang='lat' dir='ltr'><strong>ut</strong></span> <span class='ocrx_word' id='word_1_251' title='bbox 1699 3036 1861 3090; x_wconf 83' lang='lat' dir='ltr'><strong>multa</strong></span> 
     </span>
    </p>
   </div>
   <div class='ocr_carea' id='block_1_39' title="bbox 278 3118 1861 3188">
    <p class='ocr_par' dir='ltr' id='par_1_39' title="bbox 278 3118 1861 3188">
     <span class='ocr_line' id='line_1_40' title="bbox 278 3118 1861 3188; baseline 0.002 -14"><span class='ocrx_word' id='word_1_252' title='bbox 278 3120 470 3188; x_wconf 81' lang='lat' dir='ltr'><strong>repleti</strong></span> <span class='ocrx_word' id='word_1_253' title='bbox 497 3118 702 3184; x_wconf 71' lang='lat' dir='ltr'><strong>lmtitia,</strong></span> <span class='ocrx_word' id='word_1_254' title='bbox 749 3120 969 3174; x_wconf 90' lang='lat' dir='ltr'><strong>domum</strong></span> <span class='ocrx_word' id='word_1_255' title='bbox 1009 3121 1278 3176; x_wconf 88' lang='lat' dir='ltr'><strong>receditis.</strong></span> <span class='ocrx_word' id='word_1_256' title='bbox 1319 3121 1457 3176; x_wconf 87' lang='lat' dir='ltr'><strong>Nihil</strong></span> <span class='ocrx_word' id='word_1_257' title='bbox 1485 3124 1627 3177; x_wconf 92' lang='lat' dir='ltr'><strong>enim</strong></span> <span class='ocrx_word' id='word_1_258' title='bbox 1671 3125 1740 3179; x_wconf 90' lang='lat' dir='ltr'><strong>ita</strong></span> <span class='ocrx_word' id='word_1_259' title='bbox 1768 3142 1861 3177; x_wconf 86' lang='lat' dir='ltr'><strong>vo-</strong></span> 
     </span>
    </p>
   </div>
   <div class='ocr_carea' id='block_1_40' title="bbox 278 3205 1859 3285">
    <p class='ocr_par' dir='ltr' id='par_1_40' title="bbox 278 3205 1859 3285">
     <span class='ocr_line' id='line_1_41' title="bbox 278 3205 1859 3285; baseline 0.006 -22"><span class='ocrx_word' id='word_1_260' title='bbox 278 3205 541 3279; x_wconf 84' lang='lat' dir='ltr'><strong>luptatem</strong></span> <span class='ocrx_word' id='word_1_261' title='bbox 584 3225 771 3279; x_wconf 90' lang='lat' dir='ltr'><strong>parere</strong></span> <span class='ocrx_word' id='word_1_262' title='bbox 814 3218 1012 3280; x_wconf 87' lang='lat' dir='ltr'><strong>potest,</strong></span> <span class='ocrx_word' id='word_1_263' title='bbox 1058 3219 1117 3266; x_wconf 91' lang='lat' dir='ltr'><strong>ut</strong></span> <span class='ocrx_word' id='word_1_264' title='bbox 1160 3212 1484 3267; x_wconf 90' lang='lat' dir='ltr'><strong>conscientia</strong></span> <span class='ocrx_word' id='word_1_265' title='bbox 1533 3230 1702 3284; x_wconf 90' lang='lat' dir='ltr'><strong>pura:</strong></span> <span class='ocrx_word' id='word_1_266' title='bbox 1731 3232 1859 3285; x_wconf 89' lang='lat' dir='ltr'><strong>pura</strong></span> 
     </span>
    </p>
   </div>
   <div class='ocr_carea' id='block_1_41' title="bbox 273 3302 1861 3378">
    <p class='ocr_par' dir='ltr' id='par_1_41' title="bbox 273 3302 1861 3378">
     <span class='ocr_line' id='line_1_42' title="bbox 273 3302 1861 3378; baseline 0.006 -21"><span class='ocrx_word' id='word_1_267' title='bbox 273 3312 453 3358; x_wconf 82' lang='lat' dir='ltr'><strong>autem</strong></span> <span class='ocrx_word' id='word_1_268' title='bbox 477 3302 707 3359; x_wconf 81' lang='lat' dir='ltr'><strong>efficitur</strong></span> <span class='ocrx_word' id='word_1_269' title='bbox 727 3306 1077 3369; x_wconf 90' lang='lat' dir='ltr'><strong>conscientia,</strong></span> <span class='ocrx_word' id='word_1_270' title='bbox 1097 3305 1306 3362; x_wconf 87' lang='lat' dir='ltr'><strong>etiamsi</strong></span> <span class='ocrx_word' id='word_1_271' title='bbox 1327 3316 1516 3362; x_wconf 88' lang='lat' dir='ltr'><strong>onusta</strong></span> <span class='ocrx_word' id='word_1_272' title='bbox 1541 3310 1611 3363; x_wconf 90' lang='lat' dir='ltr'><strong>sit</strong></span> <span class='ocrx_word' id='word_1_273' title='bbox 1632 3313 1861 3378; x_wconf 89' lang='lat' dir='ltr'><strong>peccatis</strong></span> 
     </span>
    </p>
   </div>
   <div class='ocr_carea' id='block_1_42' title="bbox 266 3394 1859 3475">
    <p class='ocr_par' dir='ltr' id='par_1_42' title="bbox 266 3394 1859 3475">
     <span class='ocr_line' id='line_1_43' title="bbox 266 3394 1859 3475; baseline 0.007 -26"><span class='ocrx_word' id='word_1_274' title='bbox 266 3395 590 3455; x_wconf 79' lang='lat' dir='ltr'><strong>innumeris.</strong></span> <span class='ocrx_word' id='word_1_275' title='bbox 627 3411 747 3450; x_wconf 91' lang='lat' dir='ltr'><strong>cum</strong></span> <span class='ocrx_word' id='word_1_276' title='bbox 795 3394 1103 3466; x_wconf 86' lang='lat' dir='ltr'><strong>frequenter</strong></span> <span class='ocrx_word' id='word_1_277' title='bbox 1145 3398 1456 3455; x_wconf 86' lang='lat' dir='ltr'><strong>concionem</strong></span> <span class='ocrx_word' id='word_1_278' title='bbox 1488 3401 1652 3456; x_wconf 88' lang='lat' dir='ltr'><strong>audit.</strong></span> <span class='ocrx_word' id='word_1_279' title='bbox 1678 3403 1859 3475; x_wconf 87' lang='lat' dir='ltr'><strong>Neque</strong></span> 
     </span>
    </p>
   </div>
   <div class='ocr_carea' id='block_1_43' title="bbox 267 3486 1856 3562">
    <p class='ocr_par' dir='ltr' id='par_1_43' title="bbox 267 3486 1856 3562">
     <span class='ocr_line' id='line_1_44' title="bbox 267 3486 1856 3562; baseline 0.007 -22"><span class='ocrx_word' id='word_1_280' title='bbox 267 3487 414 3541; x_wconf 86' lang='lat' dir='ltr'><strong>enim</strong></span> <span class='ocrx_word' id='word_1_281' title='bbox 442 3486 708 3556; x_wconf 88' lang='lat' dir='ltr'><strong>prioribus</strong></span> <span class='ocrx_word' id='word_1_282' title='bbox 727 3488 939 3542; x_wconf 85' lang='lat' dir='ltr'><strong>delictis</strong></span> <span class='ocrx_word' id='word_1_283' title='bbox 962 3504 1095 3541; x_wconf 85' lang='lat' dir='ltr'><strong>nova</strong></span> <span class='ocrx_word' id='word_1_284' title='bbox 1118 3489 1294 3556; x_wconf 89' lang='lat' dir='ltr'><strong>addit;</strong></span> <span class='ocrx_word' id='word_1_285' title='bbox 1323 3491 1430 3545; x_wconf 90' lang='lat' dir='ltr'><strong>imo</strong></span> <span class='ocrx_word' id='word_1_286' title='bbox 1455 3493 1614 3547; x_wconf 92' lang='lat' dir='ltr'><strong>etiam</strong></span> <span class='ocrx_word' id='word_1_287' title='bbox 1642 3506 1856 3562; x_wconf 84' lang='lat' dir='ltr'><strong>peccata</strong></span> 
     </span>
    </p>
   </div>
   <div class='ocr_carea' id='block_1_44' title="bbox 266 3578 1854 3650">
    <p class='ocr_par' dir='ltr' id='par_1_44' title="bbox 266 3578 1854 3650">
     <span class='ocr_line' id='line_1_45' title="bbox 266 3578 1854 3650; baseline 0.006 -20"><span class='ocrx_word' id='word_1_288' title='bbox 266 3578 529 3640; x_wconf 85' lang='lat' dir='ltr'><strong>absumit,</strong></span> <span class='ocrx_word' id='word_1_289' title='bbox 587 3586 642 3633; x_wconf 80' lang='lat' dir='ltr'><strong>et</strong></span> <span class='ocrx_word' id='word_1_290' title='bbox 685 3579 862 3633; x_wconf 91' lang='lat' dir='ltr'><strong>minus</strong></span> <span class='ocrx_word' id='word_1_291' title='bbox 904 3594 1225 3650; x_wconf 83' lang='lat' dir='ltr'><strong>propensam</strong></span> <span class='ocrx_word' id='word_1_292' title='bbox 1279 3581 1454 3637; x_wconf 87' lang='lat' dir='ltr'><strong>reddit</strong></span> <span class='ocrx_word' id='word_1_293' title='bbox 1505 3584 1734 3638; x_wconf 90' lang='lat' dir='ltr'><strong>animam</strong></span> <span class='ocrx_word' id='word_1_294' title='bbox 1787 3586 1854 3640; x_wconf 89' lang='lat' dir='ltr'><strong>ad</strong></span> 
     </span>
    </p>
   </div>
   <div class='ocr_carea' id='block_1_45' title="bbox 263 3670 1049 3740">
    <p class='ocr_par' dir='ltr' id='par_1_45' title="bbox 263 3670 1049 3740">
     <span class='ocr_line' id='line_1_46' title="bbox 263 3670 1049 3740; baseline 0.008 -16"><span class='ocrx_word' id='word_1_295' title='bbox 263 3670 491 3725; x_wconf 81' lang='lat' dir='ltr'><strong>easdem</strong></span> <span class='ocrx_word' id='word_1_296' title='bbox 532 3686 618 3724; x_wconf 80' lang='lat' dir='ltr'><strong>res</strong></span> <span class='ocrx_word' id='word_1_297' title='bbox 646 3672 1049 3740; x_wconf 80' lang='lat' dir='ltr'><strong>aggrediendas.</strong></span> 
     </span>
    </p>
   </div>
   <div class='ocr_carea' id='block_1_46' title="bbox 336 3761 1856 3840">
    <p class='ocr_par' dir='ltr' id='par_1_46' title="bbox 336 3761 1856 3840">
     <span class='ocr_line' id='line_1_47' title="bbox 336 3761 1856 3840; baseline 0.005 -24"><span class='ocrx_word' id='word_1_298' title='bbox 336 3761 533 3816; x_wconf 78' lang='lat' dir='ltr'><strong>Contra</strong></span> <span class='ocrx_word' id='word_1_299' title='bbox 554 3764 879 3831; x_wconf 75' lang='lat' dir='ltr'><strong>pecuniarum</strong></span> <span class='ocrx_word' id='word_1_300' title='bbox 902 3765 1246 3834; x_wconf 83' lang='lat' dir='ltr'><strong>cupiditatem.</strong></span> <span class='ocrx_word' id='word_1_301' title='bbox 1267 3766 1464 3821; x_wconf 78' lang='lat' dir='ltr'><strong>Judicii</strong></span> <span class='ocrx_word' id='word_1_302' title='bbox 1482 3769 1642 3840; x_wconf 79' lang='lat' dir='ltr'><strong>futuri</strong></span> <span class='ocrx_word' id='word_1_303' title='bbox 1665 3770 1856 3824; x_wconf 84' lang='lat' dir='ltr'><strong>descri-</strong></span> 
     </span>
    </p>
   </div>
   <div class='ocr_carea' id='block_1_47' title="bbox 259 3852 1852 3932">
    <p class='ocr_par' dir='ltr' id='par_1_47' title="bbox 259 3852 1852 3932">
     <span class='ocr_line' id='line_1_48' title="bbox 259 3852 1852 3932; baseline 0.007 -27"><span class='ocrx_word' id='word_1_304' title='bbox 259 3855 395 3921; x_wconf 84' lang='lat' dir='ltr'><strong>ptio.</strong></span> <span class='ocrx_word' id='word_1_305' title='bbox 423 3852 733 3906; x_wconf 80' lang='lat' dir='ltr'><strong>Auditorum</strong></span> <span class='ocrx_word' id='word_1_306' title='bbox 758 3854 1104 3926; x_wconf 79' lang='lat' dir='ltr'><strong>Chrysostomi</strong></span> <span class='ocrx_word' id='word_1_307' title='bbox 1131 3859 1365 3929; x_wconf 75' lang='lat' dir='ltr'><strong>gemitus.</strong></span> <span class='ocrx_word' id='word_1_308' title='bbox 1394 3889 1465 3899; x_wconf 93' lang='lat'><strong>—-</strong></span> <span class='ocrx_word' id='word_1_309' title='bbox 1496 3860 1696 3915; x_wconf 88' lang='lat' dir='ltr'><strong>Idcirco</strong></span> <span class='ocrx_word' id='word_1_310' title='bbox 1723 3877 1852 3932; x_wconf 74' lang='lat' dir='ltr'><strong>rugo</strong></span> 
     </span>
    </p>
   </div>
   <div class='ocr_carea' id='block_1_48' title="bbox 254 3944 1850 4019">
    <p class='ocr_par' dir='ltr' id='par_1_48' title="bbox 254 3944 1850 4019">
     <span class='ocr_line' id='line_1_49' title="bbox 254 3944 1850 4019; baseline 0.007 -22"><span class='ocrx_word' id='word_1_311' title='bbox 254 3953 505 3999; x_wconf 84' lang='lat' dir='ltr'><strong>vestram</strong></span> <span class='ocrx_word' id='word_1_312' title='bbox 529 3944 827 4009; x_wconf 87' lang='lat' dir='ltr'><strong>caritatem,</strong></span> <span class='ocrx_word' id='word_1_313' title='bbox 854 3948 967 4002; x_wconf 74' lang='lat' dir='ltr'><strong>lucc</strong></span> <span class='ocrx_word' id='word_1_314' title='bbox 997 3947 1305 4019; x_wconf 90' lang='lat' dir='ltr'><strong>frequenter</strong></span> <span class='ocrx_word' id='word_1_315' title='bbox 1330 3951 1393 4003; x_wconf 89' lang='lat' dir='ltr'><strong>iis</strong></span> <span class='ocrx_word' id='word_1_316' title='bbox 1419 3951 1508 4019; x_wconf 91' lang='lat' dir='ltr'><strong>qui</strong></span> <span class='ocrx_word' id='word_1_317' title='bbox 1535 3953 1726 4007; x_wconf 88' lang='lat' dir='ltr'><strong>absunt</strong></span> <span class='ocrx_word' id='word_1_318' title='bbox 1752 3954 1850 4008; x_wconf 88' lang='lat' dir='ltr'><strong>de-</strong></span> 
     </span>
    </p>
   </div>
   <div class='ocr_carea' id='block_1_49' title="bbox 250 4036 1852 4108">
    <p class='ocr_par' dir='ltr' id='par_1_49' title="bbox 250 4036 1852 4108">
     <span class='ocr_line' id='line_1_50' title="bbox 250 4036 1852 4108; baseline 0.002 -17"><span class='ocrx_word' id='word_1_319' title='bbox 250 4037 524 4103; x_wconf 86' lang='lat' dir='ltr'><strong>cantetis,</strong></span> <span class='ocrx_word' id='word_1_320' title='bbox 560 4036 786 4108; x_wconf 87' lang='lat' dir='ltr'><strong>illosque</strong></span> <span class='ocrx_word' id='word_1_321' title='bbox 826 4040 933 4093; x_wconf 91' lang='lat' dir='ltr'><strong>cito</strong></span> <span class='ocrx_word' id='word_1_322' title='bbox 972 4040 1238 4094; x_wconf 89' lang='lat' dir='ltr'><strong>reducatis</strong></span> <span class='ocrx_word' id='word_1_323' title='bbox 1265 4041 1332 4096; x_wconf 89' lang='lat' dir='ltr'><strong>ad</strong></span> <span class='ocrx_word' id='word_1_324' title='bbox 1362 4055 1696 4097; x_wconf 91' lang='lat' dir='ltr'><strong>communem</strong></span> <span class='ocrx_word' id='word_1_325' title='bbox 1741 4051 1852 4098; x_wconf 67' lang='lat' dir='ltr'><strong>nnt-</strong></span> 
     </span>
    </p>
   </div>
   <div class='ocr_carea' id='block_1_50' title="bbox 252 4126 1846 4194">
    <p class='ocr_par' dir='ltr' id='par_1_50' title="bbox 252 4126 1846 4194">
     <span class='ocr_line' id='line_1_51' title="bbox 252 4126 1846 4194; baseline 0.004 -14"><span class='ocrx_word' id='word_1_326' title='bbox 252 4133 400 4181; x_wconf 87' lang='lat' dir='ltr'><strong>trem</strong></span> <span class='ocrx_word' id='word_1_327' title='bbox 424 4168 439 4191; x_wconf 97' lang='lat'><strong>,</strong></span> <span class='ocrx_word' id='word_1_328' title='bbox 485 4142 547 4181; x_wconf 90' lang='lat' dir='ltr'><strong>ac</strong></span> <span class='ocrx_word' id='word_1_329' title='bbox 571 4126 923 4194; x_wconf 84' lang='lat' dir='ltr'><strong>spiritualium</strong></span> <span class='ocrx_word' id='word_1_330' title='bbox 961 4129 1231 4184; x_wconf 90' lang='lat' dir='ltr'><strong>lucrorum</strong></span> <span class='ocrx_word' id='word_1_331' title='bbox 1258 4140 1536 4187; x_wconf 87' lang='lat' dir='ltr'><strong>consortes</strong></span> <span class='ocrx_word' id='word_1_332' title='bbox 1576 4133 1846 4188; x_wconf 85' lang='lat' dir='ltr'><strong>reddatis:</strong></span> 
     </span>
    </p>
   </div>
   <div class='ocr_carea' id='block_1_51' title="bbox 249 4220 1849 4293">
    <p class='ocr_par' dir='ltr' id='par_1_51' title="bbox 249 4220 1849 4293">
     <span class='ocr_line' id='line_1_52' title="bbox 249 4220 1849 4293; baseline 0.006 -20"><span class='ocrx_word' id='word_1_333' title='bbox 249 4233 367 4273; x_wconf 81' lang='lat' dir='ltr'><strong>non</strong></span> <span class='ocrx_word' id='word_1_334' title='bbox 398 4220 543 4274; x_wconf 90' lang='lat' dir='ltr'><strong>enim</strong></span> <span class='ocrx_word' id='word_1_335' title='bbox 567 4221 993 4284; x_wconf 89' lang='lat' dir='ltr'><strong>dimiutttionem,</strong></span> <span class='ocrx_word' id='word_1_336' title='bbox 1024 4220 1118 4277; x_wconf 89' lang='lat' dir='ltr'><strong>sed</strong></span> <span class='ocrx_word' id='word_1_337' title='bbox 1143 4234 1484 4293; x_wconf 83' lang='lat' dir='ltr'><strong>augmentum</strong></span> <span class='ocrx_word' id='word_1_338' title='bbox 1509 4227 1608 4281; x_wconf 90' lang='lat' dir='ltr'><strong>hoc</strong></span> <span class='ocrx_word' id='word_1_339' title='bbox 1627 4242 1849 4283; x_wconf 87' lang='lat' dir='ltr'><strong>consor-</strong></span> 
     </span>
    </p>
   </div>
   <div class='ocr_carea' id='block_1_52' title="bbox 245 4312 1846 4388">
    <p class='ocr_par' dir='ltr' id='par_1_52' title="bbox 245 4312 1846 4388">
     <span class='ocr_line' id='line_1_53' title="bbox 245 4312 1846 4388; baseline 0.007 -23"><span class='ocrx_word' id='word_1_340' title='bbox 245 4313 392 4365; x_wconf 85' lang='lat' dir='ltr'><strong>tium</strong></span> <span class='ocrx_word' id='word_1_341' title='bbox 427 4312 585 4381; x_wconf 86' lang='lat' dir='ltr'><strong>parit.</strong></span> <span class='ocrx_word' id='word_1_342' title='bbox 616 4312 744 4379; x_wconf 86' lang='lat' dir='ltr'><strong>Sed,</strong></span> <span class='ocrx_word' id='word_1_343' title='bbox 777 4330 810 4366; x_wconf 92' lang='lat'><strong>0</strong></span> <span class='ocrx_word' id='word_1_344' title='bbox 836 4315 1181 4383; x_wconf 87' lang='lat' dir='ltr'><strong>pecuniarum</strong></span> <span class='ocrx_word' id='word_1_345' title='bbox 1216 4319 1473 4387; x_wconf 86' lang='lat' dir='ltr'><strong>tyrannis,</strong></span> <span class='ocrx_word' id='word_1_346' title='bbox 1504 4336 1624 4388; x_wconf 74' lang='lat' dir='ltr'><strong>qua:</strong></span> <span class='ocrx_word' id='word_1_347' title='bbox 1651 4323 1846 4377; x_wconf 88' lang='lat' dir='ltr'><strong>multos</strong></span> 
     </span>
    </p>
   </div>
   <div class='ocr_carea' id='block_1_53' title="bbox 243 4401 1843 4467">
    <p class='ocr_par' dir='ltr' id='par_1_53' title="bbox 243 4401 1843 4467">
     <span class='ocr_line' id='line_1_54' title="bbox 243 4401 1843 4467; baseline 0.009 -15"><span class='ocrx_word' id='word_1_348' title='bbox 243 4401 486 4456; x_wconf 77' lang='lat' dir='ltr'><strong>fratrum</strong></span> <span class='ocrx_word' id='word_1_349' title='bbox 529 4412 837 4457; x_wconf 90' lang='lat' dir='ltr'><strong>nostrorum</strong></span> <span class='ocrx_word' id='word_1_350' title='bbox 868 4404 937 4457; x_wconf 87' lang='lat' dir='ltr'><strong>ab</strong></span> <span class='ocrx_word' id='word_1_351' title='bbox 966 4403 1068 4460; x_wconf 87' lang='lat' dir='ltr'><strong>hoc</strong></span> <span class='ocrx_word' id='word_1_352' title='bbox 1097 4407 1223 4460; x_wconf 88' lang='lat' dir='ltr'><strong>ovili</strong></span> <span class='ocrx_word' id='word_1_353' title='bbox 1265 4411 1510 4462; x_wconf 85' lang='lat' dir='ltr'><strong>amovet!</strong></span> <span class='ocrx_word' id='word_1_354' title='bbox 1544 4410 1673 4464; x_wconf 89' lang='lat' dir='ltr'><strong>nihil</strong></span> <span class='ocrx_word' id='word_1_355' title='bbox 1699 4415 1843 4467; x_wconf 91' lang='lat' dir='ltr'><strong>enim</strong></span> 
     </span>
    </p>
   </div>
   <div class='ocr_carea' id='block_1_54' title="bbox 239 4492 1846 4566">
    <p class='ocr_par' dir='ltr' id='par_1_54' title="bbox 239 4492 1846 4566">
     <span class='ocr_line' id='line_1_55' title="bbox 239 4492 1846 4566; baseline 0.007 -22"><span class='ocrx_word' id='word_1_356' title='bbox 239 4492 398 4547; x_wconf 83' lang='lat' dir='ltr'><strong>aliud</strong></span> <span class='ocrx_word' id='word_1_357' title='bbox 424 4508 522 4548; x_wconf 89' lang='lat' dir='ltr'><strong>eos</strong></span> <span class='ocrx_word' id='word_1_358' title='bbox 562 4492 684 4548; x_wconf 91' lang='lat' dir='ltr'><strong>hinc</strong></span> <span class='ocrx_word' id='word_1_359' title='bbox 727 4504 958 4560; x_wconf 81' lang='lat' dir='ltr'><strong>amovet,</strong></span> <span class='ocrx_word' id='word_1_360' title='bbox 990 4511 1146 4564; x_wconf 90' lang='lat' dir='ltr'><strong>quam</strong></span> <span class='ocrx_word' id='word_1_361' title='bbox 1193 4498 1367 4566; x_wconf 81' lang='lat' dir='ltr'><strong>gravis</strong></span> <span class='ocrx_word' id='word_1_362' title='bbox 1417 4499 1504 4553; x_wconf 89' lang='lat' dir='ltr'><strong>ille</strong></span> <span class='ocrx_word' id='word_1_363' title='bbox 1543 4501 1762 4554; x_wconf 87' lang='lat' dir='ltr'><strong>morbus</strong></span> <span class='ocrx_word' id='word_1_364' title='bbox 1791 4513 1846 4556; x_wconf 88' lang='lat' dir='ltr'><strong>ct</strong></span> 
     </span>
    </p>
   </div>
   <div class='ocr_carea' id='block_1_55' title="bbox 236 4586 1841 4663">
    <p class='ocr_par' dir='ltr' id='par_1_55' title="bbox 236 4586 1841 4663">
     <span class='ocr_line' id='line_1_56' title="bbox 236 4586 1841 4663; baseline 0.007 -27"><span class='ocrx_word' id='word_1_365' title='bbox 236 4598 549 4653; x_wconf 85' lang='lat' dir='ltr'><strong>numquam</strong></span> <span class='ocrx_word' id='word_1_366' title='bbox 594 4586 856 4639; x_wconf 80' lang='lat' dir='ltr'><strong>exstincta</strong></span> <span class='ocrx_word' id='word_1_367' title='bbox 887 4586 1073 4640; x_wconf 80' lang='lat' dir='ltr'><strong>fornax</strong></span> <span class='ocrx_word' id='word_1_368' title='bbox 1104 4604 1118 4640; x_wconf 91' lang='lat'><strong>:</strong></span> <span class='ocrx_word' id='word_1_369' title='bbox 1149 4587 1264 4642; x_wconf 76' lang='lat' dir='ltr'><strong>bznc</strong></span> <span class='ocrx_word' id='word_1_370' title='bbox 1286 4589 1525 4653; x_wconf 90' lang='lat' dir='ltr'><strong>domina,</strong></span> <span class='ocrx_word' id='word_1_371' title='bbox 1564 4593 1841 4663; x_wconf 88' lang='lat' dir='ltr'><strong>plusquam</strong></span> 
     </span>
    </p>
   </div>
   <div class='ocr_carea' id='block_1_56' title="bbox 238 4672 1843 4750">
    <p class='ocr_par' dir='ltr' id='par_1_56' title="bbox 238 4672 1843 4750">
     <span class='ocr_line' id='line_1_57' title="bbox 238 4672 1843 4750; baseline 0.01 -25"><span class='ocrx_word' id='word_1_372' title='bbox 238 4672 481 4727; x_wconf 85' lang='lat' dir='ltr'><strong>barbara</strong></span> <span class='ocrx_word' id='word_1_373' title='bbox 503 4714 520 4736; x_wconf 93' lang='lat'><strong>,</strong></span> <span class='ocrx_word' id='word_1_374' title='bbox 545 4676 732 4744; x_wconf 90' lang='lat' dir='ltr'><strong>quavis</strong></span> <span class='ocrx_word' id='word_1_375' title='bbox 759 4676 932 4731; x_wconf 87' lang='lat' dir='ltr'><strong>bellua</strong></span> <span class='ocrx_word' id='word_1_376' title='bbox 963 4676 1213 4744; x_wconf 85' lang='lat' dir='ltr'><strong>ferocior,</strong></span> <span class='ocrx_word' id='word_1_377' title='bbox 1255 4690 1308 4734; x_wconf 89' lang='lat' dir='ltr'><strong>et</strong></span> <span class='ocrx_word' id='word_1_378' title='bbox 1355 4682 1484 4750; x_wconf 91' lang='lat' dir='ltr'><strong>ipsis</strong></span> <span class='ocrx_word' id='word_1_379' title='bbox 1509 4683 1843 4741; x_wconf 72' lang='lat' dir='ltr'><strong>dmmonihns</strong></span> 
     </span>
    </p>
   </div>
   <div class='ocr_carea' id='block_1_57' title="bbox 232 4764 1840 4851">
    <p class='ocr_par' dir='ltr' id='par_1_57' title="bbox 232 4764 1840 4851">
     <span class='ocr_line' id='line_1_58' title="bbox 232 4764 1840 4851; baseline 0.012 -37"><span class='ocrx_word' id='word_1_380' title='bbox 232 4764 448 4831; x_wconf 82' lang='lat' dir='ltr'><strong>acrior,</strong></span> <span class='ocrx_word' id='word_1_381' title='bbox 478 4767 725 4834; x_wconf 84' lang='lat' dir='ltr'><strong>captivos</strong></span> <span class='ocrx_word' id='word_1_382' title='bbox 750 4782 877 4823; x_wconf 89' lang='lat' dir='ltr'><strong>suos</strong></span> <span class='ocrx_word' id='word_1_383' title='bbox 897 4784 1079 4824; x_wconf 88' lang='lat' dir='ltr'><strong>secum</strong></span> <span class='ocrx_word' id='word_1_384' title='bbox 1107 4786 1406 4831; x_wconf 89' lang='lat' dir='ltr'><strong>assumens.</strong></span> <span class='ocrx_word' id='word_1_385' title='bbox 1433 4775 1554 4829; x_wconf 92' lang='lat' dir='ltr'><strong>illos</strong></span> <span class='ocrx_word' id='word_1_386' title='bbox 1580 4792 1722 4831; x_wconf 91' lang='lat' dir='ltr'><strong>nunc</strong></span> <span class='ocrx_word' id='word_1_387' title='bbox 1745 4797 1840 4851; x_wconf 85' lang='lat' dir='ltr'><strong>per</strong></span> 
     </span>
    </p>
   </div>
   <div class='ocr_carea' id='block_1_58' title="bbox 232 4852 1839 4935">
    <p class='ocr_par' dir='ltr' id='par_1_58' title="bbox 232 4852 1839 4935">
     <span class='ocr_line' id='line_1_59' title="bbox 232 4852 1839 4935; baseline 0.013 -30"><span class='ocrx_word' id='word_1_388' title='bbox 232 4852 426 4910; x_wconf 87' lang='lat' dir='ltr'><strong>forum</strong></span> <span class='ocrx_word' id='word_1_389' title='bbox 473 4857 804 4923; x_wconf 77' lang='lat' dir='ltr'><strong>circumfert,</strong></span> <span class='ocrx_word' id='word_1_390' title='bbox 859 4862 1039 4930; x_wconf 88' lang='lat' dir='ltr'><strong>gravia</strong></span> <span class='ocrx_word' id='word_1_391' title='bbox 1090 4862 1221 4918; x_wconf 86' lang='lat' dir='ltr'><strong>dans</strong></span> <span class='ocrx_word' id='word_1_392' title='bbox 1251 4875 1514 4935; x_wconf 68' lang='lat' dir='ltr'><strong>praecepta</strong></span> <span class='ocrx_word' id='word_1_393' title='bbox 1568 4884 1668 4924; x_wconf 92' lang='lat' dir='ltr'><strong>nec</strong></span> <span class='ocrx_word' id='word_1_394' title='bbox 1704 4872 1839 4927; x_wconf 81' lang='lat' dir='ltr'><strong>sinit</strong></span> 
     </span>
    </p>
   </div>
   <div class='ocr_carea' id='block_1_59' title="bbox 231 4950 1838 5025">
    <p class='ocr_par' dir='ltr' id='par_1_59' title="bbox 231 4950 1838 5025">
     <span class='ocr_line' id='line_1_60' title="bbox 231 4950 1838 5025; baseline 0.008 -21"><span class='ocrx_word' id='word_1_395' title='bbox 231 4964 333 5005; x_wconf 67' lang='grc' dir='ltr'><strong>ξοδ</strong></span> <span class='ocrx_word' id='word_1_396' title='bbox 392 4950 481 5004; x_wconf 80' lang='lat' dir='ltr'><strong>vel</strong></span> <span class='ocrx_word' id='word_1_397' title='bbox 538 4950 801 5006; x_wconf 86' lang='lat' dir='ltr'><strong>tantillum</strong></span> <span class='ocrx_word' id='word_1_398' title='bbox 870 4953 1137 5024; x_wconf 79' lang='lat' dir='ltr'><strong>respirare</strong></span> <span class='ocrx_word' id='word_1_399' title='bbox 1200 4972 1229 5009; x_wconf 89' lang='lat' dir='ltr'><strong>a</strong></span> <span class='ocrx_word' id='word_1_400' title='bbox 1278 4959 1589 5025; x_wconf 86' lang='lat' dir='ltr'><strong>perniciosis</strong></span> <span class='ocrx_word' id='word_1_401' title='bbox 1636 4962 1838 5018; x_wconf 59' lang='lat' dir='ltr'><strong>labori¢</strong></span> 
     </span>
    </p>
   </div>
   <div class='ocr_carea' id='block_1_60' title="bbox 227 5038 1840 5112">
    <p class='ocr_par' dir='ltr' id='par_1_60' title="bbox 227 5038 1840 5112">
     <span class='ocr_line' id='line_1_61' title="bbox 227 5038 1840 5112; baseline 0.011 -19"><span class='ocrx_word' id='word_1_402' title='bbox 227 5038 357 5096; x_wconf 86' lang='lat' dir='ltr'><strong>bus.</strong></span> <span class='ocrx_word' id='word_1_403' title='bbox 396 5040 508 5097; x_wconf 87' lang='lat' dir='ltr'><strong>Sed</strong></span> <span class='ocrx_word' id='word_1_404' title='bbox 536 5043 663 5112; x_wconf 90' lang='lat' dir='ltr'><strong>quid</strong></span> <span class='ocrx_word' id='word_1_405' title='bbox 711 5043 910 5099; x_wconf 90' lang='lat' dir='ltr'><strong>facient</strong></span> <span class='ocrx_word' id='word_1_406' title='bbox 930 5088 944 5107; x_wconf 90' lang='lat'><strong>,</strong></span> <span class='ocrx_word' id='word_1_407' title='bbox 975 5062 1093 5100; x_wconf 88' lang='lat' dir='ltr'><strong>cum</strong></span> <span class='ocrx_word' id='word_1_408' title='bbox 1124 5046 1239 5101; x_wconf 92' lang='lat' dir='ltr'><strong>dies</strong></span> <span class='ocrx_word' id='word_1_409' title='bbox 1267 5048 1355 5101; x_wconf 93' lang='lat' dir='ltr'><strong>ille</strong></span> <span class='ocrx_word' id='word_1_410' title='bbox 1394 5048 1650 5105; x_wconf 87' lang='lat' dir='ltr'><strong>terribilis</strong></span> <span class='ocrx_word' id='word_1_411' title='bbox 1674 5053 1840 5109; x_wconf 78' lang='lat' dir='ltr'><strong>adve-</strong></span> 
     </span>
    </p>
   </div>
   <div class='ocr_carea' id='block_1_61' title="bbox 228 5130 1831 5212">
    <p class='ocr_par' dir='ltr' id='par_1_61' title="bbox 228 5130 1831 5212">
     <span class='ocr_line' id='line_1_62' title="bbox 228 5130 1831 5212; baseline 0.009 -28"><span class='ocrx_word' id='word_1_412' title='bbox 228 5130 375 5198; x_wconf 88' lang='lat' dir='ltr'><strong>uiet,</strong></span> <span class='ocrx_word' id='word_1_413' title='bbox 403 5132 666 5203; x_wconf 86' lang='lat' dir='ltr'><strong>judicium</strong></span> <span class='ocrx_word' id='word_1_414' title='bbox 700 5135 1087 5204; x_wconf 88' lang='lat' dir='ltr'><strong>incorruptum,</strong></span> <span class='ocrx_word' id='word_1_415' title='bbox 1123 5146 1178 5191; x_wconf 91' lang='lat' dir='ltr'><strong>et</strong></span> <span class='ocrx_word' id='word_1_416' title='bbox 1206 5137 1374 5193; x_wconf 71' lang='lat' dir='ltr'><strong>Jttdex</strong></span> <span class='ocrx_word' id='word_1_417' title='bbox 1406 5141 1492 5207; x_wconf 91' lang='lat' dir='ltr'><strong>qui</strong></span> <span class='ocrx_word' id='word_1_418' title='bbox 1518 5141 1692 5212; x_wconf 88' lang='lat' dir='ltr'><strong>decipi</strong></span> <span class='ocrx_word' id='word_1_419' title='bbox 1727 5161 1831 5198; x_wconf 90' lang='lat' dir='ltr'><strong>non</strong></span> 
     </span>
    </p>
   </div>
   <div class='ocr_carea' id='block_1_62' title="bbox 226 5226 1830 5304">
    <p class='ocr_par' dir='ltr' id='par_1_62' title="bbox 226 5226 1830 5304">
     <span class='ocr_line' id='line_1_63' title="bbox 226 5226 1830 5304; baseline 0.008 -27"><span class='ocrx_word' id='word_1_420' title='bbox 226 5226 460 5291; x_wconf 81' lang='lat' dir='ltr'><strong>potest?</strong></span> <span class='ocrx_word' id='word_1_421' title='bbox 486 5241 608 5281; x_wconf 92' lang='lat' dir='ltr'><strong>cum</strong></span> <span class='ocrx_word' id='word_1_422' title='bbox 637 5228 754 5284; x_wconf 84' lang='lat' dir='ltr'><strong>vela</strong></span> <span class='ocrx_word' id='word_1_423' title='bbox 787 5228 1039 5283; x_wconf 71' lang='lat' dir='ltr'><strong>cmlorttnt</strong></span> <span class='ocrx_word' id='word_1_424' title='bbox 1063 5230 1447 5285; x_wconf 88' lang='lat' dir='ltr'><strong>contrahentur</strong></span> <span class='ocrx_word' id='word_1_425' title='bbox 1468 5233 1567 5304; x_wconf 90' lang='lat' dir='ltr'><strong>(a),</strong></span> <span class='ocrx_word' id='word_1_426' title='bbox 1593 5243 1648 5288; x_wconf 90' lang='lat' dir='ltr'><strong>et</strong></span> <span class='ocrx_word' id='word_1_427' title='bbox 1667 5249 1830 5304; x_wconf 82' lang='lat' dir='ltr'><strong>ange-</strong></span> 
     </span>
    </p>
   </div>
   <div class='ocr_carea' id='block_1_63' title="bbox 226 5314 1827 5392">
    <p class='ocr_par' dir='ltr' id='par_1_63' title="bbox 226 5314 1827 5392">
     <span class='ocr_line' id='line_1_64' title="bbox 226 5314 1827 5392; baseline 0.009 -26"><span class='ocrx_word' id='word_1_428' title='bbox 226 5314 418 5371; x_wconf 84' lang='lat' dir='ltr'><strong>lorum</strong></span> <span class='ocrx_word' id='word_1_429' title='bbox 465 5320 695 5392; x_wconf 87' lang='lat' dir='ltr'><strong>populus</strong></span> <span class='ocrx_word' id='word_1_430' title='bbox 736 5335 858 5376; x_wconf 89' lang='lat' dir='ltr'><strong>cum</strong></span> <span class='ocrx_word' id='word_1_431' title='bbox 902 5319 1088 5375; x_wconf 84' lang='lat' dir='ltr'><strong>.ludice</strong></span> <span class='ocrx_word' id='word_1_432' title='bbox 1132 5321 1462 5378; x_wconf 85' lang='lat' dir='ltr'><strong>descendet?</strong></span> <span class='ocrx_word' id='word_1_433' title='bbox 1491 5340 1610 5379; x_wconf 89' lang='lat' dir='ltr'><strong>eum</strong></span> <span class='ocrx_word' id='word_1_434' title='bbox 1650 5329 1827 5382; x_wconf 90' lang='lat' dir='ltr'><strong>omnia</strong></span> 
     </span>
    </p>
   </div>
   <div class='ocr_carea' id='block_1_64' title="bbox 224 5409 1826 5483">
    <p class='ocr_par' dir='ltr' id='par_1_64' title="bbox 224 5409 1826 5483">
     <span class='ocr_line' id='line_1_65' title="bbox 224 5409 1826 5483; baseline 0.006 -25"><span class='ocrx_word' id='word_1_435' title='bbox 224 5409 376 5462; x_wconf 78' lang='lat' dir='ltr'><strong>nuda</strong></span> <span class='ocrx_word' id='word_1_436' title='bbox 409 5417 466 5464; x_wconf 88' lang='lat' dir='ltr'><strong>et</strong></span> <span class='ocrx_word' id='word_1_437' title='bbox 484 5421 669 5479; x_wconf 90' lang='lat' dir='ltr'><strong>aperta</strong></span> <span class='ocrx_word' id='word_1_438' title='bbox 696 5412 892 5466; x_wconf 84' lang='lat' dir='ltr'><strong>erunt?</strong></span> <span class='ocrx_word' id='word_1_439' title='bbox 913 5428 1084 5483; x_wconf 89' lang='lat' dir='ltr'><strong>neque</strong></span> <span class='ocrx_word' id='word_1_440' title='bbox 1105 5414 1247 5468; x_wconf 89' lang='lat' dir='ltr'><strong>enim</strong></span> <span class='ocrx_word' id='word_1_441' title='bbox 1269 5423 1391 5469; x_wconf 88' lang='lat' dir='ltr'><strong>tunc</strong></span> <span class='ocrx_word' id='word_1_442' title='bbox 1411 5417 1684 5470; x_wconf 86' lang='lat' dir='ltr'><strong>rhetomm</strong></span> <span class='ocrx_word' id='word_1_443' title='bbox 1712 5419 1826 5470; x_wconf 88' lang='lat' dir='ltr'><strong>elo-</strong></span> 
     </span>
    </p>
   </div>
   <div class='ocr_carea' id='block_1_65' title="bbox 224 5498 1822 5577">
    <p class='ocr_par' dir='ltr' id='par_1_65' title="bbox 224 5498 1822 5577">
     <span class='ocr_line' id='line_1_66' title="bbox 224 5498 1822 5577; baseline 0.006 -24"><span class='ocrx_word' id='word_1_444' title='bbox 224 5498 483 5564; x_wconf 61' lang='lat' dir='ltr'><strong>quentia,</strong></span> <span class='ocrx_word' id='word_1_445' title='bbox 516 5515 622 5555; x_wconf 92' lang='lat' dir='ltr'><strong>non</strong></span> <span class='ocrx_word' id='word_1_446' title='bbox 655 5502 736 5556; x_wconf 85' lang='lat' dir='ltr'><strong>vis</strong></span> <span class='ocrx_word' id='word_1_447' title='bbox 764 5504 1033 5573; x_wconf 61' lang='lat' dir='ltr'><strong>pecunia),</strong></span> <span class='ocrx_word' id='word_1_448' title='bbox 1068 5519 1240 5574; x_wconf 89' lang='lat' dir='ltr'><strong>neque</strong></span> <span class='ocrx_word' id='word_1_449' title='bbox 1269 5506 1411 5560; x_wconf 90' lang='lat' dir='ltr'><strong>aliud</strong></span> <span class='ocrx_word' id='word_1_450' title='bbox 1435 5507 1643 5577; x_wconf 77' lang='lat' dir='ltr'><strong>quidvis</strong></span> <span class='ocrx_word' id='word_1_451' title='bbox 1666 5508 1822 5575; x_wconf 82' lang='lat' dir='ltr'><strong>justi-</strong></span> 
     </span>
    </p>
   </div>
   <div class='ocr_carea' id='block_1_66' title="bbox 288 5651 1822 5720">
    <p class='ocr_par' dir='ltr' id='par_1_66' title="bbox 288 5651 1822 5720">
     <span class='ocr_line' id='line_1_67' title="bbox 288 5651 1822 5720; baseline 0.007 -21"><span class='ocrx_word' id='word_1_452' title='bbox 288 5651 373 5708; x_wconf 80' lang='grc' dir='ltr'><strong>(α)</strong></span> <span class='ocrx_word' id='word_1_453' title='bbox 404 5651 612 5720; x_wconf 62' lang='lat' dir='ltr'><strong>Yldetur</strong></span> <span class='ocrx_word' id='word_1_454' title='bbox 642 5652 864 5720; x_wconf 86' lang='lat' dir='ltr'><strong>alludere</strong></span> <span class='ocrx_word' id='word_1_455' title='bbox 897 5654 1348 5720; x_wconf 73' lang='lat' dir='ltr'><strong>Chrysostomusad</strong></span> <span class='ocrx_word' id='word_1_456' title='bbox 1385 5659 1475 5707; x_wconf 64' lang='lat' dir='ltr'><strong>aevi</strong></span> <span class='ocrx_word' id='word_1_457' title='bbox 1509 5660 1584 5708; x_wconf 88' lang='lat' dir='ltr'><strong>sui</strong></span> <span class='ocrx_word' id='word_1_458' title='bbox 1608 5670 1822 5720; x_wconf 81' lang='lat' dir='ltr'><strong>merent;</strong></span> 
     </span>
    </p>
   </div>
   <div class='ocr_carea' id='block_1_67' title="bbox 223 5712 1427 5777">
    <p class='ocr_par' dir='ltr' id='par_1_67' title="bbox 223 5712 1427 5777">
     <span class='ocr_line' id='line_1_68' title="bbox 223 5712 1427 5777; baseline 0.01 -22"><span class='ocrx_word' id='word_1_459' title='bbox 223 5718 336 5760; x_wconf 72' lang='lat' dir='ltr'><strong>natu</strong></span> <span class='ocrx_word' id='word_1_460' title='bbox 360 5712 529 5764; x_wconf 79' lang='lat' dir='ltr'><strong>velum</strong></span> <span class='ocrx_word' id='word_1_461' title='bbox 556 5727 684 5776; x_wconf 56' lang='lat' dir='ltr'><strong>sum.</strong></span> <span class='ocrx_word' id='word_1_462' title='bbox 707 5724 822 5766; x_wconf 86' lang='lat' dir='ltr'><strong>aute</strong></span> <span class='ocrx_word' id='word_1_463' title='bbox 838 5712 1029 5777; x_wconf 76' lang='lat' dir='ltr'><strong>judices</strong></span> <span class='ocrx_word' id='word_1_464' title='bbox 1051 5718 1427 5768; x_wconf 83' lang='lat' dir='ltr'><strong>obtendebatur.</strong></span> 
     </span>
    </p>
   </div>
   <div class='ocr_carea' id='block_1_68' title="bbox 567 5812 1329 5911">
    <p class='ocr_par' dir='ltr' id='par_1_68' title="bbox 567 5812 1329 5911">
     <span class='ocr_line' id='line_1_69' title="bbox 567 5812 1329 5911; baseline 0.013 -39"><span class='ocrx_word' id='word_1_465' title='bbox 567 5812 834 5911; x_wconf 54' lang='lat' dir='ltr'><strong>Pyrno!“</strong></span> <span class='ocrx_word' id='word_1_466' title='bbox 884 5819 996 5876; x_wconf 76' lang='lat' dir='ltr'><strong>(in.</strong></span> <span class='ocrx_word' id='word_1_467' title='bbox 1058 5821 1272 5883; x_wconf 72' lang='lat' dir='ltr'><strong>LXI“.</strong></span> <span class='ocrx_word' id='word_1_468' title='bbox 1316 5823 1329 5834; x_wconf 85' lang='grc'><em>’</em></span> 
     </span>
    </p>
   </div>
   <div class='ocr_carea' id='block_1_69' title="bbox 1977 1220 3558 1330">
    <p class='ocr_par' dir='ltr' id='par_1_69' title="bbox 1977 1220 3558 1330">
     <span class='ocr_line' id='line_1_70' title="bbox 1977 1220 3558 1330; baseline 0.031 -61"><span class='ocrx_word' id='word_1_469' title='bbox 1977 1220 2102 1330; x_wconf 58' lang='lat' dir='ltr'><strong>t&#39;iam</strong></span> <span class='ocrx_word' id='word_1_470' title='bbox 2140 1241 2487 1300; x_wconf 83' lang='lat' dir='ltr'><strong>corrumpere</strong></span> <span class='ocrx_word' id='word_1_471' title='bbox 2515 1239 2729 1307; x_wconf 83' lang='lat' dir='ltr'><strong>poterit.</strong></span> <span class='ocrx_word' id='word_1_472' title='bbox 2774 1244 2996 1309; x_wconf 80' lang='lat' dir='ltr'><strong>Quando</strong></span> <span class='ocrx_word' id='word_1_473' title='bbox 3036 1254 3176 1307; x_wconf 78' lang='lat' dir='ltr'><strong>enim</strong></span> <span class='ocrx_word' id='word_1_474' title='bbox 3219 1256 3558 1330; x_wconf 82' lang='lat' dir='ltr'><strong>incorruptus</strong></span> 
     </span>
    </p>
   </div>
   <div class='ocr_carea' id='block_1_70' title="bbox 1972 1312 3557 1408">
    <p class='ocr_par' dir='ltr' id='par_1_70' title="bbox 1972 1312 3557 1408">
     <span class='ocr_line' id='line_1_71' title="bbox 1972 1312 3557 1408; baseline 0.026 -41"><span class='ocrx_word' id='word_1_475' title='bbox 1972 1312 2178 1386; x_wconf 80' lang='lat' dir='ltr'><strong>Judex,</strong></span> <span class='ocrx_word' id='word_1_476' title='bbox 2209 1321 2299 1390; x_wconf 90' lang='lat' dir='ltr'><strong>qui</strong></span> <span class='ocrx_word' id='word_1_477' title='bbox 2335 1328 2512 1381; x_wconf 89' lang='lat' dir='ltr'><strong>omnia</strong></span> <span class='ocrx_word' id='word_1_478' title='bbox 2550 1331 2693 1386; x_wconf 89' lang='lat' dir='ltr'><strong>clare</strong></span> <span class='ocrx_word' id='word_1_479' title='bbox 2732 1338 2912 1398; x_wconf 89' lang='lat' dir='ltr'><strong>novit.</strong></span> <span class='ocrx_word' id='word_1_480' title='bbox 2959 1354 3172 1408; x_wconf 85' lang='lat' dir='ltr'><strong>peccata</strong></span> <span class='ocrx_word' id='word_1_481' title='bbox 3203 1358 3327 1402; x_wconf 89' lang='lat' dir='ltr'><strong>ante</strong></span> <span class='ocrx_word' id='word_1_482' title='bbox 3368 1312 3557 1408; x_wconf 72' lang='lat' dir='ltr'><strong>oculos</strong></span> 
     </span>
    </p>
   </div>
   <div class='ocr_carea' id='block_1_71' title="bbox 1980 1417 3536 1502">
    <p class='ocr_par' dir='ltr' id='par_1_71' title="bbox 1980 1417 3536 1502">
     <span class='ocr_line' id='line_1_72' title="bbox 1980 1417 3536 1502; baseline 0.019 -37"><span class='ocrx_word' id='word_1_483' title='bbox 1980 1417 2178 1467; x_wconf 85' lang='lat' dir='ltr'><strong>statuet</strong></span> <span class='ocrx_word' id='word_1_484' title='bbox 2208 1417 2362 1484; x_wconf 88' lang='lat' dir='ltr'><strong>quasi</strong></span> <span class='ocrx_word' id='word_1_485' title='bbox 2385 1418 2437 1472; x_wconf 93' lang='lat' dir='ltr'><strong>iu</strong></span> <span class='ocrx_word' id='word_1_486' title='bbox 2473 1421 2705 1493; x_wconf 89' lang='lat' dir='ltr'><strong>imagine</strong></span> <span class='ocrx_word' id='word_1_487' title='bbox 2732 1425 2978 1496; x_wconf 88' lang='lat' dir='ltr'><strong>depicta;</strong></span> <span class='ocrx_word' id='word_1_488' title='bbox 3011 1438 3140 1487; x_wconf 90' lang='lat' dir='ltr'><strong>tunc</strong></span> <span class='ocrx_word' id='word_1_489' title='bbox 3166 1449 3264 1489; x_wconf 91' lang='lat' dir='ltr'><strong>nec</strong></span> <span class='ocrx_word' id='word_1_490' title='bbox 3295 1451 3408 1502; x_wconf 77' lang='lat' dir='ltr'><strong>rex,</strong></span> <span class='ocrx_word' id='word_1_491' title='bbox 3438 1454 3536 1494; x_wconf 87' lang='lat' dir='ltr'><strong>nec</strong></span> 
     </span>
    </p>
   </div>
   <div class='ocr_carea' id='block_1_72' title="bbox 1980 1501 3530 1597">
    <p class='ocr_par' dir='ltr' id='par_1_72' title="bbox 1980 1501 3530 1597">
     <span class='ocr_line' id='line_1_73' title="bbox 1980 1501 3530 1597; baseline 0.019 -40"><span class='ocrx_word' id='word_1_492' title='bbox 1980 1501 2144 1558; x_wconf 85' lang='lat' dir='ltr'><strong>idiota</strong></span> <span class='ocrx_word' id='word_1_493' title='bbox 2162 1522 2493 1577; x_wconf 87' lang='lat' dir='ltr'><strong>comparent,</strong></span> <span class='ocrx_word' id='word_1_494' title='bbox 2512 1530 2616 1567; x_wconf 91' lang='lat' dir='ltr'><strong>non</strong></span> <span class='ocrx_word' id='word_1_495' title='bbox 2634 1532 2733 1580; x_wconf 88' lang='lat' dir='ltr'><strong>pan</strong></span> <span class='ocrx_word' id='word_1_496' title='bbox 2743 1533 2853 1585; x_wconf 87' lang='lat' dir='ltr'><strong>per,</strong></span> <span class='ocrx_word' id='word_1_497' title='bbox 2869 1536 2973 1573; x_wconf 92' lang='lat' dir='ltr'><strong>non</strong></span> <span class='ocrx_word' id='word_1_498' title='bbox 2992 1524 3161 1587; x_wconf 89' lang='lat' dir='ltr'><strong>dives,</strong></span> <span class='ocrx_word' id='word_1_499' title='bbox 3180 1542 3282 1579; x_wconf 89' lang='lat' dir='ltr'><strong>non</strong></span> <span class='ocrx_word' id='word_1_500' title='bbox 3297 1531 3530 1597; x_wconf 83' lang='lat' dir='ltr'><strong>sapiens,</strong></span> 
     </span>
    </p>
   </div>
   <div class='ocr_carea' id='block_1_73' title="bbox 1974 1590 3556 1689">
    <p class='ocr_par' dir='ltr' id='par_1_73' title="bbox 1974 1590 3556 1689">
     <span class='ocr_line' id='line_1_74' title="bbox 1974 1590 3556 1689; baseline 0.021 -48"><span class='ocrx_word' id='word_1_501' title='bbox 1974 1603 2079 1643; x_wconf 91' lang='lat' dir='ltr'><strong>non</strong></span> <span class='ocrx_word' id='word_1_502' title='bbox 2131 1590 2419 1661; x_wconf 88' lang='lat' dir='ltr'><strong>indoctus;</strong></span> <span class='ocrx_word' id='word_1_503' title='bbox 2463 1600 2555 1654; x_wconf 87' lang='lat' dir='ltr'><strong>sed</strong></span> <span class='ocrx_word' id='word_1_504' title='bbox 2610 1602 2715 1658; x_wconf 59' lang='lat' dir='ltr'><strong>illic</strong></span> <span class='ocrx_word' id='word_1_505' title='bbox 2761 1620 2949 1662; x_wconf 90' lang='lat' dir='ltr'><strong>omnes</strong></span> <span class='ocrx_word' id='word_1_506' title='bbox 3005 1609 3189 1668; x_wconf 80' lang='lat' dir='ltr'><strong>larvae&#39;</strong></span> <span class='ocrx_word' id='word_1_507' title='bbox 3220 1590 3556 1689; x_wconf 76' lang='lat' dir='ltr'><strong>auferuntur,</strong></span> 
     </span>
    </p>
   </div>
   <div class='ocr_carea' id='block_1_74' title="bbox 1973 1690 3554 1770">
    <p class='ocr_par' dir='ltr' id='par_1_74' title="bbox 1973 1690 3554 1770">
     <span class='ocr_line' id='line_1_75' title="bbox 1973 1690 3554 1770; baseline 0.022 -37"><span class='ocrx_word' id='word_1_508' title='bbox 1973 1690 2132 1749; x_wconf 88' lang='lat' dir='ltr'><strong>atque</strong></span> <span class='ocrx_word' id='word_1_509' title='bbox 2178 1700 2242 1737; x_wconf 81' lang='lat' dir='ltr'><strong>ex</strong></span> <span class='ocrx_word' id='word_1_510' title='bbox 2284 1696 2557 1755; x_wconf 79' lang='lat' dir='ltr'><strong>gestorum</strong></span> <span class='ocrx_word' id='word_1_511' title='bbox 2609 1708 2902 1763; x_wconf 80' lang='lat' dir='ltr'><strong>eonSpectu</strong></span> <span class='ocrx_word' id='word_1_512' title='bbox 2942 1717 3130 1758; x_wconf 89' lang='lat' dir='ltr'><strong>omnes</strong></span> <span class='ocrx_word' id='word_1_513' title='bbox 3174 1706 3243 1761; x_wconf 87' lang='lat' dir='ltr'><strong>ibi</strong></span> <span class='ocrx_word' id='word_1_514' title='bbox 3290 1711 3554 1770; x_wconf 78' lang='lat' dir='ltr'><strong>visuntur.</strong></span> 
     </span>
    </p>
   </div>
   <div class='ocr_carea' id='block_1_75' title="bbox 1973 1768 3558 1869">
    <p class='ocr_par' dir='ltr' id='par_1_75' title="bbox 1973 1768 3558 1869">
     <span class='ocr_line' id='line_1_76' title="bbox 1973 1768 3558 1869; baseline 0.023 -47"><span class='ocrx_word' id='word_1_515' title='bbox 1973 1768 2087 1869; x_wconf 80' lang='lat' dir='ltr'><strong>Non</strong></span> <span class='ocrx_word' id='word_1_516' title='bbox 2121 1778 2448 1844; x_wconf 83' lang='lat' dir='ltr'><strong>conspicitur</strong></span> <span class='ocrx_word' id='word_1_517' title='bbox 2476 1780 2548 1835; x_wconf 90' lang='lat' dir='ltr'><strong>ibi</strong></span> <span class='ocrx_word' id='word_1_518' title='bbox 2591 1785 2834 1841; x_wconf 88' lang='lat' dir='ltr'><strong>diadema</strong></span> <span class='ocrx_word' id='word_1_519' title='bbox 2882 1790 3130 1861; x_wconf 86' lang='lat' dir='ltr'><strong>cingens,</strong></span> <span class='ocrx_word' id='word_1_520' title='bbox 3168 1813 3274 1851; x_wconf 89' lang='lat' dir='ltr'><strong>non</strong></span> <span class='ocrx_word' id='word_1_521' title='bbox 3325 1768 3558 1869; x_wconf 83' lang='lat' dir='ltr'><strong>purpura</strong></span> 
     </span>
    </p>
   </div>
   <div class='ocr_carea' id='block_1_76' title="bbox 1971 1860 3555 1958">
    <p class='ocr_par' dir='ltr' id='par_1_76' title="bbox 1971 1860 3555 1958">
     <span class='ocr_line' id='line_1_77' title="bbox 1971 1860 3555 1958; baseline 0.022 -45"><span class='ocrx_word' id='word_1_522' title='bbox 1971 1860 2219 1930; x_wconf 84' lang='lat' dir='ltr'><strong>amictus,</strong></span> <span class='ocrx_word' id='word_1_523' title='bbox 2249 1881 2355 1920; x_wconf 87' lang='lat' dir='ltr'><strong>non</strong></span> <span class='ocrx_word' id='word_1_524' title='bbox 2381 1884 2543 1925; x_wconf 87' lang='lat' dir='ltr'><strong>curru</strong></span> <span class='ocrx_word' id='word_1_525' title='bbox 2566 1886 2770 1941; x_wconf 89' lang='lat' dir='ltr'><strong>vectus,</strong></span> <span class='ocrx_word' id='word_1_526' title='bbox 2798 1879 2887 1947; x_wconf 88' lang='lat' dir='ltr'><strong>qui</strong></span> <span class='ocrx_word' id='word_1_527' title='bbox 2921 1860 3070 1937; x_wconf 81' lang='lat' dir='ltr'><strong>mille</strong></span> <span class='ocrx_word' id='word_1_528' title='bbox 3098 1885 3314 1943; x_wconf 90' lang='lat' dir='ltr'><strong>lictores</strong></span> <span class='ocrx_word' id='word_1_529' title='bbox 3327 1860 3555 1958; x_wconf 57' lang='grc' dir='ltr'><strong>ἰωιὲυυι,</strong></span> 
     </span>
    </p>
   </div>
   <div class='ocr_carea' id='block_1_77' title="bbox 1974 1949 3555 2038">
    <p class='ocr_par' dir='ltr' id='par_1_77' title="bbox 1974 1949 3555 2038">
     <span class='ocr_line' id='line_1_78' title="bbox 1974 1949 3555 2038; baseline 0.023 -36"><span class='ocrx_word' id='word_1_530' title='bbox 1974 1949 2026 2003; x_wconf 93' lang='lat' dir='ltr'><strong>in</strong></span> <span class='ocrx_word' id='word_1_531' title='bbox 2070 1950 2189 2009; x_wconf 84' lang='lat' dir='ltr'><strong>foro</strong></span> <span class='ocrx_word' id='word_1_532' title='bbox 2228 1957 2722 2025; x_wconf 78' lang='lat' dir='ltr'><strong>turbamarcentes</strong></span> <span class='ocrx_word' id='word_1_533' title='bbox 2748 1985 2762 2021; x_wconf 90' lang='lat'><strong>:</strong></span> <span class='ocrx_word' id='word_1_534' title='bbox 2793 1969 2889 2025; x_wconf 89' lang='lat' dir='ltr'><strong>sed</strong></span> <span class='ocrx_word' id='word_1_535' title='bbox 2934 1970 3082 2029; x_wconf 66' lang='lat' dir='ltr'><strong>istinc</strong></span> <span class='ocrx_word' id='word_1_536' title='bbox 3120 1979 3298 2033; x_wconf 92' lang='lat' dir='ltr'><strong>omnia</strong></span> <span class='ocrx_word' id='word_1_537' title='bbox 3349 1983 3555 2038; x_wconf 86' lang='lat' dir='ltr'><strong>sublata</strong></span> 
     </span>
    </p>
   </div>
   <div class='ocr_carea' id='block_1_78' title="bbox 1971 2050 3557 2140">
    <p class='ocr_par' dir='ltr' id='par_1_78' title="bbox 1971 2050 3557 2140">
     <span class='ocr_line' id='line_1_79' title="bbox 1971 2050 3557 2140; baseline 0.023 -45"><span class='ocrx_word' id='word_1_538' title='bbox 1971 2051 2130 2109; x_wconf 88' lang='lat' dir='ltr'><strong>sunt,</strong></span> <span class='ocrx_word' id='word_1_539' title='bbox 2179 2054 2235 2100; x_wconf 90' lang='lat' dir='ltr'><strong>et</strong></span> <span class='ocrx_word' id='word_1_540' title='bbox 2287 2050 2413 2104; x_wconf 92' lang='lat' dir='ltr'><strong>nudi</strong></span> <span class='ocrx_word' id='word_1_541' title='bbox 2470 2054 2664 2125; x_wconf 87' lang='lat' dir='ltr'><strong>singuli</strong></span> <span class='ocrx_word' id='word_1_542' title='bbox 2714 2059 3069 2129; x_wconf 89' lang='lat' dir='ltr'><strong>inducuntur,</strong></span> <span class='ocrx_word' id='word_1_543' title='bbox 3126 2084 3193 2124; x_wconf 84' lang='lat' dir='ltr'><strong>ex</strong></span> <span class='ocrx_word' id='word_1_544' title='bbox 3238 2074 3407 2140; x_wconf 89' lang='lat' dir='ltr'><strong>gestis</strong></span> <span class='ocrx_word' id='word_1_545' title='bbox 3466 2088 3557 2131; x_wconf 86' lang='lat' dir='ltr'><strong>aut</strong></span> 
     </span>
    </p>
   </div>
   <div class='ocr_carea' id='block_1_79' title="bbox 1974 2135 3555 2231">
    <p class='ocr_par' dir='ltr' id='par_1_79' title="bbox 1974 2135 3555 2231">
     <span class='ocr_line' id='line_1_80' title="bbox 1974 2135 3555 2231; baseline 0.022 -46"><span class='ocrx_word' id='word_1_546' title='bbox 1974 2135 2229 2199; x_wconf 85' lang='lat' dir='ltr'><strong>perniciei</strong></span> <span class='ocrx_word' id='word_1_547' title='bbox 2265 2150 2356 2195; x_wconf 91' lang='lat' dir='ltr'><strong>aut</strong></span> <span class='ocrx_word' id='word_1_548' title='bbox 2420 2144 2609 2202; x_wconf 92' lang='lat' dir='ltr'><strong>salutis</strong></span> <span class='ocrx_word' id='word_1_549' title='bbox 2648 2163 2865 2207; x_wconf 88' lang='lat' dir='ltr'><strong>causam</strong></span> <span class='ocrx_word' id='word_1_550' title='bbox 2926 2156 3184 2215; x_wconf 90' lang='lat' dir='ltr'><strong>habentes</strong></span> <span class='ocrx_word' id='word_1_551' title='bbox 3234 2135 3268 2215; x_wconf 65' lang='grc' dir='ltr'><strong>ε⁷</strong></span> <span class='ocrx_word' id='word_1_552' title='bbox 3300 2174 3357 2218; x_wconf 83' lang='grc' dir='ltr'><strong>ιιι</strong></span> <span class='ocrx_word' id='word_1_553' title='bbox 3411 2169 3555 2231; x_wconf 65' lang='lat' dir='ltr'><strong>enin.</strong></span> 
     </span>
    </p>
   </div>
   <div class='ocr_carea' id='block_1_80' title="bbox 1972 2226 3556 2314">
    <p class='ocr_par' dir='ltr' id='par_1_80' title="bbox 1972 2226 3556 2314">
     <span class='ocr_line' id='line_1_81' title="bbox 1972 2226 3556 2314; baseline 0.023 -37"><span class='ocrx_word' id='word_1_554' title='bbox 1972 2226 2356 2297; x_wconf 53' lang='lat' dir='ltr'><strong>singula&#39;gesta</strong></span> <span class='ocrx_word' id='word_1_555' title='bbox 2384 2232 2607 2303; x_wconf 87' lang='lat' dir='ltr'><strong>fuerint,</strong></span> <span class='ocrx_word' id='word_1_556' title='bbox 2636 2240 2716 2295; x_wconf 92' lang='lat' dir='ltr'><strong>sic</strong></span> <span class='ocrx_word' id='word_1_557' title='bbox 2736 2243 2972 2300; x_wconf 89' lang='lat' dir='ltr'><strong>calculus</strong></span> <span class='ocrx_word' id='word_1_558' title='bbox 2999 2246 3189 2304; x_wconf 89' lang='lat' dir='ltr'><strong>fertur.</strong></span> <span class='ocrx_word' id='word_1_559' title='bbox 3223 2250 3382 2309; x_wconf 80' lang='lat' dir='ltr'><strong>Multa</strong></span> <span class='ocrx_word' id='word_1_560' title='bbox 3406 2226 3556 2314; x_wconf 54' lang='lat' dir='ltr'><strong>vobis</strong></span> 
     </span>
    </p>
   </div>
   <div class='ocr_carea' id='block_1_81' title="bbox 1971 2318 3557 2405">
    <p class='ocr_par' dir='ltr' id='par_1_81' title="bbox 1971 2318 3557 2405">
     <span class='ocr_line' id='line_1_82' title="bbox 1971 2318 3557 2405; baseline 0.021 -34"><span class='ocrx_word' id='word_1_561' title='bbox 1971 2318 2111 2374; x_wconf 88' lang='lat' dir='ltr'><strong>bona</strong></span> <span class='ocrx_word' id='word_1_562' title='bbox 2151 2322 2277 2378; x_wconf 92' lang='lat' dir='ltr'><strong>hinc</strong></span> <span class='ocrx_word' id='word_1_563' title='bbox 2308 2329 2653 2397; x_wconf 86' lang='lat' dir='ltr'><strong>proveniant,</strong></span> <span class='ocrx_word' id='word_1_564' title='bbox 2701 2335 2841 2403; x_wconf 89' lang='lat' dir='ltr'><strong>quod</strong></span> <span class='ocrx_word' id='word_1_565' title='bbox 2882 2352 3003 2392; x_wconf 92' lang='lat' dir='ltr'><strong>cum</strong></span> <span class='ocrx_word' id='word_1_566' title='bbox 3044 2348 3192 2397; x_wconf 90' lang='lat' dir='ltr'><strong>tanto</strong></span> <span class='ocrx_word' id='word_1_567' title='bbox 3234 2346 3413 2402; x_wconf 88' lang='lat' dir='ltr'><strong>studio</strong></span> <span class='ocrx_word' id='word_1_568' title='bbox 3443 2348 3557 2405; x_wconf 59' lang='lat' dir='ltr'><strong>biec</strong></span> 
     </span>
    </p>
   </div>
   <div class='ocr_carea' id='block_1_82' title="bbox 1971 2408 3554 2509">
    <p class='ocr_par' dir='ltr' id='par_1_82' title="bbox 1971 2408 3554 2509">
     <span class='ocr_line' id='line_1_83' title="bbox 1971 2408 3554 2509; baseline 0.021 -48"><span class='ocrx_word' id='word_1_569' title='bbox 1971 2408 2134 2466; x_wconf 88' lang='lat' dir='ltr'><strong>verba</strong></span> <span class='ocrx_word' id='word_1_570' title='bbox 2177 2413 2448 2472; x_wconf 87' lang='lat' dir='ltr'><strong>audiatis:</strong></span> <span class='ocrx_word' id='word_1_571' title='bbox 2484 2435 2604 2476; x_wconf 90' lang='lat' dir='ltr'><strong>nam</strong></span> <span class='ocrx_word' id='word_1_572' title='bbox 2636 2421 2965 2494; x_wconf 82' lang='lat' dir='ltr'><strong>singulorum</strong></span> <span class='ocrx_word' id='word_1_573' title='bbox 3010 2433 3268 2500; x_wconf 84' lang='lat' dir='ltr'><strong>gemitus,</strong></span> <span class='ocrx_word' id='word_1_574' title='bbox 3321 2449 3376 2492; x_wconf 92' lang='lat' dir='ltr'><strong>et</strong></span> <span class='ocrx_word' id='word_1_575' title='bbox 3413 2442 3554 2509; x_wconf 89' lang='lat' dir='ltr'><strong>quod</strong></span> 
     </span>
    </p>
   </div>
   <div class='ocr_carea' id='block_1_83' title="bbox 1970 2503 3554 2586">
    <p class='ocr_par' dir='ltr' id='par_1_83' title="bbox 1970 2503 3554 2586">
     <span class='ocr_line' id='line_1_84' title="bbox 1970 2503 3554 2586; baseline 0.019 -31"><span class='ocrx_word' id='word_1_576' title='bbox 1970 2503 2175 2558; x_wconf 88' lang='lat' dir='ltr'><strong>vultum</strong></span> <span class='ocrx_word' id='word_1_577' title='bbox 2209 2508 2549 2576; x_wconf 88' lang='lat' dir='ltr'><strong>percutiatis,</strong></span> <span class='ocrx_word' id='word_1_578' title='bbox 2599 2512 2790 2569; x_wconf 88' lang='lat' dir='ltr'><strong>horum</strong></span> <span class='ocrx_word' id='word_1_579' title='bbox 2839 2520 3102 2576; x_wconf 89' lang='lat' dir='ltr'><strong>seminum</strong></span> <span class='ocrx_word' id='word_1_580' title='bbox 3150 2520 3281 2580; x_wconf 89' lang='lat' dir='ltr'><strong>mihi</strong></span> <span class='ocrx_word' id='word_1_581' title='bbox 3322 2503 3554 2586; x_wconf 78' lang='lat' dir='ltr'><strong>fructum</strong></span> 
     </span>
    </p>
   </div>
   <div class='ocr_carea' id='block_1_84' title="bbox 1972 2592 3555 2691">
    <p class='ocr_par' dir='ltr' id='par_1_84' title="bbox 1972 2592 3555 2691">
     <span class='ocr_line' id='line_1_85' title="bbox 1972 2592 3555 2691; baseline 0.019 -44"><span class='ocrx_word' id='word_1_582' title='bbox 1972 2592 2192 2650; x_wconf 89' lang='lat' dir='ltr'><strong>indicat.</strong></span> <span class='ocrx_word' id='word_1_583' title='bbox 2228 2594 2351 2653; x_wconf 91' lang='lat' dir='ltr'><strong>Ideo</strong></span> <span class='ocrx_word' id='word_1_584' title='bbox 2380 2600 2608 2657; x_wconf 85' lang='lat' dir='ltr'><strong>miseros</strong></span> <span class='ocrx_word' id='word_1_585' title='bbox 2638 2606 2874 2675; x_wconf 73' lang='lat' dir='ltr'><strong>przedico</strong></span> <span class='ocrx_word' id='word_1_586' title='bbox 2903 2608 3028 2666; x_wconf 88' lang='lat' dir='ltr'><strong>illos</strong></span> <span class='ocrx_word' id='word_1_587' title='bbox 3056 2614 3147 2683; x_wconf 92' lang='lat' dir='ltr'><strong>qui</strong></span> <span class='ocrx_word' id='word_1_588' title='bbox 3178 2617 3405 2684; x_wconf 86' lang='lat' dir='ltr'><strong>absunt,</strong></span> <span class='ocrx_word' id='word_1_589' title='bbox 3435 2624 3555 2691; x_wconf 85' lang='lat' dir='ltr'><strong>quia</strong></span> 
     </span>
    </p>
   </div>
   <div class='ocr_carea' id='block_1_85' title="bbox 1970 2697 3557 2771">
    <p class='ocr_par' dir='ltr' id='par_1_85' title="bbox 1970 2697 3557 2771">
     <span class='ocr_line' id='line_1_86' title="bbox 1970 2697 3557 2771; baseline 0.02 -32"><span class='ocrx_word' id='word_1_590' title='bbox 1970 2699 2093 2741; x_wconf 92' lang='lat' dir='ltr'><strong>cum</strong></span> <span class='ocrx_word' id='word_1_591' title='bbox 2141 2698 2282 2744; x_wconf 88' lang='lat' dir='ltr'><strong>tanta</strong></span> <span class='ocrx_word' id='word_1_592' title='bbox 2330 2704 2549 2761; x_wconf 90' lang='lat' dir='ltr'><strong>possent</strong></span> <span class='ocrx_word' id='word_1_593' title='bbox 2595 2697 2695 2752; x_wconf 89' lang='lat' dir='ltr'><strong>frui</strong></span> <span class='ocrx_word' id='word_1_594' title='bbox 2747 2715 2899 2768; x_wconf 90' lang='lat' dir='ltr'><strong>cura,</strong></span> <span class='ocrx_word' id='word_1_595' title='bbox 2951 2705 3220 2764; x_wconf 89' lang='lat' dir='ltr'><strong>ulceribus</strong></span> <span class='ocrx_word' id='word_1_596' title='bbox 3246 2723 3454 2769; x_wconf 89' lang='lat' dir='ltr'><strong>scatent</strong></span> <span class='ocrx_word' id='word_1_597' title='bbox 3502 2728 3557 2771; x_wconf 90' lang='lat' dir='ltr'><strong>et</strong></span> 
     </span>
    </p>
   </div>
   <div class='ocr_carea' id='block_1_86' title="bbox 1970 2777 3550 2867">
    <p class='ocr_par' dir='ltr' id='par_1_86' title="bbox 1970 2777 3550 2867">
     <span class='ocr_line' id='line_1_87' title="bbox 1970 2777 3550 2867; baseline 0.021 -39"><span class='ocrx_word' id='word_1_598' title='bbox 1970 2777 2280 2835; x_wconf 88' lang='lat' dir='ltr'><strong>vulneribus</strong></span> <span class='ocrx_word' id='word_1_599' title='bbox 2308 2785 2665 2855; x_wconf 89' lang='lat' dir='ltr'><strong>quotidianis,</strong></span> <span class='ocrx_word' id='word_1_600' title='bbox 2711 2806 2884 2862; x_wconf 90' lang='lat' dir='ltr'><strong>neque</strong></span> <span class='ocrx_word' id='word_1_601' title='bbox 2926 2808 2987 2850; x_wconf 90' lang='lat' dir='ltr'><strong>se</strong></span> <span class='ocrx_word' id='word_1_602' title='bbox 3029 2809 3290 2867; x_wconf 78' lang='lat' dir='ltr'><strong>:egrotare</strong></span> <span class='ocrx_word' id='word_1_603' title='bbox 3329 2805 3503 2860; x_wconf 89' lang='lat' dir='ltr'><strong>sciunt</strong></span> <span class='ocrx_word' id='word_1_604' title='bbox 3536 2825 3550 2861; x_wconf 90' lang='lat'><strong>:</strong></span> 
     </span>
    </p>
   </div>
   <div class='ocr_carea' id='block_1_87' title="bbox 1970 2865 3554 2957">
    <p class='ocr_par' dir='ltr' id='par_1_87' title="bbox 1970 2865 3554 2957">
     <span class='ocr_line' id='line_1_88' title="bbox 1970 2865 3554 2957; baseline 0.02 -37"><span class='ocrx_word' id='word_1_605' title='bbox 1970 2865 2198 2934; x_wconf 86' lang='lat' dir='ltr'><strong>ideoque</strong></span> <span class='ocrx_word' id='word_1_606' title='bbox 2227 2870 2349 2926; x_wconf 90' lang='lat' dir='ltr'><strong>illos</strong></span> <span class='ocrx_word' id='word_1_607' title='bbox 2391 2889 2552 2930; x_wconf 89' lang='lat' dir='ltr'><strong>sanos</strong></span> <span class='ocrx_word' id='word_1_608' title='bbox 2583 2878 2695 2933; x_wconf 83' lang='lat' dir='ltr'><strong>fieri</strong></span> <span class='ocrx_word' id='word_1_609' title='bbox 2734 2878 2947 2939; x_wconf 83' lang='lat' dir='ltr'><strong>difﬁcile</strong></span> <span class='ocrx_word' id='word_1_610' title='bbox 2983 2865 3102 2943; x_wconf 45' lang='lat' dir='ltr'><strong>est:</strong></span> <span class='ocrx_word' id='word_1_611' title='bbox 3136 2887 3267 2957; x_wconf 81' lang='lat' dir='ltr'><strong>Quis</strong></span> <span class='ocrx_word' id='word_1_612' title='bbox 3292 2895 3434 2949; x_wconf 93' lang='lat' dir='ltr'><strong>enim</strong></span> <span class='ocrx_word' id='word_1_613' title='bbox 3460 2911 3554 2951; x_wconf 87' lang='lat' dir='ltr'><strong>eus</strong></span> 
     </span>
    </p>
   </div>
   <div class='ocr_carea' id='block_1_88' title="bbox 1970 2954 3552 3043">
    <p class='ocr_par' dir='ltr' id='par_1_88' title="bbox 1970 2954 3552 3043">
     <span class='ocr_line' id='line_1_89' title="bbox 1970 2954 3552 3043; baseline 0.023 -35"><span class='ocrx_word' id='word_1_614' title='bbox 1970 2954 2053 3010; x_wconf 89' lang='lat' dir='ltr'><strong>his</strong></span> <span class='ocrx_word' id='word_1_615' title='bbox 2080 2957 2148 3013; x_wconf 90' lang='lat' dir='ltr'><strong>de</strong></span> <span class='ocrx_word' id='word_1_616' title='bbox 2178 2960 2337 3017; x_wconf 89' lang='lat' dir='ltr'><strong>rebus</strong></span> <span class='ocrx_word' id='word_1_617' title='bbox 2378 2964 2720 3036; x_wconf 79' lang='lat' dir='ltr'><strong>alloquetur?</strong></span> <span class='ocrx_word' id='word_1_618' title='bbox 2750 2988 2816 3026; x_wconf 92' lang='lat' dir='ltr'><strong>au</strong></span> <span class='ocrx_word' id='word_1_619' title='bbox 2869 2978 3105 3032; x_wconf 80' lang='lat' dir='ltr'><strong>uxores?</strong></span> <span class='ocrx_word' id='word_1_620' title='bbox 3148 2954 3253 3036; x_wconf 63' lang='lat' dir='ltr'><strong>Sed</strong></span> <span class='ocrx_word' id='word_1_621' title='bbox 3298 2999 3399 3037; x_wconf 85' lang='lat' dir='ltr'><strong>una</strong></span> <span class='ocrx_word' id='word_1_622' title='bbox 3446 2987 3552 3043; x_wconf 71' lang='lat' dir='ltr'><strong>illis</strong></span> 
     </span>
    </p>
   </div>
   <div class='ocr_carea' id='block_1_89' title="bbox 1967 3053 3550 3149">
    <p class='ocr_par' dir='ltr' id='par_1_89' title="bbox 1967 3053 3550 3149">
     <span class='ocr_line' id='line_1_90' title="bbox 1967 3053 3550 3149; baseline 0.02 -47"><span class='ocrx_word' id='word_1_623' title='bbox 1967 3062 2095 3104; x_wconf 90' lang='lat' dir='ltr'><strong>cura</strong></span> <span class='ocrx_word' id='word_1_624' title='bbox 2139 3060 2221 3107; x_wconf 88' lang='lat' dir='ltr'><strong>est</strong></span> <span class='ocrx_word' id='word_1_625' title='bbox 2269 3071 2283 3108; x_wconf 87' lang='lat'><strong>:</strong></span> <span class='ocrx_word' id='word_1_626' title='bbox 2327 3053 2394 3111; x_wconf 86' lang='lat' dir='ltr'><strong>de</strong></span> <span class='ocrx_word' id='word_1_627' title='bbox 2445 3061 2645 3123; x_wconf 89' lang='lat' dir='ltr'><strong>aureis,</strong></span> <span class='ocrx_word' id='word_1_628' title='bbox 2696 3062 2765 3116; x_wconf 90' lang='lat' dir='ltr'><strong>de</strong></span> <span class='ocrx_word' id='word_1_629' title='bbox 2822 3069 3177 3140; x_wconf 89' lang='lat' dir='ltr'><strong>vestimentis,</strong></span> <span class='ocrx_word' id='word_1_630' title='bbox 3232 3075 3300 3128; x_wconf 89' lang='lat' dir='ltr'><strong>de</strong></span> <span class='ocrx_word' id='word_1_631' title='bbox 3347 3075 3550 3149; x_wconf 81' lang='lat' dir='ltr'><strong>reliqua</strong></span> 
     </span>
    </p>
   </div>
   <div class='ocr_carea' id='block_1_90' title="bbox 1968 3142 3551 3238">
    <p class='ocr_par' dir='ltr' id='par_1_90' title="bbox 1968 3142 3551 3238">
     <span class='ocr_line' id='line_1_91' title="bbox 1968 3142 3551 3238; baseline 0.021 -46"><span class='ocrx_word' id='word_1_632' title='bbox 1968 3142 2359 3211; x_wconf 82' lang='lat' dir='ltr'><strong>magnificentia</strong></span> <span class='ocrx_word' id='word_1_633' title='bbox 2397 3191 2413 3213; x_wconf 90' lang='lat'><strong>,</strong></span> <span class='ocrx_word' id='word_1_634' title='bbox 2461 3160 2514 3204; x_wconf 89' lang='lat' dir='ltr'><strong>et</strong></span> <span class='ocrx_word' id='word_1_635' title='bbox 2567 3151 2635 3207; x_wconf 93' lang='lat' dir='ltr'><strong>de</strong></span> <span class='ocrx_word' id='word_1_636' title='bbox 2675 3153 2835 3210; x_wconf 91' lang='lat' dir='ltr'><strong>domo</strong></span> <span class='ocrx_word' id='word_1_637' title='bbox 2878 3156 3141 3230; x_wconf 61' lang='lat' dir='ltr'><strong>sollicitas,</strong></span> <span class='ocrx_word' id='word_1_638' title='bbox 3180 3178 3274 3221; x_wconf 89' lang='lat' dir='ltr'><strong>cos</strong></span> <span class='ocrx_word' id='word_1_639' title='bbox 3311 3166 3401 3238; x_wconf 91' lang='lat' dir='ltr'><strong>qui</strong></span> <span class='ocrx_word' id='word_1_640' title='bbox 3445 3142 3551 3225; x_wconf 52' lang='lat' dir='ltr'><strong>illic</strong></span> 
     </span>
    </p>
   </div>
   <div class='ocr_carea' id='block_1_91' title="bbox 1968 3231 3547 3328">
    <p class='ocr_par' dir='ltr' id='par_1_91' title="bbox 1968 3231 3547 3328">
     <span class='ocr_line' id='line_1_92' title="bbox 1968 3231 3547 3328; baseline 0.021 -44"><span class='ocrx_word' id='word_1_641' title='bbox 1968 3231 2224 3300; x_wconf 89' lang='lat' dir='ltr'><strong>habitant,</strong></span> <span class='ocrx_word' id='word_1_642' title='bbox 2288 3239 2511 3296; x_wconf 91' lang='lat' dir='ltr'><strong>moleste</strong></span> <span class='ocrx_word' id='word_1_643' title='bbox 2563 3252 2812 3300; x_wconf 88' lang='lat' dir='ltr'><strong>tractant.</strong></span> <span class='ocrx_word' id='word_1_644' title='bbox 2861 3252 2942 3304; x_wconf 78' lang='lat' dir='ltr'><strong>An</strong></span> <span class='ocrx_word' id='word_1_645' title='bbox 2986 3250 3204 3310; x_wconf 84' lang='lat' dir='ltr'><strong>famuli?</strong></span> <span class='ocrx_word' id='word_1_646' title='bbox 3246 3231 3547 3328; x_wconf 77' lang='lat' dir='ltr'><strong>quomodo,</strong></span> 
     </span>
    </p>
   </div>
   <div class='ocr_carea' id='block_1_92' title="bbox 1964 3327 3547 3415">
    <p class='ocr_par' dir='ltr' id='par_1_92' title="bbox 1964 3327 3547 3415">
     <span class='ocr_line' id='line_1_93' title="bbox 1964 3327 3547 3415; baseline 0.021 -40"><span class='ocrx_word' id='word_1_647' title='bbox 1964 3338 2083 3377; x_wconf 91' lang='lat' dir='ltr'><strong>cum</strong></span> <span class='ocrx_word' id='word_1_648' title='bbox 2124 3327 2321 3382; x_wconf 90' lang='lat' dir='ltr'><strong>nullam</strong></span> <span class='ocrx_word' id='word_1_649' title='bbox 2367 3330 2597 3388; x_wconf 88' lang='lat' dir='ltr'><strong>habeant</strong></span> <span class='ocrx_word' id='word_1_650' title='bbox 2646 3336 2892 3408; x_wconf 87' lang='lat' dir='ltr'><strong>loquendi</strong></span> <span class='ocrx_word' id='word_1_651' title='bbox 2944 3327 3275 3415; x_wconf 77' lang='lat' dir='ltr'><strong>libertatem,</strong></span> <span class='ocrx_word' id='word_1_652' title='bbox 3305 3361 3360 3405; x_wconf 90' lang='lat' dir='ltr'><strong>et</strong></span> <span class='ocrx_word' id='word_1_653' title='bbox 3390 3368 3547 3407; x_wconf 89' lang='lat' dir='ltr'><strong>unam</strong></span> 
     </span>
    </p>
   </div>
   <div class='ocr_carea' id='block_1_93' title="bbox 1966 3414 3547 3498">
    <p class='ocr_par' dir='ltr' id='par_1_93' title="bbox 1966 3414 3547 3498">
     <span class='ocr_line' id='line_1_94' title="bbox 1966 3414 3547 3498; baseline 0.021 -32"><span class='ocrx_word' id='word_1_654' title='bbox 1966 3414 2065 3484; x_wconf 90' lang='lat' dir='ltr'><strong>ipsi</strong></span> <span class='ocrx_word' id='word_1_655' title='bbox 2112 3432 2325 3488; x_wconf 89' lang='lat' dir='ltr'><strong>quoque</strong></span> <span class='ocrx_word' id='word_1_656' title='bbox 2373 3435 2556 3477; x_wconf 90' lang='lat' dir='ltr'><strong>curam</strong></span> <span class='ocrx_word' id='word_1_657' title='bbox 2594 3425 2825 3483; x_wconf 87' lang='lat' dir='ltr'><strong>habeant</strong></span> <span class='ocrx_word' id='word_1_658' title='bbox 2868 3432 3222 3491; x_wconf 91' lang='lat' dir='ltr'><strong>ministerium</strong></span> <span class='ocrx_word' id='word_1_659' title='bbox 3256 3454 3410 3496; x_wconf 90' lang='lat' dir='ltr'><strong>suum</strong></span> <span class='ocrx_word' id='word_1_660' title='bbox 3450 3445 3547 3498; x_wconf 88' lang='lat' dir='ltr'><strong>im-</strong></span> 
     </span>
    </p>
   </div>
   <div class='ocr_carea' id='block_1_94' title="bbox 1964 3507 3542 3603">
    <p class='ocr_par' dir='ltr' id='par_1_94' title="bbox 1964 3507 3542 3603">
     <span class='ocr_line' id='line_1_95' title="bbox 1964 3507 3542 3603; baseline 0.019 -43"><span class='ocrx_word' id='word_1_661' title='bbox 1964 3507 2179 3603; x_wconf 76' lang='lat' dir='ltr'><strong>plendi?</strong></span> <span class='ocrx_word' id='word_1_662' title='bbox 2205 3512 2286 3565; x_wconf 83' lang='lat' dir='ltr'><strong>An</strong></span> <span class='ocrx_word' id='word_1_663' title='bbox 2324 3512 2568 3583; x_wconf 72' lang='lat' dir='ltr'><strong>iudices?</strong></span> <span class='ocrx_word' id='word_1_664' title='bbox 2597 3520 2689 3573; x_wconf 90' lang='lat' dir='ltr'><strong>sed</strong></span> <span class='ocrx_word' id='word_1_665' title='bbox 2719 3520 2846 3576; x_wconf 91' lang='lat' dir='ltr'><strong>nihil</strong></span> <span class='ocrx_word' id='word_1_666' title='bbox 2875 3523 3017 3584; x_wconf 89' lang='lat' dir='ltr'><strong>aliud</strong></span> <span class='ocrx_word' id='word_1_667' title='bbox 3048 3526 3120 3582; x_wconf 91' lang='lat' dir='ltr'><strong>illi</strong></span> <span class='ocrx_word' id='word_1_668' title='bbox 3151 3540 3361 3598; x_wconf 88' lang='lat' dir='ltr'><strong>curant,</strong></span> <span class='ocrx_word' id='word_1_669' title='bbox 3386 3552 3542 3603; x_wconf 89' lang='lat' dir='ltr'><strong>quam</strong></span> 
     </span>
    </p>
   </div>
   <div class='ocr_carea' id='block_1_95' title="bbox 1963 3600 3543 3696">
    <p class='ocr_par' dir='ltr' id='par_1_95' title="bbox 1963 3600 3543 3696">
     <span class='ocr_line' id='line_1_96' title="bbox 1963 3600 3543 3696; baseline 0.017 -44"><span class='ocrx_word' id='word_1_670' title='bbox 1963 3614 2050 3654; x_wconf 84' lang='lat' dir='ltr'><strong>res</strong></span> <span class='ocrx_word' id='word_1_671' title='bbox 2073 3600 2322 3657; x_wconf 88' lang='lat' dir='ltr'><strong>urbanas.</strong></span> <span class='ocrx_word' id='word_1_672' title='bbox 2369 3609 2448 3659; x_wconf 82' lang='lat' dir='ltr'><strong>An</strong></span> <span class='ocrx_word' id='word_1_673' title='bbox 2491 3605 2629 3663; x_wconf 90' lang='lat' dir='ltr'><strong>forte</strong></span> <span class='ocrx_word' id='word_1_674' title='bbox 2666 3626 2817 3681; x_wconf 86' lang='lat' dir='ltr'><strong>reges</strong></span> <span class='ocrx_word' id='word_1_675' title='bbox 2856 3623 2911 3668; x_wconf 93' lang='lat' dir='ltr'><strong>et</strong></span> <span class='ocrx_word' id='word_1_676' title='bbox 2956 3614 2992 3669; x_wconf 91' lang='lat' dir='ltr'><strong>ii</strong></span> <span class='ocrx_word' id='word_1_677' title='bbox 3042 3620 3132 3688; x_wconf 92' lang='lat' dir='ltr'><strong>qui</strong></span> <span class='ocrx_word' id='word_1_678' title='bbox 3177 3600 3419 3678; x_wconf 80' lang='lat' dir='ltr'><strong>diadema</strong></span> <span class='ocrx_word' id='word_1_679' title='bbox 3446 3642 3543 3696; x_wconf 82' lang='lat' dir='ltr'><strong>ge-</strong></span> 
     </span>
    </p>
   </div>
   <div class='ocr_carea' id='block_1_96' title="bbox 1960 3692 3542 3771">
    <p class='ocr_par' dir='ltr' id='par_1_96' title="bbox 1960 3692 3542 3771">
     <span class='ocr_line' id='line_1_97' title="bbox 1960 3692 3542 3771; baseline 0.018 -29"><span class='ocrx_word' id='word_1_680' title='bbox 1960 3692 2140 3744; x_wconf 88' lang='lat' dir='ltr'><strong>stant?</strong></span> <span class='ocrx_word' id='word_1_681' title='bbox 2190 3708 2373 3749; x_wconf 85' lang='lat' dir='ltr'><strong>verum</strong></span> <span class='ocrx_word' id='word_1_682' title='bbox 2430 3697 2642 3754; x_wconf 88' lang='lat' dir='ltr'><strong>illorum</strong></span> <span class='ocrx_word' id='word_1_683' title='bbox 2688 3702 2841 3757; x_wconf 79' lang='lat' dir='ltr'><strong>labor</strong></span> <span class='ocrx_word' id='word_1_684' title='bbox 2890 3708 3066 3763; x_wconf 89' lang='lat' dir='ltr'><strong>omnis</strong></span> <span class='ocrx_word' id='word_1_685' title='bbox 3120 3721 3362 3767; x_wconf 83' lang='lat' dir='ltr'><strong>versatur</strong></span> <span class='ocrx_word' id='word_1_686' title='bbox 3402 3692 3542 3771; x_wconf 73' lang='lat' dir='ltr'><strong>circa</strong></span> 
     </span>
    </p>
   </div>
   <div class='ocr_carea' id='block_1_97' title="bbox 1961 3780 3542 3876">
    <p class='ocr_par' dir='ltr' id='par_1_97' title="bbox 1961 3780 3542 3876">
     <span class='ocr_line' id='line_1_98' title="bbox 1961 3780 3542 3876; baseline 0.017 -44"><span class='ocrx_word' id='word_1_687' title='bbox 1961 3780 2277 3849; x_wconf 89' lang='lat' dir='ltr'><strong>imperium,</strong></span> <span class='ocrx_word' id='word_1_688' title='bbox 2320 3788 2610 3854; x_wconf 91' lang='lat' dir='ltr'><strong>potentiam</strong></span> <span class='ocrx_word' id='word_1_689' title='bbox 2663 3804 2717 3847; x_wconf 90' lang='lat' dir='ltr'><strong>et</strong></span> <span class='ocrx_word' id='word_1_690' title='bbox 2777 3796 3050 3862; x_wconf 82' lang='lat' dir='ltr'><strong>pecunias.</strong></span> <span class='ocrx_word' id='word_1_691' title='bbox 3082 3800 3166 3855; x_wconf 82' lang='lat' dir='ltr'><strong>An</strong></span> <span class='ocrx_word' id='word_1_692' title='bbox 3211 3802 3310 3872; x_wconf 93' lang='lat' dir='ltr'><strong>ipsi</strong></span> <span class='ocrx_word' id='word_1_693' title='bbox 3338 3807 3542 3876; x_wconf 71' lang='lat' dir='ltr'><strong>seipsus</strong></span> 
     </span>
    </p>
   </div>
   <div class='ocr_carea' id='block_1_98' title="bbox 1957 3873 3538 3969">
    <p class='ocr_par' dir='ltr' id='par_1_98' title="bbox 1957 3873 3538 3969">
     <span class='ocr_line' id='line_1_99' title="bbox 1957 3873 3538 3969; baseline 0.016 -43"><span class='ocrx_word' id='word_1_694' title='bbox 1957 3873 2339 3930; x_wconf 82' lang='lat' dir='ltr'><strong>Concitabunt?</strong></span> <span class='ocrx_word' id='word_1_695' title='bbox 2368 3886 2425 3931; x_wconf 89' lang='lat' dir='ltr'><strong>at</strong></span> <span class='ocrx_word' id='word_1_696' title='bbox 2452 3882 2717 3946; x_wconf 87' lang='lat' dir='ltr'><strong>quomodo</strong></span> <span class='ocrx_word' id='word_1_697' title='bbox 2749 3884 2798 3936; x_wconf 91' lang='lat' dir='ltr'><strong>id</strong></span> <span class='ocrx_word' id='word_1_698' title='bbox 2828 3887 3039 3941; x_wconf 88' lang='lat' dir='ltr'><strong>valeant</strong></span> <span class='ocrx_word' id='word_1_699' title='bbox 3068 3890 3125 3957; x_wconf 91' lang='lat' dir='ltr'><strong>ii,</strong></span> <span class='ocrx_word' id='word_1_700' title='bbox 3156 3892 3245 3961; x_wconf 90' lang='lat' dir='ltr'><strong>qui</strong></span> <span class='ocrx_word' id='word_1_701' title='bbox 3274 3910 3341 3949; x_wconf 94' lang='lat' dir='ltr'><strong>ne</strong></span> <span class='ocrx_word' id='word_1_702' title='bbox 3368 3873 3538 3969; x_wconf 78' lang='lat' dir='ltr'><strong>respi-</strong></span> 
     </span>
    </p>
   </div>
   <div class='ocr_carea' id='block_1_99' title="bbox 1958 3968 3539 4054">
    <p class='ocr_par' dir='ltr' id='par_1_99' title="bbox 1958 3968 3539 4054">
     <span class='ocr_line' id='line_1_100' title="bbox 1958 3968 3539 4054; baseline 0.016 -36"><span class='ocrx_word' id='word_1_703' title='bbox 1958 3980 2076 4021; x_wconf 88' lang='lat' dir='ltr'><strong>rare</strong></span> <span class='ocrx_word' id='word_1_704' title='bbox 2104 3968 2316 4037; x_wconf 91' lang='lat' dir='ltr'><strong>quidem</strong></span> <span class='ocrx_word' id='word_1_705' title='bbox 2362 3983 2584 4039; x_wconf 90' lang='lat' dir='ltr'><strong>possuut</strong></span> <span class='ocrx_word' id='word_1_706' title='bbox 2611 3976 2680 4030; x_wconf 89' lang='lat' dir='ltr'><strong>ob</strong></span> <span class='ocrx_word' id='word_1_707' title='bbox 2719 3980 3050 4047; x_wconf 84' lang='lat' dir='ltr'><strong>negotiorum</strong></span> <span class='ocrx_word' id='word_1_708' title='bbox 3091 3985 3329 4054; x_wconf 90' lang='lat' dir='ltr'><strong>turbam,</strong></span> <span class='ocrx_word' id='word_1_709' title='bbox 3365 3968 3469 4045; x_wconf 86' lang='lat' dir='ltr'><strong>sed</strong></span> <span class='ocrx_word' id='word_1_710' title='bbox 3489 3982 3539 4046; x_wconf 78' lang='lat' dir='ltr'><strong>ei</strong></span> 
     </span>
    </p>
   </div>
   <div class='ocr_carea' id='block_1_100' title="bbox 1958 4061 3538 4149">
    <p class='ocr_par' dir='ltr' id='par_1_100' title="bbox 1958 4061 3538 4149">
     <span class='ocr_line' id='line_1_101' title="bbox 1958 4061 3538 4149; baseline 0.016 -38"><span class='ocrx_word' id='word_1_711' title='bbox 1958 4068 2166 4113; x_wconf 88' lang='lat' dir='ltr'><strong>noctem</strong></span> <span class='ocrx_word' id='word_1_712' title='bbox 2195 4061 2444 4131; x_wconf 86' lang='lat' dir='ltr'><strong>diemque</strong></span> <span class='ocrx_word' id='word_1_713' title='bbox 2471 4078 2531 4120; x_wconf 84' lang='lat' dir='ltr'><strong>ea</strong></span> <span class='ocrx_word' id='word_1_714' title='bbox 2566 4067 2615 4119; x_wconf 94' lang='lat' dir='ltr'><strong>in</strong></span> <span class='ocrx_word' id='word_1_715' title='bbox 2663 4083 2723 4122; x_wconf 90' lang='lat' dir='ltr'><strong>re</strong></span> <span class='ocrx_word' id='word_1_716' title='bbox 2769 4070 3063 4130; x_wconf 79' lang='lat' dir='ltr'><strong>inSumuut.</strong></span> <span class='ocrx_word' id='word_1_717' title='bbox 3094 4077 3210 4145; x_wconf 86' lang='lat' dir='ltr'><strong>Quo</strong></span> <span class='ocrx_word' id='word_1_718' title='bbox 3240 4079 3400 4149; x_wconf 89' lang='lat' dir='ltr'><strong>igitur</strong></span> <span class='ocrx_word' id='word_1_719' title='bbox 3432 4098 3538 4137; x_wconf 90' lang='lat' dir='ltr'><strong>non</strong></span> 
     </span>
    </p>
   </div>
   <div class='ocr_carea' id='block_1_101' title="bbox 1955 4151 3536 4233">
    <p class='ocr_par' dir='ltr' id='par_1_101' title="bbox 1955 4151 3536 4233">
     <span class='ocr_line' id='line_1_102' title="bbox 1955 4151 3536 4233; baseline 0.016 -29"><span class='ocrx_word' id='word_1_720' title='bbox 1955 4151 2370 4210; x_wconf 80' lang='lat' dir='ltr'><strong>miserabiliores</strong></span> <span class='ocrx_word' id='word_1_721' title='bbox 2421 4156 2618 4213; x_wconf 87' lang='lat' dir='ltr'><strong>fuerint</strong></span> <span class='ocrx_word' id='word_1_722' title='bbox 2672 4161 2779 4227; x_wconf 89' lang='lat' dir='ltr'><strong>illi,</strong></span> <span class='ocrx_word' id='word_1_723' title='bbox 2835 4165 2925 4233; x_wconf 91' lang='lat' dir='ltr'><strong>qui</strong></span> <span class='ocrx_word' id='word_1_724' title='bbox 2983 4166 3260 4225; x_wconf 88' lang='lat' dir='ltr'><strong>iunmnera</strong></span> <span class='ocrx_word' id='word_1_725' title='bbox 3317 4175 3536 4230; x_wconf 86' lang='lat' dir='ltr'><strong>vulnera</strong></span> 
     </span>
    </p>
   </div>
   <div class='ocr_carea' id='block_1_102' title="bbox 1953 4243 3536 4327">
    <p class='ocr_par' dir='ltr' id='par_1_102' title="bbox 1953 4243 3536 4327">
     <span class='ocr_line' id='line_1_103' title="bbox 1953 4243 3536 4327; baseline 0.018 -32"><span class='ocrx_word' id='word_1_726' title='bbox 1953 4243 2167 4312; x_wconf 85' lang='lat' dir='ltr'><strong>quidem</strong></span> <span class='ocrx_word' id='word_1_727' title='bbox 2212 4247 2513 4318; x_wconf 91' lang='lat' dir='ltr'><strong>accipiunt,</strong></span> <span class='ocrx_word' id='word_1_728' title='bbox 2566 4264 2621 4306; x_wconf 88' lang='lat' dir='ltr'><strong>et</strong></span> <span class='ocrx_word' id='word_1_729' title='bbox 2659 4253 2763 4309; x_wconf 87' lang='lat' dir='ltr'><strong>huc</strong></span> <span class='ocrx_word' id='word_1_730' title='bbox 2790 4271 2894 4310; x_wconf 91' lang='lat' dir='ltr'><strong>non</strong></span> <span class='ocrx_word' id='word_1_731' title='bbox 2926 4260 3205 4327; x_wconf 90' lang='lat' dir='ltr'><strong>accedunt,</strong></span> <span class='ocrx_word' id='word_1_732' title='bbox 3241 4266 3329 4320; x_wconf 92' lang='lat' dir='ltr'><strong>ubi</strong></span> <span class='ocrx_word' id='word_1_733' title='bbox 3358 4260 3536 4323; x_wconf 44' lang='lat' dir='ltr'><strong>disce;</strong></span> 
     </span>
    </p>
   </div>
   <div class='ocr_carea' id='block_1_103' title="bbox 1952 4338 3537 4425">
    <p class='ocr_par' dir='ltr' id='par_1_103' title="bbox 1952 4338 3537 4425">
     <span class='ocr_line' id='line_1_104' title="bbox 1952 4338 3537 4425; baseline 0.017 -36"><span class='ocrx_word' id='word_1_734' title='bbox 1952 4350 2013 4390; x_wconf 88' lang='lat' dir='ltr'><strong>re</strong></span> <span class='ocrx_word' id='word_1_735' title='bbox 2060 4339 2369 4406; x_wconf 82' lang='lat' dir='ltr'><strong>possintse,</strong></span> <span class='ocrx_word' id='word_1_736' title='bbox 2401 4343 2499 4396; x_wconf 88' lang='lat' dir='ltr'><strong>etsi</strong></span> <span class='ocrx_word' id='word_1_737' title='bbox 2547 4345 2858 4403; x_wconf 88' lang='lat' dir='ltr'><strong>vulneribus</strong></span> <span class='ocrx_word' id='word_1_738' title='bbox 2909 4338 3146 4417; x_wconf 77' lang='lat' dir='ltr'><strong>allectos,</strong></span> <span class='ocrx_word' id='word_1_739' title='bbox 3178 4370 3335 4425; x_wconf 90' lang='lat' dir='ltr'><strong>posse</strong></span> <span class='ocrx_word' id='word_1_740' title='bbox 3365 4361 3431 4412; x_wconf 91' lang='lat' dir='ltr'><strong>ab</strong></span> <span class='ocrx_word' id='word_1_741' title='bbox 3473 4363 3537 4417; x_wconf 91' lang='lat' dir='ltr'><strong>iis</strong></span> 
     </span>
    </p>
   </div>
   <div class='ocr_carea' id='block_1_104' title="bbox 1952 4426 3535 4524">
    <p class='ocr_par' dir='ltr' id='par_1_104' title="bbox 1952 4426 3535 4524">
     <span class='ocr_line' id='line_1_105' title="bbox 1952 4426 3535 4524; baseline 0.016 -46"><span class='ocrx_word' id='word_1_742' title='bbox 1952 4426 2192 4493; x_wconf 87' lang='lat' dir='ltr'><strong>liberari,</strong></span> <span class='ocrx_word' id='word_1_743' title='bbox 2223 4441 2275 4484; x_wconf 88' lang='lat' dir='ltr'><strong>et</strong></span> <span class='ocrx_word' id='word_1_744' title='bbox 2300 4433 2654 4489; x_wconf 85' lang='lat' dir='ltr'><strong>valetudinem</strong></span> <span class='ocrx_word' id='word_1_745' title='bbox 2701 4442 2976 4510; x_wconf 77' lang='lat' dir='ltr'><strong>consequi.</strong></span> <span class='ocrx_word' id='word_1_746' title='bbox 3019 4444 3367 4524; x_wconf 83' lang='lat' dir='ltr'><strong>Quandonam</strong></span> <span class='ocrx_word' id='word_1_747' title='bbox 3408 4470 3535 4524; x_wconf 77' lang='lat' dir='ltr'><strong>ergo</strong></span> 
     </span>
    </p>
   </div>
   <div class='ocr_carea' id='block_1_105' title="bbox 1953 4518 3535 4602">
    <p class='ocr_par' dir='ltr' id='par_1_105' title="bbox 1953 4518 3535 4602">
     <span class='ocr_line' id='line_1_106' title="bbox 1953 4518 3535 4602; baseline 0.017 -31"><span class='ocrx_word' id='word_1_748' title='bbox 1953 4518 2004 4571; x_wconf 92' lang='lat' dir='ltr'><strong>hi</strong></span> <span class='ocrx_word' id='word_1_749' title='bbox 2036 4522 2265 4575; x_wconf 85' lang='lat' dir='ltr'><strong>animant</strong></span> <span class='ocrx_word' id='word_1_750' title='bbox 2314 4539 2465 4579; x_wconf 87' lang='lat' dir='ltr'><strong>suam</strong></span> <span class='ocrx_word' id='word_1_751' title='bbox 2508 4529 2812 4584; x_wconf 84' lang='lat' dir='ltr'><strong>curabunt?</strong></span> <span class='ocrx_word' id='word_1_752' title='bbox 2856 4518 3155 4602; x_wconf 82' lang='lat' dir='ltr'><strong>Optandqu</strong></span> <span class='ocrx_word' id='word_1_753' title='bbox 3198 4543 3339 4595; x_wconf 91' lang='lat' dir='ltr'><strong>enim</strong></span> <span class='ocrx_word' id='word_1_754' title='bbox 3370 4556 3451 4597; x_wconf 88' lang='lat' dir='ltr'><strong>est</strong></span> <span class='ocrx_word' id='word_1_755' title='bbox 3470 4518 3535 4599; x_wconf 74' lang='lat' dir='ltr'><strong>ut</strong></span> 
     </span>
    </p>
   </div>
   <div class='ocr_carea' id='block_1_106' title="bbox 1951 4610 3532 4697">
    <p class='ocr_par' dir='ltr' id='par_1_106' title="bbox 1951 4610 3532 4697">
     <span class='ocr_line' id='line_1_107' title="bbox 1951 4610 3532 4697; baseline 0.015 -33"><span class='ocrx_word' id='word_1_756' title='bbox 1951 4612 2003 4670; x_wconf 86' lang='lat' dir='ltr'><strong>ii.</strong></span> <span class='ocrx_word' id='word_1_757' title='bbox 2037 4612 2125 4682; x_wconf 88' lang='lat' dir='ltr'><strong>qui</strong></span> <span class='ocrx_word' id='word_1_758' title='bbox 2163 4610 2465 4684; x_wconf 89' lang='lat' dir='ltr'><strong>frequenter</strong></span> <span class='ocrx_word' id='word_1_759' title='bbox 2510 4618 2561 4672; x_wconf 93' lang='lat' dir='ltr'><strong>iu</strong></span> <span class='ocrx_word' id='word_1_760' title='bbox 2613 4622 2892 4678; x_wconf 87' lang='lat' dir='ltr'><strong>ecclesiam</strong></span> <span class='ocrx_word' id='word_1_761' title='bbox 2933 4630 3292 4697; x_wconf 89' lang='lat' dir='ltr'><strong>conveniunt,</strong></span> <span class='ocrx_word' id='word_1_762' title='bbox 3338 4642 3394 4687; x_wconf 91' lang='lat' dir='ltr'><strong>et</strong></span> <span class='ocrx_word' id='word_1_763' title='bbox 3434 4634 3532 4688; x_wconf 85' lang='lat' dir='ltr'><strong>do-</strong></span> 
     </span>
    </p>
   </div>
   <div class='ocr_carea' id='block_1_107' title="bbox 1947 4705 3530 4793">
    <p class='ocr_par' dir='ltr' id='par_1_107' title="bbox 1947 4705 3530 4793">
     <span class='ocr_line' id='line_1_108' title="bbox 1947 4705 3530 4793; baseline 0.017 -37"><span class='ocrx_word' id='word_1_764' title='bbox 1947 4705 2116 4758; x_wconf 88' lang='lat' dir='ltr'><strong>ctrina</strong></span> <span class='ocrx_word' id='word_1_765' title='bbox 2163 4707 2421 4776; x_wconf 81' lang='lat' dir='ltr'><strong>Spirituali</strong></span> <span class='ocrx_word' id='word_1_766' title='bbox 2452 4716 2703 4783; x_wconf 86' lang='lat' dir='ltr'><strong>tantaque</strong></span> <span class='ocrx_word' id='word_1_767' title='bbox 2727 4730 2854 4770; x_wconf 86' lang='lat' dir='ltr'><strong>cura</strong></span> <span class='ocrx_word' id='word_1_768' title='bbox 2891 4718 3156 4788; x_wconf 69' lang='lat' dir='ltr'><strong>fruuntur,</strong></span> <span class='ocrx_word' id='word_1_769' title='bbox 3187 4739 3376 4793; x_wconf 88' lang='lat' dir='ltr'><strong>pravas</strong></span> <span class='ocrx_word' id='word_1_770' title='bbox 3402 4742 3530 4782; x_wconf 88' lang='lat' dir='ltr'><strong>con-</strong></span> 
     </span>
    </p>
   </div>
   <div class='ocr_carea' id='block_1_108' title="bbox 1944 4797 3529 4886">
    <p class='ocr_par' dir='ltr' id='par_1_108' title="bbox 1944 4797 3529 4886">
     <span class='ocr_line' id='line_1_109' title="bbox 1944 4797 3529 4886; baseline 0.015 -37"><span class='ocrx_word' id='word_1_771' title='bbox 1944 4797 2298 4864; x_wconf 75' lang='lat' dir='ltr'><strong>cupiscentias</strong></span> <span class='ocrx_word' id='word_1_772' title='bbox 2326 4799 2538 4857; x_wconf 88' lang='lat' dir='ltr'><strong>vincere</strong></span> <span class='ocrx_word' id='word_1_773' title='bbox 2563 4812 2616 4857; x_wconf 93' lang='lat' dir='ltr'><strong>et</strong></span> <span class='ocrx_word' id='word_1_774' title='bbox 2643 4802 2852 4862; x_wconf 88' lang='lat' dir='ltr'><strong>frenare</strong></span> <span class='ocrx_word' id='word_1_775' title='bbox 2884 4811 3116 4878; x_wconf 83' lang='lat' dir='ltr'><strong>possint,</strong></span> <span class='ocrx_word' id='word_1_776' title='bbox 3143 4824 3300 4886; x_wconf 86' lang='lat' dir='ltr'><strong>atque</strong></span> <span class='ocrx_word' id='word_1_777' title='bbox 3323 4815 3391 4870; x_wconf 90' lang='lat' dir='ltr'><strong>ad</strong></span> <span class='ocrx_word' id='word_1_778' title='bbox 3419 4820 3529 4872; x_wconf 80' lang='lat' dir='ltr'><strong>vir-</strong></span> 
     </span>
    </p>
   </div>
   <div class='ocr_carea' id='block_1_109' title="bbox 1946 4889 2850 4953">
    <p class='ocr_par' dir='ltr' id='par_1_109' title="bbox 1946 4889 2850 4953">
     <span class='ocr_line' id='line_1_110' title="bbox 1946 4889 2850 4953; baseline 0.014 -14"><span class='ocrx_word' id='word_1_779' title='bbox 1946 4889 2071 4940; x_wconf 90' lang='lat' dir='ltr'><strong>tutis</strong></span> <span class='ocrx_word' id='word_1_780' title='bbox 2098 4889 2407 4943; x_wconf 77' lang='lat' dir='ltr'><strong>exercitium</strong></span> <span class='ocrx_word' id='word_1_781' title='bbox 2430 4907 2488 4946; x_wconf 90' lang='lat' dir='ltr'><strong>se</strong></span> <span class='ocrx_word' id='word_1_782' title='bbox 2513 4906 2850 4953; x_wconf 84' lang='lat' dir='ltr'><strong>convertere.</strong></span> 
     </span>
    </p>
   </div>
   <div class='ocr_carea' id='block_1_110' title="bbox 2011 4977 3527 5056">
    <p class='ocr_par' dir='ltr' id='par_1_110' title="bbox 2011 4977 3527 5056">
     <span class='ocr_line' id='line_1_111' title="bbox 2011 4977 3527 5056; baseline 0.015 -24"><span class='ocrx_word' id='word_1_783' title='bbox 2011 4979 2066 5033; x_wconf 71' lang='lat'><strong>2.</strong></span> <span class='ocrx_word' id='word_1_784' title='bbox 2097 4977 2287 5035; x_wconf 76' lang='lat' dir='ltr'><strong>Cautus</strong></span> <span class='ocrx_word' id='word_1_785' title='bbox 2326 4983 2652 5052; x_wconf 76' lang='lat' dir='ltr'><strong>psalmorum.</strong></span> <span class='ocrx_word' id='word_1_786' title='bbox 2688 5017 2763 5029; x_wconf 90' lang='lat'><strong>—-</strong></span> <span class='ocrx_word' id='word_1_787' title='bbox 2795 4987 2983 5045; x_wconf 85' lang='lat' dir='ltr'><strong>Verum</strong></span> <span class='ocrx_word' id='word_1_788' title='bbox 3026 5009 3094 5048; x_wconf 91' lang='lat' dir='ltr'><strong>ne</strong></span> <span class='ocrx_word' id='word_1_789' title='bbox 3123 4988 3371 5053; x_wconf 83' lang='lat' dir='ltr'><strong>absentes</strong></span> <span class='ocrx_word' id='word_1_790' title='bbox 3407 4999 3527 5056; x_wconf 90' lang='lat' dir='ltr'><strong>illos</strong></span> 
     </span>
    </p>
   </div>
   <div class='ocr_carea' id='block_1_111' title="bbox 1941 5073 3524 5161">
    <p class='ocr_par' dir='ltr' id='par_1_111' title="bbox 1941 5073 3524 5161">
     <span class='ocr_line' id='line_1_112' title="bbox 1941 5073 3524 5161; baseline 0.015 -38"><span class='ocrx_word' id='word_1_791' title='bbox 1941 5083 2199 5140; x_wconf 87' lang='lat' dir='ltr'><strong>perpetuo</strong></span> <span class='ocrx_word' id='word_1_792' title='bbox 2222 5073 2528 5131; x_wconf 88' lang='lat' dir='ltr'><strong>incusantes</strong></span> <span class='ocrx_word' id='word_1_793' title='bbox 2553 5093 2582 5130; x_wconf 90' lang='lat' dir='ltr'><strong>a</strong></span> <span class='ocrx_word' id='word_1_794' title='bbox 2621 5082 2890 5136; x_wconf 90' lang='lat' dir='ltr'><strong>consuetis</strong></span> <span class='ocrx_word' id='word_1_795' title='bbox 2921 5099 3014 5138; x_wconf 89' lang='lat' dir='ltr'><strong>vos</strong></span> <span class='ocrx_word' id='word_1_796' title='bbox 3041 5089 3317 5154; x_wconf 87' lang='lat' dir='ltr'><strong>privemus</strong></span> <span class='ocrx_word' id='word_1_797' title='bbox 3340 5132 3354 5155; x_wconf 96' lang='lat'><strong>,</strong></span> <span class='ocrx_word' id='word_1_798' title='bbox 3387 5108 3485 5161; x_wconf 89' lang='lat' dir='ltr'><strong>age</strong></span> <span class='ocrx_word' id='word_1_799' title='bbox 3506 5134 3524 5157; x_wconf 93' lang='lat'><strong>,</strong></span> 
     </span>
    </p>
   </div>
   <div class='ocr_carea' id='block_1_112' title="bbox 1937 5163 3518 5249">
    <p class='ocr_par' dir='ltr' id='par_1_112' title="bbox 1937 5163 3518 5249">
     <span class='ocr_line' id='line_1_113' title="bbox 1937 5163 3518 5249; baseline 0.014 -35"><span class='ocrx_word' id='word_1_800' title='bbox 1937 5163 2148 5217; x_wconf 85' lang='lat' dir='ltr'><strong>solitam</strong></span> <span class='ocrx_word' id='word_1_801' title='bbox 2194 5164 2344 5218; x_wconf 84' lang='lat' dir='ltr'><strong>vobis</strong></span> <span class='ocrx_word' id='word_1_802' title='bbox 2385 5181 2622 5221; x_wconf 86' lang='lat' dir='ltr'><strong>mensam</strong></span> <span class='ocrx_word' id='word_1_803' title='bbox 2659 5185 3009 5240; x_wconf 89' lang='lat' dir='ltr'><strong>apponanms,</strong></span> <span class='ocrx_word' id='word_1_804' title='bbox 3048 5185 3101 5229; x_wconf 93' lang='lat' dir='ltr'><strong>et</strong></span> <span class='ocrx_word' id='word_1_805' title='bbox 3150 5177 3216 5232; x_wconf 88' lang='lat' dir='ltr'><strong>de</strong></span> <span class='ocrx_word' id='word_1_806' title='bbox 3257 5180 3518 5249; x_wconf 87' lang='lat' dir='ltr'><strong>psallendi</strong></span> 
     </span>
    </p>
   </div>
   <div class='ocr_carea' id='block_1_113' title="bbox 1940 5253 3518 5340">
    <p class='ocr_par' dir='ltr' id='par_1_113' title="bbox 1940 5253 3518 5340">
     <span class='ocr_line' id='line_1_114' title="bbox 1940 5253 3518 5340; baseline 0.015 -35"><span class='ocrx_word' id='word_1_807' title='bbox 1940 5253 2084 5306; x_wconf 88' lang='lat' dir='ltr'><strong>luero</strong></span> <span class='ocrx_word' id='word_1_808' title='bbox 2111 5254 2270 5307; x_wconf 90' lang='lat' dir='ltr'><strong>verba</strong></span> <span class='ocrx_word' id='word_1_809' title='bbox 2298 5255 2575 5312; x_wconf 89' lang='lat' dir='ltr'><strong>faciamus.</strong></span> <span class='ocrx_word' id='word_1_810' title='bbox 2597 5259 2732 5315; x_wconf 85' lang='lat' dir='ltr'><strong>Ecce</strong></span> <span class='ocrx_word' id='word_1_811' title='bbox 2762 5278 2988 5332; x_wconf 87' lang='lat' dir='ltr'><strong>namque</strong></span> <span class='ocrx_word' id='word_1_812' title='bbox 3014 5266 3255 5324; x_wconf 90' lang='lat' dir='ltr'><strong>incidens</strong></span> <span class='ocrx_word' id='word_1_813' title='bbox 3285 5273 3518 5340; x_wconf 79' lang='lat' dir='ltr'><strong>psalmus</strong></span> 
     </span>
    </p>
   </div>
   <div class='ocr_carea' id='block_1_114' title="bbox 1938 5345 3515 5418">
    <p class='ocr_par' dir='ltr' id='par_1_114' title="bbox 1938 5345 3515 5418">
     <span class='ocr_line' id='line_1_115' title="bbox 1938 5345 3515 5418; baseline 0.013 -23"><span class='ocrx_word' id='word_1_814' title='bbox 1938 5345 2110 5398; x_wconf 82' lang='lat' dir='ltr'><strong>varias</strong></span> <span class='ocrx_word' id='word_1_815' title='bbox 2154 5347 2369 5400; x_wconf 87' lang='lat' dir='ltr'><strong>miscuit</strong></span> <span class='ocrx_word' id='word_1_816' title='bbox 2396 5362 2571 5411; x_wconf 82' lang='lat' dir='ltr'><strong>voces,</strong></span> <span class='ocrx_word' id='word_1_817' title='bbox 2603 5358 2656 5401; x_wconf 90' lang='lat' dir='ltr'><strong>et</strong></span> <span class='ocrx_word' id='word_1_818' title='bbox 2708 5368 2870 5406; x_wconf 91' lang='lat' dir='ltr'><strong>unum</strong></span> <span class='ocrx_word' id='word_1_819' title='bbox 2919 5358 3125 5412; x_wconf 92' lang='lat' dir='ltr'><strong>cunctis</strong></span> <span class='ocrx_word' id='word_1_820' title='bbox 3156 5360 3374 5416; x_wconf 84' lang='lat' dir='ltr'><strong>vocibus</strong></span> <span class='ocrx_word' id='word_1_821' title='bbox 3402 5379 3515 5418; x_wconf 80' lang='lat' dir='ltr'><strong>mo-</strong></span> 
     </span>
    </p>
   </div>
   <div class='ocr_carea' id='block_1_115' title="bbox 1935 5436 3515 5523">
    <p class='ocr_par' dir='ltr' id='par_1_115' title="bbox 1935 5436 3515 5523">
     <span class='ocr_line' id='line_1_116' title="bbox 1935 5436 3515 5523; baseline 0.015 -36"><span class='ocrx_word' id='word_1_822' title='bbox 1935 5436 2169 5490; x_wconf 89' lang='lat' dir='ltr'><strong>dulatum</strong></span> <span class='ocrx_word' id='word_1_823' title='bbox 2219 5439 2481 5490; x_wconf 88' lang='lat' dir='ltr'><strong>canticmn</strong></span> <span class='ocrx_word' id='word_1_824' title='bbox 2533 5441 2582 5490; x_wconf 92' lang='lat' dir='ltr'><strong>in</strong></span> <span class='ocrx_word' id='word_1_825' title='bbox 2631 5440 2793 5496; x_wconf 91' lang='lat' dir='ltr'><strong>altum</strong></span> <span class='ocrx_word' id='word_1_826' title='bbox 2840 5447 3089 5523; x_wconf 72' lang='lat' dir='ltr'><strong>excitavit</strong></span> <span class='ocrx_word' id='word_1_827' title='bbox 3137 5468 3151 5504; x_wconf 89' lang='lat'><strong><em>:</em></strong></span> <span class='ocrx_word' id='word_1_828' title='bbox 3196 5451 3423 5520; x_wconf 83' lang='lat' dir='ltr'><strong>juvenes</strong></span> <span class='ocrx_word' id='word_1_829' title='bbox 3465 5468 3515 5509; x_wconf 85' lang='lat' dir='ltr'><strong>et</strong></span> 
     </span>
    </p>
   </div>
   <div class='ocr_carea' id='block_1_116' title="bbox 1936 5528 3513 5611">
    <p class='ocr_par' dir='ltr' id='par_1_116' title="bbox 1936 5528 3513 5611">
     <span class='ocr_line' id='line_1_117' title="bbox 1936 5528 3513 5611; baseline 0.014 -30"><span class='ocrx_word' id='word_1_830' title='bbox 1936 5543 2112 5591; x_wconf 85' lang='lat' dir='ltr'><strong>senes,</strong></span> <span class='ocrx_word' id='word_1_831' title='bbox 2140 5528 2331 5582; x_wconf 89' lang='lat' dir='ltr'><strong>divites</strong></span> <span class='ocrx_word' id='word_1_832' title='bbox 2369 5538 2423 5582; x_wconf 89' lang='lat' dir='ltr'><strong>et</strong></span> <span class='ocrx_word' id='word_1_833' title='bbox 2442 5543 2730 5599; x_wconf 89' lang='lat' dir='ltr'><strong>pauperes,</strong></span> <span class='ocrx_word' id='word_1_834' title='bbox 2759 5535 3009 5591; x_wconf 91' lang='lat' dir='ltr'><strong>mulieres</strong></span> <span class='ocrx_word' id='word_1_835' title='bbox 3039 5550 3094 5595; x_wconf 91' lang='lat' dir='ltr'><strong>et</strong></span> <span class='ocrx_word' id='word_1_836' title='bbox 3137 5544 3265 5611; x_wconf 88' lang='lat' dir='ltr'><strong>viri,</strong></span> <span class='ocrx_word' id='word_1_837' title='bbox 3297 5548 3436 5601; x_wconf 87' lang='lat' dir='ltr'><strong>servi</strong></span> <span class='ocrx_word' id='word_1_838' title='bbox 3460 5559 3513 5603; x_wconf 87' lang='lat' dir='ltr'><strong>et</strong></span> 
     </span>
    </p>
   </div>
   <div class='ocr_carea' id='block_1_117' title="bbox 1932 5617 3512 5692">
    <p class='ocr_par' dir='ltr' id='par_1_117' title="bbox 1932 5617 3512 5692">
     <span class='ocr_line' id='line_1_118' title="bbox 1932 5617 3512 5692; baseline 0.013 -21"><span class='ocrx_word' id='word_1_839' title='bbox 1932 5617 2104 5684; x_wconf 85' lang='lat' dir='ltr'><strong>liberi,</strong></span> <span class='ocrx_word' id='word_1_840' title='bbox 2125 5620 2293 5674; x_wconf 86' lang='lat' dir='ltr'><strong>melos</strong></span> <span class='ocrx_word' id='word_1_841' title='bbox 2333 5635 2495 5672; x_wconf 91' lang='lat' dir='ltr'><strong>unum</strong></span> <span class='ocrx_word' id='word_1_842' title='bbox 2537 5635 2723 5676; x_wconf 88' lang='lat' dir='ltr'><strong>omnes</strong></span> <span class='ocrx_word' id='word_1_843' title='bbox 2739 5626 3068 5684; x_wconf 90' lang='lat' dir='ltr'><strong>sustulimus.</strong></span> <span class='ocrx_word' id='word_1_844' title='bbox 3096 5632 3150 5688; x_wconf 92' lang='lat' dir='ltr'><strong>Si</strong></span> <span class='ocrx_word' id='word_1_845' title='bbox 3171 5637 3313 5689; x_wconf 88' lang='lat' dir='ltr'><strong>enim</strong></span> <span class='ocrx_word' id='word_1_846' title='bbox 3343 5637 3512 5692; x_wconf 88' lang='lat' dir='ltr'><strong>citha-</strong></span> 
     </span>
    </p>
   </div>
   <div class='ocr_carea' id='block_1_118' title="bbox 1931 5709 3514 5789">
    <p class='ocr_par' dir='ltr' id='par_1_118' title="bbox 1931 5709 3514 5789">
     <span class='ocr_line' id='line_1_119' title="bbox 1931 5709 3514 5789; baseline 0.013 -27"><span class='ocrx_word' id='word_1_847' title='bbox 1931 5709 2113 5763; x_wconf 75' lang='lat' dir='ltr'><strong>rwdus</strong></span> <span class='ocrx_word' id='word_1_848' title='bbox 2140 5711 2379 5765; x_wconf 79' lang='lat' dir='ltr'><strong>diversos</strong></span> <span class='ocrx_word' id='word_1_849' title='bbox 2420 5725 2612 5766; x_wconf 88' lang='lat' dir='ltr'><strong>nervos</strong></span> <span class='ocrx_word' id='word_1_850' title='bbox 2646 5728 2760 5772; x_wconf 86' lang='lat' dir='ltr'><strong>arte</strong></span> <span class='ocrx_word' id='word_1_851' title='bbox 2815 5726 3139 5789; x_wconf 87' lang='lat' dir='ltr'><strong>temperans.</strong></span> <span class='ocrx_word' id='word_1_852' title='bbox 3183 5742 3343 5780; x_wconf 87' lang='lat' dir='ltr'><strong>sonos</strong></span> <span class='ocrx_word' id='word_1_853' title='bbox 3376 5728 3514 5782; x_wconf 85' lang='lat' dir='ltr'><strong>mul-</strong></span> 
     </span>
    </p>
   </div>
   <div class='ocr_carea' id='block_1_119' title="bbox 3105 5830 3182 5893">
    <p class='ocr_par' dir='ltr' id='par_1_119' title="bbox 3105 5830 3182 5893">
     <span class='ocr_line' id='line_1_120' title="bbox 3105 5830 3182 5893; baseline 0.052 -4"><span class='ocrx_word' id='word_1_854' title='bbox 3105 5830 3182 5893; x_wconf 58' lang='lat' dir='ltr'><strong>2&#39;s</strong></span> 
     </span>
    </p>
   </div>
  </div>
