3966 6160
472 296 573 350 4δῖ

470 426 553 470 tos
584 429 744 467 unum
773 411 932 467 efficit
966 429 979 466 :
1013 407 1134 478 quid
1158 407 1371 473 mirum,
1397 407 1441 462 si
1469 405 1658 478 psalmi
1677 413 1732 460 et
1753 401 2042 474 spiritualis

469 505 663 562 cantici
713 506 792 558 vis
846 503 1075 572 idipsum
1125 499 1292 555 fecit?
1331 499 1513 569 Neque
1540 497 1684 552 enim
1727 509 1825 549 nos
1867 496 2041 549 solmn

469 607 777 667 prassentes,
813 596 906 650 sed
934 595 1093 649 etiam
1140 601 1406 647 mortumn
1449 605 1568 645 cum
1612 588 1747 644 vivis
1787 585 2042 641 miscuit:

468 691 562 744 tlte
615 702 844 755 namque
888 685 1047 741 etiam
1090 684 1364 739 nobiscum
1400 681 1662 752 psallebat
1701 680 1887 735 beatus
1907 671 2041 732 Pro-

467 781 624 850 pbeta
656 798 668 832 :
697 793 1017 850 quamquam
1047 777 1100 832 in
1132 776 1292 846 regiis
1317 774 1452 828 aulis
1482 772 1534 828 id
1561 787 1667 828 non
1695 772 1855 827 liceat
1878 788 1891 824 :
1918 785 2040 824 nam

467 875 537 930 ibi
565 873 716 928 sedet
757 872 1058 928 diademate
1098 878 1341 935 ornatus,
1375 867 1588 922 adstant
1630 873 1808 918 autem
1857 876 2045 918 omnes

463 983 587 1021 cum
640 964 887 1030 silentio,
929 963 1053 1019 licet
1090 963 1142 1016 in
1198 959 1444 1014 maximis
1487 955 1883 1027 magistratibus
1938 953 2045 1008 sint

461 1058 760 1114 constituti.
793 1056 889 1112 llic
921 1068 1052 1110 vero
1080 1069 1186 1108 non
1209 1053 1323 1116 sic;
1349 1049 1444 1106 sed
1482 1050 1718 1118 loquitur
1748 1045 2038 1116 Propheta,

463 1160 519 1204 et
539 1162 728 1203 omnes
752 1145 1161 1217 respondemus,
1192 1155 1381 1197 omnes
1423 1156 1525 1195 una
1557 1139 1803 1194 canimus
1832 1155 1844 1188 ε
1871 1150 2044 1206 neque

466 1243 588 1298 licet
617 1242 704 1296 hic
746 1254 962 1296 servum
1013 1236 1217 1301 videre,
1265 1234 1634 1293 necliberum,
1662 1246 1760 1285 nec
1802 1229 2040 1292 divitem,

465 1350 567 1390 nee
616 1345 926 1402 pauperem,
961 1340 1062 1383 nec
1101 1327 1420 1396 principem,
1467 1335 1568 1378 nec
1606 1323 1906 1390 privatum;
1948 1318 2042 1374 sed

465 1426 682 1498 pellitur
724 1422 816 1477 illa
845 1419 1119 1476 saecularis
1173 1416 1525 1487 inaequalitas,
1581 1428 1715 1468 unus
1736 1411 1933 1466 chorus
1975 1425 2042 1466 ex

465 1518 715 1574 omnibus
761 1524 1136 1584 congregatur.
1193 1509 1471 1581 inqualitas
1514 1524 1724 1578 quoque
1774 1507 1936 1561 tnulta
1990 1509 2040 1560 in

467 1610 685 1666 vocibus
702 1615 803 1670 est,
832 1621 896 1660 ac
924 1605 1111 1659 caelum
1137 1613 1274 1657 terra
1300 1601 1552 1654 imitatur.
1575 1597 1744 1653 Tanta
1766 1595 2044 1652 estEccle-

464 1703 559 1757 sia:
575 1699 846 1756 nobilitas.
865 1697 1044 1764 Neque
1061 1694 1203 1749 enim
1225 1692 1329 1747 dici
1350 1697 1524 1760 potest
1539 1689 1812 1744 dominum
1827 1686 2040 1757 quidem

463 1809 584 1848 cum
612 1792 772 1846 multa
816 1786 1141 1844 confidentia
1189 1783 1438 1853 psallere,
1473 1795 1684 1836 servum
1729 1787 1907 1834 autem
1957 1793 2043 1832 re-

462 1886 640 1958 primi;
661 1897 831 1953 neque
851 1893 1084 1942 rursum,
1098 1873 1538 1946 dlvitemquidem
1554 1872 1786 1942 linguam
1800 1884 2039 1935 movere,

463 1975 682 2048 pauperi
713 1984 889 2028 autem
916 1967 1187 2026 silentium
1215 1965 1496 2036 imperari;
1523 1979 1694 2034 neque
1725 1963 1936 2025 iterum,
1965 1961 2043 2014 vi-

461 2083 579 2122 rum
598 2064 812 2137 quidem
832 2067 954 2118 cum
976 2059 1164 2115 fiducia
1181 2071 1396 2124 canere,
1417 2053 1694 2110 mulierem
1716 2069 1844 2109 vero
1865 2062 2043 2107 tacere

461 2171 515 2216 et
547 2159 664 2213 sine
688 2169 820 2210 voce
840 2163 982 2209 stare
1009 2169 1024 2206 :
1053 2150 1147 2206 sed
1192 2162 1380 2204 omnes
1417 2147 1527 2218 pari
1571 2147 1775 2200 honore
1803 2145 2044 2201 fruentes

461 2263 748 2306 commune
775 2246 1050 2301 offerimus
1075 2240 1415 2305 sacrificium,
1441 2253 1776 2295 communem
1810 2238 2042 2294 oblatio-

464 2358 585 2399 nem
612 2361 627 2398 :
651 2356 824 2412 neque
864 2339 986 2409 plus
1009 2337 1168 2392 habet
1196 2335 1282 2390 hic
1319 2349 1477 2405 quam
1507 2333 1616 2396 ille,
1642 2347 1740 2386 nec
1766 2332 1854 2386 ille
1882 2347 2042 2401 quam

463 2437 586 2502 hic;
611 2433 704 2491 sed
728 2447 916 2488 omnes
934 2432 986 2485 in
1003 2429 1190 2486 eodem
1209 2427 1433 2493 honore,
1452 2439 1501 2480 et
1525 2441 1628 2482 una
1641 2440 1745 2481 vox
1768 2440 1796 2479 a
1815 2423 2044 2480 diversis

464 2529 660 2600 linguis
679 2526 746 2582 ad
770 2525 917 2582 orbis
931 2527 1245 2584 Creatorem
1291 2521 1570 2575 emittitur.
1603 2518 1912 2574 Differentia
1943 2532 2040 2571 au-

466 2635 572 2676 tem
603 2630 705 2685 est,
739 2634 843 2673 non
874 2617 925 2672 in
957 2630 1114 2672 servo
1137 2624 1192 2669 et
1218 2614 1269 2667 in
1297 2613 1488 2677 libero,
1523 2627 1627 2666 non
1651 2612 1703 2664 in
1728 2610 1894 2664 divite
1917 2618 1968 2662 et
1991 2609 2041 2662 in

463 2728 724 2786 paupere,
749 2727 854 2766 non
883 2709 936 2763 in
963 2707 1190 2763 muliere
1218 2716 1273 2760 et
1299 2705 1351 2758 in
1375 2704 1511 2770 viro,
1539 2702 1630 2757 sed
1660 2703 1711 2756 in
1753 2700 1952 2764 animo,
1992 2701 2043 2753 in
2088 2772 2090 2774 ν

463 2823 593 2864 cura
617 2815 671 2860 et
687 2805 740 2859 in
767 2801 996 2874 ignavia,
1019 2801 1070 2854 in
1093 2798 1222 2854 vitio
1233 2806 1288 2852 et
1303 2796 1519 2850 virtute.
1536 2795 1613 2848 Ita
1633 2793 1776 2849 enim
1797 2805 1898 2862 ego
1913 2791 2046 2845 adeo

463 2899 681 2954 divitem
705 2907 1016 2968 pauperem,
1053 2900 1108 2946 et
1132 2903 1419 2961 pauperem
1450 2885 1674 2941 divitem
1702 2896 1898 2940 vocare
1924 2897 2048 2954 pos-

465 3007 606 3056 smn,
633 2997 690 3044 et
706 2987 984 3042 mulierem
1000 2984 1194 3049 virum,
1213 2981 1495 3050 virumque
1511 2977 1816 3045 mulierem,
1836 2982 1894 3032 et
1921 2974 2048 3030 idio-

465 3093 572 3138 tam
611 3081 929 3153 Sapientem,
970 3075 1374 3147 sapientemque
1419 3072 1638 3126 idiotam
1665 3088 1678 3123 :
1703 3085 1809 3126 non
1864 3083 2045 3125 rerum

468 3186 713 3230 naturam
734 3171 1089 3239 confundens,
1104 3169 1198 3224 sed
1221 3169 1478 3238 optimam
1501 3165 1738 3235 regulam
1765 3163 2044 3229 inducens,

467 3284 586 3338 qum
627 3266 806 3320 omnia
852 3264 1103 3332 corrigat.
1133 3261 1200 3316 Et
1238 3257 1525 3328 quomodo,
1554 3255 1786 3324 inquies,
1819 3253 1900 3308 vir
1925 3268 2049 3307 mu-

469 3361 588 3426 lier,
619 3369 672 3414 et
716 3357 910 3412 mulier
937 3355 1018 3409 vir
1049 3352 1162 3408 fieri
1194 3348 1397 3424 possit?
1436 3347 1551 3403 Non
1591 3355 1791 3401 mutata
1836 3353 2046 3408 natura,

467 3453 564 3508 sed
586 3453 705 3506 vita:
732 3451 994 3504 instituto.
1021 3444 1155 3502 Cum
1184 3443 1329 3500 enim
1359 3441 1518 3496 video
1566 3439 1836 3494 hominem
1859 3450 2048 3490 aurum

466 3553 784 3616 gestantem,
811 3542 1299 3613 elegantem,coma
1327 3545 1596 3600 ornatum,
1625 3530 1911 3602 unguentis
1939 3526 2050 3583 fra-

467 3649 733 3710 grantem,
764 3651 887 3691 cum
917 3632 1069 3688 molli
1089 3630 1314 3686 vestium
1339 3628 1560 3694 amictu,
1584 3623 1816 3678 femineo
1837 3634 2045 3692 gressu,

468 3731 674 3786 deliciis
691 3742 910 3799 operam
928 3725 1144 3780 dantem
1161 3719 1456 3793 :quomodo
1472 3718 1672 3790 possim
1697 3715 1844 3770 illum
1861 3726 2053 3769 vocare

470 3826 665 3888 virum,
694 3821 781 3893 qui
804 3827 1007 3874 natura:
1024 3817 1356 3874 nobilitatem
1381 3809 1753 3884 prodiditetin
1771 3807 2048 3863 mulierem

467 3930 761 3972 conversus
808 3914 924 3969 est?
958 3911 1166 3966 Etenim
1211 3923 1278 3962 ne
1328 3906 1608 3960 mulierem
1643 3902 1859 3973 quidem
1889 3899 1941 3953 id
1976 3898 2053 3951 fa-

469 4011 700 4065 cientem
756 4007 898 4060 inter
928 4004 1167 4057 viventes
1216 3999 1414 4054 Paulus
1459 4011 1744 4051 numerare
1771 3995 2049 4064 dignatur,

471 4100 567 4155 sed
588 4099 733 4154 illam
755 4095 985 4150 secrevit
1007 4093 1074 4148 de
1100 4093 1340 4145 vivorum
1365 4088 1555 4151 choro,
1577 4095 1632 4140 et
1654 4085 1791 4139 inter
1813 4091 2054 4138 mortuos

472 4189 768 4253 constituit,
813 4187 998 4240 dicens
1031 4201 1043 4236 :
1081 4183 1207 4250 Quae
1248 4191 1414 4234 autem
1453 4180 1507 4232 in
1535 4177 1729 4231 deliciis
1755 4183 1848 4240 est,
1890 4173 2055 4227 vivens

473 4290 674 4334 mortua
697 4277 804 4350 εει(
835 4280 883 4332 1.
907 4277 1036 4331 Tim.
1055 4277 1110 4331 5.
1131 4275 1207 4348 6)
1235 4291 1247 4328 :
1275 4271 1544 4344 quomodo
1572 4286 1699 4340 ergo
1724 4268 1804 4322 vir
1842 4267 1956 4321 haec
1982 4265 2058 4320 fa-

471 4375 624 4428 ciens
650 4371 701 4426 in
727 4371 961 4426 virorum
982 4367 1171 4423 ordine
1192 4373 1521 4430 numeretur,
1544 4378 1663 4433 quae
1682 4362 1729 4418 si
1751 4359 1909 4416 faciat
1931 4375 2020 4413 mu
2035 4387 2052 4397 -

474 4469 593 4534 lier,
616 4465 752 4522 adeo
772 4464 932 4518 vitam
959 4460 1228 4533 perdidit?
1251 4459 1331 4514 Ne
1355 4456 1482 4512 mihi
1510 4457 1652 4512 enim
1674 4454 1846 4510 virum
1875 4460 2056 4507 osten-

473 4559 571 4614 das
608 4557 678 4613 ab
716 4556 934 4620 amictu,
969 4569 998 4607 a
1038 4567 1193 4614 zona,
1223 4549 1310 4605 vel
1344 4563 1410 4602 ex
1457 4561 1523 4602 eo
1577 4544 1718 4616 quod
1745 4542 1889 4599 domi
1935 4556 2057 4597 sese

473 4649 664 4705 eﬂ'erat
689 4662 752 4702 ac
779 4642 1132 4702 formidabilis
1177 4646 1247 4696 sit
1285 4655 1348 4694 ac
1390 4639 1561 4694 minas
1591 4637 1842 4699 intentet,
1868 4632 1961 4688 sed
1990 4631 2058 4684 ab

476 4741 640 4795 animi
683 4735 1021 4809 philosophia
1054 4749 1216 4796 :cum
1246 4730 1374 4785 vitia
1401 4727 1726 4799 comprimit,
1757 4733 1813 4779 et
1842 4723 2058 4778 morbos

477 4836 671 4888 animae
699 4837 937 4901 superat,
983 4842 1106 4884 cum
1153 4823 1334 4880 domui
1363 4837 1476 4877 sua:
1520 4817 1758 4874 interiori
1811 4815 2058 4885 imperat,

477 4929 544 4981 de
569 4928 746 4980 anima
783 4924 996 4994 loquor,
1026 4911 1202 4990 neque
1235 4933 1265 4972 a
1292 4912 1702 4986 cogitationibus
1745 4907 2062 4965 inordinatis

479 5021 712 5074 trahitur
742 5035 755 5073 :
783 5017 888 5072 hoe
930 5014 1163 5070 maxime
1205 5010 1307 5066 viri
1354 5017 1455 5064 est.
1502 5006 1558 5062 Si
1600 5013 1780 5060 autem
1816 5002 2060 5057 ebrietati

479 5110 788 5182 etcrapula:
831 5108 923 5164 det
971 5121 1212 5176 operam,
1255 5117 1318 5158 ac
1343 5101 1486 5157 diem
1522 5098 1778 5169 transigat
1827 5105 1884 5151 et
1930 5111 2062 5150 con-

479 5215 656 5260 sumat
701 5203 753 5257 in
807 5195 1289 5256 comessationibus
1314 5202 1369 5249 et
1422 5191 1699 5255 ebrietate,
1747 5203 1870 5244 cera
1918 5187 2062 5242 oumi

480 5295 694 5351 mollior
717 5309 748 5348 a
779 5293 906 5348 vitio
931 5289 1120 5354 factus,
1159 5284 1430 5358 quomodo
1460 5294 1649 5355 p0tero
1696 5281 1859 5336 talem
1891 5279 2062 5333 virum

485 5400 698 5450 vocare,
719 5382 989 5454 captivum
1007 5394 1222 5449 nempe,
1241 5391 1459 5433 servum
1480 5373 1801 5445 emptitibm,
1817 5370 2067 5426 omnibus

483 5495 603 5554 sese
622 5479 760 5533 vitiis
775 5477 1084 5542 dedentem,
1107 5473 1352 5536 fractum,
1367 5469 1686 5533 emollitum,
1703 5464 2064 5527 deliciantem,

483 5572 553 5626 ab
573 5570 823 5625 oumibus
864 5566 1166 5636 depulsum,
1198 5563 1287 5634 qui
1316 5577 1383 5618 ne
1403 5569 1548 5616 stare
1591 5557 1807 5628 quidem
1862 5555 1913 5608 in
1955 5554 2068 5608 acie

487 5663 695 5732 possit?
725 5663 807 5714 An
845 5659 1064 5713 nescitis
1093 5655 1247 5710 nobis
1278 5670 1384 5709 non
1422 5667 1544 5708 esse
1575 5652 1770 5706 bellum
1801 5657 1856 5705 et
1896 5646 2066 5701 aciem

493 5751 782 5821 parandam
811 5749 1068 5804 adversus
1104 5746 1349 5800 homines
1377 5757 1722 5812 congeneres,
1759 5740 1848 5794 sed
1878 5738 2065 5792 adver~

1184 292 1240 348 S.
1283 289 1560 348 JOANNIS
1602 284 2084 343 (lllRYSOSTOMl
2125 285 2441 364 AllClilEl'.
2483 288 3023 347 CONS'I'ANTINHP.
3614 285 3687 345 488

2150 412 2240 452 sus
2270 401 2559 457 ill\'it~ii)ii08
2600 403 2926 468 Potestates,
2961 405 3216 460 adversus
3255 385 3557 460 daemonum
3593 406 3695 476 plta-

2150 492 2368 561 langas,
2411 496 2704 551 secundum:
2747 498 2963 552 beatum
3013 497 3276 552 Paulum:
3313 497 3431 550 Non
3470 507 3544 552 est
3589 499 3696 553 nobis

2150 583 2285 636 lucta
2304 585 2542 642 adversus
2564 587 2860 657 sanguinem
2894 597 2942 641 et
2967 603 3191 652 carnem,
3217 589 3306 642 sed
3330 589 3567 643 adversus
3588 590 3700 660 prin-

2149 674 2283 741 cipes
2307 686 2354 730 et
2373 673 2648 734 Potestam
2675 679 2887 753 (Ep/tes.
2918 681 2971 736 6.
3001 680 3110 750 12).

2218 767 2273 822 5.
2305 767 2417 823 lloc
2442 771 2584 826 enim
2617 772 2849 826 maxime
2870 773 2968 826 viri
2991 783 3093 827 eSt.
3121 757 3221 841 Qui
3248 787 3379 844 ergo
3403 772 3587 829 forma:
3609 785 3702 830 Sltt-

2148 857 2273 924 det,
2320 875 2420 915 nec
2468 874 2590 917 sese
2635 863 2842 916 virilem
2895 873 3146 934 praestat;
3191 864 3280 934 qui
3333 874 3587 930 ornatur,
3627 881 3707 923 nec

2148 948 2397 1004 virtutem
2453 951 2550 1005 viri
2608 951 2846 1016 exhibet,
2902 952 3172 1022 quomodo
3229 962 3335 1008 stet
3383 954 3436 1010 in
3467 955 3705 1011 acie?vel

2149 1041 2418 1109 quomodo
2447 1043 2530 1096 vir
2557 1053 2799 1111 vocetur,
2829 1060 2949 1098 cum
2973 1046 3042 1098 sit
3065 1045 3211 1099 omni
3237 1047 3458 1102 muliere
3486 1049 3710 1102 mollior?

2153 1133 2350 1188 Eodem
2380 1144 2558 1188 autem
2591 1135 2772 1201 modo,
2819 1137 2956 1190 sicut
2986 1136 3127 1191 hunc
3167 1153 3272 1192 non
3301 1138 3476 1192 virum
3505 1153 3710 1192 vocave-

2148 1222 2268 1288 rim,
2297 1221 2393 1278 sed
2420 1224 2644 1279 muliere
2670 1225 3001 1287 molliorem;
3033 1227 3102 1279 ita
3126 1235 3181 1281 et
3203 1225 3480 1282 mulierem
3506 1228 3712 1282 viriliter

2146 1322 2390 1382 agentem
2413 1355 2425 1376 ,
2458 1315 2605 1368 omni
2651 1314 2767 1370 viro
2799 1316 3071 1370 fortiorem
3103 1316 3330 1371 dixerim
3350 1359 3366 1383 ,
3411 1318 3458 1374 si
3504 1322 3713 1388 arreptis

2147 1402 2308 1457 armis
2332 1404 2714 1473 spiritualibus,
2744 1405 2962 1460 thorace
2984 1407 3205 1476 justitim
3237 1407 3439 1472 induta,
3469 1409 3615 1480 galea
3637 1425 3712 1464 sa-

2148 1495 2302 1550 lutari
2349 1507 2658 1567 assumpta,
2705 1499 2896 1570 clypeo
2935 1498 3058 1554 fidei
3108 1508 3282 1563 tecta,
3330 1516 3465 1554 zona
3495 1503 3718 1556 veritatis

2145 1587 2450 1653 succincta,
2497 1598 2552 1643 et
2580 1589 2758 1659 gladio
2803 1589 3023 1658 spiritus
3067 1602 3312 1661 accepto,
3357 1601 3461 1646 stet
3501 1592 3553 1646 in
3583 1594 3716 1656 acie,

2147 1677 2354 1748 fulgens
2383 1679 2581 1744 armis,
2615 1681 2744 1749 ipsis
2789 1681 2933 1734 caelis
2974 1679 3242 1735 excelsior
3283 1681 3420 1734 facta
3462 1696 3528 1736 ex
3568 1684 3718 1737 animi

2145 1784 2306 1822 sensu
2327 1810 2341 1833 ,
2373 1768 2677 1823 daemonum
2719 1767 3012 1840 phalangas
3051 1769 3351 1824 dissolvens
3371 1811 3384 1833 ,
3417 1771 3614 1825 diaboli
3641 1781 3718 1842 ty-

2145 1860 2422 1915 rannidem
2451 1861 2665 1928 tollens,
2714 1863 2840 1917 vitia
2879 1877 3248 1933 compungens
3268 1904 3283 1926 ,
3314 1863 3722 1934 densioremquc

2145 1951 2233 2004 illa
2253 1967 2372 2020 quae
2401 1951 2451 2004 in
2471 1952 2611 2007 bello
2633 1953 2690 2005 fit
2709 1963 2942 2024 stragem
2965 1952 3152 2018 edens,
3185 1969 3290 2007 non
3314 1953 3609 2017 hominum,
3635 1956 3722 2008 sed

2144 2043 2497 2097 absurdarum
2551 2043 2928 2114 cupiditatum.
2958 2044 3149 2099 Mulier
3191 2060 3422 2114 namque
3465 2054 3522 2100 et
3568 2045 3648 2098 vir
3674 2046 3722 2099 in

2145 2135 2513 2205 corporalibus
2541 2135 2697 2190 divisi
2730 2145 2853 2190 sunt
2878 2153 2890 2201 ;
2926 2147 2982 2192 et
3012 2137 3085 2191 illi
3115 2136 3328 2207 quidem
3376 2137 3478 2192 tela
3499 2178 3516 2205 ,
3545 2139 3725 2203 colus,

2144 2226 2488 2292 calathiscus,
2507 2227 2699 2283 domus
2724 2227 2965 2284 custodia
2984 2229 3307 2299 assignatur,
3331 2241 3386 2283 ut
3416 2230 3467 2282 in
3500 2228 3726 2284 thalamo

2145 2329 2356 2374 maneat
2381 2330 2435 2374 et
2462 2319 2598 2374 filios
2624 2320 2860 2384 nutriat;
2894 2321 3008 2374 viro
3047 2329 3225 2374 autem
3255 2320 3574 2386 tribunalia,
3606 2336 3730 2374 con-

2145 2411 2292 2479 silia,
2335 2411 2539 2477 forum,
2570 2411 2730 2476 bella,
2763 2427 2954 2482 pugna:
2974 2453 2990 2478 ,
3022 2413 3168 2466 acies
3203 2430 3214 2464 :
3251 2413 3305 2468 in
3330 2410 3522 2482 pugnis
3550 2419 3728 2466 autem

2145 2503 2250 2558 illis
2270 2519 2391 2573 quae
2424 2503 2677 2572 pietatem
2731 2510 2998 2572 spectant,
3031 2517 3317 2556 commune
3358 2501 3600 2555 studium
3629 2510 3733 2564 est,

2145 2597 2446 2654 communia
2499 2597 2791 2650 certamina
2823 2612 2837 2650 :
2866 2596 3219 2665 similiterque
3257 2594 3510 2650 mulieres
3554 2609 3616 2650 se
3667 2593 3733 2647 ad

2146 2703 2374 2759 pugnam
2415 2689 2733 2758 accingunt,
2769 2703 2866 2742 nec
2908 2686 3193 2757 ejiciuntur
3218 2702 3247 2740 a
3289 2685 3608 2748 certamine.
3641 2685 3735 2740 sed

2146 2781 2286 2835 etin
2334 2779 2449 2835 acie
2481 2788 2715 2848 pugnant
2769 2789 3100 2832 coronantur
3145 2788 3198 2832 et
3251 2779 3498 2832 victrices
3534 2792 3738 2832 renun-

2150 2875 2347 2928 tiantur
2381 2881 2437 2928 et
2462 2873 2791 2928 strenuitatis
2814 2872 3030 2942 praemia
3060 2880 3342 2942 reportant
3367 2880 3530 2942 atque
3548 2869 3739 2926 bravia

2149 2975 2206 3023 et
2241 2982 2467 3022 coronas
2499 2985 2510 3020 :
2545 2975 2851 3035 tropaeaque
2876 2963 3018 3036 apud
3046 2964 3164 3019 illas
3197 2962 3477 3035 splendida
3506 2971 3658 3026 sunt,
3687 2973 3743 3017 ct

2149 3060 2385 3113 victoriae
2415 3057 2739 3128 frequentes.

2222 3149 2625 3204 Macwbworum
2661 3159 2820 3202 mater
2843 3155 3031 3217 quanta
3064 3163 3232 3215 passa.
3253 3175 3323 3185 —
3350 3147 3424 3198 Ae
3449 3160 3518 3199 ne
3540 3143 3744 3215 putetis

2151 3245 2265 3299 haec
2304 3244 2496 3298 fastum
2545 3258 2736 3312 sapere
2765 3252 2819 3298 et
2864 3242 3150 3296 verborum
3195 3242 3452 3302 sonitum,
3493 3248 3551 3294 et
3597 3239 3745 3292 clare

2150 3338 2328 3393 sciatis
2354 3337 2605 3391 mulieres
2632 3334 2889 3405 quasdam
2917 3349 3022 3387 non
3053 3332 3152 3386 viri
3201 3330 3362 3384 modo
3407 3330 3746 3384 strenuiores

2151 3431 2336 3494 fuisse,
2364 3429 2456 3484 sed
2480 3430 2662 3493 etiam,
2695 3437 2752 3481 ut
2779 3428 2850 3482 ita
2881 3426 3082 3490 dicam,
3111 3424 3178 3479 ad
3201 3423 3516 3492 angelorum
3543 3426 3747 3492 impas-

2151 3524 2477 3587 sibilitatem,
2505 3531 2758 3592 quantum
2789 3520 2899 3574 fieri
2930 3527 3159 3589 poterat,
3178 3520 3520 3588 pervenisse:
3542 3517 3601 3571 in
3633 3530 3749 3570 me-

2151 3617 2295 3670 dium
2324 3615 2616 3668 adducatur
2642 3613 2754 3679 illa,
2786 3620 2975 3666 natura
2999 3609 3215 3681 quidem
3247 3609 3460 3672 mulier,
3494 3607 3592 3662 sed
3625 3622 3747 3677 qua:

2153 3725 2216 3763 ex
2240 3706 2591 3778 pltilOSOpbiie
2623 3707 2672 3759 vi
2697 3706 2860 3760 oculos
2880 3704 3074 3773 attigit,
3099 3703 3518 3757 Maccabteorum
3541 3708 3747 3760 mater.

2153 3816 2272 3870 qua:
2321 3800 2403 3855 bis
2463 3808 2667 3869 septem
2725 3811 2952 3852 coronas
3020 3795 3241 3860 nexuit;
3311 3805 3366 3849 et
3423 3809 3588 3864 quem
3649 3807 3749 3847 vo-

2157 3891 2320 3946 lueris
2347 3891 2569 3945 militem
2613 3888 3119 3952 bellicosissimum,
3159 3885 3511 3940 fortissimum
3547 3893 3610 3940 et
3637 3901 3753 3939 Illn-

2154 3982 2501 4053 gnanimitate
2527 3980 2854 4050 praecipuum
2885 3977 3050 4033 verbo
3081 3975 3262 4047 profer
3289 3977 3342 4029 in
3389 3975 3630 4031 medium
3651 4016 3670 4041 ,
3700 3985 3754 4026 et

2159 4082 2307 4128 tanto
2333 4073 2700 4127 sublimiorem
2745 4069 2950 4124 videbis
3001 4067 3280 4123 mulierem
3313 4067 3492 4132 illaut,
3541 4080 3753 4137 quanto

2156 4165 2408 4219 canorum
2448 4161 2680 4217 fornices
2708 4160 2906 4216 distant
2933 4175 2963 4214 a
3011 4170 3172 4215 terra.
3212 4158 3344 4213 Nam
3377 4159 3456 4213 vir
3497 4157 3660 4213 fortis
3701 4168 3756 4210 et

2161 4266 2421 4328 pugnator
2451 4255 2534 4309 vel
2562 4269 2718 4308 unam
2761 4255 2912 4308 timet
2956 4253 3163 4323 plagam
3187 4293 3202 4319 ,
3235 4260 3292 4307 et
3351 4266 3416 4306 ex
3457 4250 3551 4304 illa
3601 4263 3755 4304 mor-

2161 4361 2267 4406 tem
2312 4348 2457 4404 brevi
2500 4357 2849 4417 sequuturam
2882 4363 2896 4399 :
2925 4344 3041 4399 bzec
3077 4357 3206 4398 vero
3235 4343 3411 4396 stabat
3451 4355 3553 4396 ceu
3594 4354 3759 4395 mons

2161 4439 2400 4511 perfossa
2427 4437 2728 4503 tormentis,
2765 4436 2816 4490 in
2845 4433 3072 4505 singulis
3099 4433 3326 4487 filiorum
3355 4432 3638 4502 graviores
3665 4445 3761 4484 su.

2161 4534 2368 4590 stiueus
2396 4531 2577 4585 animo
2605 4529 2790 4600 plagas
2810 4569 2825 4594 ,
2849 4542 3012 4597 quam
3041 4525 3117 4582 illi
3147 4525 3198 4579 in
3229 4524 3490 4579 lateribus
3525 4523 3758 4591 excipeo

2162 4633 2281 4680 rent
2307 4624 2577 4678 cruciatus
2601 4639 2614 4674 :
2645 4629 2819 4676 mater
2842 4619 2986 4674 enim
3011 4625 3157 4684 erat,
3187 4626 3242 4672 et
3270 4615 3425 4670 vidua
3447 4655 3463 4682 ,
3493 4623 3666 4686 atque
3691 4612 3759 4666 ad

2162 4732 2456 4774 extremam
2483 4723 2815 4771 senectutem
2843 4712 3164 4768 devenerat:
3195 4707 3342 4764 scitis
3363 4717 3570 4774 autem,
3599 4714 3761 4778 quot-

2163 4820 2294 4882 quot
2323 4818 2499 4880 patres
2529 4807 2694 4869 estis,
2726 4815 2782 4862 et
2822 4818 3175 4875 quaecumque
3203 4810 3385 4871 partus
3409 4799 3636 4855 dolores
3663 4813 3758 4854 ex-

2166 4912 2332 4974 pertae
2371 4901 2522 4966 estis,
2551 4899 2769 4969 spiculis
2808 4895 3057 4950 omnibus
3106 4893 3222 4947 haec
3280 4906 3402 4948 esse
3446 4889 3761 4946 acerbiora.

2166 4997 2244 5051 Ac
2289 4991 2494 5048 nullum
2547 4990 2708 5044 telum
2751 4996 2963 5042 acutum
3009 4995 3114 5039 tam
3162 4997 3379 5054 gravem
3424 4981 3593 5037 infert
3640 4977 3761 5032 vul-

2167 5086 2368 5144 neratis
2417 5085 2690 5147 dolorem,
2724 5089 2784 5136 ut
2835 5080 3024 5134 harum
3064 5092 3246 5133 rerum
3297 5089 3647 5146 unaquaeque
3697 5070 3768 5125 il-

2169 5182 2270 5234 lius
2289 5177 2594 5250 pungebant
2615 5175 2874 5230 animum.
2904 5170 3091 5240 Cogita
3115 5168 3258 5224 enim
3278 5176 3541 5238 quantum
3561 5173 3691 5220 erat
3717 5162 3777 5215 in

2168 5272 2388 5344 singulis
2405 5271 2526 5324 (iliis
2545 5270 2728 5324 videre
2745 5279 2940 5335 corpus
2956 5278 3118 5318 unum
3138 5261 3242 5332 igni
3261 5270 3316 5314 et
3335 5258 3480 5314 ferro
3495 5255 3774 5322 disrumpi

2172 5364 2496 5435 longumque
2561 5358 2808 5431 protendi
2855 5365 3162 5418 certamen;
3205 5348 3478 5421 quomodo
3520 5347 3783 5406 videbat,

2171 5455 2440 5527 quomodo
2498 5452 2780 5516 audiebat,
2820 5446 3090 5520 quomodo
3116 5443 3419 5511 excipiebat
3441 5440 3681 5496 odorem
3712 5451 3810 5527 ex,

2173 5522 2490 5619 corporibus
2536 5545 2672 5608 illis,
2715 5541 2862 5597 mille
2907 5547 3110 5593 mortes
3149 5533 3374 5604 singulis
3422 5533 3548 5587 filiis
3579 5522 3786 5585 inferri

2175 5641 2377 5696 videns.
2411 5637 2517 5693 Sed
2561 5636 2648 5689 illa
2687 5633 2904 5702 quidem
2929 5627 3109 5683 stabat
3143 5634 3206 5681 ut
3249 5634 3401 5695 petra
3432 5619 3747 5679 inmobilis
3770 5655 3787 5679 .

2176 5751 2282 5790 non
2312 5733 2503 5802 agitata
2538 5727 2804 5790 fluctibus,
2835 5723 2930 5779 sed
2960 5721 3149 5777 fluctus
3177 5719 3230 5774 in
3261 5731 3507 5790 Spumant
3536 5724 3793 5772 conver-
