3966 6160
418 361 529 417 4189

415 471 1034 548 ἀγχουσαν,’χρημάτων
1071 471 1249 543 ἐρωτα
1292 470 1468 542 χαμαὶ
1507 468 1821 539 ρίπτουσαν.
1851 463 2074 535 νεκροῦ-

420 585 520 623 σαν
540 568 603 623 16
628 567 806 638 σῶμα,
846 563 1183 635 σταυροῦσαν
1210 562 1308 634 τὴν
1334 561 1535 632 σάρκα,
1558 558 1709 614 οὐδὲν
1737 556 1806 610 τὰ
1834 555 2077 626 παρόντα

414 658 746 728 ἡγουμένην,
778 656 953 726 χαμαὶ
977 652 1293 724 βαδίζουσαν
1316 652 1409 706 καὶ
1426 648 1606 704 αὐτῶν
1635 640 1946 718 ἁπτομένην
1966 642 2079 697 τῶν

415 746 639 817 ἀψίδων,
665 743 1084 800 καταπατοῦσαν
1108 744 1446 807 δυναστείαν,
1481 740 1870 809 καταγελῶσαν
1894 737 2078 807 δόξης,

411 836 780 892 διαπτύουσαν
830 834 1207 906 περιφάνειαν,
1254 833 1374 887 ἀντὶ
1408 833 1609 902 λεπτῆς
1650 829 1839 895 ὀθόνης
1874 826 2079 880 σάκκον

416 928 906 1001 περιϐεϐλημένην,
943 925 1099 979 κλοιά
1146 924 1556 996 περικειμένην,
1582 921 1771 976 σποδὸν
1802 921 2081 989 ὑποστρω-

418 1021 680 1092 σαμένην,
715 1022 842 1090 εύνῇ
888 1019 967 1091 τῷ
1009 1018 1197 1087 ἐδάφει
1245 1015 1556 1088 χρωμένην,
1584 1013 1681 1068 καὶ
1724 1011 1890 1083 μηδὲν
1919 1008 2080 1062 πλέον

417 1111 764 1183 αἰτουμένην,
795 1112 853 1164 ἐν
875 1108 1132 1181 δωματίῳ
1159 1105 1690 1176 κατακεκλεισμένην
1721 1101 1914 1173 στενῷ,
1957 1117 2084 1171 προσ

418 1208 616 1279 φήταις
646 1203 962 1276 ὁμιλοῦσαν,
1008 1202 1120 1274 βίον
1150 1201 1380 1256 θανάτου
1424 1199 1655 1272 μελέτην
1701 1197 1890 1269 ἔχοντα
1921 1212 2084 1266 μετα-

416 1288 822 1372 χειριζομένην,
849 1298 955 1368 πρὸ
974 1296 1075 1366 τῆς
1096 1294 1349 1367 τελευτῆς
1370 1292 1801 1366 νενεκρωμένην.
1828 1290 1971 1361 λιμῷ
1990 1291 2085 1344 καὶ

419 1390 697 1462 ἀγρυπνίᾳ
727 1389 823 1443 καὶ
847 1386 1042 1458 αὐχμῷ
1073 1384 1543 1458 κατατηκομένην,
1574 1386 1670 1438 καὶ
1696 1381 1789 1437 τοῦ
1819 1381 2083 1453 παρόντος

423 1480 540 1550 βίου
596 1480 695 1543 τὰς
751 1478 1051 1548 φαντασίας
1091 1477 1304 1548 φύλλων
1344 1475 1666 1555 σηπομένων
1716 1473 1915 1544 μᾶλλον
1969 1472 2083 1524 ἀτι-

426 1575 737 1647 μάζουσαν·
769 1574 970 1645 ταύτην
1006 1576 1240 1645 γυναῖκα
1271 1573 1578 1643 προσερείς,
1616 1569 1738 1623 είπέ
1770 1585 1896 1640 μοις
1934 1566 2084 1639 [552]

422 1664 538 1718 ἀλλ’
562 1665 682 1736 οὐχὶ
719 1666 811 1717 καὶ
840 1663 939 1734 τῆς
968 1663 1172 1729 τάξεως
1193 1662 1301 1716 τῶν
1318 1659 1550 1732 ,ἀνδρῶν
1575 1656 1742 1730 αὐτὴν
1775 1656 2087 1722 ἀπαλλάξας

424 1757 504 1818 εἰς
536 1755 627 1809 τὸν
655 1754 763 1808 τῶν
802 1755 1049 1824 ἀγγέλων
1090 1754 1305 1826 στήσεις
1345 1753 1524 1825 χορὸν,
1573 1752 1658 1805 611
1701 1751 1759 1803 ἐν
1802 1746 2088 1819 γυναικείᾳ

423 1847 583 1917 φύσει
614 1846 883 1918 τοσαύτην
908 1846 1275 1900 ἐπιδείκνυται
1298 1843 1613 1915 φιλοσοφίαν
1636 1860 1652 1907 ;

490 1969 665 2024 δ’.Καὶ
683 1969 767 2033 τίς
786 1969 1002 2040 ἀντερεῖ
1021 1968 1158 2041 πρὸς
1171 1968 1342 2022 ταῦτα
1361 1985 1377 2034 ;
1400 1968 1499 2021 οὐκ
1524 1966 1672 2019 ἐστιν
1698 1963 2089 2028 ούδείς.Ἀκου-

424 2077 515 2115 σον
539 2056 648 2115 οἷαι
690 2062 784 2115 καὶ
816 2061 909 2114 ἐπὶ
941 2061 1049 2114 τῶν
1080 2060 1392 2114 ἀποστόλων
1420 2055 1561 2130 ἦσαν
1585 2060 1843 2127 γυναῖκες
1864 2072 1880 2088 ·
1927 2056 2089 2111 ἄκου-

423 2169 516 2207 σον
572 2153 786 2207 Παύλου
840 2152 1134 2223 Ῥωμαίοις
1193 2151 1600 2212 ἐπιστέλλοντος
1656 2148 1750 2203 καὶ
1799 2148 2047 2216 λέγοντος
2072 2164 2085 2177 ·

422 2244 751 2313 Συνίστημι
779 2243 854 2319 δὲ
888 2242 1035 2312 ὑμῖν
1057 2244 1279 2308 Φοίϐην
1305 2240 1420 2307 τὴν
1444 2240 1718 2309 ἀδελφὴν
1737 2237 1927 2308 ἡμῶν,
1961 2237 2087 2292 διά-

424 2324 610 2389 κονον
643 2330 842 2389 οὖσαν
865 2333 974 2402 τῆς
1008 2334 1341 2400 ἐκκλησίας
1359 2331 1469 2399 τῆς
1495 2330 1564 2384 ἐν
1585 2329 1926 2400 Κεγχρεαῖς,
1959 2330 2091 2397 ἥτις

425 2425 752 2491 προστάτις
787 2421 1038 2478 πολλῶν
1072 2423 1327 2493 ἐγενήθη
1352 2421 1451 2476 καὶ
1480 2420 1628 2490 ἐμοῦ
1668 2416 1877 2474 αὐτοῦ.
1910 2419 1975 2471 Τί
2002 2419 2089 2471 λέ-

425 2532 565 2584 γεις,
592 2509 643 2570 ὦ
667 2513 877 2581 Παῦλε;
926 2512 1062 2585 γυνὴ
1094 2512 1188 2567 σοῦ
1230 2511 1525 2584 προστάτις
1569 2511 1804 2578 ἐγένετο,
1856 2510 1950 2564 καὶ
1992 2510 2091 2563 οὐκ

427 2610 660 2683 αἰσχύνῃ
702 2610 797 2664 καὶ
844 2609 1099 2682 ἐρυθριᾷς
1126 2607 1297 2661 ταῦτα
1325 2608 1532 2677 λέγων;
1573 2606 1689 2662 Οὐκ
1735 2606 2090 2678 αίσχύνομαι,

428 2706 627 2774 φησὶν,
693 2701 830 2758 ἀλλά
900 2703 994 2755 καὶ
1053 2700 1526 2773 ἐγκαλλωπίζομαι
1550 2717 1565 2732 ⁸
1646 2704 1739 2757 καὶ
1798 2705 1827 2756 6
1884 2702 2090 2755 Δεσπό-

428 2816 527 2869 της
581 2800 610 2850 6
666 2796 806 2866 ἐμὸς
857 2795 963 2849 οὐκ
1012 2792 1325 2865 ἐπῃσχύνθη
1378 2795 1591 2865 μητέρα
1629 2797 1861 2864 γυναῖκα
1913 2797 2087 2864 σχεῖν·

430 2889 724 2960 προστάτις
762 2886 821 2940 δέ
851 2903 953 2957 μου
998 2886 1234 2953 ἐγένετο,
1277 2887 1377 2940 οὐκ
1417 2885 1603 2956 ἐπειδὴ
1629 2888 1765 2957 γυνὴ
1791 2883 1858 2957 ἦν
1883 2886 2089 2951 ἁπλῶς,

427 2982 542 3035 ἀλλ’
571 2981 755 3050 ἐπειδὴ
787 2979 1070 3049 φιλόσοφος
1117 2979 1212 3032 καὶ
1246 2978 1501 3049 εὐλαϐείᾳ
1546 2979 1796 3050 κομῶσα.
1833 2980 1943 3034 Καὶ
1976 2978 2093 3042 πῶς

429 3072 644 3127 Παύλου
696 3073 989 3143 προστάτις
1031 3071 1283 3140 ὲγένετο;
1317 3071 1461 3134 τίνος
1490 3072 1597 3142 γὰρ
1635 3073 1803 3125 ἐδεῖτο
1827 3073 2036 3136 Παῦλος
2065 3074 2094 3126 6

430 3163 530 3237 τὴν
551 3163 873 3235 οἰκουμένην
901 3162 1260 3235 περιτρέχων,
1292 3165 1321 3215 6
1348 3163 1409 3217 16
1435 3164 1594 3235 σῶμα
1631 3165 1750 3236 είκῆ
1781 3167 2095 3238 περικείμε-

430 3274 541 3323 νος,
563 3259 593 3311 6
620 3259 719 3319 τὰς
759 3254 1004 3323 ἀνάγκας
1031 3254 1131 3323 τῆς
1160 3254 1373 3324 φύσεως
1406 3259 1822 3328 καταπατήσας,
1845 3261 1874 3312 6
1903 3259 2092 3330 δαίμο-

428 3363 524 3412 νας
555 3345 895 3409 ἀπελαύνων,
929 3347 958 3399 6
985 3345 1175 3410 νόσους
1199 3347 1287 3400 διά
1307 3346 1416 3401 τῶν
1439 3348 1666 3418 ἱματίων
1694 3350 2090 3421 διορθούμενος,

427 3437 490 3497 οῦ
531 3440 631 3513 τὴν
664 3438 843 3510 φωνὴν
888 3438 982 3492 καὶ
1016 3438 1114 3509 τὴν
1159 3438 1319 3493 σκιάν
1353 3439 1579 3511 ἔτρεμεν
1645 3441 1907 3505 διάϐολος,
1932 3442 1990 3504 ὃς
2019 3443 2095 3505 ὼς

428 3532 658 3602 ἄγγελος
708 3529 858 3603 παρά
893 3532 1007 3593 τοῖς
1049 3530 1258 3594 πιστοῖς
1299 3532 1543 3601 ἐτιμᾶτο,
1573 3531 1633 3585 δν
1663 3531 1963 3602 ᾐδέσθησαν
2001 3534 2095 3585 καὶ

430 3625 613 3695 θηρία,
636 3624 695 3677 δν
724 3620 1049 3693 ἐδυσωπήθη
1082 3622 1143 3676 16
1183 3623 1436 3690 πέλαγος,
1468 3623 1562 3676 καὶ
1591 3623 1928 3696 νυχθήμερον
1960 3626 2094 3678 ἀπο-

422 3717 609 3773 ιλαϐὼν
646 3719 750 3769 οὒκ
778 3714 1093 3780 ἀπέπνιξεν,
1126 3716 1155 3768 6
1186 3714 1280 3768 τοῦ
1312 3714 1640 3787 παραδείσου
1687 3716 1932 3789 πολίτης,
1961 3720 1989 3772 6
2016 3719 2095 3781 είς

428 3808 608 3879 τρίτον
655 3805 926 3876 ἀρπαγεὶς
982 3804 1234 3876 ούρανέν,
1275 3807 1304 3858 6
1352 3804 1458 3858 τῶν
1501 3806 1826 3878 ἀπορρήτων
1870 3808 1948 3878 τῷ
1978 3807 2094 3878 Θεῷ

428 3899 781 3969 κοινωνήσας,
815 3899 844 3951 6
865 3896 1026 3951 πλέον
1050 3895 1161 3950 τῶν
1194 3898 1506 3952 ἀποστόλων
1533 3899 1788 3954 ἁπάντων
1803 3903 2090 3967 κοπιάσας,

426 3990 490 4044 16
522 3990 713 4053 σκεῦος
735 3990 832 4059 τῆς
856 3989 1107 4057 ἐκλογῆς,
1144 3992 1173 4042 6
1198 3990 1562 4059 νυμφαγωγὸς
1575 3991 1673 4064 τῆς
1689 3990 2031 4066 Ἑκκλησίας,
2065 3995 2093 4047 ὁ

429 4081 603 4153 κῆρυξ
629 4081 737 4134 τῶν
760 4081 950 4141 ἐθνῶν,
976 4082 1004 4133 6
1032 4081 1135 4149 γῆν
1168 4080 1259 4134 καὶ
1290 4080 1559 4136 θάλατταν
1589 4085 1961 4155 περιδραμὼν,
1998 4087 2091 4140 καὶ

431 4169 705 4240 πανταχοῦ
748 4171 985 4237 τρόπαια
1028 4173 1228 4241 στήσας
1256 4172 1357 4242 τῆς
1405 4173 1540 4237 ἰδίας
1580 4163 1849 4246 ἀνδρείας,
1885 4177 1914 4228 6
1953 4177 2095 4248 λιμῷ

433 4261 527 4314 καὶ
568 4260 709 4329 δίψει
757 4260 1019 4330 διηνεκῶς
1061 4262 1324 4327 παλαίων,
1370 4263 1712 4337 όγυμνότητι
1763 4269 1859 4323 καὶ
1899 4270 2094 4341 κρυμῷ

432 4351 736 4415 πυκτεύων,
765 4351 856 4404 καὶ
880 4350 1052 4419 λέγων
1091 4353 1277 4421 Μέχρι
1302 4351 1410 4422 τῆς
1439 4350 1570 4422 ἄρτι
1590 4354 1747 4425 ὧρας
1772 4356 1871 4412 καὶ
1884 4360 2094 4414 πεινῶ-

424 4459 545 4512 μεν
564 4442 657 4496 καὶ
686 4440 951 4511 διψῶμεν
972 4440 1070 4495 καί
1103 4445 1569 4514 γυμνητεύομεν·
1590 4448 1618 4500 6
1647 4447 1723 4518 τῷ
1742 4448 1930 4521 κόσμῳ
1952 4467 2097 4503 νενε-

431 4533 734 4606 κρωμένος,
776 4534 803 4581 ὁ
834 4532 927 4585 τὸν
947 4532 1149 4602 κόσμον
1199 4535 1390 4621 νεκρὸν
1423 4531 1561 4590 εἶναι
1607 4537 1860 4606 νομίζων,
1906 4542 1936 4593 6
1987 4542 2095 4595 τῶν

431 4626 675 4702 οὐρανῶν
728 4625 972 4695 πολίτης,
1022 4626 1052 4679 6
1102 4626 1328 4695 μανικὸς
1371 4627 1606 4699 ἐραστὴς
1650 4630 1744 4683 τοῦ
1770 4632 2026 4702 Χριστοῦ,
2067 4634 2096 4686 6

433 4719 607 4790 πυρὸς
631 4717 979 4790 θερμότερος,
1015 4717 1042 4770 6
1073 4717 1293 4791 σιδήρου
1325 4718 1699 4790 εύτονώτερος,
1726 4723 1755 4775 6
1790 4723 2096 4795 ἀδάμαντος

434 4811 786 4882 στερρότερος
809 4825 824 4841 °
863 4803 1019 4873 οὗτος
1065 4809 1164 4862 οὒκ
1203 4808 1512 4879 αἰσχύνεται
1551 4810 1724 4879 λέγων
1757 4816 1884 4885 περὶ
1918 4833 2098 4884 γυναι-

431 4905 547 4968 κὸς,
571 4904 653 4957 ὃτι
681 4901 1008 4970 Προστάτις
1029 4902 1280 4957 πολλῶν
1299 4903 1551 4972 ἐγενήθη
1576 4905 1674 4959 καὶ
1702 4909 1887 4961 αὑτοῦ
1904 4910 2050 4978 ἐμοῦ
2075 4927 2094 4974 ;

433 4997 526 5052 καὶ
542 4997 602 5049 ού
632 4994 778 5064 λέγει
809 4994 992 5066 μόνον,
1019 4993 1157 5049 ἀλλά
1183 4995 1276 5048 καὶ
1303 4996 1534 5067 γράφει·
1572 4999 1663 5051 καὶ
1686 4998 1746 5050 ού
1777 5000 1974 5070 γράφει
1999 5004 2095 5072 μή-

431 5104 522 5142 νον
571 5085 789 5152 ἀπλῶς,
841 5085 980 5140 ἀλλά
1043 5088 1138 5140 καὶ
1167 5087 1326 5159 δήμῳ
1366 5088 1603 5160 τοσούτῳ
1642 5089 1752 5144 τῶν
1809 5092 2095 5166 Ῥωμαίων

432 5178 762 5234 ἐπιστέλλων
812 5178 1194 5250 φλεγμαίνοντι
1234 5181 1330 5235 καὶ
1364 5181 1508 5252 μέγα
1548 5184 1828 5254 φρονοῦντι
1854 5187 1961 5240 ἀπὸ
1990 5188 2094 5242 τῶν

431 5271 631 5337 ἔξωθεν
655 5271 1002 5342 ἀξιωμάτων,
1050 5272 1222 5327 ταῦτα
1260 5274 1578 5328 ἐπέστελλεν
1600 5293 1611 5304 ·
1648 5277 1747 5332 οὐκ
1776 5279 2004 5344 ἐκείνοις
2035 5281 2092 5335 δέ

437 5366 595 5430 μόνον
623 5362 960 5427 ἐπέστελλεν,
1010 5363 1144 5417 ἀλλά
1192 5365 1287 5417 καὶ
1338 5368 1459 5428 ταῖς
1495 5367 1635 5436 μετὰ
1676 5367 1843 5423 ταῦτα
1876 5373 2090 5438 γενεαῖς

433 5456 680 5510 ἐϐούλετο
700 5454 858 5509 τοῦτο
876 5454 1127 5524 γενέσθαι
1151 5456 1471 5527 κατάδηλον.
1500 5458 1565 5511 Εἰ
1583 5458 1692 5529 γὰρ
1715 5458 1788 5530 μὴ
1820 5460 2091 5528 ἐϐούλετο,

430 5547 530 5601 οὐκ
549 5547 618 5601 ἂν
641 5548 707 5617 τῇ
732 5547 986 5617 ἐπιστολῇ
1019 5546 1175 5600 τοῦτο
1203 5548 1426 5618 ἐνέθηκε
1448 5565 1463 5581 θ
1510 5547 1603 5602 νῦν
1624 5549 1681 5603 δέ
1712 5549 1881 5605 θέλων
1917 5554 2096 5625 διηνε-

433 5641 519 5689 κεῖ
552 5637 739 5708 μνήμῃ
798 5637 1166 5708 παραδοθῆναι
1200 5636 1260 5692 16
1287 5641 1540 5710 πρᾶγμα,
1582 5641 1674 5693 καὶ
1700 5644 2093 5714 προσαγορεύει

434 5728 533 5796 τὴν
560 5731 809 5795 γυναῖκα,
838 5728 933 5780 καὶ
976 5729 1227 5799 διεγείρει
1265 5734 1468 5795 πάντας
1497 5733 1574 5795 είς
1591 5731 1687 5802 τὴν
1712 5734 1926 5804 ἐκείνης
1946 5738 2093 5791 ἀντί-

436 5816 615 5887 ληψιν,
638 5819 728 5881 καὶ
754 5819 1049 5887 προστάτιν
1071 5820 1238 5889 αὐτὴν
1259 5822 1450 5875 ἐαυτοῦ
1478 5822 1649 5891 καλεῖ,
1680 5826 1770 5878 καὶ
1789 5828 1885 5879 οὐκ
1907 5830 2094 5900 αἰσχύ-

442 5923 588 5981 νεται
622 5907 738 5960 οὖδέ
769 5908 1305 5979 ἐρυθριᾷ.·“Τοσοῦτόν
1335 5915 1445 5967 ἐστι
1473 5917 1564 5968 καὶ
1588 5917 1643 5970 ἐν
1664 5923 1960 5985 γυναικείῳ
1989 5923 2091 5975 σώ-

1226 356 1290 414 8.
1326 350 1610 410 JOANNIS
1644 349 2132 407 CHRYSUS'IUMI
2168 350 2487 403 “unum
2526 342 3072 400 CONS’I‘ANTINUP.
3673 354 3753 411 ιω

2182 477 2312 529 ματι
2340 458 2488 529 ψυχὴ
2515 457 2818 527 φιλόσοφος.
2838 457 3024 511 Ταῦτα
3054 456 3111 511 δέ
3143 455 3298 526 λέγω,
3330 457 3410 514 ἵνα
3449 462 3515 534 μὴ
3540 473 3759 536 προφασί.

2179 556 2335 627 ζηται
2364 556 2502 628 γυνὴ
2555 556 2806 626 λέγουσα,
2841 557 2923 609 ὅτι
2956 556 3045 609 διὰ
3078 555 3139 609 16
3158 558 3291 629 γυνὴ
3328 554 3455 612 εἶναι
3485 562 3573 616 οὐκ
3597 565 3762 634 ἔφθασα

2179 649 2260 710 είς
2307 646 2503 718 μέτρον
2558 647 2840 710 εὐλαϐείας
2882 647 3324 719 πεπληρωμένον.
3376 651 3496 705 Ἰδοὺ
3529 654 3622 727 γὰρ
3656 656 3765 729 αῦτη

2176 740 2338 811 γυνὴ,
2371 740 2465 794 καὶ
2493 741 2526 811 ή
2549 738 2827 809 φύσιςρύκ
2860 740 3075 809 ἐγένετο
3102 739 3340 811 κώλυμα,
3368 742 3492 796 ἀλλὰ
3517 745 3767 822 κατηξιώθη

2134 876 2139 881 κ
2183 830 2435 897 γενέσθαι
2457 830 2668 886 Παύλου
2708 831 3015 903 προστάτις,
3042 831 3136 886 καὶ
3163 833 3424 904 πανταχοῦ
3453 836 3540 906 τῆς
3563 837 3768 910 οἰκουμέ-

2179 942 2279 994 νης
2301 927 2752 999 ἀνακηρύττεται.
2786 928 2909 994 Πῶς
2952 930 3010 982 δέ
3055 930 3270 998 ἐγένετο
3316 930 3468 985 αὐτοῦ
3502 936 3771 1005 προστάτις;

2181 1019 2443 1073 κινδύνων
2482 1020 2646 1075 αὐτὸν
2679 1023 2809 1085 ἴσως
2829 1020 3103 1092 ἐξήρπασε
3124 1038 3139 1087 ;
3163 1022 3432 1094 Δεδεμένῳ
3449 1026 3772 1095 παρεκάθισεν,

2183 1110 2241 1163 ἐν
2259 1111 2448 1164 ἁλύσει
2469 1113 2915 1183 παρεμυθήσατο,
2938 1112 3034 1182 τὴν
3054 1110 3163 1165 ἀπὸ
3187 1111 3296 1165 τῶν
3323 1114 3610 1182 ἀναγκαίων
3625 1118 3777 1188 χρειῶν

2182 1205 2536 1277 παραμυθίαν
2574 1208 2858 1278 είσήγαγε,
2887 1209 3013 1272 τοὺς
3055 1206 3489 1271 ἐπιϐουλεύοντας
3511 1210 3775 1278 ἀνέστειλεν,

2182 1298 2263 1360 είς
2294 1296 2520 1352 θάνατον
2572 1297 2771 1370 ἑαυτὴν
2819 1298 3101 1364 ἐξέδωκεν,
3133 1297 3275 1373 ὥστε
3320 1299 3410 1353 τὸν
3451 1299 3590 1370 ἀγιον
3622 1304 3787 1360 ἐκεῖνον

2185 1387 2531 1458 ἀπαγόμενον
2565 1401 2593 1431 ι
2621 1387 2925 1460 ἐξαρπάσαι
2948 1390 3336 1461 περιστάσεων.

2256 1509 2354 1563 Διά
2375 1509 2439 1580 δὴ
2469 1508 2625 1563 τοῦτο
2656 1510 2750 1564 καὶ
2779 1510 2877 1581 τὴν
2908 1510 3026 1580 μετ’
3051 1510 3267 1581 ἐκείνην
3293 1511 3627 1583 ἐγκωμιάζει.
3653 1512 3790 1581 λέγων

2187 1602 2387 1666 οὕτως·
2427 1603 2815 1660 Ἀσπάσασθε
2857 1588 3239 1674 Πρίσκιλλαν
3269 1610 3367 1662 καί
3409 1608 3654 1663 Ἀκύλαν.
3684 1610 3793 1678 Ὅρα

2188 1691 2245 1745 δέ
2300 1695 2394 1748 καὶ
2435 1696 2666 1750 ἐνταῦθα
2701 1697 2862 1750 πάλιν
2892 1698 2991 1769 τὴν
3019 1701 3253 1781 γυναῖκα
3287 1699 3626 1771 λάμπουσαν’
3648 1701 3689 1751 εί
3712 1702 3796 1768 γὰρ

2192 1784 2290 1852 μία
2320 1785 2469 1859 [355]
2499 1789 2532 1859 ή
2568 1788 2818 1859 ξυνωρὶς,
2849 1788 2985 1841 ἀλλὰ
3012 1790 3377 1861 προτέτακται
3409 1794 3442 1861 ἡ
3472 1791 3598 1861 γυνὴ
3624 1788 3702 1843 τοῦ
3726 1793 3797 1843 ἀν-

2189 1876 2314 1947 δρός
2333 1894 2347 1908 ·
2379 1878 2440 1930 οὐ
2485 1878 2595 1950 γὰρ
2627 1875 2798 1943 εἶπεν,
2841 1881 3102 1935 Ἀκύλαν
3137 1880 3239 1935 καὶ
3269 1883 3649 1948 Πρίσκιλλαν,
3678 1879 3798 1944 ἀλλὰ,

2189 1968 2563 2035 Πρίσκιλλαν
2605 1971 2704 2024 καί
2740 1971 3018 2028 Ἀκύλαν.
3059 1971 3220 2035 Τίνες
3260 1971 3319 2025 δὲ
3346 1967 3483 2043 ἦσαν
3511 1966 3799 2037 οῦτοιςΣκη-

2189 2061 2394 2113 νοποιοὶ
2416 2060 2513 2132 τὴν
2536 2062 2749 2133 τέχνην,
2784 2064 2875 2117 ἐπὶ
2909 2065 3276 2137 ἐργαστηρίου
3311 2064 3541 2126 ἑστῶτες
3559 2080 3572 2093 ·
3596 2060 3693 2116 ἀλλ’
3713 2060 3805 2112 οὺδὶ

2191 2149 2225 2217 ή
2244 2150 2430 2221 τέχνη,
2460 2151 2582 2204 ούδὲ
2628 2153 2661 2223 ή
2706 2153 2863 2206 πενία
2894 2154 3083 2222 γέγονε
3115 2153 3349 2226 κώλυμα
3369 2172 3382 2185 ο
3414 2154 3544 2207 ἀλλά
3574 2151 3662 2222 τὴν
3686 2148 3805 2202 πόλιν

2190 2241 2408 2295 ἅπασαν
2440 2244 2813 2315 παραδραμὼν
2855 2248 2885 2300 6
2919 2248 3188 2318 μακάριος
3224 2241 3383 2313 οὗτος
3410 2247 3489 2309 είς
3506 2247 3565 2300 16
3590 2245 3806 2314 δωμάτιον

2191 2332 2251 2385 τὸ
2279 2333 2434 2388 τοῦτο
2459 2337 2746 2407 κατήγετο.
2778 2338 2933 2402 Τίνος
2970 2339 3154 2395 ἐνεκεν
3180 2342 3283 2395 καὶ
3307 2340 3396 2394 διὰ
3422 2340 3473 2392 τί
3496 2355 3510 2405 ;
3538 2339 3641 2392 Ούκ
3661 2333 3806 2402 ἐπειδὴ

2194 2424 2375 2489 κίονας
2429 2422 2594 2497 εῖχεν,
2652 2427 2771 2482 ούδέ
2817 2430 3002 2502 ἐπειδὴ
3045 2430 3266 2497 πλάκας
3311 2431 3408 2485 καὶ
3447 2429 3627 2499 ἐδαφος
3656 2425 3809 2497 ψηφῖδι

2191 2514 2586 2588 διηνθισμένον,
2614 2520 2734 2573 ούδέ
2781 2522 2966 2594 ἐπειδὴ
3004 2521 3242 2593 χρυσοῦν
3274 2522 3493 2591 δροφον,
3530 2519 3641 2573 ούδέ
3665 2515 3809 2586 ἐπειδή

2194 2604 2537 2677 ἀνδραπόδων
2596 2612 2812 2680 ἀγέλας,
2864 2614 2986 2667 οὐδὲ
3024 2614 3213 2685 ἐπειδὴ
3252 2613 3523 2685 εὐνούχων
3550 2609 3811 2682 θεραπείαν.

2192 2697 2329 2751 ἀλλά
2354 2699 2440 2754 διὰ
2476 2700 2538 2754 16
2565 2703 2766 2759 τούτων
2815 2707 3068 2760 ἀπάντων
3111 2706 3354 2777 μάλιστα
3390 2707 3452 2760 16
3481 2705 3725 2775 δωμάτιον
3747 2718 3813 2754 και

2195 2796 2358 2869 θαρὸν
2391 2795 2560 2853 εἶναι·
2593 2801 2724 2856 διότι
2753 2803 2890 2875 γυνὴ
2935 2804 3029 2858 καὶ
3063 2804 3206 2876 ἀνὴρ
3249 2805 3345 2858 τὸν
3383 2807 3449 2858 ἐκ
3484 2804 3691 2858 δικαίων
3725 2816 3814 2852 συν-

2190 2886 2416 2959 ’ἀγοντες
2442 2895 2619 2958 πόνον,
2653 2895 2946 2965 ἐκκλησίαν
2963 2895 3062 2967 τὴν
3090 2895 3277 2950 οἰκίαν
3310 2897 3551 2958 ἐποίουν,
3574 2895 3663 2963 οὐχ
3682 2890 3813 2964 ἁρπά-

2196 2980 2397 3047 ζοντες,
2425 2984 2545 3038 ούδέ
2575 2985 3039 3051 πλεονεκτοῦντες,
3076 2988 3217 3041 ἀλλά
3249 2993 3319 3060 τῇ
3364 2988 3462 3042 τοῦ
3491 2987 3719 3058 σώματος
3740 2986 3818 3038 111-

2193 3075 2423 3145 106971;
2454 3076 2590 3146 πρὸς
2642 3078 2740 3148 τήν
2780 3079 3083 3146 ἀναγκαίαν
3123 3080 3521 3151 ἀποχρώμενοι
3558 3078 3815 3149 διατροφήν-

2196 3164 2295 3216 Διά
2321 3165 2560 3235 δήτοῦτο
2593 3167 2824 3237 μάλιστα
2846 3169 3055 3233 Παῦλος
3080 3171 3396 3243 ἐπιτήδειον
3414 3173 3574 3227 τοῦτο
3595 3172 3652 3226 16
3665 3172 3821 3239 οἴκημα

2197 3256 2333 3329 πρὸς
2385 3256 2447 3309 τὸ
2502 3258 2803 3312 καταλῦσαι
2838 3259 3106 3330 ἐνόμισεν.
3154 3263 3275 3317 Καὶ
3321 3265 3411 3318 ἵνα
3457 3264 3632 3336 μάθῃς
3664 3263 3733 3315 611
3753 3259 3821 3327 τῆς

2194 3349 2372 3420 ψυχῆς
2408 3348 2586 3404 αὐτῶν
2615 3350 2712 3421 τὴν
2732 3351 2930 3421 ἀρετὴν
2953 3352 3390 3423 ἀποδεξάμενος,
3418 3358 3536 3410 ἐκεῖ
3563 3352 3823 3421 κατέμενεν.

2196 3437 2427 3493 ἄκουσον
2478 3440 2587 3495 τῶν
2645 3443 2792 3513 ἑξῆς.
2838 3444 3061 3510 Οἷτινες
3119 3446 3284 3516 ὑπὲρ
3327 3446 3444 3515 τῆς
3487 3443 3686 3517 ψυχῆς
3723 3456 3824 3510 μυυι

2198 3531 2352 3600 φησὶ,
2383 3529 2487 3583 τὸν
2513 3530 2743 3586 ἑαυτῶν
2773 3532 3076 3602 τράχηλον
3108 3537 3473 3605 ὑπέθηκαν·
3519 3534 3604 3603 οἷς
3633 3536 3729 3590 οὐκ
3749 3525 3828 3599 ὴὺ

2191 3622 2379 3690 μόνος
2403 3624 2752 3693 εὐχαριστῶ,
2781 3626 2941 3680 ἀλλὰ
2964 3626 3062 3682 καὶ
3079 3628 3280 3685 πᾶσαι
3302 3634 3365 3684 αἱ
3400 3629 3732 3698 Ἑκκλησίαι
3747 3622 3831 3677 τῶν

2197 3712 2405 3767 ἐθνῶν.
2448 3710 2600 3778 Εἶδες
2637 3715 2759 3769 οὔτε
2793 3720 3104 3785 γυναικείαν
3134 3720 3333 3790 φύσιν,
3374 3724 3440 3776 ού
3463 3723 3672 3794 τέχνην,
3697 3718 3748 3773 οὐ
3770 3731 3833 3767 πει

2197 3805 2317 3859 νίαν
2363 3807 2752 3877 ἐμποδίζουσαν
2805 3811 2882 3882 τῷ
2922 3812 3105 3884 δρόμῳ
3136 3813 3248 3884 τῆς
3288 3816 3538 3886 ἀρετῆςς
3579 3811 3704 3875 εἶδες
3728 3810 3833 3875 ξενίη

2198 3895 2349 3967 δόχον
2372 3902 2603 3966 γυναῖκα
2646 3902 2738 3956 καὶ
2784 3902 2954 3974 ἀνδρα
3002 3906 3064 3957 ού
3111 3909 3375 3981 τραπέζῃ
3409 3911 3594 3979 μόνον,
3623 3901 3742 3961 άλλά
3765 3899 3833 3954 καὶ

2200 3990 2390 4058 αἵματι
2430 3990 2522 4043 τὸν
2556 3990 2875 4045 Ἀπόστολον
2898 3994 3367 4066 ὑποδεχομένους;
3400 4001 3469 4053 Τί
3484 4000 3593 4070 γάρ
3616 4000 3661 4051 εἰ
3687 3994 3764 4049 καὶ
3780 3990 3834 4060 μὴ

2198 4082 2515 4154 ἐσφάγησαν
2538 4099 2552 4141 ;
2582 4082 2697 4136 ἀλλ’
2718 4085 2871 4138 αὐτοὶ
2897 4085 2957 4138 16
2971 4087 3150 4140 αὑτῶν
3177 4090 3547 4163 ἐπλήρωσαν,
3573 4091 3661 4144 καὶ
3681 4086 3833 4153 ζῶντες

2199 4174 2445 4241 ἐγένοντο
2490 4174 2783 4247 μάρτυρες,
2823 4178 2916 4231 καὶ
2952 4179 3213 4246 πολλάκις
3257 4186 3572 4256 μάρτυρες,
3603 4185 3684 4237 ἀεὶ
3705 4191 3835 4244 παρα·

2200 4266 2513 4337 ταττόμενοι
2541 4268 2870 4336 σφάττεσθαι
2891 4271 3029 4343 ὑπὲρ
3057 4272 3152 4327 τοῦ
3191 4276 3444 4333 Παύλου.
3476 4279 3551 4332 Ού
3586 4275 3688 4348 γάρ
3704 4267 3834 4329 εἶπεν.
3884 4266 3885 4269 “

2202 4360 2689 4432 Οίτινεςμχρήμστα
2716 4363 3020 4429 ἀνάλωσαν,
3041 4366 3239 4431 οἵτινες
3268 4368 3376 4440 τὴν
3407 4368 3589 4423 οίκίαν
3626 4363 3835 4433 ἀνέῳξανι

2200 4450 2334 4514 ἀλλ’,
2366 4451 2395 4504 ὃ
2429 4452 2643 4507 πάντων
2669 4453 2851 4526 μεῖζον
2879 4451 2966 4527 ἦν,
2989 4457 3079 4510 τὸν
3109 4459 3297 4527 φόνον,
3333 4461 3440 4534 τὴν
3475 4460 3684 4532 σφαγὴν
3711 4459 3776 4518 εἰς
3796 4451 3836 4501 “‘-

2206 4540 2368 4609 μέσον
2414 4543 2644 4614 τίθησιν,
2683 4545 2769 4599 ἵνα
2810 4549 2961 4621 εἴπῃ,
3002 4549 3084 4603 611
3113 4550 3226 4604 Καὶ
3257 4552 3660 4625 ἀποτμηθῆναι
3684 4549 3838 4602 είλοντο

2202 4633 2340 4703 ὑπὲρ
2368 4634 2522 4704 ἐμοῦ.
2577 4637 2945 4692 ’Λκουέτωσαν
2981 4643 3031 4694 οί
3063 4640 3157 4695 νῦν
3194 4642 3595 4711 πλουτοῦντες,
3620 4642 3705 4695 καὶ
3728 4634 3837 4708 pa“

2200 4724 2386 4777 ὀϐολοῦ
2407 4729 2519 4789 τοῖς
2552 4728 2727 4795 ἀγίοις
2754 4728 3159 4797 μεταδιδόντεςο
3180 4735 3397 4790 ἐκεῖνοι
3426 4740 3527 4792 καὶ
3553 4736 3646 4791 τοῦ
3665 4733 3839 4799 αἵματθί

2204 4813 2534 4882 μετέδωκαν,
2587 4817 2680 4871 καὶ
2732 4818 2830 4888 τὴν
2873 4819 3016 4890 ζωὴν
3045 4821 3217 4892 αὐτὴν
3272 4824 3648 4889 ἀπεδύσαντο,
3683 4813 3839 4874 Evam

2202 4905 2356 4968 ἅγιον
2384 4906 2689 4961 διασώσωσι
2720 4913 2810 4963 καὶ¹
2836 4910 3281 4983 θεραπεύσωσιν·
3317 4918 3371 4969 οί
3401 4917 3465 4971 δέ
3486 4917 3739 4988 παρόντες
3753 4903 3843 4960 οὖδλ

2196 4998 2260 5051 τὸ
2292 4997 2581 5053 πολλοστὸν
2617 5001 2780 5073 μέρος
2822 5004 2919 5071 τῆς
2942 5004 3152 5057 ἑαυτῶν
3175 5005 3381 5070 οὐσίας
3408 5009 3662 5079 πρόοιντο
3687 5003 3744 5057 ἀν
3760 4996 3843 5056 τυῖς

2203 5088 2471 5159 δεομένοις
2505 5090 2705 5161 ῥᾳδίως
2724 5107 2741 5125 ο
2773 5091 2890 5146 ἀλλ’
2913 5096 2947 5163 ή
2984 5094 3294 5166 Πρίσκιλλα
3334 5099 3438 5153 καὶ
3467 5101 3500 5153 6
3541 5097 3756 5157 ’Δκύλας
3777 5088 3848 5143 καὶ

2200 5183 2269 5234 τὰ
2296 5183 2553 5252 χρήματα
2582 5183 2676 5236 καὶ
2704 5184 2771 5236 τὰ
2802 5182 3030 5255 σώματα
3056 5188 3150 5239 καὶ
3175 5186 3281 5257 τὴν
3313 5188 3471 5263 ζωὴν
3497 5191 3666 5261 αὐτὴν
3685 5182 3846 5241 ἐτώδω·

2201 5289 2324 5326 καν.
2369 5272 2518 5342 Ορᾷς
2555 5273 2679 5326 ὅσον
2698 5273 2812 5326 ἐστὶ
2830 5273 2966 5346 γυνὴ
2987 5275 3392 5345 φιλοσοφοῦσα,
3424 5281 3556 5336 ὅσον
3587 5279 3726 5334 ἐστὶν
3743 5272 3850 5341 ἀνὴρ

2201 5366 2295 5417 καὶ
2324 5367 2381 5417 ἐν
2413 5365 2571 5434 πενίᾳ
2609 5366 2704 5418 καὶ
2750 5366 2915 5439 τέχνῃ
2946 5366 3089 5435 (EN;
3131 5369 3387 5437 Τούτους
3420 5374 3489 5445 δὴ
3525 5373 3849 5445 ζηλὼσωμενι

2199 5455 2422 5520 τούτους
2468 5456 2857 5529 μιμησώμεθα,
2900 5461 2993 5514 καὶ
3035 5461 3144 5515 τῶν
3184 5468 3496 5536 παρόντων
3526 5463 3851 5536 ύπεριδόντεξυ

2201 5549 2377 5602 πάντα
2398 5549 2536 5621 ὑπὲρ
2575 5551 2684 5604 τῶν
2722 5550 2799 5621 τῷ
2835 5550 2954 5623 θεῷ
2985 5550 3293 5629 δοκούντων
3346 5559 3654 5631 ἐπιδῶμεν,
3681 5555 3757 5610 ἵνα
3780 5544 3849 5603 καὶ

2267 5690 2291 5719 ⁸
2311 5689 2585 5763 Μειιίιεείυε
2599 5692 2794 5763 ροηλὶοῇ
2813 5695 2909 5763 τῶν
2932 5695 3239 5763 ἐπαγομένων
3272 5699 3576 5763 legendum
3601 5711 3686 5763 pro
3705 5688 3851 5763 ἀκατᾷζ

2237 5765 2338 5825 ενρν
2356 5751 2443 5825 (ad_
2458 5759 2659 5825 περίγεια
2680 5751 2946 5825 (inemptum
2969 5751 3230 5825 9110111ng
3251 5751 3419 5821 ειιιῖη,
3448 5751 3628 5825 inquii,
3647 5753 3851 5825 ςιυοξωιιο

2218 5810 2616 5886 ὶξιηίιιαλιιιόαίοο
2641 5810 2912 5886 ρςαιςοτιίιὶι
2946 5810 3283 5886 οἱ-ἱςηοὴξξίε,
3319 5810 3443 5871 cuin
3466 5810 3557 5886 ηιῖί
3585 5810 3855 5886 inﬁgam”:

2192 5871 2511 5994 ἕὲιιῦῗίᾷιυω.
2533 5871 2938 5936 jam'duccrelur
2956 5879 3015 5927 ad
3045 5871 3383 5944 ἱιιρρῐξινὶζιηι,
3407 5898 3437 5932 a
3463 5871 3624 5933 εἶρος-ιε
3672 5880 3852 5932 tiberim

2415 5949 2430 5979 Ι
