3966 6160
299 423 384 478 ιγ’ςι
1127 422 1170 477 V'
1209 419 1520 484 llOMlLlA,
1573 418 1662 474 DE
1703 418 1950 476 STUDIO
1992 418 2470 492 PllAISENTlUl,
2514 427 2668 481 ETC.

296 548 416 599 tuus,
445 543 499 590 ut
525 534 752 602 ferrum,
786 545 843 590 ut
873 535 1089 590 adamas
1118 551 1132 588 :
1162 533 1272 589 imo
1309 549 1438 590 vero
1457 572 1470 596 ,
1495 530 1749 602 quidquid
1775 528 1857 584 di-

293 645 394 686 eam
414 671 429 694 ,
471 646 576 684 non
606 645 822 699 possunt
853 627 1095 684 mulieris
1117 628 1298 682 virtuti
1329 627 1545 695 dignum
1578 625 1857 694 imponere

295 738 491 780 nomen.
532 721 680 778 llanc
717 721 876 793 igitur
905 722 1182 777 mulierem
1204 762 1220 786 ,
1258 736 1325 774 an
1356 719 1576 774 omnino
1619 717 1859 772 dicemus

295 830 398 872 esse
424 813 596 869 virum
616 855 633 878 ,
674 827 737 868 ac
767 828 873 868 non
909 813 1085 882 potius
1115 811 1246 882 ipsis
1272 811 1403 865 viris
1433 811 1592 880 longe
1616 807 1861 880 superio-

297 921 414 961 rem.
445 903 582 973 Quid
612 919 764 970 vero,
799 905 844 958 si
883 903 1082 959 videris
1116 903 1275 958 aliam
1322 905 1375 956 in
1408 903 1660 970 primarva
1703 908 1861 954 :etate

296 1001 342 1054 in
370 1011 547 1055 tenero
574 1013 803 1068 corpore
825 999 1101 1053 insomnes
1126 1007 1314 1052 noctes
1337 1003 1608 1066 agentem,
1638 992 1861 1061 diesque

295 1092 396 1147 sine
417 1091 560 1157 cibo,
591 1091 796 1145 ventris
825 1089 1168 1160 cupiditatem
1196 1089 1664 1158 comprimentem,
1696 1095 1862 1156 pecu-

296 1185 482 1237 niarum
513 1197 752 1238 amorem
789 1181 974 1254 procul
1005 1181 1345 1250 abjicientem
1367 1221 1381 1243 ,
1409 1193 1608 1248 corpus
1635 1175 1862 1230 mortifi-

294 1285 511 1339 cantem,
543 1290 760 1330 carnem
789 1273 1189 1344 crucifigentem
1209 1315 1224 1339 ,
1255 1287 1351 1340 pro
1380 1271 1552 1326 nihilo
1579 1267 1860 1340 prmsentia

297 1369 564 1424 habentem
586 1409 605 1435 ,
649 1367 796 1422 humi
822 1367 1154 1437 gradientem
1179 1407 1194 1432 ,
1234 1374 1289 1420 et
1315 1365 1462 1434 ipsos
1487 1362 1604 1417 carli
1631 1360 1862 1415 fornices

296 1468 607 1531 tangentem,
632 1459 924 1530 potentiam
948 1459 1263 1521 calcantem,
1281 1456 1503 1526 gloriam
1527 1453 1861 1514 irridentem,

294 1552 644 1606 celebritatem
693 1560 1035 1620 respuenlem
1059 1590 1074 1614 ,
1117 1564 1214 1618 pro
1237 1548 1418 1602 subtili
1460 1555 1608 1600 veste
1647 1559 1862 1598 saccum

295 1645 608 1709 induentem,
637 1654 823 1699 catena
850 1643 1103 1706 cinctam,
1129 1641 1364 1696 cinerem
1393 1639 1491 1693 sibi
1516 1637 1864 1690 substernen-

296 1748 414 1803 tem,
441 1751 538 1808 pro
570 1736 709 1792 lecto
737 1737 908 1790 solum
940 1735 1249 1797 habentem,
1276 1743 1329 1787 et
1359 1731 1492 1785 nihil
1521 1728 1752 1798 amplius
1775 1742 1865 1796 pe-

296 1839 514 1894 tentem,
543 1829 594 1882 iu
621 1837 845 1898 angusta
887 1825 1209 1882 domuncula
1240 1823 1501 1878 inclusam
1522 1864 1537 1888 ,
1581 1835 1701 1874 cum
1734 1833 1864 1888 pro-

297 1922 454 1991 phetis
474 1921 801 1991 loquentem,
818 1920 978 1973 vitam
1005 1926 1249 1989 agentem
1273 1916 1325 1970 in
1351 1911 1698 1968 meditatione
1721 1925 1864 1964 mor-

297 2014 374 2075 tis,
401 2021 522 2068 ante
552 2013 756 2066 obitum
785 2021 1077 2076 mortuam,
1104 2009 1264 2070 fame,
1296 2005 1493 2076 vigiliis
1517 2013 1573 2059 et
1615 2002 1866 2073 squalore

297 2104 622 2169 labefactant,
667 2119 731 2159 ac
767 2101 1046 2173 praesentis
1089 2101 1214 2154 vitae
1253 2098 1446 2153 fastum
1493 2095 1664 2166 magis
1706 2108 1864 2163 quam

294 2196 423 2250 sicca
447 2194 568 2248 folia
591 2193 973 2262 despicientem
1008 2211 1022 2247 :
1053 2191 1329 2257 hancciue,
1355 2203 1558 2260 qumso,
1587 2185 1865 2240 mulierem

293 2285 472 2340 dices?
511 2301 690 2340 annon
738 2285 880 2339 illam
922 2300 990 2339 ex
1013 2284 1250 2338 virorum
1279 2282 1438 2337 etiam
1466 2279 1655 2334 ordine
1681 2275 1865 2332 subla-

295 2387 394 2431 tam
423 2377 472 2430 in
500 2377 814 2450 angelorum
840 2376 1009 2431 choro
1027 2374 1250 2440 locabis,
1275 2388 1397 2442 qua:
1419 2371 1473 2426 in
1501 2368 1747 2426 muliebri
1777 2382 1868 2422 na—

295 2477 405 2522 tura
433 2476 632 2522 tantam
661 2467 877 2522 exhibet
908 2465 1340 2536 philosophiam?

361 2559 412 2614 4.
454 2559 650 2627 Ecquis
698 2557 780 2613 his
830 2556 1206 2613 contradicet?
1255 2555 1453 2612 nullus.
1505 2553 1644 2608 Audi
1683 2552 1870 2622 quales

292 2652 651 2721 apostolorum
683 2659 924 2720 tempore
966 2651 1220 2705 mulieres
1260 2655 1451 2704 erant:
1485 2646 1604 2701 audi
1645 2644 1868 2699 Paulum

294 2745 545 2798 Romanis
575 2745 897 2798 scribentem
939 2759 1002 2798 ac
1031 2743 1299 2798 dicentem
1332 2759 1344 2794 :
1388 2739 1696 2796 Commendo
1737 2739 1873 2792 vobis

294 2835 513 2889 Phoeben
540 2853 765 2890 serarent
807 2847 1027 2890 nostram
1049 2877 1063 2900 ,
1106 2836 1390 2889 ministram
1419 2831 1662 2887 Ecclesia?
1683 2848 1795 2900 qmv
1819 2831 1873 2882 in

293 2929 556 2984 Cenchreis
582 2941 676 2991 est,
705 2947 818 3000 qua:
841 2931 1073 3001 adjntria:
1101 2930 1375 2983 multarum
1397 2928 1492 2998 fuit
1519 2937 1564 2980 et
1593 2926 1690 2980 mei
1716 2925 1874 2994 ipsius

292 3019 467 3088 (Rom.
507 3021 591 3077 l6.
623 3021 695 3091 1).
727 3022 864 3089 Quid
892 3022 1060 3083 dicis,
1092 3037 1126 3075 o
1174 3021 1373 3074 Paule?
1419 3019 1613 3073 mulier
1642 3015 1873 3086 adjutrix

292 3122 380 3166 tua
409 3111 540 3176 fuit,
574 3127 673 3167 nec
701 3120 752 3167 te
795 3112 957 3181 pudet
983 3126 1156 3179 neque
1180 3110 1455 3164 erubescis
1496 3109 1608 3162 haec
1648 3103 1876 3160 dicens?

289 3204 404 3258 Non
437 3219 523 3258 me
569 3203 765 3273 pudet,
797 3203 1006 3274 inquit,
1040 3204 1158 3257 imo.
1190 3203 1349 3257 etiam
1392 3201 1592 3271 glorior
1622 3218 1636 3254 :
1675 3196 1873 3252 etenim

293 3299 576 3351 Dominum
611 3313 822 3367 quoque
852 3313 1031 3352 meum
1065 3313 1169 3350 non
1205 3294 1390 3364 puduit
1421 3305 1645 3347 matrem
1677 3289 1876 3345 habere

289 3391 573 3445 nmlierem
603 3407 616 3443 :
650 3390 883 3459 adjutrix
910 3397 1087 3442 autem
1116 3387 1202 3440 illa
1231 3386 1360 3440 mihi
1383 3385 1514 3448 fuit,
1547 3399 1650 3437 non
1681 3380 1877 3450 simpli-

285 3484 424 3537 citer
449 3483 573 3550 quia
603 3481 795 3535 mulier
824 3489 973 3541 erat,
1002 3477 1103 3533 sed
1123 3477 1245 3547 quia
1275 3475 1626 3547 philosopltim
1655 3472 1830 3527 dedita
1858 3512 1873 3534 ,

286 3577 489 3644 pietate
515 3574 755 3627 llorcbat.
795 3573 857 3626 Et
880 3569 1149 3640 quomodo
1179 3569 1412 3636 adjutrix
1444 3566 1590 3620 Pauli
1614 3564 1752 3618 fuit?
1774 3580 1874 3633 qua

285 3667 432 3720 enim
464 3681 524 3719 re
561 3664 753 3734 egebat
779 3663 1006 3724 Paulus,
1039 3660 1126 3730 qui
1163 3660 1348 3712 orbem
1397 3655 1874 3720 eireumcurrebat,

284 3759 380 3827 qui
407 3771 634 3825 corpore
664 3753 860 3808 frustra
906 3750 1361 3812 circumdabatur,
1407 3747 1496 3816 qui
1532 3745 1877 3800 necessitates

284 3860 496 3905 natura:
527 3847 897 3910 conculcabat,
927 3846 1017 3915 qui
1040 3845 1312 3898 (l;Pltt0tt{tS
1345 3840 1595 3909 pellebat,
1619 3839 1708 3908 qui
1736 3854 1878 3892 mor-

283 3943 388 3995 bos
413 3956 512 4010 per
543 3941 860 3994 vestimenta
887 3937 1130 4000 curabat,
1164 3934 1316 4004 cujus
1338 3947 1520 3987 vocem
1551 3939 1604 3986 et
1632 3931 1876 3983 umbram

283 4031 560 4084 tremebat
583 4029 846 4092 diabolus,
878 4028 964 4096 qui
996 4036 1052 4080 ut
1074 4026 1296 4094 angelus
1325 4023 1463 4094 apud
1495 4021 1680 4076 fideles
1711 4021 1880 4073 hono-

282 4122 535 4182 raliatur,
567 4135 721 4188 quem
753 4119 1139 4172 reverebantur
1169 4116 1328 4170 etiam
1360 4113 1508 4179 ferte,
1545 4129 1701 4182 quem
1730 4128 1879 4166 reve-

281 4213 511 4266 rabatur
539 4227 714 4276 mare,
747 4220 798 4264 et
825 4225 944 4264 cum
996 4220 1151 4263 nocte
1179 4218 1232 4262 et
1268 4207 1360 4262 die
1385 4207 1528 4260 illum
1556 4205 1877 4274 excepisset,

280 4319 397 4356 non
427 4300 708 4355 suffocavit
740 4311 951 4362 tamen;
984 4301 1070 4368 qtti
1101 4298 1332 4368 paradisi
1361 4298 1491 4352 civis
1533 4296 1663 4361 fuit,
1707 4297 1794 4364 qui
1827 4297 1879 4350 in

279 4393 511 4448 tertium
537 4392 724 4444 caelum
757 4401 938 4459 raptus
968 4399 1085 4451 est.
1128 4390 1216 4459 qui
1244 4389 1312 4444 de
1351 4389 1561 4442 arcanis
1605 4403 1726 4442 cum
1770 4387 1881 4442 Deo

276 4483 746 4543 connunnicm-it,
800 4481 889 4551 qui
937 4482 1056 4550 plus
1093 4496 1252 4550 quam
1297 4494 1484 4533 clunes
1529 4480 1753 4548 apostoli
1801 4479 1879 4533 la-

272 4577 545 4632 boravit;
581 4590 673 4628 vas
699 4573 1013 4639 electionis,
1057 4573 1330 4642 prouubus
1375 4571 1661 4634 Eeclesirc,
1706 4585 1882 4638 prmco

271 4668 532 4739 gentium
555 4707 571 4730 ,
613 4666 700 4736 qui
732 4676 925 4720 terram
952 4675 1010 4720 et.
1030 4679 1176 4718 mare
1200 4665 1627 4719 circumcurrens
1667 4662 1880 4717 fortitu-

269 4761 437 4814 dinis
468 4773 581 4813 sua:
607 4757 803 4826 ubique
831 4768 1028 4826 tropaea
1056 4758 1246 4821 erexit,
1280 4757 1368 4826 qui
1394 4771 1516 4810 cum
1549 4756 1685 4809 fame
1712 4769 1760 4810 et
1794 4756 1880 4810 siti

266 4851 515 4908 assidue
539 4849 822 4919 pugnabat,
851 4849 938 4917 qui
957 4865 1078 4902 cum
1103 4848 1340 4902 nuditate
1359 4855 1414 4902 et
1431 4847 1627 4916 frigore
1647 4848 1881 4900 luctaba-

268 4955 396 5006 tur,
430 4951 484 4996 et
512 4941 742 5004 dicebat,
775 4938 1006 5009 Usqueiu
1022 4940 1149 4992 hanc
1166 4941 1342 4992 horam
1368 4947 1413 4991 et
1444 4939 1690 4992 esurinnts
1713 4939 1880 4992 8181ιὶ-

267 5051 404 5087 mus
428 5043 476 5086 el
498 5032 622 5086 nudi
642 5046 816 5085 sumus
843 5031 920 5098 (li.
940 5031 1059 5084 Cor.
1088 5031 1139 5084 4.
1165 5030 1253 5098 Η)
1274 5046 1288 5093 ;
1307 5029 1395 5098 qui
1419 5028 1618 5083 mundo
1641 5040 1882 5084 mortuus

3441 427 3548 484 (90

1969 531 2079 586 Nisi
2121 535 2262 590 enim
2295 536 2396 592 hoc
2421 537 2714 605 voluisset,
2747 539 2799 593 in
2841 540 3065 610 epistola
3094 553 3199 595 non
3231 539 3536 611 posuisset:

1959 625 2070 695 jam
2121 642 2250 682 vero
2303 631 2488 686 volens
2546 641 2603 686 ut
2651 647 2740 686 res
2793 632 2844 686 in
2891 647 3183 702 perennem
3231 633 3549 688 memoriam

1967 718 2238 784 transiret,
2270 728 2324 774 et
2351 722 2628 777 mulierem
2656 721 2918 792 appellat,
2947 737 3241 794 omnesque
3267 724 3465 778 excitat
3491 730 3552 778 ut

1966 807 2040 862 illi
2068 811 2487 895 patrocinentur,
2512 822 2672 884 atque
2693 814 3008 884 adiutricem
3031 829 3180 870 suam
3203 813 3349 871 illam
3369 825 3546 882 vocat,

1965 915 2064 955 nee
2089 916 2213 956 eum
2241 902 2402 971 pudet
2426 919 2598 974 neque
2637 905 2927 961 erubescit.
2954 906 3126 961 Tanta
3153 921 3245 962 res
3272 916 3357 962 est
3383 907 3545 963 etiam

1967 989 2018 1044 in
2048 991 2293 1047 muliebri
2323 1008 2551 1064 corpore
2581 995 2931 1066 philosophus
2955 997 3185 1052 animus.
3217 997 3341 1053 llzec
3367 1007 3550 1054 autem

1965 1079 2087 1136 dico
2108 1123 2123 1148 ,
2154 1092 2220 1137 ut
2240 1099 2308 1140 ne
2337 1085 2596 1141 obtendat
2622 1087 2815 1143 mulier
2839 1087 3043 1156 dicens,
3082 1089 3160 1143 Eo
3185 1089 3327 1160 quod
3357 1090 3553 1145 mulier

1965 1173 2098 1240 sim,
2145 1175 2214 1230 ad
2243 1177 2454 1247 plenam
2483 1180 2698 1236 virtutis
2742 1195 3046 1237 mensuram
3089 1197 3197 1236 non
3224 1183 3367 1238 veni.
3412 1182 3552 1238 Ecce

1967 1283 2197 1337 namque
2227 1269 2341 1324 hzec
2371 1271 2564 1325 mulier
2588 1279 2724 1337 erat,
2764 1283 2820 1327 et
2844 1287 3008 1328 sexus
3036 1272 3418 1342 impedimento
3443 1287 3551 1328 non

1965 1357 2082 1425 fuit,
2113 1360 2208 1416 sed
2233 1361 2444 1432 dignata
2470 1372 2627 1418 estut
2644 1364 2792 1418 Pauli
2814 1364 3227 1435 essetadjutrix,
3253 1375 3414 1436 atque
3436 1365 3554 1420 ubi-

1965 1465 2070 1518 que
2093 1467 2188 1520 per
2213 1453 2398 1508 orbem
2432 1455 2775 1524 prmdicatur.
2805 1455 3086 1523 Quomodo
3109 1468 3288 1511 autem
3317 1456 3434 1525 ejus
3461 1456 3556 1510 ad-

1961 1541 2132 1612 jutrix
2162 1543 2296 1599 luit?
2322 1561 2350 1598 a
2379 1547 2632 1616 periculis
2652 1546 2882 1603 fortasse
2907 1548 3078 1618 ipsum
3106 1548 3340 1618 eripuit?
3366 1547 3556 1602 \‘incto

1966 1634 2184 1701 aderat,
2214 1635 2268 1690 in
2299 1647 2488 1692 catena
2521 1639 2694 1708 ipsum
2722 1639 3122 1707 consolabatur,
3150 1655 3330 1694 rerum
3361 1653 3554 1693 neces-

1967 1727 2230 1784 sariarum
2257 1731 2506 1786 solatium
2545 1732 2644 1803 ipsi
2673 1732 3083 1804 suppeditabat,
3112 1748 3210 1788 eos
3231 1732 3320 1804 qui
3342 1733 3442 1806 ipsi
3473 1734 3555 1788 iu-

1968 1816 2298 1874 sidiabantur
2323 1821 2584 1888 cohibuit,
2610 1822 2678 1878 ad
2713 1831 2942 1879 mortem
2983 1838 3043 1879 se
3081 1825 3250 1895 ipsam
3281 1825 3559 1898 exposuit,

1969 1920 2025 1964 ut
2055 1911 2341 1967 abductum
2375 1914 2522 1968 illum
2545 1916 2779 1986 eriperet
2803 1930 2840 1970 a.
2863 1915 3278 1971 calamitatibus.

2040 2003 2243 2060 Laudes
2273 2007 2546 2062 Priscillae.
2582 2037 2652 2048 —
2681 2008 2806 2064 l'deo
2825 2009 2986 2064 aliam
3012 2024 3225 2080 quoque
3255 2017 3375 2078 post
3405 2008 3551 2063 illam

1970 2095 2216 2152 laudibus
2244 2099 2516 2166 celebrat,
2562 2101 2640 2156 sic
2667 2101 2852 2156 dicens
2884 2119 2897 2155 :
2926 2100 3160 2156 Salutate
3190 2100 3478 2155 Priscillam
3509 2109 3561 2154 et

1971 2186 2207 2258 Aquilam
2235 2187 2426 2260 (Rom.
2463 2189 2553 2256 16,
2602 2191 2681 2260 5).
2725 2191 2821 2246 llic
2866 2206 3076 2262 quoque
3111 2191 3230 2245 vide
3274 2190 3554 2246 mulierem

1970 2280 2254 2350 splendore
2283 2281 2569 2352 fulgentem
2601 2301 2614 2339 :
2641 2283 2851 2338 etiamsi
2897 2284 3039 2337 enim
3062 2282 3220 2337 ambo
3249 2297 3555 2337 memoren-

1975 2383 2080 2441 tur,
2102 2374 2292 2429 mulier
2319 2384 2495 2430 tamen
2524 2376 2640 2430 viro
2679 2377 3009 2446 praeponitur
3039 2394 3052 2430 :
3083 2391 3188 2431 non
3230 2375 3372 2431 enim
3394 2353 3555 2443 (ἰῆἱι,

1975 2468 2218 2538 Aquilam
2263 2477 2317 2522 et
2360 2468 2677 2533 Priscillam,
2715 2468 2832 2535 sed,
2874 2467 3168 2523 Pn‘scillam
3210 2478 3258 2523 et
3300 2467 3556 2538 Aquilam.

1974 2561 2203 2626 Quinam
2234 2569 2411 2616 autem
2445 2562 2496 2614 hi
2537 2561 2732 2615 erant?
2761 2561 3136 2616 Tentoriorum
3188 2561 3459 2626 artiﬁces,
3503 2561 3557 2615 in

1974 2651 2186 2706 officina
2215 2661 2437 2708 stantes.
2467 2652 2573 2708 Sed
2603 2669 2773 2724 neque
2812 2667 2921 2718 ars,
2951 2668 3122 2722 neque
3152 2661 3435 2723 paupertas
3462 2652 3561 2706 itu-

1979 2743 2281 2810 pedimento
2309 2742 2443 2808 fuit,
2475 2744 2601 2814 quin
2636 2744 2821 2798 beatus
2869 2744 2974 2810 hic,
3029 2754 3136 2798 tota
3176 2745 3313 2798 urbe
3341 2743 3560 2814 postha—

1976 2834 2106 2900 bita,
2139 2835 2189 2888 iu
2212 2834 2541 2890 domicilium
2572 2836 2710 2892 istud
2739 2837 3123 2892 diversaretur.
3149 2836 3263 2892 Cur.
3286 2845 3339 2891 et
3367 2852 3470 2907 qua
3493 2835 3562 2890 de

1976 2925 2175 2980 causa?
2206 2925 2318 2980 Non
2341 2927 2463 2996 quia
2491 2927 2771 2982 columnas
2794 2927 3046 2989 habebat,
3071 2941 3178 2981 non
3201 2927 3324 2997 quia
3353 2926 3564 2980 tabulas

1978 3027 2032 3072 et
2061 3017 2234 3075 solum
2272 3018 2468 3088 lapillis
2514 3028 2797 3086 ornatum,
2829 3035 2929 3074 nec
2953 3021 3073 3092 quia
3103 3021 3567 3090 contignationem.

1977 3124 2214 3171 auream,
2247 3125 2346 3164 nec
2375 3112 2496 3182 quia
2522 3128 2798 3168 servorum
2824 3127 3014 3182 greges
3035 3155 3061 3179 ,t
3079 3113 3558 3168 velseunuehorum

1979 3199 2354 3266 ministerium,
2399 3203 2490 3257 sed
2537 3206 2765 3259 maxime
2802 3205 2922 3275 quia
2965 3205 3201 3274 ipsorum
3230 3203 3559 3260 domicilium

1981 3307 2166 3360 purum
2186 3303 2321 3354 erat,
2341 3293 2506 3348 abhis
2522 3295 2768 3349 omnibus
2789 3312 2802 3349 :
2821 3297 2940 3364 quia
2959 3295 3148 3349 mulier
3164 3306 3217 3349 et
3240 3296 3319 3349 vir
3331 3295 3562 3364 exjnstis

1980 3383 2250 3438 laboribus
2277 3385 2472 3439 victum
2489 3385 2821 3455 colligentes,
2846 3385 3066 3441 deruunt
3097 3401 3246 3442 suam
3277 3386 3557 3442 ecclesiam

1979 3471 2251 3540 fecerant;
2282 3489 2389 3529 non
2417 3476 2706 3544 rapientes,
2731 3491 2828 3530 nec
2854 3476 3090 3530 avaritia:
3135 3475 3432 3542 studentes,
3467 3475 3560 3532 sed

1980 3567 2220 3635 corporis
2238 3583 2399 3636 opera
2422 3567 2486 3622 ad
2528 3568 2886 3624 necessarium
2924 3577 2978 3623 et
3004 3568 3356 3623 sufficientem
3384 3569 3559 3624 cibum

1983 3667 2212 3711 utentes.
2240 3657 2361 3712 Ideo
2390 3660 2619 3713 maxime
2659 3659 2854 3713 Paulus
2884 3660 3020 3713 hanc
3057 3659 3272 3713 domum
3295 3667 3556 3728 Opportu-

1981 3764 2101 3800 nam
2123 3763 2243 3804 esse
2272 3751 2472 3818 putavit
2496 3749 2561 3802 ad
2591 3749 2987 3805 diversandum.
3021 3751 3087 3804 Et
3128 3760 3186 3804 ut
3214 3749 3391 3805 discas
3419 3752 3561 3819 quod

1983 3837 2100 3891 illos
2131 3855 2195 3892 ex
2221 3840 2413 3892 animm
2458 3839 2649 3894 virtute
2675 3841 2976 3910 approbans
3008 3841 3078 3895 ibi
3128 3841 3411 3903 manserit,
3434 3841 3561 3894 audi

1981 3932 2255 3998 sequentia
2282 3949 2293 3982 :
2315 3931 2415 3997 Qui
2438 3948 2531 4002 pro
2547 3933 2716 3986 anima
2730 3949 2857 3998 mea,
2873 3933 3061 4003 inquit,
3085 3933 3563 3997 suascervicessup-

1983 4033 2254 4090 posuerunt
2275 4037 2294 4076 :
2319 4022 2500 4092 quibus
2516 4039 2616 4077 non
2637 4023 2774 4077 solus
2787 4041 2876 4094 ego
2895 4025 3087 4096 gratias
3107 4041 3231 4096 ago,
3257 4025 3345 4080 sed
3369 4035 3414 4080 et
3433 4041 3562 4079 cun--

1983 4128 2077 4170 σιω
2099 4114 2337 4170 Ecclesia:
2357 4118 2594 4195 gentium,
2618 4116 2908 4174 Viden‘nec
2934 4117 3219 4174 femineum
3237 4133 3446 4185 sexum,
3466 4135 3563 4173 nec

1983 4219 2150 4263 artem
2176 4250 2190 4273 ,
2228 4225 2329 4264 nec
2377 4219 2742 4278 anpertatem
2785 4210 3126 4280 impedivisse
3185 4211 3394 4265 virtutis
3443 4225 3565 4264 cur-

1984 4317 2099 4355 sum
2123 4302 2153 4354 ἲν
2170 4302 2342 4356 viden‘
2375 4302 2686 4372 hospitalem
2729 4304 3008 4359 mulierem
3038 4315 3092 4360 et
3120 4307 3313 4366 virum,
3341 4304 3428 4375 qui
3457 4321 3559 4359 non

1985 4408 2166 4447 mensa
2211 4402 2436 4457 tantum,
2477 4394 2571 4449 sed
2601 4396 2760 4448 etiam
2789 4397 3046 4466 sanguine
3065 4394 3383 4467 Apostolum
3403 4412 3562 4450 exco-

1988 4482 2212 4552 perunt?
2253 4483 2388 4550 Quid
2428 4485 2569 4538 enim
2611 4485 2654 4538 si
2701 4501 2804 4538 non
2833 4487 2991 4539 etiam
3024 4485 3186 4540 occisi
3208 4487 3453 4540 suntiat
3485 4484 3561 4539 illi

1985 4592 2104 4645 qua:
2131 4591 2225 4630 sua
2257 4583 2410 4630 erant
2458 4577 2832 4646 impleverunt,
2877 4593 2939 4632 ac
2985 4578 3224 4633 viventes
3265 4587 3530 4648 martyres

1989 4666 2159 4732 fuere,
2179 4681 2240 4720 ac
2261 4682 2404 4735 sa-pe
2427 4678 2705 4738 martyres,
2746 4669 2836 4738 qui
2869 4684 3082 4736 semper
3111 4668 3277 4739 parati
3305 4676 3456 4722 erant
3495 4668 3562 4720 ad

1987 4756 2187 4812 ca'dcm
2216 4757 2585 4812 susﬁuendam
2615 4775 2712 4829 pro
2757 4760 2940 4814 Paulo.
2971 4759 3083 4813 Non
3111 4759 3252 4813 enim
3279 4757 3432 4823 dixit,
3458 4757 3561 4824 Qui

1991 4849 2238 4917 pecunias
2269 4848 2664 4917 impenderunt,
2710 4851 2799 4920 qui
2829 4850 3045 4904 domum
3072 4855 3437 4918 aperuerunt;
3469 4848 3563 4902 sed

1986 4937 2126 5008 quod
2155 4939 2400 4992 ontnibus
2431 4939 2602 5008 majus
2627 4950 2761 5004 erat,
2796 4939 3476 5008 cwdem-etjugulationem
3503 4935 3557 4991 in

1988 5031 2220 5086 medium
2247 5031 2475 5096 adducit,
2504 5042 2557 5085 ut
2579 5033 2802 5098 diceret,
2831 5032 3032 5087 caulem
3060 5047 3155 5102 pro
3183 5046 3268 5085 me
3285 5030 3560 5083 sustinen-

261 5132 409 5177 erat
429 5165 446 5190 ,
475 5124 567 5193 qui
596 5131 863 5177 mortuum
911 5122 1165 5175 mundum
1193 5137 1311 5175 esse
1340 5120 1589 5189 putabat,
1629 5121 1880 5176 caelorum

261 5215 454 5278 civis,
487 5215 917 5269 ferventissimus
948 5212 1148 5266 Christi
1177 5222 1404 5276 amator,
1439 5212 1562 5282 igne
1587 5212 1877 5277 ardentior,

261 5308 440 5361 ferro
471 5307 696 5372 firmior,
728 5306 1010 5361 adamante
1048 5306 1311 5360 solidior:
1360 5307 1445 5360 hic
1475 5323 1577 5359 non
1617 5306 1884 5361 erubescit

256 5398 346 5452 de
367 5398 607 5452 muliere
627 5398 828 5462 dicere,
848 5397 1090 5465 Adjutrix
1106 5395 1377 5449 multorum
1397 5397 1493 5466 fuit
1514 5403 1565 5448 et
1581 5397 1677 5448 mei
1695 5397 1882 5466 ipsius?

260 5505 474 5559 neque
504 5488 638 5543 dicit
668 5497 894 5553 tantum,
927 5489 1028 5543 sed
1061 5488 1220 5541 etiam
1251 5488 1464 5553 scribit;
1499 5502 1672 5556 neque
1700 5488 1883 5541 scribit

253 5579 636 5649 simpliciter,
665 5580 758 5634 sed
782 5580 1142 5634 Romanorum
1173 5579 1366 5648 populo
1391 5590 1555 5643 tanto,
1587 5579 1807 5632 tumenti
1829 5587 1883 5631 et

248 5672 463 5725 altum
494 5671 720 5740 sapienti
764 5678 980 5741 propter
1010 5682 1264 5726 externos
1294 5671 1525 5724 honores
1545 5711 1559 5734 ,
1604 5671 1738 5723 hanc
1764 5670 1880 5738 epi-

249 5764 489 5816 stolam
524 5763 667 5818 misit
695 5779 709 5815 :
744 5778 848 5816 non
879 5762 986 5816 illis
1025 5771 1228 5816 tantum
1257 5762 1553 5828 mandavit,
1585 5760 1678 5816 sed
1719 5761 1877 5816 etiam

250 5854 506 5911 volebat
539 5864 591 5910 ut
619 5854 1054 5924 generationibus
1083 5856 1319 5910 venturis
1345 5854 1457 5910 hcce
1482 5854 1651 5924 palam
1676 5866 1874 5910 essent.

1985 5123 2108 5177 dam
2136 5123 2472 5191 delegerunt.
2504 5125 2736 5179 Autliant
2767 5139 2911 5178 nunc
2939 5123 3131 5176 divites
3156 5162 3170 5185 ,
3196 5121 3284 5190 qui
3314 5119 3399 5173 vix
3426 5118 3561 5173 obo-

1989 5217 2096 5269 lum
2130 5217 2324 5271 sanctis
2353 5225 2580 5284 erogant
2613 5233 2626 5267 :
2660 5214 2734 5267 illi
2765 5222 2819 5267 et
2846 5213 3158 5282 sanguinem
3189 5209 3485 5272 dederunt,
3514 5217 3569 5263 ct

1988 5309 2148 5361 vitam
2176 5308 2342 5377 ipsam
2365 5306 2717 5373 depone-bant,
2742 5313 3048 5358 utsanctum
3066 5310 3343 5355 servarent
3360 5301 3566 5370 ipsique

1990 5402 2353 5455 ministrarent
2386 5400 2506 5467 :qui
2537 5406 2712 5450 autem
2737 5405 3027 5464 prmsentes
3051 5403 3174 5448 sunt
3195 5410 3259 5448 nc
3288 5394 3562 5447 tninimam

1989 5494 2200 5562 quidem
2223 5493 2532 5546 facultatum
2564 5502 2764 5558 partem
2788 5491 2971 5558 egenis
3001 5489 3152 5542 facile
3179 5498 3420 5557 erogent,
3439 5503 3561 5541 cum

1989 5585 2224 5639 Priscilla
2261 5594 2314 5638 et
2347 5583 2538 5652 Aquila
2569 5590 2622 5635 et
2651 5581 2902 5650 pecunias
2950 5589 3004 5635 et
3043 5595 3269 5647 corpora
3300 5587 3354 5632 et
3400 5579 3560 5632 vitam

1989 5677 2156 5745 ipsam
2211 5675 2422 5727 darent.
2455 5671 2642 5726 Viden'
2679 5680 2874 5740 quanta
2917 5671 2986 5724 sit
3034 5667 3224 5723 mulier
3261 5667 3562 5738 philosophi

1989 5765 2190 5819 animi?
2220 5774 2451 5834 quantus
2483 5764 2550 5816 sit
2577 5763 2654 5814 vir
2683 5760 2773 5829 qui
2805 5761 2855 5813 in
2903 5769 3213 5830 paupertate
3239 5769 3440 5817 etarte
3468 5773 3561 5813 sua

1989 5856 2154 5910 vivit?
2203 5855 2308 5910 llos
2357 5865 2531 5911 autent
2562 5853 2862 5917 imitemur,
2911 5863 2959 5907 et
2993 5853 3271 5922 prresentia
3302 5865 3559 5922 spernen-
