3966 6160
405 424 504 482 191

410 548 491 591 tes
519 575 531 596 .
577 530 751 586 omnia
780 526 844 583 ad
875 523 970 580 Dei
998 522 1251 593 placitum
1283 516 1649 588 evpendamus
1680 529 1691 564 :
1726 518 1781 566 ut
1812 507 1986 563 futura

407 637 803 692 consequamur
830 619 989 678 bona,
1018 617 1189 683 gratia
1218 622 1269 665 et
1296 608 1623 678 benignitate
1646 600 1854 658 Domini
1886 615 1986 653 no-

411 719 506 772 stri
536 690 663 771 Iesu
688 711 911 774 Christi,
949 721 1045 778 per
1072 720 1232 774 quem
1257 712 1309 756 et
1334 715 1457 755 cum
1487 712 1592 766 quo
1637 692 1778 750 Patri
1818 690 1984 761 gloria

1130 405 1185 463 S.
1227 400 1502 460 JO.\NNlS
1536 389 2010 453 CHRYSOSTOMI

2138 388 2363 448 ClllEP.
2403 384 2938 446 CONSTANTLNOP.

2092 520 2212 558 eum
2253 515 2438 559 sancto
2468 504 2704 574 Spiritu,
2736 521 2874 560 nunc
2903 513 2957 561 et
2983 516 3195 575 sempc"
3225 543 3240 567 ,
3290 511 3345 556 et
3387 501 3441 555 in
3485 500 3676 555 saecula

2093 597 2429 651 saeculorum.
2476 599 2668 651 Amen.

3580 376 3676 432 492

1926 818 2500 834 —————-——-—————
2530 809 3680 831 ’—————-——_——-——-—"~

1798 894 2145 957 HOMILIA
2191 893 2300 953 Vl.

416 1065 645 1124 Domitia
685 1061 852 1117 habita
875 1060 929 1114 in
955 1055 1163 1112 ecclesia
1202 1048 1564 1120 Apostolorum
1585 1087 1599 1110 ,
1626 1044 1681 1098 in
1710 1036 1791 1097 die
1817 1034 1991 1095 Theo—

484 1157 616 1213 dosii
677 1150 1045 1224 Imperatoris,
1098 1146 1338 1200 adversus
1391 1156 1477 1195 eos
1513 1135 1599 1207 qui
1641 1151 1694 1189 se
1745 1130 1994 1187 Catharos

487 1220 817 1320 appellabant
840 1240 918 1313 (a)
941 1278 960 1309 ,
985 1248 1251 1310 postquam
1294 1231 1397 1286 duo
1420 1229 1512 1285 alii
1553 1225 1776 1298 episcopi
1803 1220 1995 1293 loquuti

491 1346 716 1413 fuerant.

488 1400 541 1489 ᾖ.
568 1420 807 1501 Episcopi
829 1426 929 1481 duo
948 1431 1064 1477 ante
1081 1414 1493 1490 Cltrysostmnum
1506 1409 1808 1467 roncionati.
1833 1400 1999 1462 Theo-

420 1524 553 1584 dosii
581 1496 766 1593 magni
783 1517 982 1573 laudes.
1008 1545 1080 1558 —
1106 1510 1280 1581 Quam
1305 1505 1573 1579 egregium
1620 1513 1702 1558 est
1734 1516 1829 1593 par
1873 1496 2003 1593 illud

421 1629 608 1672 eorum
640 1586 730 1683 q'ui
751 1602 955 1681 loquuti
981 1614 1127 1670 sunt,
1154 1615 1382 1674 quorum
1412 1599 1549 1653 alius
1572 1594 1730 1648 boum
1760 1586 2004 1646 ministe-

425 1707 507 1761 rio
543 1719 723 1759 arcam
769 1676 970 1764 trahit,
1001 1690 1139 1752 alius
1179 1689 1442 1765 primitias
1486 1699 1795 1744 sermonum
1825 1676 2003 1736 οίΪει-ι.

425 1798 537 1857 Etsi
566 1797 709 1853 enim
739 1793 952 1850 illorum
985 1802 1118 1847 aetas
1159 1786 1374 1843 diversa
1409 1790 1513 1847 est,
1545 1789 1601 1834 at
1627 1792 1731 1833 una
1753 1784 1837 1831 est
1867 1771 2010 1843 agri-

425 1891 652 1952 culturae
675 1886 814 1943 ratio
842 1904 856 1940 :
888 1880 998 1938 hno
1024 1896 1156 1938 vero
1181 1896 1287 1935 non
1315 1877 1526 1933 diversa
1568 1881 1698 1926 tetas
1725 1880 1809 1924 est
1839 1887 1852 1921 :
1886 1881 2009 1921 nam

421 1984 606 2055 iunior
635 1979 864 2036 senioris
892 1977 1208 2050 gravitatem
1249 1966 1446 2034 habet,
1487 1975 1544 2024 et
1567 1965 1747 2020 senior
1782 1959 2013 2033 iunioris

425 2051 608 2145 vigore
630 2066 867 2142 ﬂoreque
896 2070 1188 2123 instructus
1214 2072 1317 2119 est.
1346 2061 1683 2130 Quapropter
1711 2071 1815 2109 non
1846 2051 2013 2105 aber-

431 2166 646 2228 raverit,
689 2163 780 2234 qui
809 2160 998 2216 ambos
1027 2168 1081 2213 et
1107 2171 1264 2212 senes
1293 2162 1348 2208 et
1370 2152 1599 2223 juvenes
1627 2161 1749 2203 esse
1776 2158 2012 2215 pronuu~

430 2257 664 2323 tiaverit,
684 2270 789 2311 non
815 2253 990 2310 aetatis
1010 2250 1236 2314 ratione,
1256 2246 1349 2303 sed
1379 2239 1542 2299 animi
1564 2236 1891 2298 conditione.
1907 2237 2017 2307 Age

431 2351 681 2423 ergojam
709 2359 764 2404 et
780 2363 876 2404 nos
902 2360 1115 2417 quoque
1132 2342 1347 2398 demum
1373 2348 1551 2393 nostra
1571 2330 1877 2390 aderamus.
1912 2329 2020 2385 Vos

433 2447 576 2499 enim
607 2439 860 2496 audiendi
889 2436 1070 2494 studio
1101 2431 1432 2490 insatiabiles
1457 2444 1578 2485 esse
1620 2426 1780 2481 video
1801 2465 1813 2489 ,
1846 2436 2021 2491 neque

436 2549 603 2607 parvo
630 2547 759 2605 erga
786 2531 1000 2587 beatum
1026 2522 1389 2582 Theodosium
1434 2517 1615 2574 ol'ticio
1641 2513 1885 2570 obstricti
1930 2526 2023 2567 su-

438 2641 583 2694 mus,
606 2640 713 2680 non
738 2621 861 2694 quia
890 2619 1203 2691 Imperator,
1227 2615 1321 2671 sed
1346 2611 1470 2684 quia
1496 2610 1612 2682 pius
1635 2609 1723 2664 ille
1745 2618 1890 2671 erat;
1915 2620 2021 2660 non

441 2717 565 2789 quia
591 2729 822 2787 purpura
852 2711 1103 2777 amictus,
1130 2707 1226 2763 sed
1257 2705 1378 2776 quia
1399 2702 1611 2759 Christo
1638 2699 1856 2755 indutus
1885 2707 2023 2761 erat,

443 2794 586 2882 quod
632 2809 1010 2864 Vestimeutum
1062 2815 1352 2871 uttntquam
1403 2795 1705 2860 veterascit,
1755 2800 1812 2847 et
1861 2790 2025 2846 lorica

441 2902 661 2973 iustitia:
687 2897 1007 2954 induebatur
1024 2937 1039 2960 ,
1066 2903 1227 2962 atque
1249 2891 1611 2946 caleeameuta
1643 2882 1846 2938 habens
1867 2890 2031 2936 etran-

445 2971 569 3064 gelii
597 2991 768 3062 pacis,
796 2999 849 3043 et
895 2985 1128 3057 gladium
1152 2982 1388 3050 Spiritus,
1418 2980 1772 3048 clypeumque
1804 2971 1948 3036 ﬁdei,
1976 2978 2031 3025 et

448 3086 654 3157 galeam
679 3078 930 3137 salutaris
950 3076 1164 3149 (Eplm.
1194 3071 1248 3129 6.
1279 3068 1538 3144 il).Cum
1562 3068 1643 3121 his
1661 3064 1823 3121 armis
1851 3073 2031 3134 tyran-

453 3155 551 3232 nos
576 3175 787 3231 evertit.
835 3171 1067 3242 priorem
1092 3167 1164 3241 (ὁ)
1196 3181 1261 3220 ac
1307 3163 1660 3235 posteriorem
1698 3177 1711 3212 :
1744 3158 1891 3213 illum
1917 3155 2036 3227 qui-

450 3271 573 3326 dem
601 3270 716 3324 sine
738 3266 920 3321 labore
942 3272 997 3319 et
1016 3260 1275 3333 sanguine
1291 3255 1454 3328 cepit,
1477 3270 1540 3310 ac
1563 3264 1817 3323 tropaeum
1838 3248 2034 3314 erexit,

458 3363 576 3416 sine
597 3357 866 3414 exercitus
894 3355 978 3411 sui
1003 3351 1149 3408 cattle
1174 3351 1255 3403 vel
1277 3348 1494 3404 minima
1514 3365 1525 3400 :
1549 3344 1689 3398 hunc
1714 3352 1889 3396 autem
1908 3354 2038 3393 con-

460 3468 647 3527 gressu
680 3451 841 3517 iacto,
867 3448 1014 3505 solus
1042 3447 1156 3516 ipse
1176 3437 1243 3498 de
1269 3440 1446 3497 medio
1475 3438 1708 3493 susmlit.
1732 3435 1866 3490 Cum
1894 3432 2038 3487 enim

454 3546 724 3603 exercitus
740 3544 899 3599 ambo
920 3540 1185 3609 utrimque
1211 3537 1263 3592 in
1287 3535 1403 3591 acie
1424 3532 1795 3601 conﬂigerent,
1819 3543 1883 3583 ac
1905 3526 2041 3581 telo-

454 3653 573 3694 rum
599 3635 794 3691 emissa
841 3631 1020 3698 nube,
1071 3625 1391 3684 instantibus
1436 3620 1750 3677 admodum'
1785 3615 2038 3681 inimicis,

449 3730 561 3800 jam
612 3727 695 3783 sui
748 3725 803 3781 in
847 3723 1026 3794 fugam
1074 3722 1519 3777 converterentur
1562 3731 1575 3767 :
1620 3728 1683 3767 ex
1740 3725 1879 3781 equo
1948 3708 2043 3763 ille

455 3820 728 3884 exsiliens,
758 3818 949 3890 clypeo
976 3812 1124 3868 humi
1154 3809 1402 3881 deposito
1427 3849 1443 3875 ,
1468 3805 1695 3876 genibus
1709 3800 1875 3857 ‘ﬂexis
1896 3842 1910 3867 ,
1933 3815 2043 3855 ca:-

457 3912 628 3971 lorum
650 3893 906 3964 animum
930 3904 1429 3977 postulabat,atque
1451 3897 1585 3952 aciei
1609 3911 1853 3965 campum
1879 3892 2048 3947 eccle-

458 4006 551 4064 sia:
576 4001 806 4057 iaciebat
830 4001 1027 4064 locum,
1059 4012 1164 4051 non
1188 3992 1418 4049 arcubus
1436 3998 1492 4046 et
1523 3989 1662 4052 telis,
1692 4003 1797 4042 non
1822 3984 2043 4051 laureis,

460 4095 555 4151 sed
584 4090 837 4165 lacrymis
876 4098 930 4144 et
963 4087 1210 4158 precibus
1242 4099 1481 4156 pugnans
1512 4099 1525 4135 :
1553 4081 1737 4150 sicque
1762 4088 2045 4132 ventorum

463 4189 662 4259 impetu
690 4185 871 4240 statim
897 4181 1219 4237 adveniente
1244 4219 1258 4244 ,
1288 4177 1520 4231 hostiqu
1556 4174 1659 4229 tela
1686 4182 1871 4227 contra
1902 4171 2048 4239 ipsos

464 4281 649 4335 hostes
682 4277 1024 4340 ferebantur;
1075 4274 1125 4325 hi
1171 4286 1302 4325 vero
1352 4269 1587 4323 furorem
1638 4275 1799 4335 atque
1845 4262 2047 4317 ea-dcm

470 4371 762 4442 spirantes,
794 4367 896 4421 hoc
919 4365 1005 4420 ubi
1038 4365 1305 4428 viderunt,
1336 4361 1513 4416 statim
1541 4357 1877 4421 commutati,
1909 4357 2051 4409 hunc

470 4462 858 4532 Imperatorem
888 4455 1306 4526 proelantavere,
1333 4462 1388 4508 et
1417 4466 1570 4506 suum
1602 4449 1793 4505 vinctis
1828 4464 1861 4503 a
1902 4457 2051 4518 tergo

472 4552 716 4608 manibus
745 4549 845 4620 ipsi
875 4547 1226 4603 tradiderunt.
1271 4548 1347 4601 Ac
1387 4544 1651 4614 gloriosus
1690 4559 1938 4597 reversus
1969 4550 2053 4595 est

468 4648 658 4705 beatus
675 4642 1034 4705 Theodosius,
1068 4656 1174 4694 non
1199 4654 1267 4693 ex
1293 4637 1514 4691 victoria
1536 4636 1734 4702 solum,
1758 4636 1849 4690 sed
1878 4651 1940 4689 ex
1977 4633 2054 4686 \i-

468 4740 653 4797 storias
691 4736 872 4793 modo.
896 4728 1013 4789 Non
1041 4732 1183 4786 enim
1204 4771 1221 4796 ,
1264 4728 1483 4801 perinde
1508 4736 1668 4797 atque
1693 4741 1812 4780 cum
1842 4728 2053 4780 eteteris

462 4828 911 4902 lmperatoribus,
954 4824 1140 4895 ιωρωὶ
1164 4838 1285 4878 eum
1312 4822 1427 4890 ipso
1454 4819 1737 4890 participes
1756 4827 1877 4873 sunt
1916 4815 2055 4869 tulli-

473 4936 591 4988 tes;
619 4921 713 4976 sed
762 4928 930 4974 totum
979 4916 1146 4985 ipsius
1193 4920 1422 4976 tantum,
1463 4920 1518 4965 et
1562 4910 1731 4980 ipsius
1775 4907 1900 4963 lidei
1933 4906 2051 4960 fuit.

472 5015 596 5069 Ideo
624 5013 799 5082 ipsum
832 5009 1046 5064 beatum
1067 5046 1083 5071 ,
1112 5019 1287 5073 neque
1316 5013 1584 5056 mortuum
1609 4999 1837 5054 dicimus
1870 5015 1884 5052 :
1929 5012 2051 5052 nam

468 5103 576 5178 ’ριιὶ
602 5102 832 5157 creditin
859 5115 958 5160 me,
985 5096 1174 5166 inquit,
1213 5093 1408 5147 etiamsi
1437 5100 1663 5146 mortuus
1691 5090 1858 5160 fuerit,
1892 5089 2057 5154 vivet;

470 5210 516 5251 ct
553 5196 715 5251 omnis
734 5192 817 5266 qui
846 5190 961 5244 vivit
986 5200 1031 5242 et
1060 5185 1216 5241 credit
1241 5186 1293 5238 in
1318 5198 1394 5237 me
1418 5224 1432 5247 ,
1461 5198 1561 5236 non
1588 5181 1827 5235 morietur
1858 5182 1872 5248 (
1897 5179 2054 5232 Jama.

471 5291 560 5345 M.
589 5288 702 5357 25).
755 5286 879 5339 llaec
907 5280 1151 5338 Christus
1170 5277 1337 5342 dixit,
1366 5275 1480 5329 haec
1504 5289 1599 5346 per
1627 5288 1788 5343 opera
1828 5272 2053 5338 fulgent.

470 5379 614 5452 Quid
631 5392 789 5449 ergo,
806 5375 1043 5446 inquies,
1066 5386 1249 5428 annon
1269 5378 1510 5422 mortuus
1535 5374 1617 5422 est
1637 5366 1658 5418 ?
1676 5364 2017 5435 Nequaquam
2041 5383 2053 5417 :

534 5607 609 5670 (α)
650 5602 712 5654 Hi
751 5607 891 5655 erant
929 5598 1185 5650 Novatiani
1344 5589 1750 5667 Constantinopoli
1782 5591 2057 5664 episcopum

534 5673 560 5704 ιι
601 5664 899 5704 nom-tiaram
932 5661 1195 5704 lambebant.
1277 5658 1355 5704 tde
1392 5653 1628 5704 htttlltan.
1664 5654 1795 5704 Hadr.
1833 5655 1912 5704 ὺυ.
1948 5661 1984 5701 ι.
2014 5654 2057 5704 1.

473 5653 899 5721 εἱιὲι”ιιεειιιίἐιι·εω
932 5653 1355 5721 iubebantLVide
1392 5653 1628 5721 Epiphan.
1660 5653 1795 5704 Hadr.
1833 5655 1912 5713 δυ,
1948 5661 1984 5701 ι.
2014 5654 2057 5710 l,

658 5741 791 5792 sqq,
817 5725 1073 5792 Augustin.
1098 5720 1173 5769 De
1197 5718 1329 5792 Haec.
1355 5732 1460 5792 gap.
1476 5717 1562 5790 _‘28.

540 5775 631 5850 (bi
658 5775 794 5839 Piibr
836 5775 922 5835 ille
951 5792 1181 5847 tyrannus
1219 5789 1323 5833 erat
1361 5775 1601 5830 Maximus
1633 5777 1874 5828 secundus
1902 5775 2059 5839 linge-

479 5866 606 5904 ωιιε.

2098 1051 2268 1104 ιιειιιιε
2298 1035 2441 1089 enim
2473 1034 2575 1089 hoc
2600 1030 2834 1089 dixerim
2867 1049 2988 1089 esse
3013 1044 3239 1088 mortem
3266 1075 3281 1099 ,
3313 1032 3408 1088 sed
3441 1048 3683 1089 somnum

2099 1124 2381 1197 quemdam
2405 1138 2457 1183 et
2478 1125 2979 1197 peregrinationem.
3003 1124 3067 1181 Ut
3083 1126 3227 1181 enim
3249 1124 3542 1179 viventium
3556 1126 3684 1178 mul-

2104 1220 2145 1275 ti
2182 1228 2326 1287 sunt,
2353 1216 2441 1290 qui
2469 1219 2622 1289 quasi
2653 1218 2707 1273 in
2750 1218 2999 1289 sepulcro
3038 1234 3171 1274 cum-
3200 1234 3425 1288 corpore
3459 1220 3685 1272 animam

2106 1312 2470 1383 deposuerunt
2502 1329 2514 1365 :
2541 1310 2619 1365 sic
2648 1326 2714 1366 ex
2759 1314 2987 1366 mortuis
3034 1309 3189 1364 multi
3232 1309 3440 1375 vivunt,
3488 1307 3688 1379 justitia

2110 1405 2374 1476 fulgentes
2403 1422 2417 1459 :
2446 1405 2585 1460 sicut
2609 1411 2663 1460 et
2683 1404 2770 1460 hic
2799 1402 3005 1460 beatus.
3024 1400 3179 1459 Mors
3206 1403 3352 1459 enim
3383 1413 3466 1458 est
3486 1403 3686 1474 gravis-

2108 1498 2266 1564 sima,
2299 1510 2355 1554 et
2382 1514 2509 1554 vere
2537 1513 2705 1563 mors,
2729 1512 2790 1553 ea
2823 1514 2944 1567 quae
2973 1514 3037 1552 ex
3067 1506 3290 1567 peccato
3319 1494 3522 1565 paritur
3545 1537 3560 1559 ,
3591 1512 3689 1566 qua

2111 1607 2403 1661 numquam
2433 1591 2571 1645 mori
2594 1590 2723 1645 dicit
2750 1590 2841 1645 ille
2866 1605 2961 1644 eos
2987 1590 3076 1659 qui
3117 1589 3169 1643 iu
3194 1602 3253 1642 se
3282 1582 3531 1643 credunt.
3563 1586 3690 1642 Nam

2112 1684 2213 1750 Qui
2239 1684 2352 1738 vivit
2373 1694 2419 1737 et
2444 1684 2601 1738 credit
2624 1685 2677 1737 in
2700 1700 2798 1749 me,
2823 1682 3012 1754 inquit,
3059 1698 3161 1736 non
3189 1681 3429 1736 morietur
3472 1680 3690 1751 (a)......

2180 1776 2238 1832 2.
2272 1776 2459 1831 Contra
2478 1774 2747 1831 Catharos.
2778 1805 2851 1815 -—
2872 1772 2953 1828 An
2985 1773 3074 1844 qui
3103 1773 3256 1843 quasi
3284 1773 3455 1828 alatus
3500 1783 3692 1826 terram

2113 1878 2168 1925 et
2214 1884 2363 1924 mare
2405 1867 2871 1933 circumcucurrit,
2901 1865 2992 1936 qui
3038 1866 3351 1920 innumeras
3399 1874 3589 1935 gentes
3632 1861 3696 1918 ad

2114 1960 2385 2018 Christum
2411 1959 2668 2023 adduxit,
2698 1957 2790 2028 qui
2816 1968 3135 2012 arcanorum
3168 1957 3546 2028 mysteriorum
3575 1970 3697 2026 par-

2116 2052 2287 2122 ticeps
2315 2050 2483 2105 factus
2529 2060 2633 2115 est,
2662 2045 2753 2119 qui
2799 2049 2851 2102 in
2899 2050 3116 2103 tertium
3155 2048 3351 2102 caelum
3384 2058 3593 2117 raptus,
3632 2061 3697 2100 an

2121 2143 2224 2199 tale
2269 2140 2539 2213 quidpiam
2566 2136 2634 2196 de
2661 2155 2721 2195 se
2756 2139 2935 2205 dicere
2962 2154 3125 2194 ausus
3167 2140 3287 2193 est?
3315 2132 3699 2208 Nequaquam.

2119 2236 2213 2293 sed
2242 2237 2569 2293 contrarium
2618 2249 2844 2305 prorsus
2889 2252 2902 2289 :
2941 2230 3244 2288 abortivum
3273 2248 3333 2289 se
3374 2233 3623 2294 vocabat,
3653 2240 3706 2286 et

2123 2329 2368 2383 ultimum
2405 2324 2778 2398 apostolorum
2805 2368 2820 2391 ,
2850 2340 2951 2380 nec
2993 2340 3052 2379 se
3095 2324 3315 2394 dignum
3343 2339 3467 2379 esse
3495 2323 3709 2393 putabat

2123 2422 2215 2492 qui
2261 2421 2362 2475 hoc
2405 2419 2621 2475 nomine
2676 2428 2977 2473 vocaretur.
3038 2416 3157 2473 Non
3218 2434 3331 2471 sum
3384 2412 3572 2488 dignus
3633 2418 3709 2470 in-

2124 2513 2276 2584 quit,
2309 2514 2478 2566 vocari
2509 2513 2769 2583 apostolus
2791 2511 2866 2580 (.1.
2898 2511 3018 2565 Cor.
3050 2510 3139 2566 15.
3172 2510 3267 2581 9).
3302 2510 3561 2578 Quaenam
3587 2524 3713 2576 ergo

2126 2613 2210 2658 est
2237 2604 2351 2656 hinc
2375 2602 2724 2671 arrogantia?
2753 2616 3000 2671 quamam
3026 2598 3282 2671 iactantia
3302 2600 3326 2654 ?
3350 2614 3598 2671 quautam
3633 2600 3713 2651 iu-

2128 2695 2315 2749 Sania?
2343 2698 2503 2749 homo
2532 2709 2652 2748 cum
2679 2693 2776 2758 sis,
2809 2705 2860 2748 te
2890 2689 3194 2747 Eatltarum
3242 2693 3359 2747 sive
3386 2708 3579 2761 purum
3601 2706 3720 2745 esse

2129 2788 2288 2856 dicis,
2306 2798 2360 2841 et
2386 2799 2437 2843 te
2456 2804 2642 2856 purum
2666 2802 2785 2841 esse
2815 2800 3126 2856 persuasum
3147 2783 3351 2840 habes?
3381 2793 3436 2839 et
3460 2793 3719 2853 quantum

2132 2882 2233 2938 boc
2258 2883 2619 2937 insaniae'est?
2647 2879 2777 2935 Nam
2826 2894 2949 2934 eum
2989 2887 3038 2933 te
3064 2893 3256 2949 purum
3296 2875 3453 2942 dicis,
3502 2875 3724 2947 perinde

2136 2972 2287 3038 facis,
2316 2987 2381 3027 ac
2425 2973 2470 3026 si
2502 2972 2624 3043 quis
2651 2970 2855 3026 diceret
2884 2984 3032 3025 mare
3060 2968 3309 3023 ﬂuctibus
3338 2982 3459 3024 esse
3506 2983 3718 3037 purum.

2135 3069 2520 3145 Sieutergoilli
2562 3068 2752 3122 ﬂuctus
2805 3081 3097 3136 numquam
3134 3064 3424 3128 deficiunt,
3450 3063 3523 3117 ita
3552 3078 3726 3131 neque

2137 3162 2294 3217 nobis
2311 3170 2545 3231 peccata.
2570 3163 2764 3214 Annon
2791 3160 2929 3212 nosti
2957 3158 3173 3226 quinam
3192 3156 3380 3221 simus;
3405 3155 3723 3226 gaudentes,

2139 3264 2463 3319 maerentes;
2487 3252 2700 3317 divites,
2724 3265 3014 3321 pauperes;
3032 3249 3353 3304 contumelia
3374 3244 3578 3312 atfecti,
3611 3249 3729 3300 lan-

2140 3348 2271 3413 dati,
2296 3346 2456 3416 pulsi,
2481 3345 2623 3401 bello
2644 3344 2890 3416 impetiti,
2911 3346 3097 3414 requie
3117 3342 3377 3409 fruentes;
3400 3342 3728 3407 esurientes,

2140 3441 2356 3497 satiati?
2383 3440 2632 3497 Sexeeuti
2659 3440 2859 3509 agitant
2878 3440 3109 3494 animam
3153 3449 3330 3492 motus
3354 3451 3419 3491 ac
3441 3435 3729 3507 perturba-

2144 3535 2339 3595 tiones,
2394 3540 2647 3587 sexcenta
2677 3531 2887 3601 negotia
2908 3570 2923 3596 ,
2951 3528 3193 3584 sexcenti
3226 3528 3474 3599 corporis
3513 3526 3688 3582 morbi
3713 3565 3730 3589 ,

2144 3634 2410 3679 sexcenta:
2459 3638 2637 3679 rerum
2679 3622 3106 3692 inaequalitates;
3154 3629 3210 3675 et
3244 3620 3410 3675 audes
3448 3618 3633 3674 dicere
3682 3628 3734 3671 te

2147 3719 2201 3774 in
2239 3718 2427 3789 euripo
2462 3716 2813 3787 procellarqu
2862 3714 3046 3768 talium
3098 3728 3288 3784 purum
3317 3712 3482 3766 esse?
3517 3720 3571 3766 et
3605 3708 3735 3781 quid

2148 3812 2407 3882 impurius
2425 3810 2583 3866 fuerit
2603 3826 2669 3866 eo
2690 3811 2780 3880 qui
2805 3811 2875 3864 ita
2895 3807 3120 3864 alfectus
3145 3809 3266 3862 est?
3293 3807 3360 3862 Et
3384 3805 3514 3877 quid
3536 3806 3607 3862 de
3625 3805 3735 3859 vita

2151 3915 2258 3962 tota
2285 3904 2516 3975 loquor?
2550 3904 2636 3960 dic
2666 3903 2794 3957 mihi
2822 3944 2836 3966 ,
2864 3917 2932 3956 an
2971 3901 3152 3956 dicere
3177 3902 3296 3971 quis
3331 3900 3529 3970 poterit
3556 3913 3616 3954 se
3653 3897 3736 3951 vel

2151 4013 2257 4052 uno
2285 3997 2372 4052 die
2412 4011 2601 4066 purum
2634 3994 2792 4048 esse?
2823 3993 3048 4048 Etiamsi
3073 3996 3217 4047 enim
3263 4006 3368 4045 non
3396 3989 3697 4045 foruicetur
3719 4029 3734 4051 .

2151 4091 2236 4145 vel
2256 4090 2576 4145 adulterium
2609 4086 2874 4152 admittat,
2917 4084 3126 4141 etiamsi
3155 4085 3205 4138 in
3253 4083 3400 4138 nullo
3432 4079 3740 4152 hujusmodi

2154 4179 2423 4251 prohibito
2455 4188 2672 4248 peccet,
2702 4178 2969 4246 poteritne
2996 4175 3213 4246 gloriari
3246 4216 3262 4242 ,
3295 4174 3434 4244 quod
3466 4190 3575 4228 non
3606 4188 3743 4227 vana

2150 4271 2318 4342 glutia
2341 4270 2499 4325 fuerit
2528 4267 2769 4334 allectus,
2793 4267 2931 4338 quod
2961 4281 3065 4321 non
3087 4266 3388 4335 arrogantia
3411 4305 3427 4329 ,
3455 4265 3602 4335 quod
3630 4279 3737 4318 nou

2154 4362 2435 4433 impudicis
2460 4360 2727 4430 aSpexerit
2765 4358 2935 4415 oculis
2961 4399 2974 4423 ,
3005 4357 3145 4427 quod
3178 4372 3283 4410 non
3332 4356 3568 4424 proximi
3603 4356 3743 4408 bona

2154 4452 2543 4523 concupiverit,
2573 4452 2713 4521 quod
2742 4466 2847 4504 non
2875 4450 3131 4504 mentitus
3163 4447 3324 4501 fuerit
3343 4487 3358 4511 ,
3386 4445 3533 4516 quod
3560 4446 3741 4499 dolum

2155 4561 2262 4601 non
2301 4543 2595 4606 struxerit,
2626 4541 2766 4612 quod
2795 4555 2899 4595 non
2945 4539 3080 4594 mala
3109 4538 3435 4606 imprecatus
3461 4537 3536 4590 sit
3564 4536 3771 4590 illiilli'\

2155 4639 2255 4702 eis,
2286 4636 2429 4707 quod
2457 4652 2561 4689 non
2592 4633 2839 4689 inviderit
2869 4629 3161 4686 amico?Si
3200 4636 3377 4682 autem
3407 4628 3454 4684 is
3494 4630 3586 4698 qui
3606 4628 3744 4682 ami-

2155 4747 2279 4787 cum
2305 4739 2481 4795 amat,
2506 4728 2639 4783 nihil
2668 4728 2842 4781 minus
2870 4723 3089 4778 habebit
3118 4737 3214 4792 pro
3233 4736 3290 4775 re
3312 4720 3429 4788 illa,
3455 4736 3619 4791 quam
3649 4734 3746 4790 pu-

2159 4824 2436 4887 blicanus;
2465 4836 2570 4890 qua
2589 4820 2742 4875 venia
2762 4818 2953 4887 dignus
2979 4816 3084 4870 erit
3105 4815 3151 4870 is
3171 4812 3261 4884 qui
3293 4813 3472 4867 amico
3499 4808 3739 4867 invidet?

2157 4919 2259 4973 Tot
2281 4919 2567 4985 absorptus
2597 4913 2751 4967 malis
2775 4910 2941 4966 audes
2968 4919 3018 4963 te
3050 4922 3239 4978 purum
3278 4905 3504 4961 dicere?
3533 4907 3606 4961 At
3647 4903 3739 4959 ho-

2160 5025 2277 5065 rum
2325 5007 2626 5078 arrogantia
2662 5021 2767 5058 non
2822 5003 2945 5057 hinc
2986 5001 3180 5065 solum,
3212 4998 3307 5053 sed
3336 4997 3560 5052 aliunde
3580 4997 3741 5053 etiam

2162 5101 2544 5160 monstrabitur
2567 5115 2581 5152 :
2604 5111 2703 5152 vos
2736 5103 2913 5149 autem
2935 5103 3272 5161 vestramque
3292 5091 3574 5145 caritatem
3595 5100 3742 5158 rogo,

2162 5200 2278 5253 iure
2305 5195 2484 5251 omnia
2513 5198 2843 5262 reputantes,
2873 5188 2940 5241 ab
2966 5186 3176 5241 illorum
3217 5168 3475 5253 jactantia
3506 5198 3603 5237 vos
3633 5184 3747 5237 cxi-

2162 5289 2339 5351 matis,
2367 5294 2423 5341 et
2447 5285 2657 5339 illorum
2700 5262 3063 5349 arrogantiam
3102 5276 3396 5329 vitetiszet
3430 5289 3555 5328 cum
3602 5271 3749 5327 omni

2162 5379 2341 5435 studio
2364 5377 2565 5432 curetis
2588 5372 2819 5427 :tdmiSaa
2860 5377 3073 5440 peccata
3097 5366 3337 5430 abluere.
3355 5376 3410 5421 et
3436 5366 3751 5422 accedentia

2163 5469 2485 5543 prepellere.
2516 5464 2736 5522 Etiamsi
2778 5462 2922 5518 enim
2951 5461 3231 5516 innumera
3284 5459 3388 5513 nos
3412 5457 3751 5512 circumdant

2228 5711 2299 5771 (a)
2335 5706 2423 5759 Hic
2441 5708 2550 5757 duae
2572 5706 2759 5796 paginae
2780 5702 2960 5752 deesse
2980 5701 3223 5772 videntur,
3253 5700 3299 5749 in
3323 5698 3501 5762 quibus
3525 5697 3751 5747 t‘atharo-

2228 5786 2271 5796 ι..
2297 5771 2604 5796 ς........1η.ιι;..ι
2630 5768 2646 5796 ι
2669 5766 2761 5796 ωιιί
2789 5765 3067 5796 ιιιιιιιιιὶθηιηῖ
3092 5766 3216 5796 lnrtn
3239 5763 3517 5796 nnnncnnril
3547 5759 3749 5796 ιΊιι-ιιαι

2165 5759 2604 5833 νυῖιιῖιιιιιιιιιειὶιὶὼ
2627 5759 2763 5820 Pauli
2788 5765 3069 5816 modestiam
3092 5761 3217 5814 tbrte
3239 5759 3524 5826 (iplmttet’il
3547 5759 3749 5820 ιῖιιτιιο·

2168 5844 2367 5885 stemus.
