3966 6160
260 390 359 449 ενι

257 509 369 565 τῶν
403 506 711 580 μελλόντων
748 502 1095 576 ἐπιτύχωμεν
1151 502 1395 573 ἀγαθῶν,
1450 505 1632 577 χάριτι
1677 507 1770 560 καὶ
1815 506 1934 577 φιλ..

260 596 549 670 ιινθριιιτιίιρ⁸
579 593 674 648 τοῦ
707 591 914 662 Κυρίου
947 590 1104 662 ἡμῶν
1142 591 1318 663 Ἰησοῦ
1351 592 1608 663 Χριστοῦ,
1637 593 1705 647 δι’
1736 587 1817 661 οὖ,
1840 596 1931 647 καὶ

1298 389 1366 443 VI
1396 389 1702 455 HOMILIA,
1741 390 2112 450 ADVERSUS
2149 392 2545 450 CATHAIKOS.

3603 392 3707 445 4θί

2043 509 2162 580 μεθ’
2192 501 2252 563 οὐ
2282 508 2360 579 τῷ
2389 508 2561 581 Πατρὶ
2589 510 2622 579 ἡ
2664 508 2811 574 δόξα,
2848 510 2963 581 ἀμα
3001 508 3080 580 τῷ
3112 508 3253 579 ἀγίῳ
3286 510 3586 580 Πνεύματι,
3616 491 3729 564 νῦν

2039 599 2132 651 καὶ
2155 598 2262 662 ἀεὶ,
2290 599 2381 653 καὶ
2402 600 2481 660 είς
2510 599 2635 661 τοὺς
2665 598 2863 663 αἰῶνας
2891 599 3002 652 τῶν
3034 596 3265 653 αίώνων.
3305 598 3497 669 Ἀμήν.

1764 1303 2008 1358 omnm
2041 1302 2136 1369 cr.

272 1514 512 1585 Ὁμιλιά
549 1514 808 1583 ῥηθεῖσα
844 1515 914 1585 ἐν
955 1514 1081 1583 τοῖς
1110 1515 1495 1585 Ἅποστὸλοις
1530 1513 1600 1568 ἐν
1641 1511 1717 1580 τῇ
1744 1512 1935 1585 ἡμέρᾳ

330 1582 973 1651 Θεοδοσίουβασιλέως
992 1585 1143 1653 πρὸς
1162 1585 1304 1651 τοὺς
1316 1584 1655 1648 καλοῦντας
1677 1582 1935 1648 ἑαυτοὺς

332 1656 663 1725 Καθαροὺς,
687 1655 905 1725 ἑτέρων
919 1658 980 1721 β’
1008 1656 1358 1709 ἐπισκόπων
1381 1655 1722 1723 εἰρηκότων.

332 1761 405 1819 α’.
443 1762 533 1825 Ὧς
555 1760 696 1832 καλὴ
747 1761 855 1815 τῶν
899 1762 1197 1833 εἰρηκότων
1228 1762 1263 1832 ἡ
1294 1759 1543 1831 ξυνωρὶς,
1587 1757 1678 1812 τοῦ
1721 1758 1820 1829 μὲν
1849 1758 1937 1812 διά

259 1851 372 1905 τῶν
406 1852 545 1921 βοῶν
561 1851 663 1921 τὴν
691 1848 922 1905 κιϐωτὸν
951 1849 1222 1912 ἕλκοντος,
1250 1848 1345 1903 τοῦ
1365 1849 1422 1902 δέ
1438 1848 1535 1911 τὰς
1561 1847 1816 1918 ἀπαρχὰς
1830 1845 1937 1899 τῶν

260 1939 439 2009 λόγων
459 1940 820 2002 ἀνατιθέντος.
853 1940 916 1992 El
937 1939 1047 2011 7&9
1077 1940 1170 1992 καὶ
1188 1938 1444 2007 διάφορος
1464 1935 1644 1990 αὐτῶν
1669 1937 1703 2005 ἡ
1729 1934 1938 2007 ἡλικία,

258 2028 401 2083 ἀλλά
431 2028 532 2099 μία
558 2028 659 2097 τῆς
682 2027 955 2098 γεωργίας
984 2028 1018 2097 ἡ
1060 2026 1173 2080 ίδέα
1196 2044 1209 2058 ·
1254 2024 1407 2098 ίδὸιί]
1441 2024 1641 2096 μᾶλλον
1668 2023 1726 2078 δὲ
1754 2023 1875 2077 οὐδὲ
1904 2024 1940 2093 ἡ

256 2113 447 2183 ἡλικία
483 2116 740 2188 διάφορος
762 2133 777 2147 ’
810 2116 838 2170 ὃ
867 2131 926 2167 τε
954 2115 1063 2185 γὰρ
1084 2115 1203 2178 νέος
1225 2114 1286 2169 τὸ
1304 2112 1562 2177 εὐσταθὲς
1586 2111 1698 2182 ἔχει
1724 2109 1819 2165 τοῦ
1854 2127 1943 2180 γε-

258 2204 589 2277 γηρακότος,
613 2204 643 2258 δ
668 2221 726 2257 τε
754 2202 1081 2275 γεγηρακὼς
1099 2204 1161 2257 τὸ
1184 2201 1431 2273 σφριγῶν
1451 2201 1547 2255 καὶ
1566 2199 1813 2271 ἀκμάζον
1844 2197 1941 2252 τοῦ

259 2292 387 2346 νέου
410 2305 427 2324 ⁸
458 2290 599 2346 ὥστε
625 2292 724 2345 οὐκ
749 2291 814 2346 ἀν
837 2308 922 2355 τις
951 2290 1187 2361 ἁμάρτοι
1216 2289 1561 2359 ἀμφοτέρους
1581 2288 1674 2342 καὶ
1703 2283 1941 2356 πρεσϐύ-

257 2395 362 2442 τας
389 2380 484 2434 καὶ
513 2379 666 2442 νέους
688 2377 1028 2449 προσειπὼν,
1067 2377 1128 2432 οὐ
1149 2375 1292 2431 κατά
1314 2375 1418 2447 τὴν
1442 2374 1556 2442 ἕξιν
1581 2373 1680 2443 τῆς
1700 2371 1940 2444 ἡλικίας,

258 2468 403 2522 ἀλλά
434 2468 577 2523 κατὰ
594 2467 695 2540 τὴν
714 2466 952 2523 διάθεσιν
972 2467 1074 2537 τῆς
1104 2464 1352 2537 γνώμης.
1386 2464 1523 2536 Φέρε
1545 2463 1611 2534 δὴ
1631 2462 1816 2517 λοιπὸν
1845 2462 1943 2517 καὶ

259 2558 431 2626 ἡμεῖς
484 2557 555 2610 τά
616 2556 746 2627 παρ’
786 2555 947 2629 ἡμῶν
1002 2554 1184 2608 αὐτῶν
1219 2553 1642 2623 είσενέγκωμεν.
1674 2552 1785 2605 Καὶ
1831 2550 1943 2621 7&9

259 2644 562 2716 ἀκόρεστον
593 2643 746 2714 ὑμῶν
778 2643 889 2715 ὁρῶ
915 2642 1016 2715 τὴν
1042 2643 1213 2713 ἀκοὴν
1247 2636 1432 2707 οὖσαν,
1471 2642 1566 2694 καὶ
1596 2640 1757 2712 χρέος
1784 2640 1848 2693 οὐ
1882 2638 1945 2693 τὸ

261 2734 427 2803 τυχὸν
456 2734 743 2805 ὀφείλομεν
772 2732 852 2804 τῷ
878 2732 1134 2805 μακαρίῳ
1154 2730 1437 2801 Θεοδοσίῳ,
1457 2730 1554 2800 οὐχ
1575 2730 1657 2783 ὅτι
1691 2728 1945 2799 βασιλεὺς

259 2816 353 2892 ἦν,
388 2821 508 2875 ἀλλ’
529 2822 613 2875 ὅτι
653 2821 901 2892 εὐσεϐὴς,
936 2821 1035 2892 οὐχ
1076 2822 1157 2875 ὅτι
1197 2819 1487 2892 ἁλουργίδα
1516 2814 1584 2890 ἦν
1608 2817 1939 2889 περιϐεϐλη-

243 2911 452 2981 μένος,
481 2909 598 2963 ἀλλ’
630 2910 712 2963 ὅτι
743 2907 977 2980 Χριστὸν
1023 2905 1091 2979 ἦν
1131 2908 1494 2979 ἐνδεδυμένος,
1526 2907 1741 2976 ἱμάτιον
1778 2905 1942 2976 μηδέ-

261 3012 399 3052 ποτε
444 2996 863 3068 παλαιούμενον,
907 2996 1114 3050 καὶτὸν
1162 2993 1387 3065 Θώρακα
1434 2993 1711 3046 ἐνεδέδυτο
1742 2992 1840 3062 τῆς
1866 2993 1943 3045 δι-

262 3084 584 3157 καιοσύνης,
617 3086 710 3138 καὶ
739 3084 808 3137 τά
830 3083 1150 3155 ὑποδήματα
1183 3080 1278 3135 τοῦ
1318 3080 1637 3149 εὐαγγελίου
1667 3078 1768 3149 τῆς
1791 3079 1942 3150 είρή-

263 3193 387 3245 νης,
424 3175 520 3228 καὶ
546 3174 644 3244 τὴν
664 3172 943 3244 μάχαιραν
986 3171 1081 3224 τοῦ
1117 3169 1447 3239 πνεύματος.
1482 3169 1577 3223 καὶ
1601 3167 1698 3238 τὴν
1740 3167 1943 3221 ἀσπίδα

262 3265 364 3333 τῆς
388 3262 648 3326 πίστεως,
678 3261 774 3315 καὶ
795 3260 893 3331 τὴν
911 3258 1338 3330 περικεφαλαίαν
1358 3259 1452 3311 τοῦ
1471 3256 1759 3328 σωτηρίου.
1787 3256 1943 3310 Μετὰ

264 3350 475 3404 τούτων
498 3349 608 3404 τῶν
629 3349 808 3404 ὃπλων
824 3350 951 3412 τοὺς
980 3348 1275 3419 τυράννους
1302 3345 1588 3407 κατέλυσε,
1621 3344 1713 3398 τόν
1733 3360 1792 3397 τε
1818 3342 1946 3414 πρό-

261 3454 425 3506 τερον
441 3438 538 3492 καὶ
552 3438 644 3491 τὸν
663 3436 908 3508 ἔσχατον.
933 3436 1035 3489 Τὸν
1067 3436 1164 3507 μὲν
1178 3435 1286 3507 γὰρ
1303 3435 1535 3505 ἀπονητὶ
1561 3433 1656 3487 καὶ
1671 3432 1944 3502 ἀναιμωτὶ

265 3524 472 3589 λαϐὼν,
501 3526 563 3579 τὸ
585 3526 846 3598 τρόπαιον
878 3525 1095 3595 ἔστησε,
1121 3524 1256 3595 μηδὲ
1287 3522 1481 3594 μικρὸν
1524 3519 1812 3576 ἀποϐαλὼν
1848 3518 1944 3572 τοῦ

264 3614 633 3685 στρατοπέδου
652 3630 665 3643 ·
690 3614 781 3668 τὸν
804 3613 862 3666 δὲ
886 3612 1156 3684 συμϐολῆς
1174 3611 1473 3682 γενομένης
1497 3610 1654 3680 μόνος
1676 3607 1941 3663 καθεῖλεν.

279 3702 502 3774 Ἐπειδὴ
555 3702 664 3775 7&9
706 3703 764 3769 ἐξ
801 3700 1062 3772 ἐκατέρου
1095 3700 1296 3770 μέρους
1326 3697 1396 3751 τὰ
1437 3695 1772 3768 στρατόπεδα
1800 3712 1945 3765 παρ-

263 3790 545 3855 ἐτάττετο,
568 3789 662 3843 καὶ
683 3789 818 3858 νέφη
843 3786 1012 3858 βελῶν
1032 3787 1241 3857 ἠφίετο,
1264 3785 1368 3858 καὶ.
1390 3783 1569 3855 τροπὴ
1597 3783 1706 3836 τῶν
1731 3781 1946 3835 οἰκείων

263 3877 503 3947 ἐγίνετο,
534 3850 647 3930 τῶν
676 3850 932 3929 ἐναντίων
958 3850 1322 3943 ἐπικειμένων
1358 3850 1628 3943 Ισφοδρῶς,
1665 3869 1947 3941 ἀποπηδή-

260 3984 375 4030 σας
405 3964 503 4020 τοῦ
536 3965 725 4030 ἵππου,
756 3965 851 4018 καὶ
886 3962 985 4034 τὴν
1021 3961 1223 4016 ἀσπίδα
1241 3961 1416 4031 χαμαὶ
1444 3959 1577 4023 θεὶς,
1621 3960 1714 4012 καὶ
1742 3959 1948 4027 γόνατα

261 4055 479 4117 κλίνας,
512 4054 578 4105 ἐκ
604 4051 713 4105 τῶν
740 4051 982 4121 οὐρανῶν
1011 4052 1110 4119 τὴν
1143 4048 1458 4119 συμμαχίαν
1490 4047 1695 4111 ἐκάλει,
1728 4046 1822 4100 καὶ
1856 4046 1949 4099 τὸν

261 4144 437 4200 τόπον
465 4142 564 4212 τῆς
589 4140 945 4212 παρατάξεως
971 4140 1134 4193 τόπον
1155 4137 1450 4208 ἐκκλησίας
1471 4137 1663 4199 ἐποίει,
1691 4135 1751 4189 οὐ
1774 4133 1949 4199 τόξοις

262 4234 364 4287 καὶ
396 4230 629 4302 βέλεσιν,
655 4228 776 4282 οὐδὲ
798 4228 989 4299 δόρασι
1019 4226 1292 4298 πολεμῶν,
1314 4224 1450 4280 ἀλλά
1477 4224 1708 4296 δάκρυσι
1735 4224 1828 4277 καὶ
1857 4223 1948 4275 εὐ-

261 4322 431 4389 χαῖςο
465 4318 563 4371 καὶ¹
585 4316 757 4380 οὕτως
778 4316 973 4388 ἀθρόον
1006 4315 1209 4386 ἀνέμου
1238 4313 1545 4385 προσϐολῆς
1578 4311 1946 4383 ἐμπεσούσης,

259 4408 333 4461 τά
367 4406 472 4478 μὲν
503 4404 629 4476 βέλη
644 4403 770 4457 ’τῶν
800 4403 1056 4458 ἐναντίων
1084 4401 1228 4456 κατά
1258 4402 1365 4454 τῶν
1396 4400 1664 4469 ἀφιέντων
1688 4399 1913 4470 ἐφέρετο
1933 4416 1946 4429 ο

261 4498 312 4549 οί
333 4495 398 4547 δὲ
419 4490 596 4562 θυμοῦ
620 4490 873 4554 πνέοντες
886 4490 979 4543 καὶ
994 4489 1188 4558 φόνων,
1207 4486 1442 4559 ὁρῶντες
1463 4485 1731 4555 πολέμιοι,
1756 4484 1949 4554 ἀθρόον

266 4579 763 4653 μεταϐαλλόμενοι,
814 4576 1001 4631 τοῦτον
1053 4575 1276 4647 βασιλέα
1310 4574 1693 4644 ἀνεκήρυττον,
1733 4573 1829 4625 καὶ
1859 4571 1950 4626 τὸν

264 4653 456 4727 αὐτῶν
511 4667 888 4739 παρεδίδοσαν,
927 4665 1102 4718 ὀπίσω
1155 4665 1253 4728 τάς
1303 4665 1492 4734 χεῖρας
1526 4663 1807 4733 δήσαντες.
1843 4661 1950 4713 Καί

262 4757 504 4828 ἐπανῄει
532 4755 781 4827 λαμπρὸς
809 4754 1088 4824 γινόμενος
1120 4753 1149 4805 ό
1183 4753 1450 4823 μακάριος
1480 4750 1754 4812 Θεοδόσιος
1789 4749 1851 4802 οὐ
1880 4751 1947 4820 τῇ

261 4850 395 4919 νίκῃ
423 4847 606 4918 μόνον,
660 4844 796 4900 ἀλλά
824 4844 919 4897 καὶ
967 4841 1044 4913 τῷ
1095 4841 1282 4912 τρόπῳ
1328 4842 1427 4911 τῆς
1470 4840 1644 4909 νίκης.
1697 4839 1772 4892 Οὐ
1816 4837 1947 4909 γὰρ,

261 4936 463 5006 ῶσπερ
498 4932 590 4986 ἐπὶ
618 4932 729 4984 τῶν
756 4931 930 4986 ἀλλων
961 4928 1245 5000 βασιλέων,
1276 4926 1587 4999 μερίζονται
1614 4926 1750 4997 πρὸς
1789 4924 1948 4979 αὐτὸν

257 5025 321 5083 τὸ
344 5022 617 5094 τρόπαιον
642 5020 701 5075 οἱ,
726 5018 1074 5090 στρατιῶται,
1099 5016 1237 5070 ἀλλά
1263 5016 1327 5068 τὸ
1351 5017 1458 5069 πᾶν
1483 5014 1646 5068 αὐτοῦ
1675 5013 1835 5083 μόνου
1857 5013 1949 5065 καὶ

255 5114 363 5183 τῆς
381 5106 563 5163 αὐτοῦ
589 5107 825 5168 πίστεως
841 5105 1065 5173 ἐγίνετο.
1085 5104 1184 5156 Διά
1200 5102 1263 5173 δὴ
1288 5101 1445 5155 τοῦτο
1460 5101 1619 5154 αὐτὸν
1649 5098 1946 5171 μακαρίζο-

254 5215 391 5272 μεν,
424 5196 522 5252 καὶ
550 5194 668 5248 οὐδὲ
695 5191 1135 5262 τετελευτηκέναι
1152 5189 1334 5260 φαμέν
1356 5205 1370 5220 ·
1388 5187 1513 5253 Πᾶς
1541 5187 1650 5258 γάρ
1679 5192 1711 5241 ό
1734 5189 1819 5252 εἰς
1845 5185 1950 5251 ἐμὲ

247 5285 595 5345 «πιστεύων,
618 5282 772 5351 φησὶ,
803 5280 917 5334 κᾶν
937 5277 1232 5343 ἀποθάνῃ,
1255 5275 1509 5342 ζήσεται,
1539 5277 1633 5330 καὶ
1649 5274 1765 5340 πᾶς
1791 5278 1823 5327 ό
1839 5272 1949 5334 ζῶν

242 5375 364 5430 καί
382 5370 694 5426 πιστεύων
724 5371 811 5435 είς
830 5367 933 5437 ἐμὲ
954 5369 1024 5421 οὐ
1036 5365 1120 5435 μὴ
1137 5363 1431 5432 ἀποθάνῃ.
1464 5362 1648 5415 Ταῦτα
1665 5365 1691 5416 ὁ
1715 5362 1946 5433 Χριστὸς

236 5465 485 5535 εἴρηκε,
503 5458 677 5513 ταῦτα
703 5457 792 5512 διά
818 5456 924 5509 τῶν
941 5455 1119 5527 ἔργων
1143 5451 1458 5523 διαλάμπει.
1477 5451 1541 5503 Τί
1558 5447 1671 5517 οὖν,
1697 5452 1796 5503 οὐκ
1842 5452 1947 5504 ἀπ-

231 5546 454 5613 έθανε,
483 5546 690 5617 (msh;
720 5543 1011 5615 Οὐδαμῶς·
1043 5544 1106 5595 οὐ
1152 5541 1258 5613 7&9
1301 5540 1367 5594 ἂν
1405 5540 1612 5610 εἴποιμι
1638 5539 1825 5592 τοῦτον
1854 5538 1949 5593 θά-

236 5650 430 5694 νατον
457 5632 620 5699 εἶναι,
646 5632 783 5688 ἀλλά
806 5631 971 5686 ὐπνον
997 5630 1118 5684 τινὰ
1149 5631 1243 5683 καὶ
1271 5628 1599 5700 ἀποδημίαν.
1617 5629 1824 5698 Ὥσπερ
1840 5626 1948 5698 7&9

231 5722 463 5780 τδολλοὶ
498 5722 607 5776 τῶν
635 5720 853 5786 ζώντων
885 5718 1233 5790 τεθνήκασιν,
1259 5715 1334 5779 ὡς
1361 5717 1420 5768 ἐν
1446 5716 1602 5785 τάφῳ
1627 5715 1704 5785 τῷ
1736 5715 1947 5786 σώματι

226 5819 366 5891 τὴν
398 5812 582 5886 ψυχὴν
618 5805 1209 5883 κατορύξαντες,ούτω
1238 5804 1421 5860 πολλοὶ
1452 5806 1558 5859 τῶν
1596 5805 1950 5873 τελευτησάν-

2036 1528 2146 1563 των
2168 1507 2325 1574 ζῶσι,
2352 1512 2419 1581 τῇ
2453 1506 2772 1585 δικαιοσύνῃ
2807 1508 3205 1579 διαλάμποντες
3227 1525 3241 1540 ·
3273 1510 3524 1584 καθάπερ
3554 1514 3648 1567 καὶ
3683 1517 3715 1570 ό

2042 1598 2309 1668 μακάριος
2334 1591 2502 1661 οὗτος.
2537 1597 2779 1658 Θάνατος
2806 1597 2915 1668 γάρ
2956 1598 3071 1649 ἐστι
3100 1595 3482 1667 χαλεπώτατος
3515 1601 3607 1654 καὶ
3631 1601 3718 1655 δν-

1950 1714 1987 1729 »
2038 1702 2145 1747 τως
2175 1684 2405 1748 Θάνατος
2433 1687 2461 1738 ὁ
2485 1686 2549 1739 ἐκ
2578 1686 2678 1756 τῆς
2704 1686 2981 1757 ἁμαρτίας
3008 1685 3345 1757 τικτόμενος,
3378 1686 3439 1741 δν
3465 1686 3527 1741 οὕ
3553 1706 3717 1760 φησιν

2039 1772 2403 1840 ἀποθνήσκειν
2435 1774 2561 1836 τοὺς
2608 1776 2688 1837 είς
2726 1775 2890 1828 αὐτὸν
2942 1772 3319 1838 πιστεύοντας.
3360 1775 3414 1828 '0
3444 1776 3552 1849 7&9
3582 1774 3714 1845 ζῶν,

2040 1860 2197 1929 φησὶ,
2227 1861 2324 1914 καί
2354 1863 2654 1915 πιστεύων
2683 1864 2768 1927 είς
2798 1860 2922 1931 ἐμὲ,
2961 1863 3034 1917 οὐ
3069 1861 3156 1933 μὴ
3185 1862 3576 1934 ἀποϐάν-ηυμ.

2112 2028 2264 2102 [355]
2294 2028 2359 2101 β’.
2374 2030 2449 2084 υύ
2468 2029 2714 2102 καθάπερ
2733 2030 3033 2104 ὑπόπτερος
3047 2033 3152 2104 γῆν
3168 2035 3261 2089 καὶ
3276 2034 3545 2090 θάλατταν
3560 2054 3716 2109 περι-

2038 2115 2263 2188 δραμὼν
2301 2119 2331 2171 ό
2378 2119 2546 2188 μυρία
2584 2118 2712 2189 ἔθνη
2757 2117 2835 2188 τῷ
2886 2120 3105 2191 Χριστῷ
3135 2122 3521 2192 προσαγαγὼν,
3557 2126 3586 2178 ό
3609 2126 3717 2178 τῶν

2042 2206 2381 2278 ἀπορρήτων
2415 2206 2729 2277 μυστηρίων
2762 2210 3121 2280 κοινωνήσας,
3154 2208 3193 2264 δ’
3213 2212 3293 2275 είς
3324 2213 3506 2284 τρίτον
3538 2194 3720 2285 ἀρπα-

2041 2294 2159 2362 γεὶς
2213 2293 2471 2365 οὐρανὸν,
2519 2289 2629 2365 ἆρά
2683 2313 2737 2349 τι
2788 2296 3030 2351 τοιοῦτον
3089 2299 3356 2371 ἐτόλμησε
3415 2301 3545 2373 περὶ
3593 2303 3719 2356 ἐαυ-

2040 2380 2137 2435 τοῦ
2186 2383 2399 2448 είπεῖν;
2454 2382 2717 2452 Οὐδαμῶς
2741 2423 2756 2446 ,
2813 2384 2951 2438 ἀλλά
3009 2386 3321 2441 τούναντίον
3380 2388 3559 2443 ἆπαν·
3624 2390 3719 2443 ἐκ·

2043 2484 2238 2540 τρωμα
2290 2469 2481 2523 ἐαυτὸν
2535 2470 2738 2534 ἐκάλει,
2778 2472 2873 2525 καὶ
2927 2472 3152 2543 ἔσχατον
3204 2472 3314 2527 τῶν
3369 2475 3716 2543 ἀποστόλων,

2044 2556 2139 2609 καὶ
2192 2557 2313 2610 οὐδέ
2364 2557 2463 2627 τῆς
2524 2558 2898 2630 προσηγορίας
2949 2561 3141 2615 ἑαυτὸν
3184 2562 3334 2629 ἀξιον
3391 2559 3529 2619 εἶναι
3564 2564 3719 2637 νομί-

2045 2643 2154 2708 ζων
2173 2661 2187 2676 ο
2219 2646 2340 2698 Οὐκ
2366 2645 2481 2713 είμὶ
2509 2645 2617 2716 7&9
2666 2647 2893 2713 ἱκανὸς,
2927 2648 3081 2719 φησὶ,
3117 2649 3429 2705 καλεῖσθαι
3457 2653 3721 2710 ἀπόστο-

2044 2735 2173 2796 λος.
2214 2732 2309 2795 Τίς
2339 2728 2432 2815 οὖν
2463 2733 2495 2804 ἡ
2536 2734 2761 2788 ἀπόνοια
2810 2735 2985 2806 αὐτη;
3016 2735 3100 2802 τίς
3136 2738 3170 2808 ἡ
3220 2738 3544 2808 ἀλαζονείας
3575 2742 3719 2815 τίςὴ

2050 2816 2247 2886 μανία;
2278 2814 2565 2887 ἄνθρωπος
2595 2815 2691 2882 ὣν,
2736 2819 2962 2872 σεαυτὸν
2991 2820 3231 2891 καθαρὸν
3260 2822 3465 2888 καλεῖς,
3495 2825 3591 2879 καὶ
3624 2828 3722 2880 πέ-

2048 2920 2233 2957 πεισαι
2264 2899 2403 2958 εἶναι
2434 2904 2706 2976 καθαρός;
2744 2908 2839 2961 καὶ
2873 2908 3048 2979 πόσης
3078 2908 3250 2964 ταῦτα
3282 2910 3502 2981 ἀνοίας;
3533 2915 3720 2969 Καθα-

2052 2992 2142 3062 ρὸν
2179 2992 2288 3063 γὰρ
2328 2992 2518 3046 ἐαυτὸν
2551 2992 2746 3062 λέγων,
2792 2995 2976 3064 δμοιόν
3006 3014 3059 3050 τι
3101 3000 3294 3063 ποιεῖς,
3329 2999 3519 3072 ὥσπερ
3566 3002 3633 3055 ἀν
3672 3004 3728 3055 ετ

2047 3095 2129 3142 τις
2159 3077 2304 3146 λέγοι
2330 3079 2390 3132 τὸ
2421 3079 2654 3148 πέλαγος
2674 3082 2936 3151 κυμάτων
2958 3078 3096 3136 εἶναι
3125 3084 3383 3156 καθαρόν.
3400 3087 3611 3159 Ὥσπερ
3630 3084 3723 3142 οὖν

2048 3168 2223 3220 ἐκεῖνο
2240 3168 2340 3220 οὐκ
2360 3167 2628 3220 ἐπιλείπει
2646 3166 2714 3221 τὰ
2735 3168 2974 3238 κύματα,
2992 3170 3163 3236 οὕτως
3174 3173 3296 3227 οὐδέ
3315 3174 3461 3245 ἡμᾶς
3471 3175 3539 3229 τά
3553 3177 3724 3248 ἁμαρ⁴

2048 3256 2113 3324 τή
2122 3271 2286 3325 ματα.
2305 3255 2377 3308 Ἦ
2395 3254 2497 3308 οὐκ
2516 3249 2672 3309 οἶσθα
2687 3256 2830 3320 τίνες
2847 3258 3032 3327 ἐσμὲν,
3057 3259 3357 3333 χαίροντες,
3376 3262 3721 3335 λυπούμενοι,

2049 3341 2440 3409 πλουτοῦντες,
2501 3343 2823 3414 πενόμενοι,
2881 3345 3258 3417 ὑϐριζόμενοι,
3317 3351 3720 3423 ἐπαινούμενοι,

2048 3430 2394 3503 ἐλαυνόμενοι
2427 3432 2522 3486 καὶ
2548 3433 2965 3504 πολεμούμενοι,
3000 3435 3182 3500 ἀδείας
3204 3438 3586 3503 ἀπολαύοντες,
3618 3458 3728 3495 πει-

2050 3518 2267 3584 νῶντες,
2324 3519 2743 3590 κορεννύμενοι;
2792 3523 2977 3593 Μυρία
3029 3524 3356 3595 περιέστηκε
3398 3526 3495 3598 τὴν
3545 3529 3723 3600 ψυχήν

2051 3604 2222 3675 πάθη,
2256 3606 2442 3677 μυρίαι
2486 3608 2827 3678 πραγμάτων
2860 3611 3229 3680 περιστάσεις,
3263 3612 3431 3684 μυρία
3474 3614 3725 3684 σώματος

2051 3692 2354 3761 νοσήματα,
2392 3693 2584 3763 μυρίαι
2628 3695 2970 3763 πραγμάτων
3013 3697 3336 3768 ἀνωμαλίαι,
3382 3700 3480 3753 καὶ
3520 3700 3723 3774 τολμᾷς

2053 3781 2223 3831 εἰπεῖν
2253 3779 2334 3832 ὅτι
2372 3780 2431 3833 ὲν
2464 3780 2673 3852 εὺρίπῳ
2715 3780 2892 3834 σάλων
2924 3783 3190 3838 τοσούτων
3215 3785 3458 3858 καθαρὸς
3505 3782 3594 3856 εἷς
3628 3790 3723 3844 καὶ

2051 3865 2103 3918 τί
2135 3865 2324 3919 τούτου
2357 3865 2552 3934 γένοιτ’
2598 3866 2666 3920 ἂν
2706 3867 3091 3941 ρυπαρώτερον
3123 3871 3215 3924 τοῦ
3261 3872 3403 3927 οὕτω
3449 3874 3721 3945 διακειμέι

2054 3970 2179 4015 νους
2218 3954 2327 4007 Καὶ
2362 3953 2416 4007 τί
2445 3953 2591 4022 λέγω
2635 3954 2726 4009 τὸν
2767 3955 2878 4025 βίον
2911 3958 3157 4025 {in-avra;
3188 3961 3403 4033 ⁹ἡμέραν
3439 3964 3549 4035 γὰρ
3592 3966 3723 4035 μίαν

2052 4041 2340 4111 δυνήσεταί
2373 4059 2456 4105 τις
2487 4044 2681 4107 εἰπεῖν,
2715 4044 2837 4097 εἰπέ
2884 4062 2994 4115 μοι,
3038 4046 3120 4100 ἅτι
3153 4048 3392 4119 καθαρός
3432 4052 3582 4116 ἐστι;
3619 4053 3724 4109 κᾶν

2050 4128 2159 4198 γὰρ
2194 4130 2268 4200 μὴ
2298 4129 2558 4201 πορνεύῃ,
2596 4131 2730 4201 μηδὲ
2761 4131 3009 4206 μοιχεύῃ,
3044 4134 3179 4206 μηδὲ
3198 4136 3373 4190 ταῦτα
3398 4138 3465 4192 τὰ
3494 4140 3725 4212 ἀπειρη-

2055 4217 2191 4286 μένα
2228 4217 2542 4289 ἀμαρτάνῃ,
2588 4218 2872 4290 δυνήσεται
2906 4221 3301 4292 καυχήσασθαι.
3339 4225 3421 4278 ὅτι
3467 4228 3567 4280 οὐκ
3601 4231 3723 4282 ἐκε-

2052 4304 2351 4375 νοδόξησεν,
2397 4307 2478 4360 ὅτι
2505 4308 2606 4360 οὐκ
2638 4308 2935 4379 ἀπενοήθη,
2976 4310 3057 4362 ὅτι
3091 4312 3191 4365 οὐκ
3220 4313 3540 4379 ἀκολάστοις
3580 4313 3722 4372 εἶδεν

2051 4397 2366 4467 ὀφθαλμοῖς,
2401 4396 2482 4450 ὅτι
2518 4399 2616 4450 οὐκ
2650 4397 2965 4468 ἐπεθύμησε
2992 4400 3060 4453 τὰ
3088 4401 3180 4454 τοῦ
3219 4401 3467 4474 πλησίον,
3513 4407 3592 4458 ὅτι
3623 4407 3723 4461 οὐκ

2052 4484 2338 4553 ἐψεύσατο,
2367 4485 2448 4536 ὅτι
2474 4484 2621 4538 δόλον
2659 4486 2760 4538 οὐκ
2800 4485 3056 4558 ἔρραψεν,
3084 4490 3167 4542 ὅτι
3194 4491 3255 4543 οὐ
3288 4492 3589 4562 κατηύξατο
3615 4494 3723 4547 τῶν

2052 4571 2280 4642 ἐχθρῶν,
2315 4572 2398 4625 ὅτι
2438 4573 2537 4625 οὐκ
2585 4572 2851 4642 ἐϐάσκηνε
2900 4574 2979 4645 τῷ
3015 4576 3185 4646 φίλῳ;
3234 4578 3296 4630 El
3340 4578 3397 4631 δέ
3428 4580 3458 4631 ό
3499 4581 3589 4633 τὸν
3635 4599 3723 4651 φι-

2052 4659 2248 4714 λοῦντα
2295 4660 2482 4729 φιλῶν,
2537 4660 2690 4714 οὐδὲν
2748 4661 2965 4715 ἔλαττον
3022 4663 3132 4730 ἕξει
3177 4663 3271 4716 τοῦ
3312 4665 3541 4718 τελώνου
3580 4670 3722 4720 κατὰ

2050 4748 2228 4813 τοῦτο,
2280 4749 2424 4811 τίνος
2472 4748 2624 4802 ἔσται
2676 4750 3004 4821 συγγνώμης
3049 4751 3196 4816 ἄξιος
3246 4754 3274 4804 ὀ
3312 4754 3405 4805 καὶ
3453 4754 3530 4823 τῷ
3584 4755 3720 4825 φίλῳ

2054 4838 2397 4907 βασκαίνων;
2434 4837 2720 4901 Τοσούτοις
2748 4840 3065 4910 περιαντλού
3077 4858 3232 4909 μενος
3266 4844 3471 4904 κακοῖς.
3519 4843 3719 4914 τολμᾷς

2053 4925 2277 4977 σεαυτὸν
2310 4925 2549 4996 καθαρὸν
2578 4924 2837 4989 καλέσαι;
2884 4925 3023 4978 Ἀλλ’
3043 4927 3265 4978 ἐκείνων
3291 4927 3388 4996 μὲν
3422 4930 3456 4998 ἠ
3493 4929 3721 4983 ἀπόνοια

2058 5013 2110 5063 οὐ
2168 5013 2265 5083 μὲν
2294 5013 2565 5076 ἐντεῦθεν,
2617 5012 2751 5067 ἀλλὰ
2795 5015 2886 5065 καὶ
2936 5013 3200 5083 ἑτέρωθεν
3234 5014 3714 5085 ἀποδειχθήσεται·

2053 5100 2197 5168 ὑμᾶς
2238 5099 2293 5152 δὲ
2340 5099 2640 5171 παρακαλῶ
2685 5103 2775 5152 καὶ
2817 5101 2912 5170 τὴν
2955 5101 3224 5172 ὑμετέραν
3273 5102 3512 5173 ἀγάπην,
3549 5105 3719 5159 ταῦτα

2055 5188 2231 5240 πάντα
2269 5189 2579 5251 ἐννοοῦντας
2628 5189 2726 5255 τῆς
2767 5189 2863 5257 μὲν
2892 5189 3207 5252 ἀλαζονείας
3239 5189 3416 5243 αὐτῶν
3444 5191 3716 5245 ἀπαλλάτο

2052 5275 2260 5336 τεσθαι,
2312 5276 2403 5328 καὶ
2448 5277 2548 5342 τῆς
2593 5277 2848 5338 ἀπονοίας
2896 5276 3047 5338 ἐκτὸς
3100 5272 3274 5340 εἶναι,
3325 5277 3617 5347 πειρᾶσθαι
3661 5282 3716 5333 δὲ

2053 5366 2193 5435 μετὰ
2223 5366 2454 5427 σπουδῆς
2482 5364 2697 5432 ἀπάσης
2729 5365 2795 5416 τά
2828 5380 2886 5414 τε
2914 5364 3039 5415 ὅντα
3072 5365 3442 5435 ἁμαρτήματα
3474 5368 3719 5439 ἀποσμή-

2051 5469 2189 5521 χειν,
2230 5453 2301 5506 τά
2337 5469 2395 5504 τε
2444 5449 2734 5522 προσιόντα
2787 5450 3207 5518 ἀποκρούεσθαι».
3250 5453 3366 5505 Κᾶν
3399 5453 3508 5524 γὰρ
3546 5458 3718 5525 μυρία,

2052 5542 2199 5610 ἡμᾶς
2228 5537 2684 5611 περιστοιχίζηται
2709 5537 2874 5595 κακὰ,
2905 5537 3000 5588 ἐὰν
3032 5538 3397 5609 σωφρονῶμεν
3430 5542 3524 5594 καὶ
3552 5543 3718 5613 ἐγρη.

2050 5627 2274 5699 γορότες
2322 5621 2488 5697 ὦμεν,
2533 5622 2869 5691 δυνησόμεθα
2924 5622 3121 5693 πολλῆς
3169 5626 3466 5694 ἀπολογίας
3514 5636 3714 5700 τυχεῖν,

2052 5715 2253 5785 πολλῆς
2282 5717 2383 5784 τῆς
2425 5711 2766 5782 συγγνώμης,
2804 5713 2896 5763 καὶ
2947 5710 3308 5780 ἀπονίψασθαι
3351 5713 3418 5768 τὰ
3462 5733 3717 5790 πεπλημ-

2056 5816 2351 5873 μελημενα.

3724 5903 3756 5920 ο
3768 5922 3773 5925 .
