3966 6160
379 340 483 396 495

448 464 558 516 Καὶ
578 462 692 528 πῶς
713 464 863 516 ἐσται
889 462 1045 515 τοῦτο
1069 463 1297 517 ἄκουσον
1313 481 1329 497 ο
1360 463 1427 517 ἀν
1456 465 1535 526 εἰς
1554 463 1849 532 ἐκκλησίαν
1872 465 2047 517 ἀπαν-

376 550 582 621 τῶμεν,
623 550 690 607 ἀν
722 550 1068 621 στενάζωμεν
1096 552 1187 605 ἐπὶ
1218 554 1330 616 τοῖς
1364 551 1939 623 πεπλημμελημένοις,
1978 550 2045 605 ἂν

374 638 725 711 ὁμολογῶμεν
754 640 823 693 τά
854 640 1236 711 ἡμαρτημένα,
1275 639 1344 694 ἂν
1374 639 1744 710 ἐλεημοσύνας
1771 637 2039 709 ποιῶμεν,

373 726 443 780 ἂν
480 727 645 797 εὑχάς
671 725 1083 797 ἐπιδειξώμεθα,
1128 726 1195 781 ἀν
1241 727 1615 798 ἀδικουμένοις
1644 725 1947 796 βοηθῶμεν,
1977 723 2044 778 ἂν

375 821 485 883 τοῖς
523 817 736 891 ἐχθροῖς
765 818 835 872 τά
866 819 1238 890 ἁμαρτήματα
1270 818 1660 891 συγχωρῶμεν,
1701 816 1766 870 ἂν
1797 815 2044 886 δακρύω-

376 923 475 977 μεν
525 908 619 960 ἐπὶ
662 908 774 970 τοῖς
820 907 1257 978 ἡμαρτημένοιςο
1290 906 1463 960 ταῦτα
1494 906 1602 975 γὰρ
1642 903 1858 958 ἃπαντα
1900 904 2040 972 φάρ-

376 1010 527 1063 μακα
559 992 668 1047 τῶν
703 994 1116 1064 ἁμαρτημάτων
1149 993 1284 1048 ἐστί.
1325 992 1509 1046 Ταῦτα
1541 993 1605 1062 δὴ
1639 992 1839 1053 πάντα,
1867 1005 2044 1058 ταρα-

373 1079 543 1144 καλῶ,
596 1079 1113 1150 κατασκευάζωμεν,
1148 1080 1265 1134 καθ’
1311 1079 1548 1150 ἐκάστην
1578 1079 1790 1149 ἡμέραν
1839 1073 2041 1129 ἐκπλύ-

372 1184 554 1231 νοντες
628 1169 885 1231 ἑαυτοὺς,
949 1168 1359 1239 ἀποσμήχοντες
1380 1184 1395 1200 ·
1467 1167 1561 1220 καὶ
1643 1164 1780 1236 μετά
1837 1162 2041 1216 τούτων

371 1256 628 1309 ἁπάντων
657 1254 1030 1325 ταλανίζωμεν
1062 1256 1307 1320 ἑαυτοὺς,
1336 1254 1583 1323 λέγοντες
1612 1252 1865 1323 ἀχρείους
1903 1245 2041 1303 εἶναι

374 1343 631 1406 δούλουςο
682 1343 775 1396 καὶ
816 1342 923 1413 γὰρ
950 1341 1228 1396 καὶτοῦτο
1277 1341 1339 1393 ού
1391 1341 1584 1414 μικρὸν
1622 1336 1761 1401 εἶδος
1788 1339 1887 1408 τῆς
1930 1336 2042 1389 τῶν

453 1514 743 1537 3:77:12":

599 1514 839 1523 wn—

763 1528 981 1539 ...ων-..-

1146 346 1204 401 S.
1240 347 1527 402 JOANNIS
1550 344 1686 403 ειιιι
1699 345 2035 403 ἵδΟΒΤΟΜΙ

2137 349 2380 411 ιοηιειλ.
2415 355 2964 413 (ZONS'I'ANTINOP.
3648 372 3729 432 ὅθι

2151 472 2565 544 ἁμαρτημάτων
2620 472 2897 542 δαπάνης.
2950 470 3014 523 τὸ
3064 469 3158 521 καί⁵
3201 470 3561 541 κατορθοῦντας
3606 478 3738 548 μηδι*

2151 559 2301 633 [556]
2335 560 2479 631 μέγα
2516 561 2645 632 περί
2669 559 2878 614 ἐαυτῶν
2906 554 3285 626 φαντάζεσθαι,
3316 558 3399 611 ἵνα
3426 559 3493 627 μὴ
3525 560 3737 633 πάθωμεν

2149 647 2294 719 άπερ
2322 647 2518 701 ἔπαθεν
2565 650 2594 702 6
2644 649 2955 717 ⁴Ιθαρισαῖος.
2988 647 3085 698 Ἂν
3134 643 3269 697 οὕτω
3308 645 3372 698 τὰ
3397 645 3507 698 καθ’
3557 647 3738 714 ἑαυτοὺς

2147 736 2551 807 οἰκονομῶμεν,
2601 733 2939 806 δυνησόμεθα
3011 730 3403 805 φιλανθρωπίας
3461 737 3620 804 τυχεῖν
3671 739 3741 790 καὶ

2148 823 2476 894 συγγνώμης
2529 825 2587 877 ἐν
2643 823 2827 895 ἐκείνη
2869 825 2935 892 τῇ
2967 820 3152 892 ήμέρᾳ
3195 822 3259 890 τῇ
3304 819 3510 891 φοϐερᾷ,
3539 820 3621 877 καί
3656 823 3743 877 τῶν

2147 911 2572 982 ἐπηγγελμένων
2621 910 2841 980 ἀγαθῶν
2881 907 3210 978 ἀξιωθῆναιο
3252 900 3325 960 ὧν
3362 906 3740 975 γένοιτοπάντας

2146 1001 2294 1071 ήμάς
2326 998 2652 1061 ἀπολαῦσαι,
2690 998 2871 1069 χάριτι
2920 996 3017 1051 καὶ
3051 994 3419 1066 φιλανθρωπίᾳ
3459 994 3544 1048 τοῦ
3575 996 3737 1065 Κυρίου

2147 1088 2303 1157 ήμῶν
2345 1086 2518 1158 Ἰησοῦ
2553 1085 2810 1156 Χριστοῦ,
2847 1084 2914 1137 δι’
2945 1078 3027 1147 οῦ,
3069 1083 3164 1136 καὶ
3191 1081 3305 1153 μεθ’
3336 1077 3396 1136 οὗ
3425 1081 3495 1152 τῷ
3534 1082 3682 1152 Πατρὶ
3715 1083 3744 1151 ή

2144 1174 2292 1240 δόξα,
2320 1174 2438 1245 ἅμα
2466 1171 2545 1243 τῷ
2577 1172 2715 1242 ἀγίῳ
2741 1169 3041 1240 Πνεύματι,
3075 1167 3169 1222 νῦν
3195 1168 3287 1221 καὶ
3318 1167 3420 1231 ἀεὶ,
3448 1167 3532 1221 καὶ
3552 1169 3621 1232 εἰς
3643 1167 3743 1231 τοὺς

2146 1262 2346 1325 αἰῶνας
2381 1260 2488 1315 τῶν
2527 1259 2757 1315 αἰώνων.
2805 1259 2995 1329 Ἀμήν.

842 1508 2040 1532 μᾘττ--υ-Μ

2137 1498 3652 1531 W

1880 1679 2120 1735 OMIMA
2162 1680 2236 1732 Z'.

388 1826 619 1895 Ὄμιλία
642 1824 927 1895 λεχθεῖσα
943 1827 1018 1879 ἐν
1039 1826 1120 1893 τῷ
1146 1824 1269 1892 ναῷ
1289 1825 1398 1896 τῆς
1430 1828 1601 1896 ἁγίας
1625 1824 2034 1887 Ἁναστασίας.

443 1922 512 1970 α’.
554 1916 768 1986 Βραχῦς
806 1915 902 1986 μὲν
941 1915 1050 1969 τῶν
1076 1918 1357 1987 παρόντων
1384 1918 1413 1969 6
1450 1915 1721 1983 σύλλογος,
1758 1914 1931 1984 μέγας
1982 1912 2040 1965 δέ

373 2007 402 2057 6
435 2003 589 2065 πόθος
609 2019 623 2034 ·
656 2003 843 2075 διόπερ
860 2002 979 2056 ούδέ
1008 2005 1037 2057 6
1075 2003 1326 2073 σύλλογος
1355 2002 1579 2076 βραχύς.
1604 2003 1677 2056 Οὐ
1713 2002 1824 2072 γάρ
1861 1999 2037 2071 πλήθη

375 2091 643 2160 σωμάτων
672 2090 1054 2161 ἐπιζητοῦμεν,
1081 2089 1215 2144 ἀλλά
1239 2090 1465 2161 γνώμην
1490 2089 2037 2162 παρεσκευασμένην,

372 2175 610 2230 διάνοιαν
649 2177 1056 2247 ἐπτερωμένην,
1084 2178 1359 2248 ἀκροατήν
1396 2176 1726 2249 ὑψηλότερον
1759 2177 2040 2246 γινόμενον

370 2266 478 2318 τῶν
509 2265 775 2337 βιωτικῶν
809 2267 1061 2321 ἀπάντων
1083 2284 1095 2296 ·
1143 2266 1249 2322 κᾶν
1294 2262 1376 2332 εἷς
1418 2271 1448 2322 6
1475 2267 1714 2332 τοιοῦτος
1748 2263 1805 2341 ᾖ,
1858 2268 2039 2332 ἱκανὸς

371 2352 673 2421 ἐπαρκέσαι
701 2352 779 2423 τῷ
815 2352 1024 2422 λέγοντι
1043 2369 1059 2385 ο
1086 2354 1208 2406 ἐπεὶ
1237 2355 1332 2407 καὶ
1363 2355 1395 2424 ή
1430 2355 1754 2426 Σαμαρεῖτις
1781 2354 1918 2425 γυνὴ
1945 2355 2039 2407 καὶ

370 2440 562 2509 πτωχὴ
609 2435 678 2510 ἦν
715 2440 808 2493 καὶ
854 2440 1051 2510 ἐναγὴς
1102 2440 1194 2494 καὶ
1245 2440 1557 2509 ἀλλόφυλος,
1589 2442 1685 2495 καὶ⁵
1730 2441 1878 2512 ὅμως
1911 2439 2038 2505 ἀξία

369 2527 479 2581 τῶν
508 2528 735 2600 μακρῶν
768 2528 989 2582 ἐκείνων
1021 2529 1277 2600 ἐνομίσθη
1309 2529 1483 2599 λόγων
1525 2525 1663 2585 εἶναι
1706 2529 1786 2600 τῷ
1816 2533 1916 2602 τῆς
1958 2531 2039 2583 οἰ-

372 2614 641 2685 κουμένης
674 2614 916 2687 Δεσπότη
942 2632 956 2646 ·
1009 2617 1103 2669 καὶ
1138 2615 1345 2686 δήμους
1394 2616 1491 2685 μέν
1520 2617 1869 2688 παρέδραμεν
1913 2617 2038 2670 Ἰου-

368 2702 586 2766 δαῖκοὺς
619 2703 899 2768 πολλάκις,
931 2703 964 2774 ἢ
999 2704 1072 2776 μή
1104 2704 1503 2775 διαλεγόμενος,
1536 2706 1569 2777 ἢ
1603 2704 1912 2769 συσκιάζων
1936 2706 2035 2775 τὴν

368 2792 598 2858 διάλεξιν
616 2806 630 2820 ⁶
659 2792 874 2860 γυναικὶ
898 2793 955 2845 δὲ
978 2793 1257 2864 $396690).
1285 2794 1378 2847 καὶ
1407 2792 1566 2847 πέντε
1588 2794 1786 2865 ἄνδρας
1814 2793 2034 2866 ἐχούσῃ,

370 2883 464 2935 καὶ
492 2883 635 2953 ἐκτῳ
668 2882 998 2953 παρανόμως
1032 2883 1373 2955 συνοικούσῃ,
1410 2884 1546 2956 μόνῃ
1583 2883 1876 2952 διελέγετο,
1908 2884 2036 2946 τοὺς

373 2968 619 3039 μαθητὰς
672 2969 920 3039 ἐπίτηδες
972 2972 1051 3031 εἰς
1105 2968 1202 3039 τήν
1258 2970 1462 3040 ἀγορὰν
1516 2968 1755 3038 πέμψας,
1816 2970 1903 3022 ἵνα
1957 2970 2031 3038 μὴ

368 3056 579 3126 πτοήσῃ
604 3053 702 3125 τὴν
725 3054 920 3124 ἄγραν.
951 3055 1196 3124 Τοσαύτη
1220 3057 1313 3109 καὶ
1345 3056 1472 3125 μιᾶς
1491 3054 1668 3125 ψυχῆς
1690 3054 1766 3125 τῷ
1789 3055 2034 3127 Δεσπότῃ

367 3141 466 3211 τῆς
503 3140 828 3210 οἰκουμένης
860 3140 1105 3211 πρόνοια,
1140 3140 1300 3211 μόνον
1345 3142 1438 3195 ἐὰν
1460 3139 1686 3211 γνώμην
1718 3141 1811 3193 καὶ
1842 3139 2034 3210 προθυ-

371 3226 499 3295 μίαν
527 3225 931 3290 ἐπιδεικνύντας
973 3229 1037 3297 τῇ
1086 3226 1344 3297 ἀκροάσει
1373 3227 1480 3280 τῶν
1514 3226 1821 3297 λεγομένων
1847 3227 2035 3297 ἐπιτη-

364 3311 513 3367 δείαν
540 3312 674 3383 εὕρῃ
700 3328 715 3343 ⁶
744 3312 881 3383 ὅπερ
909 3315 1004 3365 καὶ
1029 3313 1214 3383 ἐκείνη
1246 3314 1367 3367 τότε
1401 3315 1723 3384 παρέσχετο.

450 3397 583 3452 Ἀπὸ
619 3397 751 3465 γοῦν
795 3398 998 3468 πόρνης
1026 3398 1444 3471 εύαγγελίστρια
1476 3400 1689 3469 γέγονε,
1742 3400 1880 3472 μετά
1909 3400 2035 3462 τοὺς

366 3483 623 3554 ἐλέγχους
668 3485 909 3549 ἐκείνους
956 3485 1134 3555 βοῶσα
1179 3487 1274 3540 καὶ
1318 3486 1547 3555 λέγουσα
1566 3505 1580 3521 ο
1631 3488 1827 3553 Δεῦτε,
1880 3488 2036 3559 τδετε

365 3570 697 3639 ἄνθρωπον,
742 3572 811 3640 ὃς
856 3572 987 3627 εἰπέ
1026 3591 1125 3643 μοι
1174 3574 1371 3628 πάντα
1402 3574 1520 3628 ὅσα
1561 3573 1853 3643 ἐποίησω
1890 3575 2036 3645 μήτε

282 3652 289 3655 ’
363 3654 544 3725 οὗτός
599 3660 770 3715 ἐστιν
810 3664 843 3715 ό
885 3663 1178 3728 Χριστός;
1245 3661 1679 3732 Ἐξεπόμπευσεν
1732 3665 1901 3734 αὐτῆς
1943 3666 2035 3719 τὸν

367 3745 502 3815 βίον,
537 3748 628 3800 καὶ
656 3750 736 3811 εἰς
771 3748 935 3819 μέσον
960 3749 1134 3818 ήγαγε
1161 3749 1229 3803 τά
1258 3750 1786 3821 πεπλημμελημένα,
1825 3751 1996 3819 λέγων
2016 3773 2030 3785 ·

365 3835 552 3890 ιιέντε
569 3839 678 3905 γὰρ
698 3836 920 3904 ἄνδρας
945 3837 1145 3905 ἔσχες,
1179 3838 1277 3891 καὶ
1304 3838 1421 3891 νῦν
1458 3838 1532 3892 ὃν
1557 3840 1735 3907 ἔχεις,
1764 3843 1875 3894 οὐκ
1901 3842 2035 3894 ἔστι

363 3934 480 3975 σου
520 3920 698 3990 ἀνήρ.
762 3922 900 3976 Ἀλλ’
933 3923 1035 3977 οὐκ
1082 3922 1311 3994 ἐπληξεν
1353 3925 1521 3997 αὐτὴν
1551 3928 1579 3978 6
1617 3925 1854 3995 ἐλεγχος,
1901 3926 2035 3979 ἀλλά

366 4007 566 4078 μᾶλλον
615 4008 751 4080 πρὸς
806 4008 1077 4061 οἰκείωσιν
1125 4012 1492 4067 ἐπεσπάσατο.
1539 4012 1790 4067 Τοιοῦτον
1830 4013 1939 4085 γὰρ
1975 4017 2033 4067 αἰ

365 4100 608 4161 γενναῖαι
663 4095 863 4165 vi,va
920 4096 1007 4162 ὑφ’
1056 4089 1131 4149 ὧν
1179 4098 1355 4166 ἕτεροι
1406 4100 1882 4164 σκανδαλίζονται,
1931 4101 2034 4155 ὑπὸ

284 4237 296 4248 ,
362 4181 568 4234 τούτων
619 4183 821 4237 ἐκεῖναι
851 4181 1207 4252 διορθοῦνται.
1257 4185 1319 4238 Εἰ
1355 4186 1452 4255 μὲν
1487 4187 1593 4257 γάρ
1631 4205 1718 4250 τις
1762 4182 1829 4259 ἦν
1870 4189 2033 4259 ἑτέρα

365 4267 603 4339 [ἑταίρα]
623 4268 730 4321 τῶν
755 4269 1104 4339 ἀγνωμόνων,
1129 4271 1231 4324 κᾶν
1259 4273 1469 4344 ἐπλήγη
1495 4277 1606 4337 τοῖς
1643 4274 1904 4345 ἐλέγχοις,
1930 4276 2032 4329 κᾶν

364 4355 701 4426 ἀπεπήδησε,
747 4356 848 4407 κᾶν
876 4357 956 4419 εἰς
985 4357 1152 4426 ὀργὴν
1194 4359 1453 4432 διηγέρθη
1489 4363 1584 4415 καὶ
1628 4363 2027 4433 ἀγανάκτησινο

364 4441 503 4512 αῦτη
539 4442 593 4495 δὲ
625 4441 763 4513 μετὰ
789 4441 888 4513 τὴν
918 4447 1245 4515 κατηγορίαν
1284 4448 1483 4516 μάλλον
1524 4449 1815 4503 οἰκειοῦται
1847 4450 1926 4521 τῷ
1955 4451 2032 4504 δι-

361 4528 634 4599 δασκάλῳ,
667 4529 761 4583 καὶ
788 4530 911 4601 περὶ
952 4531 1213 4600 μειζόνων
1239 4534 1399 4587 αὐτὸν
1425 4537 1603 4607 ἐρωτᾷ
1630 4536 2026 4608 θεωρημάτων⁸

364 4613 486 4670 εἶπε
517 4618 646 4688 γάρ,
682 4619 765 4671 ὅτι
809 4618 1032 4685 Θεωρῶ,
1069 4618 1159 4673 ὅτι
1201 4621 1509 4689 προφήτης
1546 4619 1604 4676 εἷ
1646 4625 1757 4677 σύ’
1801 4625 1893 4677 καὶ
1926 4626 2033 4679 ἀπὸ

362 4706 465 4777 τῆς
494 4705 747 4775 γνώσεως
796 4705 903 4759 τῶν
936 4708 1148 4761 οἰκείων
1199 4710 1383 4762 κακῶν
1427 4712 1589 4765 αὑτὸν
1625 4712 1868 4782 μαθοῦσα
1911 4714 2035 4767 θαυ-

367 4794 529 4866 μάζει
562 4792 824 4865 μειζόνως
852 4795 946 4848 καὶ
984 4795 1332 4850 πυνθάνεται.
1378 4797 1562 4852 Ταῦτα
1599 4799 1773 4871 ψυχῆς
1821 4797 1885 4871 ἦν
1913 4802 2033 4871 βου-

362 4881 591 4953 λομένης
624 4881 951 4951 φιλοσοφεῖν.
994 4882 1129 4935 Οὐδὲ
1167 4884 1275 4954 γάρ
1321 4885 1499 4956 ἐρωτᾷ
1538 4903 1590 4938 τι
1620 4889 1746 4957 περὶ
1779 4887 2030 4957 βιωτικοῦ

274 4964 291 5045 ῗΔ
362 4972 711 5040 πράγματος,
753 4969 876 5025 οὐδὲ
924 4970 1064 5041 ὑπὲρ
1113 4971 1432 5041 χρημάτων,
1485 4973 1605 5026 οὐδὲ
1653 4975 1791 5047 ὑπὲρ
1844 4977 2030 5044 ὑγείας

282 5057 291 5077 ‘
364 5056 635 5125 σώματος,
667 5057 788 5110 οὐδὲ
830 5057 970 5126 ὑπὲρ
1015 5059 1200 5120 πενίας
1227 5058 1565 5130 ἀπαλλαγῆς,
1607 5062 1783 5116 καίτοι
1827 5064 2028 5133 ἐσχάτῃ

366 5145 580 5202 συζῶσα
623 5147 882 5215 πτωχεία,
932 5146 1068 5198 ἀλλά
1121 5145 1249 5217 περὶ
1292 5147 1402 5199 τῶν
1445 5148 1624 5217 νόμων
1653 5162 1679 5189 ι
1706 5151 1813 5202 τῶν
1848 5151 2027 5221 ἱερῶν,

363 5231 455 5285 καὶ
484 5233 614 5302 περί
660 5232 933 5294 πολιτείας
981 5233 1280 5304 προγόνων,
1331 5235 1423 5287 καὶ
1463 5235 1713 5306 λατρείας
1750 5239 2025 5307 πατέρων,

362 5320 594 5389 λέγουσα
609 5324 701 5375 ’οἱ
715 5321 966 5388 πατέρες
986 5322 1157 5390 ἡμῶν
1183 5323 1254 5375 ἐν
1278 5322 1357 5389 τῷ
1387 5325 1504 5393 ὄρει
1533 5328 1719 5390 τούτῳ
1741 5330 2029 5394 προσεκύ-

362 5424 584 5478 νησαν,
616 5406 714 5460 καί
742 5406 868 5473 πῶς
903 5408 1071 5476 ὑμεῖς
1100 5407 1303 5478 λέγετε
1347 5409 1436 5463 ὅτι
1476 5411 1547 5464 ἐν
1601 5412 2030 5481 Ἰεροσολύμοις

360 5496 531 5550 ἐστὶν
563 5498 596 5547 ὁ
631 5497 814 5561 τόπος
845 5494 992 5548 ἔνθα
1027 5494 1145 5563 χρὴ
1184 5497 1589 5563 προσκυνεῑν;
1624 5500 1808 5552 Καὶέν
1843 5517 2026 5571 προοι-

366 5585 507 5654 μίοις
550 5582 608 5636 δὲ
646 5581 705 5635 τὸ
740 5581 870 5635 αὐτὸ
907 5581 1057 5653 [557]
1090 5581 1247 5636 τοῦτο
1287 5587 1430 5636 ποιεῖ
1468 5584 1729 5653 λέγουσα·
1786 5586 1918 5654 Πῶς
1946 5588 2026 5642 σὺ

364 5670 541 5735 αἰτεῖς
576 5671 708 5737 παρ’
748 5669 892 5736 ἐμοῦ
934 5669 1090 5721 πιεῖν
1131 5672 1321 5737 οὔσης
1360 5674 1643 5740 γυναικὸς
1690 5677 2020 5746 Σαμαρείτιο

428 5753 456 5782 δ
477 5751 749 5799 λιιιῑίῐιίυίυε
773 5751 1035 5812 Ιρερῐιτιυηι
1057 5752 1247 5814 conjici!
1275 5756 1374 5816 περὶ
1401 5758 1493 5802 τῶν
1516 5758 1688 5807 τόπων.

2142 1818 2290 1885 δος;
2318 1817 2464 1872 οῦτω
2486 1834 2552 1887 με
2561 1815 2975 1889 μεριμνημένην
3005 1809 3118 1885 εἶχε
3136 1814 3334 1885 ψυχήν,
3372 1816 3461 1869 καὶ
3493 1814 3755 1886 ἐπιτηδείαν

2142 1907 2399 1978 σωθῆναι.
2433 1906 2531 1959 Διά
2567 1905 2631 1974 δὴ
2659 1903 2817 1959 τοῦτο
2847 1904 2940 1956 καὶ
2965 1903 2995 1955 6
3030 1902 3098 1956 τά
3138 1902 3422 1974 ἀπόρρητα
3447 1905 3539 1973 τῆς
3558 1902 3754 1966 διανοίας

2140 1996 2521 2065 ἐπιστάμενος,
2564 1993 2669 2062 γῆν
2708 1991 2884 2063 εὑρὼν
2916 1990 3175 2060 λιπαρὰν,
3221 1990 3429 2061 δαψιλεῖ
3456 1993 3519 2062 τῇ
3549 1991 3671 2061 χειρὶ
3699 1990 3753 2044 τὰ

2142 2083 2430 2154 σπέρματα
2475 2079 2760 2145 κατέϐαλε,
2806 2078 2948 2132 κατὰ
2992 2079 3185 2150 μικρὸν
3237 2078 3403 2150 αὑτήν
3441 2077 3751 2143 musam.

2138 2170 2323 2226 Ταῦτα
2378 2171 2442 2241 δή
2495 2186 2584 2241 μοι
2630 2168 2847 2222 ἅπαντα
2897 2167 3130 2238 εἴρηται,
3182 2167 3271 2221 ἵνα
3320 2166 3521 2239 μάθητε
3563 2167 3634 2220 ὅτι
3675 2166 3753 2221 οὐκ

2138 2256 2284 2311 ἐστιν
2346 2259 2476 2329 ήμϊν
2541 2256 2745 2328 βραχὺς
2801 2258 2833 2309 6
2894 2254 3168 2325 σύλλογος.
3251 2255 3314 2309 Εἰ
3354 2254 3462 2327 γάρ
3516 2256 3622 2308 ἐκεῖ
3677 2252 3757 2324 μία

2136 2345 2274 2416 γυνὴ
2326 2343 2528 2416 ἀρκοῦν
2585 2345 2802 2413 ἐγένετο
2850 2344 3099 2415 θέατρον,
3151 2343 3337 2417 πολλῷ
3388 2343 3575 2416 μᾶλλον
3625 2342 3754 2411 ήμεῐς

2136 2431 2424 2494 τοσούτους
2483 2431 2584 2503 μὲν
2634 2430 2858 2503 ἄνδρας,
2916 2430 3186 2494 τοσαύτας
3236 2430 3295 2484 δέ
3352 2431 3598 2499 γυναῖκας
3624 2426 3758 2497 δρῶν-

2133 2535 2227 2582 τες
2296 2518 2432 2589 μετά
2494 2518 2758 2588 τοσαύτης
2824 2517 3167 2588 προθυμίας,
3240 2518 3342 2572 οὐκ
3403 2516 3759 2587 ἁποκνήσομεν.

2137 2604 2269 2658 ἀλλά
2311 2607 2377 2675 τῇ
2437 2604 2655 2675 συνήθει
2709 2603 3025 2676 χρησόμεθα
3091 2604 3435 2675 διδασκαλίᾳ.
3488 2604 3548 2656 Εἰ
3607 2602 3699 2671 γὰρ
3734 2600 3760 2653 6

2138 2695 2248 2749 τῶν
2297 2694 2543 2763 ἀγγέλων
2609 2697 2915 2767 Δεσπότης,
2966 2696 3026 2750 ὃν
3079 2696 3147 2751 τά
3203 2697 3512 2767 Χερουϐεὶμ
3553 2694 3757 2766 φρίττει,

2136 2785 2198 2837 ού
2266 2784 2626 2856 παρῃτήσατο
2696 2784 2872 2857 πόρνῃ
2940 2786 3160 2854 γυναικὶ
3215 2784 3556 2856 διαλεχθῆναι
3623 2781 3757 2855 μόνῃ.

2132 2870 2252 2923 τίνα
2291 2870 2359 2923 ἀν
2413 2870 2671 2943 σχοίημεν
2725 2871 3046 2940 ἀπολογίαν,
3098 2873 3263 2926 ποίαν
3326 2873 3383 2927 δὲ
3442 2869 3761 2941 συγγνώμην.

2138 2960 2391 3012 τοσοῦτον
2421 2959 2856 3029 παρατρέχοντες
2887 2959 3174 3028 σύλλογον;
3198 2961 3338 3032 Φέρε
3363 2956 3454 3015 οὖν
3476 2958 3569 3030 τὴν
3594 2955 3761 3025 συνήθη

2137 3044 2299 3098 πάλιν
2327 3044 2605 3113 τράπεζαν
2647 3046 2777 3115 ὑμῖν
2819 3045 3345 3118 κατασκευάσωμεν,
3388 3046 3483 3099 καὶ
3521 3045 3605 3100 τὸν
3655 3058 3762 3113 κρα-

2134 3132 2279 3204 τῆρα
2308 3134 2616 3203 στήσωμεν,
2649 3133 2857 3187 καὶτὸν
2894 3133 3132 3204 ἄκρατον
3161 3134 3469 3206 ἐκχέωμεν,
3511 3121 3762 3203 συμπόσίον

2135 3220 2491 3292 ἐργαζόμενοι
2537 3221 2927 3290 πνευματικόν.
2983 3221 3065 3274 Τὰ
3101 3222 3213 3293 γὰρ
3254 3223 3319 3292 δὴ
3357 3222 3495 3296 κρέα
3535 3218 3687 3274 ταῦτα
3715 3216 3763 3269 οὐ

2134 3308 2489 3381 διαρρήγνυσι
2524 3309 2790 3381 γαστέρα,
2830 3309 2966 3364 ἀλλά
3012 3310 3243 3380 τειχίζει
3287 3312 3560 3365 διάνοιαν·
3599 3307 3626 3360 6
3651 3300 3765 3365 οἶνος

2134 3390 2289 3459 οὗτος
2321 3399 2383 3450 οὐ
2413 3397 2737 3468 παράφρονα
2774 3400 2913 3451 ποιεῖ
2949 3398 3041 3452 τὸν
3072 3398 3376 3472 ἀκροατὴν,
3408 3398 3544 3453 ἀλλά
3579 3394 3663 3449 καὶ
3694 3391 3767 3445 τδν

2140 3486 2403 3554 μεθύοντα
2438 3487 2687 3555 σώφρονα
2719 3485 3030 3556 καθίστησι.
3068 3487 3308 3560 Τοιαύτη
3357 3489 3456 3559 μὲν
3480 3488 3576 3557 τῆς
3597 3480 3766 3556 τραπέ-

2137 3572 2235 3641 ζης
2257 3572 2458 3641 ταύτης
2487 3575 2518 3643 ἠ
2556 3574 2736 3640 φύσις,
2784 3573 2819 3642 ἢ
2843 3575 2935 3626 καὶ
2962 3574 3082 3626 ἀντὶ
3123 3577 3458 3647 παντευχίας
3486 3576 3612 3646 ήμίν
3632 3567 3766 3641 ἀρκέ-

2138 3678 2226 3713 σαι
2252 3659 2494 3715 δύναται.
2532 3662 2639 3714 Καὶ
2666 3661 2775 3732 γὰρ
2800 3662 2895 3714 καὶ
2924 3662 3104 3715 ὅπλων
3135 3664 3274 3733 ἡμῖν
3301 3665 3405 3728 δεῖ,
3432 3662 3611 3732 ἐπειδὴ
3642 3656 3768 3711 πόλε·

2139 3748 2237 3816 μός
2263 3750 2412 3802 ἐστιν
2436 3750 2469 3820 ή
2479 3752 2569 3820 μίν
2590 3749 2709 3803 καθ’
2727 3751 2964 3821 ἑκάστην
2986 3750 3219 3822 ἡμέραν,
3241 3753 3306 3806 οὐ
3333 3752 3471 3823 πρὸς
3494 3747 3769 3820 ἀνθρώπους

2134 3835 2443 3905 ὁμογενεῖς,
2511 3835 2647 3889 ἀλλά
2698 3836 2833 3906 πρὸς
2874 3837 3137 3907 ἁοράτους
3180 3837 3464 3908 δυνάμεις,
3517 3836 3644 3908 πρὸς
3691 3831 3769 3893 τὰς

2135 3922 2421 3992 φάλαγγας
2446 3922 2553 3976 τῶν
2577 3924 2861 3995 δαιμόνων,
2907 3925 3114 3995 μυρίων
3145 3926 3427 3998 πολεμίων
3444 3924 3769 4003 ἱβαρὸαρικω-

2132 4010 2317 4081 τέρας,
2368 4011 2505 4080 πρὸς
2552 4011 2817 4082 τύραννον
2861 4012 3308 4079 ἀκατάλλακτον,
3373 4015 3469 4069 καὶ
3521 4013 3768 4082 ἀκήρυκτα

2134 4099 2263 4167 ἡμῖν
2305 4100 2628 4169 μαχόμενον,
2677 4100 2771 4153 καὶ
2809 4099 2932 4152 οὔτε
2965 4101 3409 4172 προαγγέλλοντα
3453 4101 3546 4155 τὸν
3576 4097 3662 4153 τοῦ
3690 4110 3770 4147 πο-

2133 4185 2299 4254 λέμου
2327 4186 2539 4255 καιρὸν,
2562 4186 2683 4239 οὔτε
2718 4188 3013 4258 ὁρώμενον,
3035 4188 3148 4241 ἀλλ’
3170 4189 3231 4253 ἐξ
3258 4190 3504 4260 ἀφανοῦς
3525 4187 3767 4260 βάλλοντα.

2134 4272 2332 4325 Τοῦτον
2357 4272 2419 4344 δὴ
2447 4273 2539 4325 τὸν
2575 4273 2810 4343 πόλεμον
2833 4274 3167 4346 ὑπογράφων
3191 4278 3221 4329 ό
3265 4279 3539 4348 μακάριος
3571 4271 3767 4333 Παῦλος,

2130 4361 2159 4412 6
2191 4360 2288 4428 τῆς
2324 4360 2651 4430 οἰκουμένης
2679 4361 3000 4431 στρατηγὸς,
3044 4362 3173 4415 ἐϐόα
3207 4362 3389 4432 λέγων
3409 4380 3424 4395 ⁸
3459 4362 3535 4417 Τὸ
3563 4358 3769 4416 λοιπὸν.

2133 4446 2402 4514 ἀδελφοὶ,
2432 4446 2884 4516 ἐνδυναμοῦσθε
2905 4449 2976 4502 ἐν
3008 4451 3222 4517 Κυρίῳ,
3259 4451 3365 4504 καὶ
3396 4452 3470 4505 ὲν
3507 4447 3586 4514 τῷ
3605 4444 3769 4515 κράτει

2134 4532 2243 4601 τῆς
2273 4536 2485 4602 ἰσχύος
2510 4535 2695 4588 αὐτοῦ
2717 4551 2731 4565 ·
2773 4536 2866 4588 καὶ
2897 4535 3057 4589 πάλιν
3093 4536 3352 4608 ἀλλαχοῦ,
3389 4540 3474 4593 Οὐ
3512 4535 3771 4608 ripier

2130 4622 2274 4690 ἡμῖν
2308 4622 2347 4688 ἠ
2381 4622 2543 4690 πάλη
2576 4622 2728 4690 πρὸς
2753 4619 2896 4692 αἷμα
2934 4624 3031 4676 καὶ
3067 4623 3286 4692 σάρκα,
3316 4626 3491 4680 ἀλλὰ
3512 4622 3655 4691 πρὸς
3686 4616 3769 4680 τὰς

2130 4708 2337 4778 ἀρχὰς,
2360 4709 2509 4777 πρὸς
2532 4711 2640 4775 τὰς
2657 4710 2962 4776 ἐξουσίας,
2985 4711 3134 4780 ,πρὸς
3151 4710 3295 4778 τοὺς
3315 4708 3768 4783 κοσμοκράτορας

2130 4795 2238 4849 τοῦ
2275 4799 2540 4862 σκότους
2572 4796 2681 4850 τοῦ
2715 4796 2929 4862 αἰῶνος
2959 4799 3200 4853 τούτου.

2108 4890 2122 4899 '
2204 4882 2266 4951 β’.
2309 4877 2462 4945 Εἶδες
2494 4881 2611 4945 πῶς
2659 4882 2869 4951 ἀλείφει
2911 4883 2980 4936 τὰ
3014 4886 3334 4955 φρονήματα
3376 4884 3492 4938 τῶν
3542 4894 3768 4955 στρατιωρ

2129 4971 2268 5034 τῶν;
2315 4971 2430 5034 πῶς
2457 4971 2655 5041 ἐγείρει
2703 4972 2800 5042 τὴν
2830 4972 3104 5037 διάνοιαν;
3151 4974 3266 5037 πῶς
3293 4973 3513 5038 όπλίζει
3543 4972 3603 5026 τὸ
3637 4982 3771 5038 στρα-

2127 5056 2371 5122 τόπεδον,
2405 5059 2505 5128 τήν
2532 5074 2591 5110 τε
2640 5057 2909 5129 ῥᾳθυμίαν
2955 5060 3263 5127 ἐκκόπτων,
3278 5061 3373 5113 τόν
3402 5078 3465 5114 τε
3507 5061 3655 5114 ὄκνον
3696 5056 3773 5106 ἐκ·

2130 5144 2375 5210 6άλλων;
2444 5146 2658 5216 Ἐπειδὴ
2721 5146 2829 5215 γὰρ
2886 5145 2981 5200 δύο
3034 5148 3201 5201 ταῦτα
3257 5149 3499 5219 μάλιστα
3562 5150 3621 5201 ἐν
3682 5144 3774 5203 τοῖς

2131 5231 2384 5299 πολέμοις
2412 5231 2537 5294 τοὺς
2564 5231 2898 5302 στρατιώτας
2928 5234 3237 5305 προδίδωσι,
3267 5235 3328 5287 τό
3369 5252 3433 5287 τε
3472 5234 3640 5304 δειλίᾳ
3665 5242 3774 5298 προν

2129 5316 2310 5369 δοῦναι
2363 5317 2463 5388 τήν
2513 5317 2796 5389 ἀνδρείαν,
2840 5319 2901 5373 τό
2947 5338 3006 5373 τε
3049 5322 3516 5386 ἀναπεπτωκότας
3572 5317 3775 5385 αὐξῆσαι

2127 5403 2225 5474 τὴν
2277 5403 2569 5475 ρᾳθυμίαν,
2614 5406 2709 5458 καὶ
2756 5406 2941 5461 δοῦναι
2985 5411 3095 5471 τοῖς
3145 5408 3428 5476 πολεμίοις
3475 5404 3774 5476 ἀφυλάκτοις

2131 5494 2312 5554 αὐτοῖς
2344 5491 2656 5546 ἐπιθέσθαι·
2684 5491 2806 5547 οὔτε
2834 5495 2942 5564 γὰρ
2962 5497 2991 5548 ό
3017 5495 3265 5558 δεδοικὼς
3290 5494 3516 5567 ἄμετρα
3540 5494 3777 5565 χρήσιμιις

2134 5577 2201 5631 ἂν
2238 5579 2452 5646 γένοιτο
2493 5579 2745 5649 πολέμῳ,
2800 5581 3121 5651 εὐχείρωτος
3162 5582 3240 5653 τῷ
3281 5581 3451 5635 πάθει
3500 5580 3775 5650 γινόμενος,

2132 5664 2252 5717 οὔτε
2292 5668 2320 5717 ό
2350 5665 2575 5719 καθόλου
2616 5667 2775 5719 πάλιν
2812 5669 3227 5739 ἀπηλλαγμένος
3276 5670 3374 5723 τοῦ
3411 5670 3567 5734 δέους
3600 5661 3779 5723 δύναιθ’

2136 5754 2199 5806 ἂν
2239 5754 2619 5823 περιγενέσθαι
2664 5755 2770 5808 τῶν
2804 5756 3089 5827 πολεμίων,
3131 5756 3205 5829 τῷ
3243 5757 3447 5829 σφόδρα
3479 5757 3690 5828 θαρρεῖν
3726 5750 3778 5807 ix
