3966 6160
374 383 472 436 695

366 484 521 549 uiola,
562 480 608 540 si
647 483 920 552 sapiamus
972 490 1027 536 et
1067 480 1252 550 vigiles
1295 481 1485 546 simus,
1539 481 1832 551 poterimus
1880 492 1935 537 et

361 576 757 632 excusationem
783 574 1006 630 multam
1029 583 1086 630 et
1111 573 1319 628 veniam
1347 574 1624 642 consequi,
1657 583 1817 643 atque
1844 573 1939 629 dc—

361 671 479 726 licta
500 669 742 725 abluere.

424 761 686 833 Confessio
714 772 1052 832 peccatorum.
1079 759 1224 815 -—Et
1251 757 1518 828 quomodo
1541 757 1591 813 id
1618 767 1931 814 eventurum

354 855 421 910 sit
446 855 568 910 audi
599 871 615 908 :
644 854 687 908 si
716 855 767 908 in
799 853 1074 909 ecclesiam
1115 867 1211 907 nos
1244 851 1578 908 conferamus
1598 893 1612 914 ,
1642 851 1686 904 si
1716 849 1783 904 de
1811 866 1936 918 pce-

355 946 485 1002 catis
531 946 728 1000 nostris
774 944 1220 1015 ingemiscamus,
1257 942 1300 996 si
1345 942 1455 1012 ipsa
1504 951 1720 1011 peccata
1765 941 1934 996 conli-

355 1046 575 1100 teamur,
603 1037 647 1089 si
674 1035 1042 1105 elecmosynas
1080 1048 1380 1104 erogcmus,
1413 1031 1460 1086 si
1506 1046 1692 1102 preces
1719 1033 1935 1086 emitta-

352 1142 496 1194 mus,
517 1126 563 1182 si
602 1127 794 1196 injuria
839 1126 1058 1181 allectos
1093 1125 1366 1196 juvemus.
1392 1123 1436 1178 si
1462 1122 1690 1176 inimicis
1717 1133 1932 1192 peccata

349 1219 741 1283 condonemus,
769 1219 814 1273 si
842 1218 912 1273 ob
935 1218 1124 1282 delicta
1152 1217 1412 1288 lacrymas
1440 1215 1743 1269 omittamus
1771 1230 1785 1266 :
1817 1211 1933 1269 hazc

348 1313 542 1382 quippe
596 1313 773 1366 omnia
828 1320 952 1366 sunt
1002 1319 1341 1381 peccatorum
1397 1308 1705 1375 pharmaca.
1760 1305 1926 1373 Haec,

340 1418 550 1478 ’quzeso,
576 1403 752 1458 omnia
779 1402 1001 1474 singulis
1015 1401 1202 1457 diebus
1222 1414 1562 1470 apparemus,
1587 1413 1682 1451 nos
1707 1396 1931 1450 abluen-

350 1504 428 1551 tes
465 1504 522 1550 et
557 1494 922 1566 abstergentes
948 1513 962 1549 :
993 1506 1048 1549 et
1083 1509 1204 1547 cum
1253 1492 1336 1546 his
1379 1490 1624 1544 omnibus
1670 1504 1765 1540 nos
1810 1487 1923 1540 ιιιῑ-

1145 363 1232 420 Vll
1271 363 1575 431 llOMiLlA,
1621 362 1820 418 ΜΕΤΑ
1865 363 1928 418 IN
1968 366 2242 425 TEMI’LO
2279 370 2337 426 S.
2381 374 2806 432 ANASTASl/E.

3525 378 3632 439 41M

2051 500 2200 542 seros
2227 489 2576 558 prtedicemus
2595 536 2610 559 ,
2641 493 2880 550 dicentes
2906 511 3004 551 nos
3027 513 3212 554 servos
3243 499 3458 559 inutiles
3491 521 3632 562 esse.

2049 575 2260 632 Etenim
2281 589 2335 635 et
2358 580 2486 636 illud
2511 598 2616 638 non
2633 600 2792 655 parva
2811 589 3019 656 species
3032 599 3114 643 est
3131 593 3496 650 exstinctinnis
3510 611 3628 666 pec-

2044 679 2308 736 eatorum,
2342 673 2554 741 quando
2598 681 2738 730 bona
2766 694 2926 749 opera
2955 681 3197 750 edentes,
3223 684 3354 740 nihil
3385 702 3639 758 maguum

2043 759 2112 814 de
2140 760 2429 832 nobisipsis
2457 766 2713 834 sapimus,
2743 778 2803 824 ut
2831 785 2898 826 ne
2919 786 2981 826 ea
3013 773 3309 842 patiamur,
3339 793 3458 847 qua:
3487 778 3628 835 Pha-

2043 853 2233 906 risa-us
2260 854 2367 909 ille.
2403 854 2459 912 Si
2485 857 2564 913 sic
2590 868 2770 916 nostra
2797 861 3189 933 dispensemns,
3219 869 3510 938 poterimus
3532 874 3626 926 mi-

2040 943 2388 1001 sericordiam
2417 957 2472 1003 et
2497 952 2706 1006 veniam
2727 957 2980 1026 consequi
3011 957 3064 1012 in
3096 957 3183 1014 die
3208 961 3298 1015 illa
3327 964 3628 1032 tremenda,

2039 1042 2094 1088 et
2116 1039 2391 1104 promissis
2414 1039 2615 1111 dignari
2644 1044 2797 1100 bonis
2824 1063 2837 1100 :
2864 1048 3056 1118 quibus
3085 1050 3286 1106 utinam
3317 1070 3413 1109 nos
3442 1070 3629 1112 omnes

2039 1122 2301 1192 fruamur,
2345 1131 2513 1198 gratia
2557 1141 2612 1187 et
2656 1133 2981 1204 benignitate
3029 1139 3236 1195 Domini
3289 1145 3456 1200 nostri
3497 1145 3626 1202 Jesu

2037 1213 2232 1270 Christi
2257 1258 2274 1283 ,
2301 1233 2396 1288 per
2422 1235 2580 1292 quem
2609 1231 2660 1277 ct
2686 1240 2806 1280 cum
2840 1243 2944 1296 quo
2973 1228 3112 1284 Patri
3140 1232 3328 1301 gloria,
3371 1251 3472 1290 una
3499 1253 3624 1292 cum

2036 1316 2223 1360 sancto
2251 1307 2468 1378 Spiritu,
2500 1328 2640 1368 nunc
2665 1324 2716 1369 et
2744 1331 2979 1386 semper,
3007 1327 3061 1373 et
3088 1319 3138 1373 in
3170 1323 3364 1378 saicula
3392 1327 3615 1382 sarculo-

2033 1412 2175 1451 rum.
2199 1402 2390 1456 Amen.
3165 1397 3184 1403 ’

1735 1663 2082 1726 HOMILIA
2124 1665 2262 1726 VH.

451 1841 678 1897 Humilia
703 1840 872 1905 habita
898 1841 949 1894 in
977 1838 1162 1909 templo
1190 1845 1380 1892 sanctw
1407 1831 1691 1888 Anastasio:
1716 1826 1812 1900 (α).

412 1940 463 1989 1.
492 1933 728 1988 Modicus
747 1940 830 1986 est
851 1931 1189 2001 prtesentium
1214 1936 1528 1990 conventus,
1556 1923 1648 1978 sed
1672 1935 1920 1991 magnum

341 2025 661 2079 desiderium
695 2042 708 2078 :
741 2033 1060 2094 quapropter
1087 2035 1185 2076 nec
1214 2019 1454 2074 modicus
1496 2025 1788 2071 conventus
1815 2023 1918 2068 est.

339 2118 453 2173 Non
473 2118 611 2172 enim
643 2115 1034 2172 multitudinem
1059 2128 1342 2182 corporum
1365 2109 1674 2180 quarrimus,
1693 2105 1785 2161 sed
1807 2105 1922 2158 ani-

339 2227 483 2264 mum
499 2218 871 2278 praeparatum,
897 2216 1129 2260 mentem
1146 2205 1244 2258 alis
1265 2203 1600 2266 instructam,
1620 2198 1919 2253 auditorem

341 2301 566 2356 terrenis
591 2299 838 2353 oninibus
855 2298 1241 2352 sublimiorem.
1270 2295 1326 2348 Si
1353 2294 1436 2347 vel
1460 2309 1593 2346 unus
1612 2291 1732 2346 talis
1751 2291 1837 2354 sit,
1864 2291 1917 2345 id

337 2392 670 2446 conciouauti
697 2391 826 2446 satis
852 2406 970 2446 esse
999 2390 1183 2458 possit.
1207 2389 1416 2442 Etenim
1441 2387 1771 2441 Samaritana
1803 2401 1918 2438 tutt-

337 2483 434 2538 lier
463 2492 515 2536 et
547 2484 698 2552 inops
727 2493 842 2535 erat
867 2491 921 2535 et
945 2481 1150 2550 impura
1177 2489 1232 2535 et
1257 2478 1554 2547 alienigena
1581 2495 1597 2541 ;
1632 2487 1918 2545 tamenque

336 2575 481 2628 orbis
532 2574 754 2626 Domino
791 2573 946 2642 digna
989 2572 1102 2625 visa
1153 2580 1236 2625 est
1259 2585 1378 2640 qua:
1406 2569 1574 2638 longis
1620 2568 1727 2622 illis
1771 2570 1915 2621 l'rue-

336 2680 483 2720 retur
522 2663 1244 2735 sermmiibus(.loan.c.4):
1277 2672 1330 2716 ct
1377 2661 1464 2716 ille
1510 2660 1724 2731 quidem
1774 2674 1916 2727 smpe

332 2764 472 2812 inter
515 2757 740 2827 populos
779 2755 1027 2811 Iudaicos
1056 2755 1318 2819 circuivit,
1346 2763 1438 2807 aut
1470 2769 1575 2807 non
1615 2753 1912 2820 alloquens,

332 2857 420 2902 aut
450 2861 753 2903 sermonem
786 2847 1145 2910 adumbrans;
1188 2846 1392 2899 mulieri
1423 2855 1600 2898 autem
1630 2843 1870 2896 barbara:
1895 2883 1910 2908 ,

331 2959 449 3010 qua:
474 2943 707 3011 quinque
733 2941 874 2994 viros
905 2941 1182 3005 habuerat,
1211 2948 1265 2994 et
1293 2953 1414 2993 cum
1460 2947 1614 2992 sexto
1640 2936 1914 3005 illegitime

333 3033 618 3099 habitabat,
638 3033 735 3086 soli
755 3032 1089 3101 loquebatur,
1109 3047 1228 3085 cum
1251 3029 1540 3098 discipulos
1562 3028 1628 3082 de
1651 3027 1910 3081 industria

333 3129 380 3179 in
410 3127 578 3180 l'ornm
608 3125 861 3189 misisset,
895 3135 950 3178 ut
977 3139 1043 3178 ne
1071 3139 1190 3177 mox
1219 3121 1532 3192 capiendam
1562 3120 1794 3189 praedam
1817 3120 1912 3173 ab-

327 3227 601 3271 sterrerct.
621 3216 791 3271 Tanta
822 3215 1046 3270 Domino
1073 3214 1218 3268 orbis
1237 3215 1318 3267 vel
1345 3227 1439 3282 pro
1458 3227 1559 3266 una
1586 3211 1762 3265 anima
1789 3226 1910 3279 pro-

327 3311 559 3364 videntia
585 3319 733 3375 crat,
762 3309 804 3364 si
830 3309 1062 3362 animum
1091 3317 1144 3361 et
1172 3306 1496 3360 alacritatem
1548 3304 1814 3359 inveniret
1841 3302 1908 3357 ad

326 3400 648 3455 audiendum
681 3400 970 3469 proclivem
994 3441 1008 3463 ,
1032 3414 1188 3468 quam
1220 3397 1308 3451 illa
1337 3406 1462 3450 tunc
1488 3395 1796 3450 exhibebat.

397 3493 744 3548 Samaritana:
763 3492 958 3545 laudes.
973 3521 1044 3531 —
1061 3492 1132 3544 Ex
1163 3491 1441 3543 meretrice
1463 3490 1622 3557 igitur
1641 3486 1906 3557 evangeli-

322 3598 404 3640 sta
445 3585 579 3639 l'acta
611 3593 693 3638 est
715 3625 730 3649 ,
760 3595 880 3653 post
903 3583 994 3637 illa
1025 3583 1123 3636 sibi
1150 3582 1308 3635 allata
1337 3592 1642 3651 argumenta
1669 3580 1905 3635 clamans

321 3689 372 3733 ct
396 3678 578 3732 dicens
602 3693 615 3729 :
656 3676 846 3741 Venite,
870 3677 1027 3729 videte
1051 3675 1320 3740 hominem,
1339 3675 1424 3743 qui
1444 3674 1572 3727 dixit
1595 3675 1717 3726 ntihi
1735 3673 1905 3727 omnia

319 3786 648 3841 quacumque
699 3771 796 3842 feci
825 3785 842 3823 :
868 3768 1112 3838 numquid
1163 3769 1272 3838 ipse
1322 3777 1394 3821 est
1442 3766 1715 3820 Christus?
1759 3765 1903 3822 Illius

323 3863 484 3916 \itam
517 3862 842 3922 traduxerat,
889 3861 1110 3930 ejusque
1159 3867 1374 3929 peccata
1419 3859 1470 3912 in
1522 3858 1752 3911 medium
1803 3857 1901 3910 ad-

318 3956 566 4019 duxerat,
595 3955 776 4009 diceus
806 3969 824 4011 :
856 3955 1085 4022 Quinque
1109 3953 1241 4006 enim
1272 3953 1400 4005 viros
1425 3951 1664 4016 habuisti,
1697 3960 1742 4003 et
1769 3966 1902 4003 nunc

319 4064 465 4116 quem
507 4047 679 4110 habes,
728 4063 826 4099 non
874 4056 945 4099 est
973 4056 1089 4099 tuus
1115 4045 1208 4099 vir.
1258 4045 1330 4099 At
1369 4043 1456 4098 illa
1501 4043 1742 4096 convicta
1794 4057 1899 4096 non

320 4141 564 4208 perculsa
614 4139 728 4204 fuit,
777 4139 870 4193 sed
917 4139 1058 4192 illam
1097 4137 1342 4193 Christus
1383 4138 1450 4192 ad
1491 4137 1747 4207 majorem
1775 4152 1898 4206 erga

319 4251 377 4286 se
424 4232 676 4288 allectum
716 4232 950 4286 attraxit.
997 4231 1153 4285 Tales
1203 4231 1397 4300 quippe
1437 4239 1561 4284 sunt
1625 4245 1900 4300 generosae

317 4327 513 4379 anima:
544 4343 556 4377 :
587 4341 652 4378 ex
682 4323 890 4386 iisdem,
920 4325 1114 4394 quibus
1141 4322 1478 4376 oll'enduntur
1504 4323 1616 4387 alii,
1651 4322 1754 4376 illac
1779 4338 1900 4376 cor-

319 4417 584 4485 rigentur.
615 4415 744 4468 Nam
776 4416 819 4468 si
859 4431 922 4469 ex
976 4416 1298 4483 ingratorum
1343 4429 1566 4468 numero
1613 4413 1823 4478 fuisset,
1853 4413 1899 4468 si

315 4507 582 4571 convicta,
614 4507 854 4574 perculsa
881 4505 1087 4566 luisset,
1122 4505 1415 4559 resiluisset
1444 4507 1494 4558 in
1519 4506 1652 4559 iram
1677 4515 1730 4560 et
1757 4507 1896 4559 indi-

313 4599 624 4667 gnationem
647 4597 920 4650 comitata.
953 4597 1023 4650 At
1050 4595 1136 4649 illa
1164 4606 1280 4664 post
1305 4597 1699 4650 accusationem
1730 4597 1898 4666 magis

313 4692 526 4747 addicta
555 4691 758 4744 doctori
790 4691 865 4753 lit,
898 4699 951 4744 et
993 4690 1060 4742 de
1104 4689 1382 4744 altioribus
1426 4690 1586 4743 rebus
1617 4690 1784 4758 ipsum
1821 4689 1899 4742 in-

315 4793 584 4853 terrogat:
607 4783 740 4835 dixit
757 4781 897 4834 cnim
923 4798 936 4833 :
970 4779 1125 4833 Video
1145 4781 1282 4848 quod
1301 4780 1544 4849 propheta
1559 4796 1609 4832 es
1626 4789 1679 4831 tu
1697 4797 1715 4842 ;
1741 4790 1898 4848 atque

312 4891 378 4927 ex
429 4883 767 4941 peccatorum
798 4886 1014 4924 suorum
1050 4871 1256 4934 notitia,
1284 4879 1340 4922 ut
1371 4869 1480 4937 jam
1511 4884 1697 4939 gnara,
1731 4871 1898 4938 magis

313 4965 489 5028 ipsum
509 4961 1234 5028 admiratursciscitaturque.
1262 4959 1386 5013 llzcc
1403 4959 1594 5013 auium:
1612 4968 1765 5013 erant
1782 4975 1898 5027 qua:

315 5053 682 5122 philosophari
709 5053 935 5106 volebat.
958 5050 1140 5120 Neque
1157 5053 1298 5105 enim
1322 5051 1516 5120 aliquid
1538 5050 1899 5120 interrogabat

313 5148 380 5199 de
397 5145 742 5198 saecularibus
764 5144 941 5204 rebus,
965 5143 1145 5197 nonde
1159 5144 1368 5212 opibus,
1390 5143 1580 5197 nonde
1599 5143 1898 5196 valetudine

312 5235 597 5304 corporis,
647 5251 750 5287 non
800 5233 867 5287 de
917 5234 1228 5288 οιρυιίυιιάει
1294 5243 1632 5304 paupertate.
1683 5235 1782 5287 etsi.
1846 5236 1896 5288 in

312 5342 555 5383 extrema
581 5328 801 5396 degebat
825 5327 1018 5394 inopia;
1044 5325 1136 5380 sed
1154 5326 1222 5381 de
1241 5326 1407 5381 sacris
1443 5326 1669 5394 legibus,
1700 5327 1763 5380 de
1791 5329 1895 5380 vita

314 5421 601 5489 majorum,
646 5419 711 5473 dc
740 5418 988 5488 religioso
1034 5428 1238 5487 patrum
1267 5419 1433 5486 cultu,
1470 5417 1690 5473 dicens:
1716 5417 1896 5472 Patres

384 5615 458 5669 (α)
489 5610 622 5658 inter
647 5610 770 5659 hanc
792 5617 843 5659 et
869 5609 1232 5672 praecedentem
1268 5609 1517 5659 homiiiam
1538 5613 1586 5660 in
1613 5610 1792 5661 Codice
1821 5613 1896 5661 Va-

315 5676 487 5722 ticano
512 5671 722 5720 habetur
751 5670 948 5720 homilia
975 5670 1472 5734 contrahippodromi
1508 5680 1561 5722 et
1593 5676 1771 5722 theatri
1796 5688 1907 5734 Spe-

318 5737 536 5802 ctacula,
562 5747 704 5802 quam
724 5736 821 5796 jam
851 5733 1265 5802 edidiniits_'l‘otn.
1297 5735 1378 5802 _\_’I._
1399 5737 1536 5786 Circa
1575 5738 1706 5787 illam
1732 5733 1905 5785 ncces-

317 5795 458 5864 sario
485 5795 699 5858 legenda
722 5805 836 5846 sunt
862 5808 971 5857 quae
999 5799 1046 5846 in
1074 5795 1255 5845 lilouito
1283 5798 1509 5847 diximus.

2032 1830 2192 1882 nostri
2211 1832 2263 1884 in
2284 1843 2451 1887 monte
2474 1835 2569 1890 hoc
2592 1838 2931 1894 adoraverunt
2950 1857 2970 1895 :
2986 1852 3032 1896 et
3053 1845 3304 1913 quomodo
3322 1860 3408 1898 vos
3423 1844 3614 1908 dicitis,

2030 1923 2167 1987 quod
2179 1923 2514 1996 Jerasolymis
2526 1929 2668 1982 locus
2682 1939 2755 1984 est
2773 1931 2854 1985 ubi
2871 1943 3068 2004 oportet
3084 1935 3302 1991 adorare
3326 1934 3346 2009 (
3374 1935 3532 1991 loan.
3553 1937 3610 1991 6.

2026 2010 2160 2078 20)?
2188 2019 2361 2085 Atque
2378 2017 2428 2069 in
2453 2021 2728 2090 prooemiis
2751 2021 2851 2078 hoc
2869 2025 3039 2094 ipsum
3059 2025 3207 2095 facit,
3227 2027 3444 2084 dicens:
3469 2029 3611 2094 Quo-

2027 2105 2177 2158 modo
2205 2119 2257 2160 tu
2287 2108 2455 2163 bibere
2481 2127 2514 2164 a
2539 2127 2619 2166 me
2642 2115 2808 2182 poscis
2833 2155 2848 2180 ,
2878 2132 2992 2185 qua:
3015 2133 3128 2171 sum
3153 2119 3334 2174 mulier
3372 2119 3608 2174 Samari-

2026 2204 2146 2249 tana
2167 2198 2193 2252 ?
2221 2199 2294 2252 ita
2322 2201 2606 2256 sollicitam
2647 2203 2878 2260 habebat
2918 2208 3182 2272 animam,
3210 2219 3266 2265 et
3291 2209 3356 2264 ad
3385 2211 3610 2265 salutem

2027 2299 2285 2357 paratam.
2323 2291 2447 2347 ldeo
2474 2295 2634 2348 etiam
2667 2297 2710 2350 is
2739 2298 2826 2367 qui
2857 2314 3049 2353 arcana
3082 2302 3274 2355 utentis
3305 2302 3490 2368 novit,
3522 2302 3609 2356 iu-

2024 2392 2180 2435 venta
2207 2383 2384 2454 pingui
2408 2395 2571 2450 terra,
2597 2387 2740 2457 larga
2762 2405 2922 2444 tnanu
2943 2392 3146 2445 semina
3173 2393 3322 2462 jecit,
3354 2393 3616 2462 paulatim

2024 2475 2168 2530 illam
2191 2475 2423 2544 erigens.
2443 2476 2569 2532 Huic
2599 2482 2775 2534 omnia
2806 2496 2835 2534 a
2867 2498 2952 2537 me
2972 2481 3112 2538 dicta
3139 2493 3284 2550 sunt,
3308 2493 3365 2539 ut
3391 2485 3610 2542 discatis

2023 2582 2127 2619 non
2161 2565 2426 2620 modicum
2455 2568 2608 2624 nobis
2635 2570 2825 2627 adesse
2869 2584 3214 2628 conventum.
3263 2574 3394 2630 Nam
3425 2577 3469 2632 si
3499 2578 3608 2633 illic

2023 2675 2122 2712 una
2150 2660 2344 2714 mulier
2397 2660 2670 2717 sufficiens
2701 2663 2797 2718 fuit
2825 2663 3148 2720 auditorium
3176 2709 3191 2733 ,
3221 2668 3390 2723 multo
3440 2671 3608 2739 magis

2023 2767 2140 2818 nos,
2166 2759 2245 2807 tot
2268 2753 2432 2820 viros,
2463 2762 2539 2808 tot
2565 2756 2817 2811 mulieres
2845 2768 3152 2820 cernentes.
3183 2773 3302 2814 cum
3334 2761 3608 2816 alacritate

2021 2855 2185 2909 tanta,
2219 2860 2325 2899 non
2367 2860 2558 2916 segnes
2588 2849 2788 2902 erimus
2808 2891 2824 2916 ,
2855 2850 2948 2904 sed
2979 2860 3236 2905 consueta
3267 2861 3478 2907 utemur
3503 2852 3602 2907 do-

2018 2937 2208 2989 ctrina.
2241 2935 2297 2991 Si
2326 2953 2556 3007 namque
2601 2941 2911 3010 angelorum
2959 2941 3237 3008 Dominus,
3278 2958 3437 3015 quem
3481 2959 3604 2999 cum

2019 3027 2242 3083 horrore
2265 3038 2499 3084 tremunt
2521 3031 2832 3098 Cberubim,
2849 3048 2954 3087 non
2980 3037 3248 3089 recusavit
3266 3037 3602 3091 meretricem

2016 3121 2296 3176 mulierem
2323 3121 2491 3176 solam
2519 3125 2714 3195 alloqui
2738 3166 2752 3191 ,
2782 3140 2940 3195 quam
2973 3129 3368 3182 excusationem
3397 3135 3601 3197 ,"qnam

2017 3213 2225 3267 veniam
2255 3229 2604 3284 assequamur
2633 3233 2753 3283 nos,
2785 3218 2829 3272 si
2860 3227 3063 3273 tantum
3091 3230 3413 3276 conventum
3462 3236 3600 3290 prm-

2015 3307 2422 3359 tercurramus?
2471 3307 2584 3377 Age
2629 3322 2797 3377 ergo,
2852 3319 3162 3365 consuetam
3212 3325 3397 3364 rursus
3450 3311 3602 3365 vobis

2013 3411 2252 3449 mensam
2280 3412 2599 3467 apparemus
2622 3439 2637 3464 ,
2660 3409 2921 3454 craterem
2949 3409 3244 3456 statuamus
3263 3443 3280 3469 ,
3309 3413 3364 3458 et
3391 3417 3598 3457 merum

2011 3489 2344 3546 ellundamns
2374 3533 2388 3555 ,
2433 3492 2732 3546 convivium
2790 3495 3129 3554 instituentes
3173 3497 3469 3564 spirituale.
3501 3496 3596 3552 lla:

2012 3583 2208 3649 quippe
2233 3598 2424 3636 carnes
2452 3600 2558 3638 non
2591 3592 2829 3638 ventrem
2858 3585 3185 3654 dirumpunt,
3219 3587 3312 3641 sed
3361 3595 3593 3642 mentem

2011 3675 2291 3728 muniunt:
2319 3675 2419 3729 hoc
2441 3677 2620 3730 vinum
2646 3692 2750 3730 non
2774 3687 3040 3730 amentem
3065 3677 3239 3732 reddit
3260 3678 3555 3734 auditorem
3577 3696 3593 3744 ;

2010 3765 2118 3818 imo
2157 3766 2364 3820 ebrium
2410 3767 2705 3836 sapientem
2757 3767 2952 3822 reddit.
2980 3767 3126 3823 Talis
3155 3769 3295 3823 enim
3324 3779 3406 3824 est
3435 3769 3595 3839 hujus

2007 3872 2208 3910 niensa:
2237 3868 2445 3922 natura,
2474 3874 2590 3928 qua:
2619 3873 2717 3928 pro
2746 3860 2921 3912 omnis
2950 3859 3165 3930 generis
3191 3870 3458 3914 armatura
3494 3876 3592 3916 no-

2007 3949 2089 4003 bis
2138 3950 2268 4004 satis
2311 3966 2432 4004 csse
2484 3951 2670 4019 possit.
2725 3949 2936 4004 Etenim
2982 3950 3147 4005 armis
3193 3966 3406 4021 quoque
3434 3953 3590 4007 nobis

2006 4058 2142 4112 opus
2186 4053 2289 4108 est,
2320 4044 2570 4112 quoniam
2616 4043 2816 4098 bellum
2869 4053 2951 4097 est
2992 4043 3145 4097 nobis
3191 4043 3450 4114 quotidie,
3481 4060 3590 4099 non

2005 4146 2189 4191 contra
2233 4136 2475 4191 homines
2519 4151 2889 4206 congeneres,
2922 4135 3018 4190 sed
3057 4145 3244 4190 contra
3293 4135 3590 4191 invisibiles

2006 4237 2295 4297 potestates
2319 4270 2334 4294 ,
2364 4240 2549 4282 contra
2579 4229 2869 4299 phalangas
2899 4228 3202 4283 daemonum
3228 4271 3242 4293 ,
3271 4230 3439 4300 magis
3467 4229 3593 4284 bar-

2006 4320 2345 4390 barasquam
2397 4319 2616 4385 hostes;
2674 4331 2863 4374 contra
2901 4327 3185 4390 tyrannum
3231 4321 3592 4376 irreconcilia-

2005 4412 2202 4479 bilem,
2252 4398 2592 4481 implacabile
2639 4411 2835 4467 bellum
2895 4411 3051 4465 nobis
3107 4411 3448 4478 inferentem,
3499 4413 3589 4483 qui

2007 4521 2111 4557 non
2159 4516 2368 4572 tempus
2420 4505 2544 4559 belli
2592 4504 2746 4558 nobis
2795 4505 3133 4572 prmnuntiat,
3181 4521 3354 4574 neque
3380 4514 3583 4573 aperte,

2004 4597 2098 4650 sed
2127 4597 2333 4652 occulte
2373 4597 2527 4650 nobis
2572 4597 2673 4649 tela
2717 4595 2900 4649 mittit.
2932 4596 3044 4649 Hoc
3089 4595 3269 4665 itaque
3296 4594 3490 4648 bellum
3516 4595 3590 4647 si-

2002 4688 2258 4756 gniﬁcans
2287 4688 2472 4742 beatus
2503 4687 2719 4750 Paulus,
2744 4687 2890 4741 orbis
2918 4687 3046 4749 dux,
3070 4686 3335 4740 clamabat
3363 4685 3583 4738 dicens:

2003 4777 2081 4832 De
2108 4789 2288 4833 σαπετο
2314 4818 2330 4842 ,
2362 4779 2546 4846 fratres
2571 4819 2586 4841 ,
2616 4778 2974 4848 confortamini
3001 4778 3053 4830 in
3085 4776 3320 4840 Domino,
3345 4783 3390 4828 et
3415 4773 3467 4828 in
3495 4791 3585 4842 po-

2005 4874 2161 4925 tentia
2185 4870 2382 4925 virtutis
2411 4877 2519 4942 ejus
2550 4873 2567 4942 (
2595 4871 2783 4942 Ephes.
2833 4872 2886 4926 6.
2947 4871 3086 4940 10);
3116 4880 3170 4924 et
3197 4884 3380 4924 rursus
3422 4869 3542 4921 alibi
3564 4909 3580 4928 .

2007 4961 2129 5015 Non
2159 4963 2290 5015 enim
2320 4973 2388 5016 est
2416 4963 2556 5016 nobis
2587 4964 2876 5016 colluctatio
2920 4965 3160 5015 adversus
3205 4962 3499 5031 sanguinem
3537 4973 3586 5014 et

2003 5072 2226 5119 carnem,
2251 5055 2338 5109 sed
2368 5055 2610 5109 adversus
2629 5055 2946 5121 principatus
2975 5062 3022 5106 et
3052 5063 3318 5122 potestates
3342 5062 3389 5105 et
3410 5054 3584 5104 mutuli

2003 5157 2218 5200 rectores
2246 5148 2558 5199 tenebrarum
2585 5146 2734 5216 hujus
2760 5145 2934 5198 seaculi
2956 5144 2974 5214 (
2999 5143 3078 5197 lb.
3104 5161 3150 5198 υ.
3175 5143 3300 5213 12).

2074 5240 2128 5290 2.
2159 5237 2404 5292 Vidistin’
2424 5237 2689 5306 quomodo
2707 5237 2932 5290 militum
2956 5236 3166 5290 animos
3197 5235 3419 5290 incitat?
3448 5252 3584 5305 quo-

2008 5330 2168 5383 modo
2211 5338 2443 5383 tuentem
2493 5329 2684 5398 erigit?
2729 5330 2998 5398 quomodo
3025 5338 3197 5382 armat
3245 5329 3538 5382 exercitum
3568 5368 3585 5392 ,

2007 5421 2268 5490 ignaviam
2336 5418 2652 5474 exscindens
2732 5428 3039 5489 metumque
3116 5418 3380 5489 ejiciens?
3451 5417 3586 5485 Quia

2007 5515 2148 5569 enim
2191 5514 2303 5567 tunc
2330 5513 2435 5566 duo
2461 5511 2690 5564 maxime
2718 5512 2768 5564 in
2800 5511 2953 5566 bellis
3000 5511 3198 5567 milites
3229 5509 3482 5581 produnt,
3539 5511 3583 5563 si

2005 5625 2072 5661 ex
2127 5622 2320 5675 pavore
2385 5603 2745 5659 fortitudinem
2805 5603 3071 5672 prodant,
3119 5613 3174 5659 et
3237 5603 3283 5659 si
3345 5601 3587 5658 custodia

2008 5701 2244 5770 neglecta
2276 5698 2609 5752 occasionem
2652 5697 2778 5751 dent
2819 5696 2957 5751 hosti
3001 5713 3060 5753 se
3105 5697 3348 5752 incautos
3397 5710 3582 5765 aggre-

2009 5789 2185 5847 dicudi
2218 5809 2226 5842 :
2261 5805 2431 5857 neque
2458 5789 2599 5842 enim
2631 5787 2674 5844 is
2718 5795 2806 5862 qui
2837 5804 2993 5861 supra
3040 5790 3252 5847 modum
3308 5791 3492 5852 timet,
3522 5788 3586 5842 ait
