3966 6160
386 361 492 417 693

387 507 584 563 bellum
615 506 836 560 idoneus
881 501 1075 568 fuerit,
1133 520 1250 557 cum
1301 519 1368 558 ex
1417 512 1560 556 metu
1593 511 1752 570 captu
1798 497 1966 553 facilis

386 601 490 665 sit;
523 615 695 668 neque
727 595 768 653 is
811 593 900 668 qui
931 597 1107 651 omnis
1141 593 1438 651 formidinis
1465 605 1547 650 est
1576 607 1788 663 espers,
1820 603 1968 663 pote-

387 699 456 746 rit
480 689 662 746 hostes
686 687 938 759 superare
1021 690 1063 743 si
1106 705 1171 744 ex
1214 689 1404 743 ﬁducia
1442 687 1604 742 nimia
1632 697 1688 741 ct
1715 702 1778 740 ex
1807 685 1969 740 animi

387 784 703 838 eotiﬁdentia
731 799 834 838 non
859 797 977 837 sese
1007 778 1073 836 ad
1095 796 1443 850 congressum
1465 789 1715 851 apparet:
1737 779 1852 833 haec
1870 777 1974 846 igi-

390 884 474 929 tur
497 875 655 928 ambo
682 874 958 945 corrigens
981 871 1194 939 Paulus,
1215 882 1268 927 et
1283 870 1348 926 ad
1365 885 1592 941 pugnam
1613 880 1827 940 paratos
1849 869 1975 923 red-

387 968 486 1035 dit,
511 975 572 1022 ut
592 981 659 1022 ne
677 976 941 1036 torpeant,
961 965 1086 1020 dum
1111 964 1342 1019 hostium
1364 963 1680 1033 phalangem
1699 961 1970 1026 describit;

389 1075 682 1132 rursusque
714 1058 817 1114 illis
836 1056 1080 1114 ﬁduciam
1106 1055 1490 1127 audaciamque
1521 1053 1673 1119 indit,
1697 1064 1754 1108 ut
1773 1070 1838 1107 ne
1854 1069 1976 1108 con-

395 1149 599 1215 cidant.
624 1153 914 1223 potentiam
943 1147 1096 1206 ducis
1124 1151 1175 1205 in
1206 1147 1399 1204 talibus
1426 1147 1585 1205 bellis
1609 1146 1808 1204 Christi
1839 1146 1974 1201 aﬁ'e-

393 1261 514 1298 reus
540 1242 593 1298 in
640 1240 896 1297 medium.
928 1241 1052 1296 Ideo
1092 1241 1230 1296 sicut
1261 1241 1496 1311 optimus
1525 1236 1631 1294 dux
1657 1239 1976 1308 phalangem

393 1334 626 1403 ordinat,
649 1334 773 1388 vitia
822 1349 941 1404 quae
984 1333 1352 1388 fortitudinem
1387 1332 1707 1386 labefactant
1745 1347 1774 1384 a
1805 1330 1975 1385 ﬁdeli-

396 1425 496 1478 bus
521 1425 897 1493 eliminans,ct
914 1425 1191 1479 caritatem
1210 1440 1360 1478 suam
1395 1423 1672 1486 exhibens,
1701 1432 1858 1492 atque
1883 1438 1978 1476 eos

395 1518 484 1586 qui
517 1519 730 1573 virtutis
777 1518 984 1572 ratione
1011 1517 1236 1570 multum
1265 1531 1294 1570 a
1336 1532 1394 1571 se
1438 1516 1740 1579 distabant,
1779 1531 1976 1583 cogna-

402 1605 566 1662 tionis
597 1603 814 1662 nOmine
842 1607 1097 1676 copulans
1125 1624 1139 1660 :
1174 1622 1294 1660 nam
1323 1607 1396 1659 ait
1425 1625 1436 1660 :
1463 1605 1539 1659 De
1567 1616 1765 1670 cavero,
1799 1608 1980 1676 fratres

400 1697 498 1750 mei
543 1695 759 1769 (Ep/tes.
787 1697 840 1752 6.
876 1696 988 1766 10).
1021 1696 1115 1751 llic
1161 1698 1304 1752 enim
1358 1697 1524 1750 multo
1552 1697 1805 1765 majorem
1855 1711 1980 1763 erga

399 1805 587 1844 onmes
634 1791 852 1846 exhibet
901 1789 1279 1853 dilectionem,
1344 1804 1505 1858 quam
1559 1790 1650 1856 qui
1702 1788 1978 1842 nobiscqu

397 1881 590 1936 eodem
625 1891 778 1934 utero
807 1880 914 1934 nali
946 1887 1090 1946 sunt,
1120 1891 1173 1935 et
1199 1881 1250 1934 in
1276 1880 1451 1933 anima
1481 1895 1574 1934 sua
1603 1879 1786 1932 orbem
1813 1887 1981 1932 totum

400 1972 811 2039 circumferebat
843 1989 858 2027 :
888 1981 1034 2026 tanta
1065 1980 1180 2027 erat
1207 1972 1451 2026 caritatis
1479 1972 1621 2025 illius
1641 1972 1936 2041 amplitudo
1965 1988 1978 2026 :

404 2081 575 2136 neque
605 2066 658 2119 in
691 2065 1072 2134 tranquillitate
1100 2064 1282 2128 modo,
1316 2065 1410 2118 sed
1431 2065 1594 2119 etiam
1621 2064 1671 2116 in
1703 2063 1979 2133 periculis.

401 2155 532 2210 Nam
563 2172 687 2212 cum
716 2157 769 2212 in
796 2159 1105 2212 carceribus
1125 2167 1306 2220 esset,
1335 2166 1564 2211 mortem
1591 2165 1934 2227 exspectaret
1961 2195 1978 2223 ,

401 2247 543 2302 etde
564 2249 821 2303 extremis
838 2248 1251 2317 periclitaretur,
1274 2249 1657 2319 discipulorum
1682 2264 1865 2303 curam
1893 2264 1986 2319 ge-

406 2337 577 2402 rebat,
601 2347 655 2391 et
683 2337 936 2407 epistolas
964 2353 1106 2406 szepe
1128 2354 1159 2393 e
1182 2339 1488 2394 carceribus
1514 2339 1800 2407 scribebat,
1825 2356 1987 2396 manu

405 2426 607 2480 catenis
638 2427 984 2493 circumdata,
1009 2437 1062 2482 et
1091 2427 1308 2483 dextera
1339 2428 1533 2498 ligata;
1567 2438 1622 2485 et
1649 2431 1714 2485 ad
1733 2432 1988 2501 judiciale

409 2519 642 2573 tribunal
669 2519 958 2590 ingressus,
996 2536 1288 2591 pmnasque
1314 2521 1556 2589 daturus,
1585 2523 1745 2594 atque
1761 2524 1827 2580 ad
1845 2540 1990 2580 mor-

411 2619 516 2665 tem
545 2610 837 2676 dueendus,
864 2623 1121 2683 quantum
1153 2614 1203 2667 in
1231 2614 1504 2683 judicibus
1527 2625 1662 2682 erat,
1690 2617 1869 2672 omnia
1898 2617 1988 2673 illa

412 2701 650 2766 mittens,
681 2702 924 2757 timorem
945 2719 1155 2772 nempe,
1185 2704 1500 2772 periculum,
1533 2708 1726 2776 minas,
1753 2718 1987 2776 mortes,

418 2793 674 2862 supplicia
695 2835 712 2859 ,
743 2809 926 2862 pmuas
946 2834 962 2859 ,
993 2794 1299 2860 carniﬁces,
1329 2796 1631 2867 principum
1659 2799 1792 2853 iram
1811 2841 1826 2864 ,
1855 2799 1990 2854 insi-

411 2885 672 2938 diantium
703 2885 999 2952 machinas,
1033 2885 1276 2949 verbera,
1302 2885 1538 2941 ﬁdeliora
1567 2904 1775 2943 memor
1796 2899 1992 2946 eratet

415 2977 506 3030 illo
535 2978 649 3046 ipso
680 2987 919 3047 tempore
944 2997 956 3032 :
989 2979 1057 3032 ita
1089 2979 1264 3032 anima
1283 2979 1398 3048 ejus
1426 2991 1541 3036 erat
1567 2997 1595 3035 a
1621 2982 1849 3038 vinculis
1868 2999 1993 3038 cor-

419 3068 563 3136 poris
593 3069 780 3130 libera.
807 3071 899 3134 ita,
923 3070 973 3124 in
988 3085 1148 3126 carne
1169 3069 1290 3125 licet
1319 3087 1557 3138 versans,
1589 3074 1788 3128 cretesti
1810 3075 1997 3129 adlim-

419 3159 567 3213 rebat
596 3157 817 3225 fornici,
851 3170 905 3215 et
932 3161 1082 3229 quasi
1115 3160 1180 3214 ad
1209 3162 1352 3215 illam
1385 3165 1638 3219 translata
1663 3165 1842 3219 sedem
1866 3205 1881 3229 ,
1918 3167 1996 3222 sic

418 3249 596 3302 omnia
621 3289 637 3316 ,
669 3250 721 3304 in
773 3262 914 3304 terra
947 3250 1149 3319 degens
1168 3292 1180 3313 ,
1206 3253 1414 3321 agebat.
1439 3253 1612 3324 thue
1637 3255 1856 3312 dissatis
1883 3257 1998 3312 haec

417 3343 577 3394 verba
607 3357 711 3395 non
743 3341 1072 3413 hyperbolen
1101 3357 1251 3409 esse,
1278 3360 1450 3414 neque
1469 3345 1851 3412 adulationem,
1875 3349 1998 3403 audi

419 3435 564 3490 illum
592 3434 694 3489 hoc
721 3434 986 3490 dicentem
1013 3453 1026 3489 :
1060 3433 1207 3490 Sicut
1229 3446 1300 3490 est
1327 3438 1448 3490 mihi
1471 3439 1670 3508 justum
1697 3440 1792 3494 hoc
1817 3443 2000 3496 sentire

422 3525 487 3579 de
517 3524 680 3588 vobis,
713 3542 770 3580 eo
791 3527 926 3595 quod
953 3542 1038 3580 vos
1062 3527 1272 3581 habeam
1298 3528 1349 3581 in
1376 3531 1527 3582 corde
1557 3529 1815 3601 (Philipp.
1841 3532 1892 3585 1.
1920 3532 1998 3602 7).

417 3615 568 3682 Quod
596 3616 641 3669 si
669 3631 917 3685 maguum
944 3617 1044 3671 hoc
1075 3617 1338 3682 videatur,
1366 3619 1534 3673 multo
1551 3620 1722 3690 majus
1751 3631 1833 3676 est
1859 3623 2001 3690 quod

419 3705 680 3776 sequitur.
723 3705 934 3761 Etenim
970 3717 1250 3778 postquam
1297 3709 1454 3775 dixit,
1500 3709 1578 3770 Eo
1621 3713 1756 3782 quod
1798 3728 1883 3767 vos
1909 3713 2005 3767 Ita—

422 3797 562 3849 beam
585 3797 638 3849 in
662 3796 814 3850 corde
834 3837 850 3863 ,
879 3797 1176 3866 subjunxit,
1207 3797 1273 3852 Et
1312 3799 1367 3852 in
1417 3802 1632 3856 vinculis
1671 3804 1792 3857 meis
1811 3845 1826 3870 ,
1874 3814 1921 3858 et
1950 3805 2003 3858 in

422 3888 715 3958 defensione
771 3898 819 3944 et
887 3888 1572 3963 confirmationeEvangelii.
1628 3893 1815 3949 Videu’
1866 3911 2004 3966 quo-

423 3979 582 4033 modo
631 3979 753 4034 illos
811 3995 1098 4051 numquam
1170 3997 1236 4036 ex
1291 3993 1470 4039 mente
1527 4000 1623 4038 sua
1678 3987 1894 4041 omisit?
1948 3988 2004 4043 Si

425 4071 565 4124 enim
599 4071 807 4124 vincula
835 4113 850 4137 ,
882 4074 1165 4127 tribunalia
1207 4084 1262 4129 et
1300 4086 1487 4130 catena
1532 4078 1649 4147 ejus
1691 4083 2006 4136 memoriam

425 4176 534 4215 non
588 4161 991 4227 labelactarunt,
1045 4166 1211 4220 multo
1245 4167 1421 4222 minus
1452 4171 1846 4237 tranquillitatis
1874 4177 2008 4227 tem-

429 4265 578 4318 pora.
611 4246 686 4304 Eo
728 4252 885 4320 quod,
935 4255 1142 4323 inquit,
1175 4255 1386 4310 habeam
1414 4276 1497 4312 vos
1527 4262 1577 4313 in
1619 4263 1788 4316 corde.
1822 4264 2008 4320 Videu’

432 4339 682 4409 paulatim
740 4344 920 4411 augeri
966 4349 1314 4401 sermonem?
1367 4349 1612 4420 Magnum
1664 4355 1875 4423 quidem
1928 4365 2010 4411 est

430 4433 483 4486 in
511 4432 673 4488 corde
721 4433 936 4502 habere,
989 4437 1158 4491 multo
1201 4439 1374 4508 majus
1417 4452 1594 4496 autem
1637 4447 1796 4500 etiam
1839 4449 1892 4503 in
1921 4465 2011 4503 ca-

433 4527 600 4582 tenis:
621 4529 791 4596 majus
817 4529 978 4583 etiam
1005 4541 1087 4584 est
1114 4531 1165 4585 in
1184 4533 1492 4591 defensione
1521 4548 1574 4591 et
1606 4540 2010 4598 conﬁrmatione

433 4615 728 4688 Evangelii.
749 4620 845 4674 llic
874 4623 1016 4676 enim
1043 4623 1255 4678 videtur
1283 4625 1410 4679 mihi
1442 4627 1778 4684 subindicare
1801 4640 2010 4702 tempus

429 4727 534 4780 quo
563 4711 630 4767 ad
667 4712 876 4782 judices
906 4713 1302 4781 adducebatur,
1327 4731 1448 4772 cum
1490 4717 1558 4774 de
1587 4723 1840 4776 extremis
1871 4725 2011 4792 peri-

429 4803 719 4857 clitaretur.
770 4804 836 4859 Et
883 4805 988 4860 illic
1039 4817 1226 4868 stans,
1287 4809 1500 4877 inquit,
1555 4827 1661 4866 non
1711 4814 2008 4883 cogitabam

428 4895 697 4963 quomodo
725 4897 793 4950 ab
834 4896 1237 4953 imminentibus
1289 4900 1538 4968 periculis
1581 4904 1858 4970 eriperer,
1912 4920 2012 4958 nec

428 4985 700 5055 quomodo
753 4987 972 5042 insidias
1025 4989 1391 5056 depellerem;
1440 4991 1532 5045 sed
1566 4993 1617 5046 in
1660 4994 1884 5050 caritate
1922 5011 2013 5050 ve-

429 5086 539 5130 stra
590 5076 886 5144 delicians,
949 5088 1004 5133 et
1057 5080 1307 5135 absentes
1358 5082 1672 5150 alloquens;
1729 5100 1790 5138 ac
1840 5101 2012 5156 neque

427 5167 528 5221 viae
576 5167 852 5238 longitudo
875 5211 888 5233 ,
924 5186 1096 5241 neque
1126 5175 1460 5243 negotiorum
1488 5176 1746 5233 tumultus
1770 5220 1785 5245 ,
1839 5195 2014 5250 neque

433 5259 788 5327 periculorum
836 5262 1180 5332 magnitudo,
1232 5279 1406 5335 neque
1456 5267 1752 5336 principum
1799 5279 2011 5338 metus,

430 5366 535 5405 non
596 5353 910 5422 populorum
967 5355 1315 5424 iusurrectio,
1376 5373 1480 5411 non
1535 5375 1682 5414 mors
1738 5375 2009 5430 praesens,

430 5461 537 5498 non
569 5444 736 5502 stricti
760 5447 954 5516 gladii,
989 5465 1095 5504 non
1124 5451 1433 5504 carniﬁcum
1463 5452 1673 5523 agmina
1693 5495 1706 5519 ,
1740 5452 1869 5508 nihil
1904 5453 2011 5507 hu-

429 5535 658 5604 jusmodi
708 5556 736 5591 a
781 5550 956 5595 vestra
1004 5542 1265 5597 memoria
1306 5558 1394 5596 me
1423 5543 1662 5599 abduxit.
1695 5543 1838 5599 Nihil
1867 5547 2012 5600 enim

430 5635 514 5678 est
567 5627 789 5682 caritate
843 5629 1256 5698 vehementius,
1304 5632 1435 5686 nihil
1487 5634 1817 5688 sublimius:
1852 5636 2013 5691 altius

434 5714 579 5766 Volat
605 5731 762 5782 tlttittll
789 5715 892 5769 tela
924 5717 1129 5786 istlnee,
1161 5721 1426 5791 altiorque
1449 5732 1531 5778 est
1555 5723 1754 5780 diaboli
1784 5725 2008 5791 retibus,

431 5815 461 5854 a
491 5802 742 5859 ca-lormu
775 5804 1003 5864 culmine
1030 5808 1206 5865 munia
1247 5809 1548 5882 despiciens
1575 5833 1586 5869 :
1615 5830 1677 5870 ac
1705 5816 1842 5872 sicut
1884 5833 2007 5872 ven-

1091 367 1146 423 S.
1189 363 1467 422 JOANNIS
1506 357 1985 419 CHRYSOSTOMI
2031 359 2347 416 ARClllEP.
2389 360 2929 418 CONSTANTINUP.

3523 373 3613 429 496

2080 504 2166 551 tus
2197 495 2486 554 vehemens
2521 501 2752 570 impetus
2776 501 3058 553 molestum
3085 497 3346 570 pulverem
3373 499 3618 569 eliminat,

2075 590 2154 644 sic
2179 590 2260 644 vis
2283 591 2526 644 caritatis
2552 592 2859 661 passionum
2892 591 3128 644 omnium
3159 589 3402 658 impetum
3432 595 3626 661 propul-

2077 696 2197 737 sare
2215 683 2373 738 solet.
2397 685 2548 750 Quod
2577 685 2738 739 etiam
2764 685 2815 739 in
2838 684 3005 738 Paulo
3027 683 3251 753 contigit
3274 683 3622 740 :sufﬁcientem

2079 773 2131 827 in
2162 774 2411 827 omnibus
2454 774 2638 830 habuit
2664 775 3086 830 consolationem
3125 773 3428 828 dilectormu
3458 792 3629 848 nempe

2080 861 2306 918 salutem
2339 879 2632 936 eorumque
2669 867 3008 920 memoriam.
3041 864 3176 933 Quid
3209 875 3289 919 est
3333 876 3496 919 autem
3519 909 3534 932 ,
3574 867 3629 920 Et

2080 954 2464 1022 conﬁrmatione
2484 956 2753 1026 Evangelii
2777 957 2801 1010 ?
2847 957 2959 1011 Etsi
2990 957 3132 1010 enim
3181 971 3280 1008 uua
3311 971 3408 1010 vox
3454 968 3528 1010 est
3547 998 3560 1020 ,
3587 969 3634 1011 at

2083 1043 2301 1114 pelagus
2330 1045 2648 1100 immensum
2675 1046 3061 1100 sententiarum
3092 1044 3329 1100 continet
3357 1064 3369 1098 :
3399 1045 3530 1099 illam
3554 1062 3634 1100 ex-

2083 1135 2282 1206 plicare
2302 1146 2357 1191 et
2372 1134 2606 1207 undique
2626 1137 2852 1192 scrutari
2876 1137 3132 1190 conabor.
3155 1134 3427 1206 Margarita
3463 1137 3639 1205 quippe

2083 1236 2166 1282 est
2197 1227 2290 1283 Dei
2317 1228 2539 1283 verbum
2562 1271 2576 1296 ,
2609 1244 2704 1298 per
2730 1229 2906 1282 omnia
2938 1225 3150 1298 fulgens
3176 1268 3191 1292 ,
3218 1242 3322 1280 non
3348 1227 3399 1280 in
3427 1227 3640 1280 multitu-

2083 1317 2210 1374 dine
2236 1318 2524 1384 dictorum,
2550 1319 2642 1373 sed
2673 1319 2724 1373 in
2756 1318 3017 1373 brevitate
3034 1316 3252 1376 multam
3275 1315 3527 1372 dictorum
3549 1317 3639 1370 vim

2083 1411 2362 1466 exhibens.
2407 1409 2512 1465 Sed
2550 1411 2785 1480 surgite,
2820 1417 2878 1464 et
2907 1407 3156 1464 videbitis
3199 1419 3458 1479 quantum
3506 1407 3643 1461 nobis

2086 1505 2392 1559 thesaurum
2423 1504 2501 1558 vis
2532 1503 2671 1576 illius
2695 1502 2821 1558 dicti
2850 1502 3070 1557 revelet.

2157 1598 2191 1651 5
2238 1596 2844 1668 ConﬁrmatioEvangelii
2886 1595 3114 1665 quidsit.
3142 1624 3215 1636 —
3239 1592 3378 1662 Quid
3415 1601 3496 1646 est
3535 1607 3647 1661 ergo

2086 1687 2424 1745 conﬁrmatio
2455 1689 2765 1759 Evangelii,
2794 1699 2848 1742 et
2875 1704 3036 1758 quam
3075 1687 3357 1757 Evangelii
3389 1684 3652 1740 conﬁrma-

2087 1783 2286 1836 tionem
2314 1781 2466 1846 dicit,
2493 1792 2549 1836 et
2577 1797 2674 1835 cur
2700 1780 2805 1836 hoc
2831 1780 3031 1834 dictum
3063 1778 3408 1839 memoravit.
3435 1791 3550 1831 cum
3591 1775 3652 1828 de

2090 1873 2475 1938 tribunalibus,
2512 1873 2823 1927 carceribus
2851 1882 2905 1926 et
2951 1882 3138 1927 catena
3163 1869 3510 1942 loqueretur?
3535 1867 3654 1922 Cum

2088 1966 2396 2038 przcdicatio
2407 1965 2752 2020 disseminata
2766 1975 2849 2020 est
2863 1966 3106 2037 (necesse
3119 1967 3264 2021 enim
3279 1975 3361 2020 est
3373 1973 3655 2019 sermonem

2089 2057 2249 2112 altius
2291 2067 2572 2126 repetere,
2603 2069 2662 2115 ut
2714 2059 2909 2112 clarior
2937 2059 3180 2112 doctrina
3208 2058 3341 2128 sit),
3378 2071 3566 2127 magno
3589 2065 3662 2112 tu-

2091 2149 2260 2202 multu
2308 2159 2364 2204 et
2407 2149 2572 2203 multa
2605 2149 3008 2220 perturbatione
3059 2150 3240 2204 omnia
3296 2150 3454 2218 plena
3501 2155 3662 2203 erant.

2088 2239 2223 2294 Cum
2244 2241 2385 2295 enim
2409 2240 2653 2296 undecim
2673 2241 2772 2294 viri
2789 2241 2888 2295 soli
2907 2251 3092 2296 contra
3109 2240 3303 2296 orbem
3325 2250 3492 2296 totum
3511 2240 3664 2294 aciem

2091 2331 2416 2403 dirigerent,
2457 2334 2729 2404 antiquam
2768 2335 3138 2390 concutientes
3189 2333 3665 2398 consuetudinem,

2091 2421 2397 2478 diuturnum
2428 2424 2782 2481 dissolventes
2825 2440 3089 2492 errorem,
3119 2435 3363 2496 patrum,
3395 2439 3609 2479 avorum
3623 2433 3672 2478 et

2095 2514 2361 2584 majorum
2387 2516 2532 2587 leges
2553 2526 2861 2572 evertentes
2883 2559 2899 2585 ,
2923 2525 3170 2587 paternos
3199 2519 3483 2573 civitatum
3513 2530 3674 2569 mores

2095 2607 2472 2661 concutientes
2497 2615 2552 2662 et
2577 2607 2974 2672 exscindentes,
3001 2616 3054 2663 et
3097 2608 3368 2662 adversus
3398 2621 3583 2660 omnes
3607 2605 3676 2658 lo-

2095 2707 2338 2768 quentes,
2369 2699 2738 2769 pliilosophos,
2759 2701 3022 2768 rhetores,
3045 2701 3584 2771 principes,judices,
3603 2708 3677 2770 ty-

2096 2804 2314 2850 rannos.
2345 2790 2596 2859 populos,
2626 2805 2833 2857 servos,
2866 2790 3099 2857 liberos,
3138 2791 3436 2861 agricolas,
3470 2803 3677 2855 nautas;

2095 2882 2292 2936 bellum
2327 2881 2700 2952 gravissimum
2750 2882 3098 2947 monebatur,
3145 2891 3232 2948 et,
3297 2892 3358 2939 ut
3402 2883 3514 2952 jam
3560 2880 3678 2944 dixi,
3721 2899 3724 2902 ’

2098 2975 2273 3026 uinnia
2301 2972 2522 3027 tumultu
2536 3013 2554 3040 ,
2573 2973 2727 3042 plena
2756 2982 2909 3028 erant
2928 2991 2942 3040 ;
2969 2975 3161 3045 ubique
3178 2976 3486 3046 prrecipitia
3503 2973 3684 3043 ubique

2099 3065 2301 3135 scopuli
2333 3084 2346 3118 :
2379 3081 2554 3136 neque
2576 3065 2647 3121 ita
2687 3066 3029 3120 furibundum
3061 3081 3230 3132 mare,
3257 3079 3318 3122 et
3357 3083 3390 3122 a
3419 3065 3687 3121 contrariis

2101 3157 2275 3212 ventis
2320 3156 2608 3212 discissum
2653 3157 3035 3226 perturbatur,
3079 3167 3138 3212 ut
3186 3168 3326 3214 tunc
3358 3159 3510 3213 orbis
3560 3166 3688 3211 totus

2100 3248 2560 3313 commovebatur,
2591 3249 2782 3317 priscis
2805 3249 3008 3304 evulsis
3037 3249 3288 3304 moribus
3311 3261 3420 3306 tam
3452 3251 3692 3306 diuturno

2104 3349 2344 3410 tempore
2404 3342 2628 3396 ﬁrmatis
2674 3360 2689 3407 ;
2738 3358 2912 3413 neque
2981 3345 3034 3398 in
3092 3359 3234 3409 una,
3299 3354 3396 3400 aut
3447 3343 3691 3409 duabus,

2103 3441 2194 3484 aut
2235 3432 2402 3487 tribus
2447 3433 2789 3496 civitatibus,
2843 3433 2936 3489 sed
2989 3435 3183 3505 ubique
3239 3446 3558 3503 terrarum;
3607 3450 3696 3488 no-

2105 3523 2184 3576 vis
2237 3533 2416 3577 autem
2461 3524 2690 3578 inductis
2741 3524 3077 3595 dogmatibus
3111 3566 3125 3590 ,
3169 3542 3306 3596 quae
3368 3528 3548 3582 nullus
3589 3540 3695 3578 um-

2106 3630 2263 3684 quam
2291 3616 2556 3671 audierat.
2589 3616 2725 3672 Ilinc
2755 3618 3203 3674 irreconciliabile
3231 3632 3443 3676 contra
3467 3621 3588 3676 illos
3604 3619 3703 3672 bel-

2108 3705 2216 3760 lum
2242 3707 2313 3762 ab
2332 3708 2581 3762 omnibus
2604 3720 2808 3762 motum
2834 3719 2917 3763 est
2945 3726 2958 3762 :
2988 3711 3186 3764 etenim
3217 3710 3472 3767 familias
3509 3709 3702 3766 divide-

2108 3795 2259 3862 bant,
2288 3799 2635 3867 mgnatinnes
2675 3797 3047 3854 distrahebant
3077 3817 3245 3874 :_nam
3290 3801 3612 3873 prtedicatio
3629 3817 3706 3856 ur-

2109 3887 2233 3941 dine
2279 3887 2579 3956 procedens
2603 3930 2619 3954 ,
2661 3898 2716 3943 et
2756 3889 2954 3944 multos
3001 3890 3100 3946 sibi
3131 3895 3453 3949 concilians
3477 3937 3492 3961 ,
3521 3894 3705 3949 bellum

2112 3979 2359 4032 movebat
2399 3979 2538 4047 apud
2577 3995 2676 4035 eos
2699 3982 2788 4050 qui
2824 3983 3039 4050 pietatis
3074 3984 3318 4041 verbum
3373 4003 3485 4043 non
3517 3987 3711 4056 recipe-

2113 4079 2231 4124 rent
2257 4089 2270 4126 :
2292 4081 2441 4140 pater
2462 4071 2628 4125 ﬁlium
2654 4073 2954 4139 abdicabat,
2988 4075 3069 4129 vir
3097 4091 3333 4131 uxorem
3357 4078 3706 4150 despiciebat,

2112 4174 2164 4214 et
2213 4162 2330 4216 heri
2377 4163 2634 4216 adversus
2677 4178 2862 4219 servos
2915 4165 3113 4219 bellum
3151 4170 3474 4237 gerebant,
3522 4170 3710 4226 subditi

2115 4253 2372 4307 adversus
2430 4255 2734 4323 principes,
2787 4267 2841 4311 et
2891 4258 3087 4312 bellum
3140 4259 3290 4316 istud»
3343 4277 3513 4318 omne
3561 4262 3708 4316 civile

2115 4345 2319 4400 bellum.
2336 4348 2660 4414 superabat;
2687 4348 2732 4400 si
2757 4357 2933 4403 tamen
2961 4349 3064 4404 hoc
3093 4365 3300 4406 vocare
3327 4354 3538 4409 bellum
3566 4369 3714 4423 Opor-

2117 4447 2226 4501 tet,
2254 4447 2309 4491 et
2351 4453 2456 4491 non
2500 4439 2643 4492 aliud
2691 4440 2965 4509 quidpiam
3018 4441 3157 4495 bello
3188 4446 3446 4512 gravius.
3474 4448 3535 4500 In
3570 4445 3719 4500 bellis

2114 4528 2260 4582 eriim
2290 4543 2384 4598 par
2412 4529 2678 4599 utrimque
2700 4531 2833 4585 aciei
2859 4531 2998 4586 ratio
3026 4541 3130 4596 est,
3165 4544 3220 4587 ct
3249 4537 3428 4591 ambo
3456 4537 3720 4593 exercitus

2118 4621 2238 4676 telis
2268 4622 2531 4690 impetunt
2560 4638 2614 4676 et
2639 4623 2970 4692 impetuntur
2994 4641 3006 4676 :
3031 4633 3156 4680 tunc
3185 4635 3384 4682 autem
3408 4645 3519 4682 nou
3540 4631 3617 4682 ita
3639 4641 3716 4680 res

2115 4716 2400 4785 gerebatur
2424 4733 2437 4769 :
2469 4733 2590 4770 nam
2619 4719 2706 4773 ille
2726 4720 2943 4788 quidem
2963 4720 3134 4776 libere
3157 4720 3374 4778 bellum
3395 4724 3648 4794 gerebat,
3671 4719 3717 4773 bi

2117 4824 2242 4862 vero
2282 4810 2674 4878 impetebantur
2702 4823 2939 4878 tantum;
2970 4816 3230 4885 impetere
3252 4830 3455 4874 autem
3491 4819 3598 4872 illis
3621 4831 3715 4870 non

2118 4903 2328 4966 licebat,
2361 4920 2531 4974 neque
2557 4905 2873 4961 insidiantes
2897 4908 3080 4962 ulcisci
3110 4930 3123 4964 :
3151 4911 3222 4963 ita
3252 4912 3418 4965 enim
3451 4912 3591 4967 aciei
3622 4910 3722 4962 dus

2115 4992 2335 5060 jubebat
2360 5037 2373 5059 ,
2407 4995 2592 5050 dicens
2621 5016 2633 5050 :
2667 4996 2818 5050 Mitto
2850 5011 2938 5051 vos
2977 4999 3107 5053 sicut
3129 5014 3238 5052 sues
3273 5002 3338 5055 in
3368 5001 3550 5056 medio
3579 5001 3723 5067 lupo-

2118 5099 2230 5136 rum
2257 5100 2276 5137 :
2303 5094 2458 5138 estote
2486 5102 2604 5155 ergo
2644 5087 2916 5156 prudentes
2944 5090 3075 5142 sicut
3101 5101 3374 5157 serpentes
3398 5133 3413 5156 ,
3443 5103 3494 5147 et
3526 5087 3725 5159 simpli-

2119 5193 2199 5231 ces
2224 5178 2350 5230 sicut
2379 5177 2623 5231 columst
2655 5177 2867 5248 (Matth.
2896 5178 2985 5234 10.
3017 5177 3129 5251 16).
3158 5180 3222 5234 Et
3255 5181 3601 5236 insidiantes
3626 5193 3727 5233 non

2121 5269 2280 5323 modo
2334 5269 2514 5324 ulcisci
2565 5285 2668 5324 non
2717 5271 2974 5339 jubebat,
3024 5272 3120 5327 sed
3175 5272 3350 5327 etiam
3410 5274 3726 5331 facultatem

2123 5360 2364 5429 praebere
2431 5371 2489 5416 ut
2531 5362 2586 5415 in
2636 5362 2826 5432 injuria
2871 5362 3150 5420 inferenda
3201 5367 3550 5435 gauderent.
3601 5366 3727 5422 Nam

2121 5451 2395 5509 dexteram
2425 5453 2694 5507 maxillam
2715 5455 2975 5522 praebere,
2995 5465 3049 5510 et
3067 5472 3193 5512 oves
3212 5457 3454 5514 mittere
3478 5460 3536 5514 in
3557 5456 3732 5514 medio

2122 5543 2402 5612 luporum,
2428 5544 2556 5598 nihil
2588 5544 2733 5599 aliud
2756 5546 3060 5602 subindicat
3088 5563 3248 5618 quam
3286 5549 3455 5618 quod
3496 5551 3603 5606 illis
3642 5563 3734 5621 pa-

2123 5634 2284 5689 tiendi
2312 5645 2510 5690 sortem
2536 5637 2925 5704 adseripserit,
2955 5649 3014 5693 ut
3057 5638 3415 5710 splendidius
3467 5652 3732 5714 tropaeum

2121 5735 2284 5780 esset.
2319 5727 2634 5796 Quomodo?
2661 5729 2792 5794 Quia
2833 5729 3080 5785 undecim
3111 5745 3228 5787 cum
3277 5743 3487 5790 essent
3508 5775 3524 5799 ,
3563 5742 3729 5788 totum

2123 5821 2304 5874 orbem
2353 5821 2622 5888 vicerunt;
2666 5821 2786 5891 quia
2834 5823 3135 5895 patientes,
3193 5837 3307 5879 non
3359 5824 3730 5884 insultantes:
