3966 6160
273 361 376 419 ‘97

263 487 375 556 γὰρ
432 485 531 558 τὴν
577 484 758 552 δεξιάν
813 483 1066 556 στρέφειν
1113 485 1358 554 σιαγόνα,
1402 484 1498 538 καὶ
1561 482 1631 537 τά
1681 481 1928 555 πρόϐατα

266 573 506 645 πέμπειν
536 575 593 627 ἐν
627 573 776 645 μέσῳ
795 572 994 636 λύκων,
1027 572 1180 626 οὐδὲν
1204 573 1332 627 ἀλλο
1365 573 1659 627 αἰνίττεται
1687 570 1720 643 ἦ
1759 571 1841 624 ὅτι
1867 572 1929 625 τὺ

264 662 496 734 πάσχειν
528 662 711 724 αὐτοῖς
744 659 1176 732 συνεκλήρωσεν,
1210 662 1295 715 ἵνα
1324 660 1705 732 λαμπρότερον
1727 659 1789 713 τὸ
1810 660 1930 731 τρό-

262 766 426 805 παιον
454 749 696 821 γένηται.
729 748 886 814 Πῶς;
922 749 1045 807 Ὀτι
1078 748 1448 813 ἐνδεκσ’δντες
1475 749 1577 819 τῆς
1605 748 1929 818 οἰκουμένης

265 837 662 911 περιεγένοντο,
689 836 773 890 ὅτι
818 836 1141 906 πάσχοντες,
1182 837 1242 891 ού
1276 837 1574 901 ποιοῦντες,
1613 836 1928 906 βαλλόμενοι

263 926 358 980 καὶ
375 925 436 979 οὐ
466 923 772 994 βάλλοντες,
796 923 1270 995 ἐπιϐουλευόμενοι
1301 926 1396 979 καὶ
1419 926 1520 978 οὐκ
1552 923 1928 978 ἐπιϐουλεύον-

260 1030 374 1077 τες,
406 1011 790 1084 μστιζόμενοι
816 1012 910 1065 καὶ
945 1011 1008 1064 ού
1055 1010 1428 1081 μαστίζοντες,
1468 1011 1809 1083 ἐλαυνόμενοι
1835 1012 1929 1067 καὶ⁵

260 1102 363 1156 ούκ
391 1099 723 1163 ἐλαύνοντες,
759 1098 1078 1168 διωκόμενοι
1119 1100 1210 1151 καὶ
1242 1100 1301 1151 ού
1331 1098 1634 1163 διώκοντες,
1679 1098 1931 1169 ἀναιρού-

266 1207 415 1261 μενοι
440 1189 536 1243 καὶ
568 1189 668 1242 οὐκ
708 1185 1080 1259 ἀναιροῦντες,
1124 1187 1219 1241 καὶ
1245 1187 1348 1254 δτι,
1389 1187 1638 1259 καθάπερ
1681 1187 1928 1258 πρόϐατα

262 1279 346 1342 εἰς
376 1276 586 1348 σφαγὴν
610 1275 966 1347 προκείμενα.
998 1276 1121 1338 τοὺς
1144 1273 1338 1340 λύκους
1367 1276 1612 1339 ἅπαντας
1632 1275 1766 1348 πρὸς
1793 1291 1928 1347 προ-

262 1366 442 1419 ϐάτων
467 1364 784 1435 ἡμερότητα
812 1362 1162 1433 μετέϐαλλον,
1210 1364 1336 1427 τοὺς
1368 1363 1748 1434 μαινομένους,
1802 1365 1930 1428 τοὺς

265 1454 442 1520 φόνων
486 1451 772 1516 πνέοντας,
801 1451 927 1516 τοὺς
956 1451 1163 1521 θηρίων
1195 1451 1561 1523 ἀγριωτέρους
1586 1453 1930 1525 γινομένους.

263 1542 565 1613 τρέχοντος
607 1539 788 1594 τοίνυν
825 1539 918 1593 τοῦ
953 1540 1112 1608 λόγου
1152 1542 1247 1595 καὶ
1271 1541 1369 1610 τῆς
1394 1541 1677 1606 εὐσεϐείας
1708 1560 1935 1615 σπειρο-

266 1631 461 1700 μένης.
489 1627 824 1699 πανταχόθεν
849 1628 1149 1699 ἀνήπτοντο
1183 1628 1355 1699 πυραὶ
1393 1628 1489 1682 καὶ
1520 1629 1805 1699 ἀπέχθειαι
1832 1631 1926 1683 καὶ

264 1715 511 1787 πόλεμοι,
541 1714 664 1785 οὐχὶ
693 1717 804 1778 τοῖς
830 1713 1169 1776 διδασκάλοις
1195 1714 1377 1784 μόνον,
1405 1714 1541 1769 ἀλλά
1571 1717 1794 1781 καὶτοῖς
1823 1734 1925 1787 μα-

264 1802 667 1874 θητευομένοις.
724 1800 889 1870 Ὁμοῦ
938 1802 1047 1870 γάρ
1094 1819 1179 1865 τις
1231 1801 1449 1867 ἐδέξατο
1484 1802 1575 1855 τὸν
1621 1803 1795 1872 λόγον,
1831 1805 1925 1857 καὶ

263 1886 440 1951 κοινὸς
473 1887 728 1959 πολέμιος
751 1885 965 1957 περιῄει
990 1889 1143 1949 πᾶσι,
1171 1888 1265 1941 καὶ
1293 1886 1442 1959 [560]
1475 1887 1729 1959 πατρίδος
1753 1888 1922 1958 ἠλαύ-

261 1993 403 2038 νετο,
443 1975 537 2028 καὶ
580 1974 717 2045 πρὸς
748 1973 843 2045 τὴν
878 1973 1177 2045 ὑπερορίαν
1220 1974 1570 2045 μετιρκίζετο,
1605 1976 1698 2028 καὶ
1739 1975 1927 2039 οὐσίας

262 2065 545 2132 ἐξέπιπτε,
574 2063 669 2116 καὶ
691 2062 935 2134 περὶτῆς
951 2061 1262 2131 ἐλευθερίας
1285 2063 1475 2133 αὐτῆς,
1509 2062 1708 2132 μᾶλλον
1728 2063 1785 2116 δὲ
1797 2064 1924 2134 περὶ

259 2151 425 2206 αὐτοῦ
452 2151 548 2206 τοῦ
580 2149 679 2222 ζῇν
726 2149 1065 2204 ἐκινδύνευεν
1086 2167 1101 2180 ·
1129 2151 1222 2202 καὶ
1258 2150 1409 2202 οὐδὲν
1459 2151 1610 2219 ἴσχυε
1655 2149 1778 2203 τότε
1824 2153 1925 2221 τῆς

264 2239 481 2306 φύσεως
509 2239 543 2309 ἡ
584 2238 854 2309 τυραννὶς,
879 2235 992 2289 ἀλλ’
1025 2237 1159 2308 ὅπερ
1185 2235 1355 2307 ἔφθην
1381 2234 1571 2298 εἰπὼν,
1611 2235 1706 2290 καὶ
1738 2235 1924 2300 παῖδες

259 2322 690 2394 κατεφρονοῦντο
710 2362 726 2386 ,
775 2323 871 2376 καὶ
916 2323 1135 2392 ἀδελφοὶ
1193 2322 1290 2375 καὶ
1336 2324 1613 2390 συγγενεῖς
1668 2324 1726 2375 ἐν
1774 2322 1923 2387 τάξει

259 2412 537 2482 πολεμίων
571 2406 734 2481 ἦσαν,
781 2409 877 2463 καὶ
909 2408 1046 2479 μετά
1074 2408 1185 2462 τῶν
1226 2394 1561 2463 διδασκάλων
1599 2410 1649 2463 οἱ
1688 2409 1925 2480 μαθηταὶ

258 2500 327 2555 τά
360 2501 633 2570 ἀνήκεστα
655 2497 914 2567 ἔπασχον.
943 2498 1052 2551 Καὶ
1080 2497 1257 2551 ταῦτα
1282 2496 1420 2551 αὐτὰ
1454 2495 1629 2566 δηλῶν
1650 2497 1680 2549 ό
1714 2496 1923 2561 Παῦλος

260 2589 446 2656 ἔλεγεν
462 2600 479 2618 ⁸
524 2582 1078 2654 Ἀναμιμνήσκεσθε
1096 2583 1207 2654 γὰρ
1233 2584 1341 2651 τὰς
1364 2586 1651 2652 πρότερον
1676 2585 1918 2654 ἡμέρας,

258 2674 329 2726 ἐν
355 2666 451 2737 αἷς
482 2667 878 2740 φωτισθέντες
897 2668 1141 2735 πολλὴν
1157 2667 1420 2735 ἄθλησιν
1450 2668 1799 2737 ὑπεμείνατε
1819 2682 1925 2721 πα-

259 2758 552 2829 θημάτων,
574 2755 749 2810 τοῦτο
772 2755 891 2825 μὲν
914 2754 1274 2824 ὀνειδισμοῖς
1293 2756 1395 2810 καὶ
1425 2757 1671 2827 θλίψεσι
1701 2761 1921 2828 θεατρι-

259 2848 509 2917 ζόμενοι,
545 2843 723 2898 τοῦτο
758 2843 828 2897 δέ
872 2843 1143 2898 κοινωνοί
1184 2841 1305 2898 τῶν
1341 2844 1528 2910 οὕτως
1558 2844 1923 2913 ἀναστρεφο-

253 2935 454 3004 μένων
492 2932 860 3004 γενηθέντες.
909 2929 1019 2984 Καὶ
1047 2932 1159 2999 γὰρ
1205 2930 1328 2997 τοῖς
1356 2931 1627 3000 δεσμίοις
1657 2946 1921 2985 συνεπα-

259 3022 506 3090 θήσατε,
557 3019 656 3073 καί
696 3016 812 3085 τὴν
843 3015 1123 3086 ἁρπαγὴν
1170 3014 1289 3070 τῶν
1315 3017 1709 3087 ὑπαρχόντων
1755 3015 1924 3086 ὑμῶν

252 3112 402 3181 μετὰ
443 3108 631 3179 χαρᾶς
664 3105 1130 3176 προσεδέξασθε,
1164 3107 1560 3177 γινώσκοντες
1584 3107 1749 3175 ἐχειν
1765 3105 1915 3177 ὑμᾶς

258 3198 590 3266 κρείσσονα
625 3193 887 3264 ὕπαρξιν
911 3193 982 3246 ἐν
1013 3192 1290 3261 οὐρανοῖς
1327 3193 1427 3247 καί
1454 3192 1785 3263 μένουσαν.
1811 3194 1920 3247 Καὶ

260 3285 425 3340 πάλιν
448 3281 930 3338 Θεσσαλονικεῦσιν
956 3280 1288 3335 ἐπιστέλλων
1314 3280 1500 3349 ἔλεγεν
1528 3297 1542 3312 ⁸
1578 3282 1777 3350 ’Υμεῖς
1806 3282 1917 3351 γὰρ

253 3370 497 3441 μιμηταί
523 3368 859 3439 ἐγενήθητε,
907 3366 1176 3437 ἀδελφοί,
1223 3365 1342 3420 τῶν
1389 3365 1764 3433 Ἐκκλησιῶν
1802 3366 1922 3422 τῶν

257 3456 462 3512 οὐσῶν
503 3456 574 3510 έν
606 3454 678 3525 τῇ
725 3456 1005 3522 Ἰουδαίᾳ,
1041 3453 1131 3508 ὅτι
1159 3453 1259 3507 καί
1290 3452 1458 3523 ὑμεῖς
1493 3452 1566 3506 τὰ
1592 3454 1744 3508 αὐτὰ
1773 3452 1916 3508 ἐπά-

257 3548 388 3599 θετε
421 3542 537 3599 ὑπὸ
559 3541 681 3596 τῶν
713 3541 877 3595 ίδίων
899 3539 1324 3610 συμφυλετῶν,
1353 3539 1616 3608 καθάπερ
1651 3540 1749 3594 καί
1771 3540 1919 3595 ἐκεῖ·

256 3648 350 3685 νοι
380 3630 500 3686 ὑπὸ
518 3629 637 3684 τῶν
676 3627 989 3689 Ἰουδαίων,
1019 3625 1138 3680 τῶν
1155 3626 1253 3680 καὶ
1278 3626 1387 3679 τὸν
1411 3628 1631 3695 Κύριον
1655 3627 1920 3681 ἀποκτει-

256 3717 508 3779 νάντων,
523 3715 624 3770 καὶ
640 3713 796 3784 ἡμᾶς
816 3713 1245 3780 ἐκδιωξάντων,
1267 3714 1366 3768 καὶ
1382 3712 1572 3769 πᾶσιν
1590 3712 1918 3783 ἀνθρώποις

256 3805 563 3860 ἐναντίων.
602 3804 713 3857 Καὶ
742 3802 1011 3866 Γαλάταις
1039 3802 1094 3855 δέ
1123 3801 1285 3857 πάλιν
1321 3802 1548 3874 γράφων
1577 3800 1730 3868 ἔλεγε
1755 3817 1770 3833 ο
1818 3804 1917 3853 Το-

256 3893 453 3946 σαῦτα
481 3891 729 3946 ἐπάθετε
756 3887 911 3957 εἰκῆ,
939 3889 996 3942 εί
1019 3905 1087 3958 τε
1118 3889 1219 3943 καί
1240 3887 1394 3957 εικῆ.
1431 3889 1538 3942 Καὶ
1569 3888 1636 3942 τὰ
1660 3886 1822 3940 αὐτοῦ
1862 3888 1919 3941 δέ

260 3979 406 4049 πάθη
455 3977 833 4048 διηγούμενος,
882 3975 1063 4043 ἐλεγέ⁹
1118 3976 1214 4028 Ἑν
1248 3974 1527 4046 ὑπομονῇ
1579 3972 1804 4041 πολλῇ,
1849 3973 1920 4026 έν

257 4064 641 4132 στενοχωρίᾳ,
671 4063 740 4115 ἐν
757 4060 1075 4130 φυλακαῖς,
1103 4061 1173 4115 ἐν
1192 4065 1421 4126 κόποις,
1452 4060 1521 4114 ἐν
1541 4060 1917 4128 ἀγρυπνίαις,

258 4150 515 4219 ὲνλιμῴ,
546 4151 617 4202 ἐν
640 4150 806 4217 δίψει
834 4149 933 4202 καί
961 4149 1281 4217 γυμνότητι
1299 4163 1312 4176 ·
1343 4148 1438 4200 καὶ
1470 4146 1652 4209 πάλιν,
1698 4150 1921 4201 Τεσσα-

252 4235 517 4304 ριίκοντα
542 4236 701 4305 παρὰ
718 4238 864 4305 μίαν
884 4236 1124 4298 ἔλαϐον,
1157 4235 1285 4305 τρίς
1313 4233 1732 4302 ἑρραϐδίσθην,
1756 4233 1918 4300 ἅπαξ

258 4320 608 4387 ἐλιθάσθην,
629 4320 1006 4390 νυχθήμερον
1024 4321 1094 4374 ἐν
1105 4319 1185 4386 τῷ
1194 4318 1365 4385 ,βυθῷ
1384 4319 1702 4386 πεποίηκα,
1720 4318 1919 4372 κινδύ-

257 4426 388 4474 νοις
427 4406 731 4474 ποταμῶν,
771 4406 1074 4481 κινδύνοις
1100 4405 1366 4475 λῃστῶν,
1393 4404 1698 4469 κινδύνοις
1720 4405 1789 4457 ἐκ
1822 4405 1919 4474 τέ-

259 4511 428 4560 νους,
455 4491 840 4558 κινδύνοιςέν
858 4493 1152 4561 ἐρημίαιςο
1176 4493 1271 4546 καὶ
1296 4492 1480 4555 πάλιν,
1511 4492 1917 4548 Ἠέπισύστα-

257 4582 360 4648 σίς
374 4599 495 4649 μου
521 4581 561 4648 ή
587 4580 714 4634 καθ’
739 4578 987 4647 ἡμέραν,
1010 4581 1049 4646 ἡ
1067 4578 1320 4648 μέριμνα
1334 4578 1549 4633 πασῶν
1563 4576 1682 4634 τῶν
1695 4582 1945 4654 Ἐκκλη-

259 4669 413 4723 σιῶν
432 4687 446 4701 ο
480 4669 577 4723 καὶ
607 4667 792 4733 πάλιν,
842 4668 894 4720 Ὁ
920 4667 1214 4736 ἐθνάρχης
1252 4665 1455 4734 Ἀρέτα
1480 4664 1587 4719 τοῦ
1611 4665 1919 4731 βασιλέως

255 4758 534 4827 ἐφρούρει
564 4756 682 4823 τὴν
717 4754 1127 4825 Δαμασκηνῶν
1163 4755 1344 4808 πόλιν
1377 4752 1586 4808 πιάσαι
1606 4770 1679 4822 με
1704 4752 1916 4819 θέλων,

257 4849 355 4901 καὶ
381 4847 480 4903 διὰ
499 4847 742 4915 θυρίδος
763 4848 834 4902 ἐν
859 4845 1132 4916 σαργάνῃ
1156 4842 1510 4914 ἐχαλάσθην
1540 4842 1638 4896 διὰ
1665 4843 1772 4897 τοῦ
1802 4843 1918 4895 τεί-

256 4954 426 5007 χους.
467 4938 565 4991 καὶ
615 4937 912 5007 ἐξέφυγον
956 4936 1063 5002 τὰς
1106 4933 1307 5002 χεῖρας
1361 4931 1576 4985 αὑτοῦ·
1620 4930 1714 4984 καὶ
1757 4930 1918 4984 πάλιν

254 5025 490 5096 ἀλλαχοῦ
507 5042 521 5055 ο
550 5026 977 5096 Ἑλογίσθημεν
996 5025 1077 5089 ὠς
1100 5022 1362 5090 πρόϐατα
1380 5017 1623 5087 σφαγῆς
1641 5034 1653 5047 ·
1687 5018 1780 5070 καὶ
1801 5015 1918 5070 ἐτέ-

255 5113 390 5182 ρωθι
442 5113 626 5175 πάλιν,
672 5112 800 5180 Δῴη
846 5113 1020 5177 ἕλεος
1061 5114 1094 5165 ό
1142 5110 1356 5178 Κύριος
1404 5105 1484 5173 τῷ
1525 5105 1916 5173 Ὀνησιφόρου

256 5200 421 5267 οτκῳ,
442 5200 532 5255 ὅτι
548 5200 662 5269 τὴν
681 5201 909 5257 ἅλυσίν
919 5217 1032 5266 μου
1052 5200 1162 5252 οὑκ
1180 5194 1557 5264 ἐπῃσχύνθη,
1572 5192 1736 5246 ἀλλὰ
1752 5190 1918 5259 γενό-

250 5306 433 5360 μενος
455 5290 525 5342 ἐν
551 5288 734 5358 Ῥώμῃ
753 5287 1227 5354 σπουδαιότερον
1266 5281 1517 5349 ἐζήτησέ
1533 5297 1609 5349 με
1630 5279 1728 5332 καί
1754 5272 1913 5346 εὗρε.

322 5376 385 5430 δ’.
424 5375 491 5430 Τί
520 5375 586 5431 ἀν
627 5392 711 5440 τις
741 5374 884 5429 εἴποι
915 5373 981 5427 τά
1026 5371 1135 5425 τῶν
1175 5366 1645 5440 ψευδαποστόλων,
1694 5365 1762 5419 τὰ
1806 5364 1916 5418 τῶν

255 5462 654 5532 ψευδαδέλφων,
703 5463 831 5526 τοὺς
872 5460 1098 5531 μυρίους
1145 5457 1239 5512 καὶ
1276 5454 1575 5516 πολυειδεῖς
1613 5451 1914 5522 πολέμους;

256 5551 318 5604 ού
340 5551 448 5622 γάρ
479 5551 543 5621 δὴ
576 5550 734 5621 μόνον
762 5550 818 5603 αἰ
852 5546 1111 5618 τιμωρίαι
1138 5547 1231 5599 καὶ
1260 5546 1316 5598 αἱ
1347 5541 1595 5604 κολάσεις
1620 5538 1914 5600 ἐκινοῦντο,

260 5637 397 5691 ἀλλά
412 5638 506 5691 καὶ
523 5637 822 5706 δεινότητες
842 5636 1105 5708 ρητόρων,
1138 5634 1230 5687 καὶ
1247 5631 1548 5703 φιλοσόφων
1561 5625 1913 5682 κατασκευαίο

260 5726 353 5777 καὶ
380 5725 440 5776 ού
473 5741 545 5775 πα
555 5724 600 5794 ρ’
625 5725 848 5777 ἐκείνων
876 5723 932 5776 δὲ
963 5723 1141 5792 μόνον,
1166 5719 1301 5774 ἀλλά
1322 5719 1415 5773 καὶ
1436 5715 1584 5788 παρὰ
1614 5713 1916 5786 ἀνθρώπων

254 5812 534 5883 ἀγοραίων
572 5811 737 5863 πολλά
776 5809 936 5879 ᾔρετο
978 5809 1344 5877 μηχανήματα
1374 5804 1512 5860 κατά
1550 5805 1644 5874 τῆς
1687 5794 1910 5868 Ἐκκλη-

1110 364 1169 419 S.
1208 361 1495 419 JOANNIS
1530 356 2019 418 CHRYSOSTOMI
2061 359 2379 418 ARCIIIEP.
2420 360 2965 420 CONSTANTINOP.

3540 376 3625 432 ινδ

2032 480 2173 543 σίας·
2193 480 2296 534 ᾰπε
2304 497 2336 552 ρ
2353 480 2721 551 αἰνιττόμενος
2731 481 2916 548 ἔλεγεν
2935 497 2949 510 '
2979 482 3388 557 Ἀλέξανδροςὸ
3405 500 3633 565 χαλκεὺς

2029 567 2230 622 πολλὰ
2265 586 2369 638 μοι
2398 571 2552 623 κακὰ
2575 568 2918 634 ἐνεδείξατο
2941 586 2955 601 ’
2996 571 3068 625 δν
3109 575 3204 628 καί
3235 576 3313 630 σὺ
3338 581 3632 648 φυλάττω·

2026 656 2172 709 λίαν
2197 657 2307 727 γὰρ
2334 656 2667 726 ἀνθέστηκε
2703 658 2826 724 τοῖς
2863 659 3170 728 ἡμετέροις
3208 666 3415 735 λόγοις.
3455 670 3635 735 Ὠσπερ

2027 741 2196 834 omni)
2251 745 2491 834 θάλαττα
2527 746 2788 818 κυμάτων
2814 727 2914 802 οὐκ
2957 727 3074 803 ἐστι
3105 727 3303 823 χωρίςί
3327 727 3458 811 οῦ-τω
3496 761 3577 813 καὶ

2028 832 2243 887 Παύλου
2268 832 2413 905 ψυχὴ
2446 834 2779 904 πεπλήρωτο
2808 834 3018 905 μυρίων
3059 841 3393 911 πειρασμῶν,
3429 832 3638 918 καθημεέ

2029 919 2191 983 ,ινῶν
2242 918 2522 984 κινδύνων,
2579 919 2799 987 ἔξωθεν,
2848 921 3082 986 ἔσωθεν,
3127 923 3215 977 διά
3263 928 3523 998 ῥημάτων,
3567 926 3644 991 διὰ

2026 1006 2389 1075 πραγμάτων,
2422 1006 2511 1060 διὰ
2539 1009 2860 1078 χρημάτων.
2895 1007 2984 1063 διά
3011 1008 3180 1065 δόλων
3198 1028 3212 1042 ’
3242 1014 3332 1066 καὶ
3366 1015 3528 1082 οὐδεὶς
3553 1037 3640 1073 πα·

2028 1092 2293 1163 ραστῆσαι
2321 1092 2609 1164 δυνήσεται
2647 1093 2804 1163 λόγος
2826 1095 2896 1149 τά
2922 1094 3058 1166 νέφη
3088 1096 3198 1150 τῶν
3248 1099 3406 1172 βελῶν
3432 1103 3643 1171 ἐκείνων,

2024 1181 2094 1232 τά
2127 1179 2304 1250 πλήθη
2346 1181 2455 1234 τῶν
2484 1181 2763 1252 κυμάτων.
2794 1182 2946 1236 Ἐπεὶ
2977 1179 3071 1237 οὗν
3108 1187 3166 1237 ἐν
3197 1185 3401 1250 τούτοις
3424 1189 3486 1242 τὰ
3524 1188 3644 1261 πρά-

2025 1284 2211 1337 γματα
2235 1264 2324 1339 ἦν,
2360 1268 2422 1322 ού
2461 1267 2668 1341 [μόνον]
2693 1273 2806 1334 τοῖς
2852 1272 3185 1342 εἰρημένοις,
3214 1273 3345 1328 ἀλλὰ
3369 1277 3458 1330 καὶ
3494 1278 3655 1348 πολλῷ

2031 1354 2259 1420 πλείοσι,
2295 1355 2391 1409 καὶ
2443 1356 2503 1409 ού
2544 1356 2853 1410 διδάσκαλοι
2906 1358 3089 1428 μόνον,
3136 1358 3273 1414 ἀλλά
3313 1362 3404 1416 καὶ
3442 1364 3654 1436 μαθηταὶ

2026 1443 2386 1509 ἐκινδύνευον,
2410 1445 2504 1497 καὶ
2525 1444 2587 1497 ού
2624 1444 2861 1516 μαθηταὶ
2883 1445 3069 1515 μόνον,
3086 1447 3144 1500 ἀὶ
3155 1447 3224 1501 λὰ
3244 1450 3336 1503 καὶ
3376 1449 3649 1507 διδάσκαλοι

2025 1531 2096 1600 (εἰ
2131 1532 2228 1601 μὲν
2254 1530 2362 1602 γὰρ
2384 1532 2608 1603 θάτερον
2639 1531 2802 1603 μέρος
2824 1527 2892 1603 ἦν
2924 1535 2982 1586 ἐν
3004 1537 3316 1607 πειρασμῷ,
3338 1538 3398 1591 τὸ
3422 1538 3475 1592 δέ
3495 1539 3654 1594 λοιπὸν

2022 1622 2082 1672 ἐν
2101 1617 2256 1691 [369⁸Ι
2300 1619 2669 1691 ἀδείᾳ.ἐμελλε
2683 1621 2841 1674 τοῦτο
2856 1622 3048 1693 ἐκείνῳ
3064 1624 3656 1695 παράκλησιςγίνεσθαι⁶

2018 1706 2143 1759 νυνί
2165 1707 2221 1760 δὲ
2257 1707 2542 1778 ἀμφότερα
2570 1703 2638 1779 ἦν
2675 1709 2734 1761 ἐν
2755 1707 2833 1778 τῷ
2855 1708 3209 1781 πολεμεῖσθαι
3230 1713 3323 1765 καὶ
3354 1712 3659 1785 βάλλεσθαι)⁵

2024 1794 2118 1847 καὶ
2152 1792 2323 1846 ταῦτα
2346 1794 2581 1865 ὁρῶντες
2613 1794 2797 1848 πολλοὶ
2821 1795 2929 1848 τῶν
2959 1795 3365 1869 ἀσθενεστέρων
3391 1797 3657 1866 ἐξελύοντο,

2023 1881 2288 1952 ἐνάρκων,
2332 1881 2585 1945 ἀλύοντες
2621 1880 2910 1946 διετέλουν,
2953 1883 3021 1937 τὰ
3056 1884 3156 1955 μὲν
3196 1885 3412 1956 χρηστά
3440 1883 3531 1939 τοῦ
3564 1904 3663 1959 κη·-

2024 1967 2303 2039 ρύγματος
2338 1971 2395 2021 ἐν
2430 1969 2639 2024 ἐλπίσιν
2671 1970 2926 2041 ὁρῶντες,
2960 1971 3239 2041 βασιλείαν
3274 1974 3366 2027 καὶ
3395 1975 3671 2029 ἀνάστασιν

2022 2056 2118 2109 καὶ
2148 2055 2479 2127 ἀφθαρσίαν,
2514 2056 2584 2111 τά
2617 2056 2673 2110 δὲ
2709 2056 2928 2129 λυπηρὰ
2954 2057 3189 2112 ἐνταῦθα
3218 2061 3278 2114 ἐν
3299 2062 3370 2132 τῇ
3405 2061 3562 2133 πείρᾳ
3584 2062 3670 2115 καὶ

2023 2142 2286 2215 ὑπομονῇ,
2333 2145 2573 2215 τήγανα,
2619 2144 2911 2215 καμίνους,
2959 2146 3336 2217 δεσμωτήρια,
3397 2147 3663 2218 πολέμους,

2021 2230 2241 2302 ἔχθρας,
2281 2231 2596 2302 ἀπεχθείας,
2634 2231 2915 2298 θανάτους,
2961 2231 3269 2297 κινδύνους,
3312 2235 3409 2288 καὶ
3446 2235 3563 2298 τοὺς
3602 2233 3668 2287 δι-

2021 2319 2321 2382 δασκάλους
2354 2318 2532 2374 αὐτῶν
2577 2318 2673 2372 νῦν
2709 2319 2813 2389 μὲν
2839 2321 2897 2374 ἐν
2927 2318 3355 2391 δεσμωτηρίοις,
3402 2321 3496 2376 νῦν
3543 2320 3596 2375 δέ
3620 2323 3681 2376 ἐν⁸

2021 2407 2343 2475 ἀπαγωγαῖς
2361 2405 2421 2478 [ί.
2440 2406 2827 2478 συναγωγαῖς],
2847 2405 3269 2479 ὑϐριζομένους,
3289 2409 3668 2479 ἀπαγομένους

2021 2497 2114 2549 καὶ
2154 2493 2485 2566 πανταχόθεν
2530 2489 2669 2565 ἦσαν
2708 2494 2842 2564 νέφη
2893 2494 3101 2560 κακῶν,
3149 2498 3247 2550 καὶ
3288 2496 3511 2567 βαθείάν
3570 2514 3676 2551 τινα

2020 2583 2191 2637 νύκτα
2225 2582 2547 2654 πειρασμῶν
2593 2578 2756 2653 εἶχον,
2802 2581 2836 2652 ἢ
2880 2581 3088 2647 πάντας
3124 2587 3355 2655 κατεῖχε
3397 2586 3490 2639 καὶ⁸
3533 2584 3676 2656 θορυ-

2021 2671 2229 2725 ϐεῖσθαι
2278 2670 2475 2733 αὐτοὺς
2515 2669 2688 2722 ἐποίει
2742 2668 2946 2740 σφόδρα
2995 2670 3089 2724 καὶ
3142 2672 3551 2744 ταράττεσθαιο
3590 2674 3685 2744 ὅρα

2020 2760 2136 2823 πῶς
2187 2760 2277 2812 διά
2336 2761 2463 2830 μιᾶς
2503 2756 2697 2822 λέξεως
2742 2757 3018 2828 ἀνίστησιν
3062 2759 3253 2813 αὐτῶν
3307 2759 3372 2814 τὸ
3423 2760 3684 2833 φρόνημα.

2020 2849 2172 2901 Ποιεῖ
2220 2846 2317 2917 μὲν
2362 2845 2469 2916 γὰρ
2515 2844 2646 2899 αὐτὸ
2696 2845 2789 2898 καὶ
2827 2844 3083 2912 ἄλλοθεν,
3133 2847 3198 2899 ἐν
3232 2847 3405 2920 ἑτέρᾳ,
3444 2850 3683 2918 ἐπιστολῇ

2018 2936 2222 3005 λέγων’
2268 2933 2365 2988 Διό
2409 2932 2517 2997 τὰς
2565 2930 2922 3001 παρειμένας
2971 2931 3183 3002 χεῖρας
3227 2934 3346 2989 και
3388 2936 3463 2990 τὰ
3510 2951 3660 3004 παρα

2016 3022 2323 3092 λελυμένα
2350 3020 2574 3091 γόνατα
2599 3016 2977 3087 ἀνορθώσατε
3000 3035 3013 3050 ·
3051 3021 3114 3074 οὐ
3149 3023 3291 3094 περὶ
3317 3023 3563 3093 γονάτων
3605 3023 3691 3076 καὶ

2017 3112 2214 3185 χειρῶν
2266 3111 2439 3180 λέγων
2457 3152 2474 3177 ,
2520 3107 2655 3164 ἀλλὰ
2702 3108 2832 3178 περὶ
2881 3108 3163 3180 λογισμῶν
3218 3112 3574 3183 χωλευόντων
3619 3114 3700 3184 τῷ.

2018 3200 2210 3273 πλήθει
2242 3199 2348 3253 τῶν
2392 3196 2710 3269 πειρασμῶν
2750 3195 3109 3268 ἐκλυομένων.
3156 3195 3304 3256 Εἶτα
3339 3201 3693 3275 παραινέσας,

2017 3289 2111 3343 καὶ
2152 3285 2502 3357 παραμυθίαν
2538 3284 2746 3353 εἰσάγει
2782 3285 3044 3355 μεγίστην
3070 3285 3291 3356 λέγων’
3323 3290 3453 3344 Ἔτι
3482 3291 3588 3361 γάρ
3608 3306 3705 3357 μι.

2016 3377 2163 3445 κρὸν
2192 3374 2342 3428 ὅσον
2380 3372 2531 3427 ὅσον
2555 3374 2588 3426 ό
2622 3373 2945 3442 ἐρχόμενος
2986 3372 3145 3440 ἣξει,
3179 3376 3289 3429 καὶ
3332 3380 3409 3432 οὺ
3464 3376 3704 3453 χροιριεῖζ⁶

2029 3462 2188 3517 Ἀλλὰ
2221 3459 2408 3531 ἐπειδὴ
2437 3459 2594 3512 τοῦτο
2618 3459 2754 3521 τέως
2779 3460 2837 3511 ἐν
2861 3458 3071 3514 ἐλπίσιν
3099 3455 3199 3531 ἦν,
3237 3462 3341 3518 καὶ
3376 3465 3589 3535 ἑτέρως’
3606 3466 3698 3519 πά-

2015 3553 2098 3606 λιν
2134 3551 2330 3613 αὐτοὺς
2361 3547 2748 3619 προτρέπεται,
2780 3547 2880 3600 οὐκ
2917 3546 2976 3612 ἐξ
3006 3546 3348 3620 ἀλλοτρίων,
3390 3552 3511 3607 ἀλλ’
3536 3553 3595 3619 ἐξ
3625 3553 3701 3606 οι..

2015 3638 2177 3692 κείων
2204 3634 2654 3706 παραδειγμάτων
2681 3632 3077 3705 εύθυμοτέρους
3103 3638 3334 3691 ποιῶνο
3372 3638 3704 3709 Ἀναμιμνήο

2014 3726 2238 3781 σκεσθε
2268 3723 2396 3793 γὰρ,
2426 3723 2578 3791 φησι,
2609 3720 2715 3785 τὰς
2742 3723 3030 3789 πρότερον
3060 3722 3333 3794 ἡμέρας,
3361 3727 3437 3781 ἐν
3466 3723 3565 3794 αἷς
3593 3742 3701 3796 φω-

2014 3810 2314 3876 τισθέντες
2350 3807 2593 3876 πολλὴν
2627 3806 2887 3872 ἄθλησιν
2913 3809 3288 3877 ὑπεμείνατε
3321 3813 3711 3884 παθημάτων,

2029 3901 2202 3970 ’Υμᾶς
2245 3898 2441 3958 αὐτοὺς
2482 3893 2838 3965 αἰσχύνθητε,
2877 3894 2946 3948 τά
2978 3895 3239 3968 ὑμέτερα
3298 3900 3705 3972 κατορθώματα

2017 3988 2317 4059 ἐντράπητε
2373 3983 2448 4055 μὴ
2493 3980 2707 4046 ἀνάξιον
2759 3981 3059 4051 ἐπιδείξητε
3112 3984 3239 4040 τῶν
3286 3986 3606 4059 προοιμίων
3655 3984 3720 4039 τδ.

2014 4077 2187 4141 τέλος,
2235 4072 2442 4127 οἴκοθεν
2487 4068 2709 4141 δέχεσθε
2738 4069 2839 4139 τὴν
2882 4068 3264 4141 παράκλησιν.
3306 4074 3709 4145 Παρακαλέσας

2014 4162 2192 4215 τοίνυν
2223 4159 2316 4212 καλ⁵
2350 4155 2491 4210 οὕτω
2531 4154 2820 4218 κάκείνως,
2867 4155 3182 4226 παρακαλεῖ
3213 4160 3329 4213 καὶ
3366 4159 3464 4214 διὰ.
3493 4160 3599 4230 τῆς
3631 4157 3715 4212 λέν

2019 4245 2150 4312 ξεως
2184 4245 2405 4312 ταύτης.
2438 4241 2563 4305 Πῶς
2607 4242 2704 4296 καὶ
2740 4240 2846 4293 τίνι
2873 4241 3092 4311 τρόπῳ;
3128 4243 3224 4296 Τὰ
3256 4246 3451 4317 δεσμὰ
3494 4248 3593 4300 καὶ
3620 4245 3720 4313 τὴν.

2019 4335 2205 4390 ἀλυσιν
2244 4331 2533 4403 βεϐαίωσιν
2561 4325 2895 4397 Εύαγγελίου
2936 4328 3132 4396 λέγων.
3198 4332 3283 4385 Οὐ
3336 4335 3460 4407 γὰρ
3507 4334 3578 4406 δὴ
3623 4332 3716 4405 μό-

2016 4440 2104 4477 νον
2138 4421 2482 4490 ἀνιστάμενοι
2511 4417 2712 4487 νεκροὶ,
2748 4414 2932 4487 φησὶν,
2958 4415 3081 4468 ούδέ
3118 4416 3340 4491 λεπροί⁵
3382 4421 3718 4492 καθαιρόμε-

2016 4527 2117 4572 νοι,
2148 4507 2265 4560 οὐδὲ
2302 4504 2551 4574 δαίμονες
2587 4501 2951 4571 ἐλαυνόμενοι,
2988 4500 3124 4555 ἀλλὰ
3154 4505 3264 4558 καὶ
3290 4508 3470 4578 ἡμεῖς
3495 4502 3719 4578 δεσμού.

2021 4612 2168 4667 μενοι
2198 4591 2520 4665 βεϐαιοῦμεν
2540 4589 2600 4643 τὸ
2617 4586 2964 4657 Εὗαγγέλιον.
3001 4588 3151 4654 Πῶς,
3179 4594 3322 4647 εἰπέ
3351 4612 3476 4665 μοι,
3500 4596 3599 4649 καὶ
3622 4592 3725 4647 τίνι

2016 4683 2232 4754 τρόπῳς
2263 4678 2424 4733 καινὰ
2448 4679 2555 4748 γάρ
2583 4677 2650 4728 τά
2682 4674 2965 4745 εἰρημένα,
2995 4676 3087 4728 καὶ
3111 4678 3438 4749 αἰνίγματι
3455 4680 3530 4735 τά
3558 4678 3725 4734 πολλὰ

2017 4772 2209 4824 ἔοικεν.
2237 4767 2434 4821 Λοιπὸν
2472 4765 2636 4818 ἄκουε
2670 4762 2787 4825 πῶς
2807 4780 2820 4793 υ
2853 4763 2901 4814 εἰ
2938 4761 3110 4825 ἀδεῶς
3137 4765 3584 4839 ἐκηρύττιομεν⁹
3624 4785 3722 4838 μη-

2015 4856 2102 4909 δὲν
2135 4855 2430 4924 πάσχοντες
2453 4852 2616 4921 ἀηδὲς
2644 4850 2777 4922 μηδὲ
2806 4849 2996 4908 δεινὸν,
3039 4851 3132 4903 καὶ
3179 4853 3428 4918 πολλοῖς
3469 4855 3585 4909 τῶν
3612 4853 3725 4925 βου-

2015 4941 2256 5012 λομένων
2299 4942 2446 5011 ἡμᾶς
2488 4936 2794 4991 διαϐάλλειν
2836 4934 3014 5000 ἔδοξεν
3057 4935 3125 4990 ἂν
3174 4936 3458 4995 ὕποπτον
3487 4936 3633 4996 εἶναι
3671 4938 3735 4991 τὸ.

2017 5031 2309 5100 κήρυγμαο
2342 5027 2436 5082 νῦν
2477 5025 2536 5079 δὲ
2569 5025 2935 5093 ἐλαυνόμενοι,
2962 5024 3336 5094 διωκόμενα,
3371 5029 3734 5100 τεμνόμενοι,

2018 5119 2314 5189 καιόμενοι,
2342 5114 2927 5185 κατακρημνιζόμενοι,
2958 5113 3126 5185 μυρία
3158 5115 3510 5187 πάσχοντες
3535 5119 3633 5172 καὶ
3662 5117 3734 5187 μὴ

2016 5204 2326 5266 ἐνδιδόντες,
2354 5201 2486 5256 ἀλλὰ
2521 5200 2914 5272 προθυμότεροι
2938 5199 3109 5273 ταύτῃ
3130 5203 3471 5273 γινόμενοι,
3499 5204 3599 5257 καὶ
3627 5205 3744 5261 τοῖς

2018 5291 2220 5361 σφόδρα
2248 5291 2628 5360 ἀναισχυντεῖν
2647 5286 2986 5358 βουλομένοις
3012 5286 3215 5358 ίκανὴν
3242 5291 3594 5363 παρέχομεν
3615 5288 3745 5345 ἀπό-

2014 5379 2178 5443 δειξιν
2210 5377 2304 5431 τοῦ
2338 5376 2590 5448 ἀληθείας
2618 5371 2754 5429 εἶναι
2785 5375 3052 5445 κήρυκας,
3076 5373 3180 5427 καλ⁵
3205 5374 3385 5431 θείαν
3422 5378 3557 5432 τινὰ
3579 5376 3739 5432 δύνα-

2019 5484 2111 5538 μιν
2153 5470 2210 5519 ἐν
2255 5468 2385 5537 ἡμῖν
2415 5460 2576 5530 εἶναι,
2611 5464 2703 5517 καὶ
2732 5464 2910 5518 πάντα
2932 5462 2961 5502 ιι
2983 5461 3165 5516 ταῦτα
3209 5462 3747 5539 ἐξευμαρίζωσαν,

2025 5605 2278 5716 Μ’ῃΑιέἰὲ
2300 5606 2649 5656 Βεηεόὶειίοοε
2668 5605 2789 5654 vitio
2817 5605 3091 5666 typolhem
3112 5614 3147 5651 α
3172 5613 3339 5653 num.
3367 5603 3475 5653 560
3506 5602 3746 5655 transitu:

2078 5727 2104 5791 β
2129 5728 2337 5779 Omnino
2360 5729 2628 5791 legendum
2670 5743 2731 5779 cx
2760 5728 3019 5791 Mallhmio,
3044 5728 3129 5786 τήν
3156 5724 3363 5790 πάντα,
3395 5729 3499 5779 nisi
3525 5728 3611 5777 ul
3634 5724 3751 5775 εἰοι-

2024 5788 2217 5842 υῑιρὶιει
2243 5788 2433 5841 ιοΙΙριιῐ
2450 5793 2601 5841 malis.
