3966 6160
338 359 427 410 iis?

342 481 742 552 percussi,non
798 479 1202 549 percutientes;
1234 480 1444 534 insidiis
1488 479 1748 550 appetiti,
1797 495 1902 531 non

339 574 680 638 insidiantes;
710 573 958 642 llagellati
978 613 994 636 .
1024 589 1131 627 non
1179 572 1547 643 ﬂagellantes;
1579 574 1751 642 pulsi,
1802 588 1908 626 non

339 667 628 735 tenentes;
663 665 1136 735 persequutionem
1187 665 1452 733 patientes
1475 705 1488 727 ,
1518 679 1625 718 non
1674 664 1909 717 inferen-

339 769 443 822 tes;
472 757 677 819 occisi,
725 772 831 810 non
866 755 1210 820 occidentes;
1258 765 1312 810 et
1355 757 1476 825 quia
1507 756 1644 810 sicut
1687 768 1815 808 oves
1842 753 1907 808 ad

337 851 530 905 eisdem
562 848 870 919 prepositae,
900 849 1056 918 lupos
1081 864 1269 903 omnes
1297 849 1360 902 ad
1389 849 1565 902 ovium
1597 855 1907 902 mansuetu-

337 941 507 996 dinem
539 939 917 1005 adducebant,
949 942 1185 994 furentes
1213 940 1443 1002 scilicet,
1474 938 1676 992 caedem
1701 939 1908 1007 spiran-

1113 362 1200 420 Vll
1243 363 1542 429 HOMILIA,
1587 363 1786 420 ΜΕΤΑ
1830 364 1894 418 IN
1935 363 2210 420 TEMPLO
2248 367 2303 423 S.
2351 367 2776 425 ANASTASUE.

3495 374 3597 428 498

2018 496 2164 534 mare
2217 499 2504 552 nutnquam
2551 485 2799 538 fluetibus
2845 501 3036 553 expers
3083 496 3196 542 est:
3230 489 3307 544 sic
3356 499 3409 542 et
3451 489 3600 544 Pauli

2014 575 2187 628 anima
2222 576 2376 644 plena
2408 589 2525 632 erat,
2548 580 2692 632 mille
2724 579 3127 644 tentationibus,
3160 581 3480 649 qnotidianis
3507 598 3600 648 pe-

2016 668 2216 732 rirnlis,
2261 669 2392 723 foris
2437 678 2491 724 et
2534 671 2696 737 intus,
2747 687 2841 740 per
2885 672 3069 736 verba,
3127 689 3222 739 per
3267 690 3452 741 opera,
3503 688 3600 743 per

2016 758 2288 825 pecunias,
2310 776 2404 828 per
2419 760 2598 815 dolos:
2622 762 2904 832 nullusque
2925 778 3102 818 sermo
3121 765 3315 832 poterit
3330 778 3605 832 exponere

2019 848 2163 901 illam
2197 850 2420 903 telorum
2451 850 2670 914 nubem,
2696 852 2838 905 illam
2877 853 3132 908 ﬂuctuum
3179 855 3596 910 multitudinem.

2015 939 2277 1006 Quoniam
2316 941 2475 1009 igitur
2520 941 2570 994 itt
2604 942 2691 996 tali
2723 951 2863 997 statu
2894 955 2948 997 et
2983 945 3290 1001 conditione
3343 963 3428 1001 res
3475 959 3598 1002 tunc

339 1043 430 1094 tes,
456 1032 649 1086 belluis
677 1031 988 1088 ferociores.
1015 1030 1347 1085 Procedente
1371 1031 1546 1101 itaque
1568 1029 1731 1084 verbo
1751 1042 1904 1083 evan.
1927 1017 1998 1088 Θ
2016 1041 2188 1096 erant,
2215 1047 2318 1084 non
2352 1033 2443 1085 illo
2474 1042 2676 1088 tanmm
2719 1035 2861 1103 quod
2889 1036 3142 1102 diximus,
3177 1039 3268 1092 sed
3300 1039 3457 1108 longe
3481 1057 3594 1093 ma-

336 1124 498 1194 gelico
525 1132 580 1178 et
601 1123 800 1190 pietate
848 1123 1045 1192 ubique
1075 1122 1421 1176 disseminata
1450 1161 1468 1188 ,
1507 1121 1742 1190 undique
1795 1120 1915 1189 rogi

337 1216 745 1286 apparabantur,
775 1215 1090 1280 inimicitim,
1117 1215 1276 1279 bella,
1320 1231 1422 1268 non
1448 1224 1650 1268 tantum
1676 1213 1912 1268 doctori-

337 1307 451 1369 bus.
475 1306 568 1361 sed
598 1307 757 1361 etiam
787 1305 1083 1373 discipulis.
1113 1306 1304 1360 Statim
1325 1314 1488 1374 atque
1516 1307 1658 1360 enim
1687 1306 1908 1358 verbum

336 1399 452 1467 quis
481 1407 781 1466 acceperat,
809 1397 1060 1450 omnibus
1087 1396 1256 1451 hostis
1282 1398 1582 1450 communis
1624 1396 1906 1459 circuibat,

335 1505 362 1543 a
385 1491 551 1559 patria
594 1490 922 1559 pellebatur,
947 1499 1000 1544 et
1031 1489 1083 1543 in
1112 1489 1359 1544 exsilium
1390 1488 1836 1554 transferebatur,
1880 1502 1910 1541 a

338 1582 672 1637 facultatibus
687 1583 987 1645 excidebat,
1002 1591 1056 1635 et
1077 1583 1144 1636 de
1166 1582 1432 1646 libertate,
1459 1581 1568 1634 imo
1581 1581 1648 1636 de
1667 1581 1769 1634 vita
1797 1581 1908 1649 ipsa

336 1675 753 1743 periclitabatur.
787 1674 928 1730 Nihil
979 1686 1104 1728 tunc
1136 1684 1347 1744 p0terat
1393 1683 1599 1728 natnrte
1635 1675 1908 1744 tyrannis;

337 1766 447 1828 sed,
480 1777 539 1820 ut
584 1767 692 1835 jam
738 1766 887 1831 dixi,
921 1766 1077 1820 liberi
1120 1767 1606 1820 conteumebantnr
1633 1807 1648 1832 ,
1680 1765 1874 1818 fratres
1895 1802 1909 1829 ,

337 1860 545 1929 cognati
575 1859 626 1912 in
661 1858 894 1912 hostium
937 1858 1124 1913 ordine
1150 1867 1343 1920 erant,
1372 1867 1569 1912 etcum
1606 1856 1915 1912 doctoribus

336 1950 575 2019 discipuli
599 1951 951 2004 intolerabilia
985 1950 1343 2019 patiebantur.
1377 1951 1438 2003 Et
1456 1949 1572 2004 lnee
1609 1950 1720 2018 ipsa
1753 1950 1915 2018 signi-

339 2045 500 2095 licans
529 2041 724 2096 Paulus
751 2041 964 2096 dicebat
992 2058 1005 2094 :
1037 2041 1467 2096 Rememoramini
1504 2041 1646 2095 enim
1677 2041 1915 2111 pristinos

337 2134 462 2198 dies,
492 2132 544 2185 in
573 2132 754 2200 quibus
795 2132 1073 2186 illuminati
1097 2149 1338 2203 maguum
1377 2143 1628 2186 certamen
1669 2133 1914 2185 sustinui-

335 2226 422 2278 stis
447 2227 738 2294 passionum
771 2240 788 2277 :
811 2233 856 2277 et
881 2225 932 2277 in
950 2223 1110 2278 altero
1138 2225 1340 2295 quidem
1367 2226 1650 2295 approbriis
1681 2236 1728 2279 et
1759 2225 1916 2277 tribu-

339 2317 608 2370 lationibus
633 2319 975 2386 spectaculum
1002 2318 1146 2388 facti,
1179 2318 1232 2371 in
1255 2319 1416 2372 altero
1444 2329 1612 2370 autem
1634 2318 1756 2371 socii
1798 2318 1917 2370 tali-

338 2421 411 2462 ter
434 2409 838 2463 conversantium
858 2408 1042 2475 e/fecti.
1072 2407 1210 2462 Nam
1232 2409 1475 2462 eteinctis
1503 2409 1753 2478 compassi
1775 2409 1913 2473 estis,

338 2513 383 2556 et
411 2503 646 2567 rapinam
675 2501 920 2556 bonorum
949 2512 1226 2556 vestrorum
1255 2518 1370 2555 eum
1394 2501 1582 2567 gaudio
1608 2501 1913 2570 suscepistis,

338 2603 692 2664 cognoscentes
715 2609 804 2646 vos
835 2593 1016 2646 habere
1041 2592 1299 2646 meliorem
1327 2592 1661 2646 substantiam
1680 2593 1734 2644 in
1777 2592 1920 2646 ctelis

339 2697 382 2738 et
410 2695 694 2738 manentem
723 2683 912 2755 (Hebr.
943 2685 1031 2740 10.
1049 2684 1120 2739 52
1142 2716 1170 2728 -
1187 2686 1299 2754 54).
1329 2685 1395 2738 Et
1421 2700 1608 2738 rursus
1634 2683 1919 2740 Thessalo-

340 2777 646 2829 nicensibus
696 2775 939 2829 scribens
967 2817 980 2834 .
1031 2777 1239 2830 dicebat
1273 2794 1286 2829 :
1334 2775 1435 2829 Vos
1475 2777 1610 2829 enim
1645 2777 1920 2830 imitatores

340 2871 460 2940 {acti
492 2871 630 2935 estis,
661 2869 845 2939 fratres
865 2911 879 2929 .
944 2871 1284 2924 Ecclesiarum
1312 2886 1426 2939 qua:
1467 2880 1582 2923 sunt
1608 2871 1661 2924 in
1687 2870 1872 2924 Juda’a
1903 2888 1919 2924 :

339 2962 458 3030 quia
486 2972 533 3014 et
575 2978 659 3014 uos
686 2962 859 3014 eadem
899 2962 1037 3032 passi
1076 2963 1194 3015 estis
1222 2978 1254 3014 a
1303 2961 1665 3015 contribulibus
1709 2963 1880 3016 vestris
1903 3003 1919 3030 ,

340 3055 467 3107 sicut
487 3064 535 3106 et
563 3053 664 3121 ipsi
690 3072 720 3106 a
744 3054 943 3106 Judceis
966 3070 984 3106 :
1005 3053 1088 3125 qui
1129 3064 1175 3106 et
1205 3052 1482 3105 Dominum
1525 3052 1837 3118 occiderunt,
1874 3063 1922 3107 et

343 3163 434 3198 nos
463 3145 752 3216 persequuti
779 3155 916 3207 sunt,
951 3156 998 3196 et
1020 3143 1250 3197 omnibus
1278 3144 1566 3197 hominibus
1593 3144 1924 3198 adversantur

347 3241 391 3307 (Ι
407 3239 601 3293 .’1“Ιιρεσ.
622 3238 914 3308 2.14.15).
934 3237 1135 3291 Galatis
1162 3253 1374 3306 quoque
1397 3238 1658 3299 scribens,
1677 3237 1919 3291 dicebat:

347 3329 512 3383 Tanta
541 3333 677 3398 passi
707 3331 825 3383 estis
853 3331 961 3383 sine
982 3346 1135 3383 causa
1157 3371 1173 3394 ,
1195 3331 1236 3382 si
1268 3339 1432 3383 tamen
1461 3331 1569 3383 sine
1594 3346 1748 3384 causa
1779 3328 1919 3399 (Gal.

345 3425 394 3477 5.
429 3425 505 3492 ι).
538 3423 626 3476 Illa
649 3433 850 3487 autent,
877 3439 999 3492 quze
1027 3424 1138 3491 ipse
1163 3437 1350 3490 paSsus
1372 3432 1475 3486 est,
1497 3436 1753 3476 enarrans
1783 3422 1928 3475 dice-

348 3515 436 3568 bat
460 3532 474 3567 :
503 3513 568 3567 In
596 3516 838 3584 patientia
869 3516 1047 3577 multa,
1082 3516 1133 3568 in
1164 3515 1422 3584 angustia,
1455 3516 1505 3567 in
1534 3515 1817 3568 carceribus
1836 3556 1850 3580 ,
1874 3514 1928 3568 in

345 3607 622 3669 laboribus,
646 3607 699 3658 in
728 3606 932 3674 uigiliis,
960 3608 1012 3659 in
1037 3608 1260 3677 fante,in
1283 3608 1426 3659 sitiet
1455 3607 1684 3660 nuditate
1708 3607 1784 3678 (2.
1805 3607 1923 3662 Cor.

347 3701 399 3754 6.
434 3700 487 3753 4.
517 3699 572 3753 5.
595 3708 642 3752 et
668 3699 754 3752 11.
783 3699 899 3768 27).
935 3699 1000 3752 Et
1031 3713 1236 3761 rursus,
1270 3699 1618 3768 Quadraginta
1645 3716 1747 3752 una
1765 3701 1932 3754 minus

345 3789 519 3857 accepi
547 3805 567 3842 :
607 3799 680 3841 ter
707 3789 859 3859 virgis
899 3804 1058 3841 ctesus
1084 3805 1196 3841 sum
1219 3830 1234 3851 ,
1292 3790 1444 3841 semel
1474 3789 1729 3858 lapidatus
1780 3806 1928 3852 sum,

347 3890 496 3933 nocte
537 3889 582 3932 et
637 3881 718 3932 die
772 3881 824 3932 in
871 3879 1129 3951 profundo
1177 3881 1328 3933 maris
1383 3879 1498 3950 fui;
1549 3881 1783 3948 periculis
1832 3882 1931 3948 ﬂu-

297 3981 304 3991 '
349 3976 544 4026 minum
579 4015 596 4041 ,
657 3973 896 4043 periculis
950 3975 1250 4034 latronum,
1308 3972 1546 4040 periculis
1605 3989 1666 4025 ea:
1717 3989 1925 4044 genere,

350 4065 589 4135 periculis
632 4065 685 4118 in
729 4066 1004 4119 solitudine
1051 4065 1275 4132 (l.Cor.
1306 4065 1656 4132 11.24.96);
1708 4075 1762 4118 et
1815 4081 1934 4118 rur-

349 4173 508 4221 sum,
541 4156 794 4210 lnstantia
849 4173 959 4210 mea
998 4156 1292 4225 quotidiana
1319 4198 1333 4222 ,
1380 4157 1668 4208 sollicitudo
1707 4155 1934 4208 omnium

351 4249 737 4310 Ecclesiarum;
786 4251 1114 4318 iterumque,
1189 4247 1502 4318 Pi‘wpositus
1566 4247 1731 4299 Arene
1802 4248 1933 4317 regis

347 4340 662 4396 custodiebat
690 4340 940 4392 civitatem
967 4339 1433 4403 Damascenorum,
1482 4339 1649 4390 volens
1691 4355 1769 4389 me
1796 4354 1933 4391 como

351 4432 700 4502 prehendere,
747 4443 793 4484 et
825 4448 914 4500 per
953 4435 1226 4501 fenestram
1270 4431 1322 4482 in
1351 4437 1524 4498 sporta
1555 4429 1801 4482 demissus
1821 4444 1932 4480 sum

348 4511 442 4595 per
467 4542 706 4587 murum,
736 4535 784 4578 et
821 4525 954 4578 evasi
998 4540 1178 4576 manus
1228 4525 1336 4590 ejus
1377 4525 1392 4590 (
1423 4520 1476 4574 2.
1505 4519 1623 4575 Cor.
1647 4521 1733 4573 11.
1773 4519 1862 4574 28.
1886 4531 1932 4572 et

345 4616 442 4670 5‘2.
469 4616 583 4686 '55).
621 4615 688 4670 Et
726 4630 914 4668 rursus
955 4614 1080 4666 alibi
1110 4631 1122 4666 :
1158 4611 1422 4666 {Estimati
1453 4627 1628 4663 sumus
1651 4612 1780 4663 sicut
1822 4625 1933 4664 oves

343 4709 638 4761 occisionis.
673 4707 737 4760 Et
765 4707 890 4759 alibi
933 4706 1122 4758 iterant
1167 4721 1181 4756 :
1223 4703 1315 4755 Itet
1344 4702 1742 4755 miscricordiam
1797 4700 1933 4753 Deus

351 4798 884 4869 Uuesiphoritlomui,
914 4798 1032 4868 quia
1061 4807 1291 4848 catenam
1337 4809 1497 4846 nteant
1552 4809 1654 4844 non
1699 4791 1929 4853 erubuit,

344 4893 443 4946 sed
469 4908 585 4946 cum
615 4891 828 4946 Romam
857 4891 1090 4952 uenisset,
1115 4887 1331 4942 sollicite
1357 4903 1435 4938 me
1465 4885 1696 4954 quaesivit
1720 4896 1768 4938 et
1799 4885 1934 4937 inve-

345 4985 428 5037 rtit
457 4981 632 5054 (Rom.
651 4983 703 5037 8.
732 4983 820 5059 56;
843 4982 898 5035 ‘2.
931 4980 1064 5035 Tim.
1088 4982 1143 5035 1.
1167 4979 1253 5033 16.
1287 4978 1397 5046 17).

423 5074 479 5128 4.
520 5072 651 5140 Quae
678 5072 783 5126 diei
817 5082 1037 5140 possunt
1079 5071 1145 5124 de
1194 5070 1338 5122 falsis
1361 5067 1636 5136 apostolis,
1683 5067 1749 5120 de
1791 5065 1934 5121 falsis

345 5162 630 5226 fratribus,
654 5162 720 5216 de
737 5162 890 5216 bellis
911 5161 1160 5224 diversis,
1185 5170 1240 5213 et
1261 5159 1594 5213 innumeris?
1625 5174 1728 5210 non
1759 5159 1931 5212 solum

339 5256 496 5309 enim
520 5253 773 5323 supplicia
824 5261 880 5305 et
925 5252 1193 5306 cruciatus
1237 5251 1592 5304 movebantur
1636 5249 1729 5303 sed
1774 5250 1931 5301 etiam

340 5347 628 5400 rhetorum
643 5344 966 5413 eloquentia.
986 5351 1039 5396 et
1052 5341 1486 5410 pltilosOpltorum
1503 5350 1816 5411 apparatus:
1839 5354 1935 5392 nec

338 5436 542 5489 abillis
564 5443 786 5497 unitum,
809 5433 902 5489 sed
918 5434 1075 5488 etiam
1097 5432 1165 5485 ab
1183 5433 1484 5486 hominibus
1502 5431 1935 5487 circumforaneis

341 5528 536 5582 multae
581 5527 840 5581 machina:
869 5535 1051 5579 contra
1079 5524 1372 5579 Eeclesiam
1402 5526 1785 5579 movebantur:
1816 5540 1934 5592 qum

338 5620 441 5674 ille
485 5618 829 5674 subindicans
873 5618 1126 5672 dicebat:
1176 5617 1463 5672 Alexander
1513 5619 1725 5672 cerarius
1779 5618 1935 5671 multa

341 5710 486 5762 mala
515 5711 636 5763 mihi
677 5708 936 5763 ostendit:
979 5725 1124 5778 quem
1168 5719 1214 5761 et
1262 5719 1314 5761 tu
1366 5710 1569 5762 derita:
1613 5706 1759 5761 valde
1801 5710 1932 5760 enim

342 5803 528 5854 restitit
562 5801 717 5870 verbis
741 5803 924 5866 nostris
949 5802 1022 5874 (‘2.
1059 5801 1185 5854 Tim.
1219 5802 1271 5855 4.
1307 5803 1393 5856 14.
1441 5802 1546 5874 lii).
1599 5803 1747 5858 Sicut
1799 5818 1928 5872 ergo

2013 1122 2116 1188 jori
2139 1139 2154 1186 ;
2179 1138 2279 1178 nec
2305 1122 2476 1177 solum
2504 1125 2770 1190 doctores,
2801 1127 2896 1181 sed
2919 1130 3078 1182 etiam
3106 1130 3351 1198 discipuli
3381 1131 3597 1199 pericli-

2019 1215 2287 1277 tabantur.
2320 1232 2417 1270 nec
2434 1217 2680 1286 discipuli
2703 1218 2883 1282 modo,
2896 1219 2988 1274 sed
3006 1221 3165 1274 etiam
3182 1222 3431 1277 doctores
3451 1223 3598 1289 (nam

2018 1306 2062 1358 si
2088 1307 2189 1359 alia
2221 1322 2344 1376 pars
2378 1308 2428 1362 in
2481 1312 2794 1375 tentatione,
2827 1310 2930 1364 alia
2980 1311 3030 1364 in
3079 1313 3364 1366 securitate
3395 1313 3600 1374 fuisset.

2019 1397 2281 1466 potuisset
2323 1402 2488 1453 altera
2528 1400 2682 1454 alteri
2725 1399 3148 1454 consolationem
3193 1401 3428 1457 alTerre:
3462 1416 3603 1456 [nunc

2017 1499 2199 1543 autem
2223 1496 2448 1558 utraque
2491 1505 2614 1560 pars
2635 1490 3064 1561 Oppugnabatur)
3089 1507 3103 1556 ;
3143 1503 3194 1545 et
3221 1491 3336 1546 lure
3362 1492 3605 1547 videntes

2019 1583 2168 1635 multi
2213 1598 2280 1637 ex
2344 1585 2724 1638 infirmioribus
2780 1585 3212 1639 dissolvebantur
3255 1585 3603 1654 obtorpescu-

2020 1673 2185 1739 bant,
2236 1675 2379 1728 anxii
2433 1687 2626 1729 erant:
2659 1678 2796 1730 liena
2853 1676 3066 1746 quidem
3111 1677 3506 1746 pr:rdieationis
3553 1679 3602 1730 in

2020 1780 2116 1833 Spe
2151 1765 2321 1818 futura
2364 1766 2626 1830 videntes,
2677 1783 2919 1837 regnum,
2952 1770 3401 1822 resurrectionem
3441 1780 3493 1822 et
3527 1770 3605 1822 in-

2018 1857 2452 1925 corruptionem;
2505 1859 2673 1912 tristia
2702 1868 2880 1912 autem
2925 1859 3013 1913 hic
3057 1861 3107 1913 in
3153 1861 3525 1930 experimento
3551 1874 3604 1916 ut

2021 1947 2312 2016 patientia,
2369 1949 2666 2018 sartagines
2718 1965 2946 2019 nempe,
2994 1950 3272 2016 fornaees,
3326 1967 3600 2013 carceres,

2023 2040 2184 2106 bella,
2213 2039 2536 2105 inimicitias,
2559 2041 2952 2106 odiapmortes,
2985 2042 3249 2110 pericula;
3277 2051 3331 2096 et
3355 2041 3603 2097 doctores

2021 2149 2168 2201 suos,
2198 2149 2339 2187 nunc
2377 2134 2428 2186 in
2459 2134 2785 2199 carceribus,
2818 2150 2961 2189 nunc
2989 2135 3040 2187 in
3073 2137 3379 2205 synagogis,
3431 2136 3601 2189 abdu-

2020 2239 2138 2282 ctos
2191 2234 2245 2280 et
2291 2225 2614 2280 contumelia
2648 2224 2898 2290 affectos,
2949 2234 3003 2279 et
3053 2225 3287 2296 undique
3343 2228 3602 2282 malorum

2023 2321 2195 2374 nubes
2237 2317 2578 2388 ingruebant,
2605 2327 2662 2372 et
2688 2319 2741 2371 in
2769 2317 3031 2387 profunda
3064 2319 3418 2372 tentatioutnn
3445 2331 3604 2372 nocte

2022 2419 2196 2476 erant,
2229 2426 2346 2481 qua:
2374 2424 2562 2465 onmes
2591 2411 2848 2466 invadens
2885 2412 2937 2465 in
2977 2412 3382 2481 perturbatione
3417 2426 3604 2481 magna

2027 2505 2284 2558 tenebat:
2334 2501 2456 2556 vide
2502 2502 2769 2571 quomodo
2812 2518 2914 2556 una
2959 2517 3090 2557 voce
3121 2503 3356 2556 animum
3389 2503 3603 2556 illorum

2023 2596 2212 2664 erigat.
2263 2593 2409 2649 Idem
2469 2592 2595 2647 facit
2652 2595 2704 2647 in
2755 2594 2856 2647 alia
2906 2594 3153 2663 epistola,
3209 2594 3437 2648 dicens:
3481 2592 3608 2648 Ideo

2024 2701 2204 2738 manus
2264 2685 2498 2737 remissas
2553 2694 2600 2737 et
2657 2701 2822 2753 genua
2881 2685 3067 2738 debilia
3126 2684 3356 2738 roborate
3398 2683 3606 2758 (Ilebr.

2027 2777 2193 2846 12.1)
2224 2793 2238 2829 :
2270 2792 2378 2831 non
2422 2776 2490 2831 de
2537 2779 2778 2846 genuinus
2817 2787 2871 2831 et
2908 2777 3156 2832 manibus
3195 2777 3418 2848 loquens
3443 2820 3458 2845 ,
3513 2779 3608 2832 sul

2025 2870 2093 2924 de
2134 2869 2547 2939 cogitationibus
2599 2853 2825 2926 internis
2863 2877 2917 2923 et
2958 2869 3246 2924 latentibus
3275 2910 3292 2934 ,
3345 2887 3464 2939 quae
3514 2887 3610 2941 per

2029 2963 2351 3017 tentationes
2382 2962 2834 3016 dissolvebautnr.
2896 2962 3096 3016 Deinde
3152 2970 3271 3031 post
3321 2962 3440 3017 data
3497 2980 3611 3017 mo—

2028 3055 2136 3109 nita
2181 3054 2602 3108 consolationem
2651 3054 2807 3109 all'ert
2833 3055 3136 3116 maximam,
3178 3055 3398 3109 dicens:
3430 3056 3612 3110 Adhuc

2028 3146 2283 3199 modicum
2322 3145 2718 3214 aliquantulum,
2757 3154 2802 3196 et
2839 3147 2925 3215 qui
2969 3157 3202 3200 venturus
3250 3158 3323 3200 est
3366 3149 3542 3215 veniet,
3567 3160 3612 3202 et

2029 3255 2128 3292 non
2157 3239 2375 3291 tardabit
2419 3239 2435 3306 (
2467 3236 2605 3290 Ibid.
2636 3253 2684 3290 υ.
2717 3237 2804 3291 10.
2837 3238 2904 3291 57
2934 3238 2975 3306 ).
3016 3237 3119 3292 Sed
3165 3239 3286 3308 quia
3315 3239 3442 3293 illud
3474 3240 3612 3292 inte—

2029 3332 2129 3384 rim
2158 3331 2208 3383 in
2245 3345 2339 3398 spe
2365 3341 2500 3393 erat,
2543 3330 2648 3383 alio
2691 3328 2851 3383 modo
2902 3345 3090 3382 rursus
3139 3345 3235 3384 eos
3279 3329 3610 3395 cohortatur,

2032 3437 2136 3476 non
2181 3421 2389 3485 alienis,
2418 3421 2512 3474 sed
2544 3420 2774 3489 propriis
2801 3420 3062 3489 exemplis
3106 3421 3314 3473 animos
3361 3421 3489 3489 ipsis
3533 3422 3612 3471 fa-

2032 3513 2197 3568 ciens.
2235 3511 2679 3573 Iiememoramini,
2715 3510 2907 3579 inquit,
2932 3511 3170 3577 pristinos
3195 3509 3324 3575 dies,
3356 3510 3407 3564 in
3436 3511 3614 3576 quibus

2031 3604 2324 3668 illuminati,
2376 3619 2611 3672 magnum
2659 3611 2913 3655 certamen
2958 3599 3273 3653 sustinuistis
3323 3601 3614 3668 passionum

2036 3693 2086 3763 (Ι
2097 3693 2200 3748 bid.
2230 3709 2278 3746 υ.
2310 3693 2423 3764 5:2).
2451 3694 2556 3747 Vos
2584 3693 2731 3762 ipsos
2756 3690 3111 3745 revereamini
3150 3691 3396 3760 bonaque
3435 3701 3612 3745 vestra

2035 3802 2216 3854 opera.
2242 3802 2307 3839 ne
2332 3786 2604 3854 indignum
2633 3783 3017 3853 procemiornm
3051 3781 3210 3834 finem
3237 3782 3556 3846 esltibeatis,
3584 3797 3613 3835 a

2036 3877 2185 3930 vobis
2226 3877 2355 3945 ipsis
2390 3875 2817 3930 eoltortationem
2851 3873 3148 3940 accipiatis.
3177 3871 3309 3926 Cum
3336 3887 3464 3941 ergo
3494 3871 3618 3926 illos

2037 3967 2137 4020 hoc
2163 3977 2217 4020 et
2239 3960 2328 4020 illo
2360 3966 2517 4020 modo
2539 3965 2857 4032 monuisset,
2881 3979 2974 4032 per
2994 3962 3094 4016 hoc
3111 3962 3308 4016 dictum
3339 3962 3459 4016 illos
3482 3962 3612 4016 hor-

2039 4070 2197 4114 tatur.
2231 4061 2510 4127 Quomodo
2529 4073 2583 4112 et
2622 4072 2722 4126 qua
2764 4055 3011 4110 ratione?
3045 4054 3264 4109 Vincula
3292 4065 3346 4108 et
3374 4064 3615 4108 catenam

2037 4151 2222 4204 dicens
2267 4148 2726 4204 confirmationem
2778 4163 2900 4201 esse
2937 4144 3228 4215 Evangelii.
3279 4145 3393 4200 Non
3443 4146 3618 4201 solum

2037 4243 2179 4296 enim
2210 4242 2401 4295 mortui
2434 4239 2698 4304 suseitati,
2730 4239 2812 4293 vel
2841 4237 3036 4305 leprosi
3067 4240 3330 4303 mandati,
3378 4240 3460 4294 vel
3511 4240 3619 4291 dw-

2037 4347 2223 4388 moues
2247 4332 2455 4401 expulsi
2493 4330 2704 4396 (Matth.
2737 4329 2824 4385 10.
2857 4327 2935 4400 8),
2984 4329 3076 4383 sed
3119 4346 3216 4384 nos
3257 4331 3418 4384 etiam
3457 4331 3619 4384 vineti

2027 4425 2371 4495 Evangelium
2428 4422 2830 4478 confirmamus.
2877 4425 2994 4489 Quo
3048 4431 3244 4491 pacto,
3303 4422 3392 4475 die
3447 4423 3625 4477 milii?

2038 4533 2172 4571 nova
2216 4517 2358 4571 enim
2414 4525 2538 4570 sunt
2573 4515 2712 4570 dicta
2746 4515 2852 4579 illa,
2885 4524 2938 4568 et
2969 4515 3221 4584 pleraque
3248 4515 3514 4583 amigmati
3549 4516 3623 4569 εἰς

2039 4609 2202 4662 milia.
2254 4608 2389 4662 Audi
2436 4609 2676 4671 demum,
2728 4606 3040 4676 quomodo:
3080 4607 3126 4660 si
3175 4607 3376 4676 absque
3430 4607 3624 4661 timore

2040 4699 2470 4769 praulicaremus,
2499 4698 2628 4752 nihil
2675 4698 2940 4766 ingratum
2985 4697 3066 4751 vel
3111 4711 3277 4766 grave
3318 4695 3618 4765 patientes;

2038 4793 2218 4845 multis
2247 4806 2454 4850 eorum.
2499 4791 2587 4860 qui
2634 4804 2732 4844 nos
2780 4789 3064 4845 calumniis
3112 4791 3373 4859 impetere
3417 4789 3621 4854 volunt,

2037 4891 2282 4951 suspecta
2334 4883 2606 4936 videretur
2660 4897 2781 4937 esse
2834 4880 3192 4949 pnedicatio:
3246 4893 3389 4934 nunc
3445 4889 3621 4931 autem

2041 4977 2196 5046 pulsi.
2251 4976 2716 5044 persequutionem
2762 4974 3044 5042 patientes,
3085 4971 3239 5034 secti,
3283 4969 3478 5031 adusti.
3529 4984 3623 5038 per

2040 5066 2326 5137 praecipitia
2375 5067 2500 5128 acti,
2552 5064 2827 5118 innumera
2875 5063 3157 5132 patientes,
3204 5075 3303 5114 nec
3337 5059 3615 5126 cedentes,

2041 5161 2145 5212 imo
2202 5158 2324 5212 hinc
2379 5156 2668 5210 aiacriores
2721 5153 2868 5218 facti,
2928 5153 3090 5206 etiam
3145 5149 3623 5218 impudentiorilius

2039 5251 2313 5305 oll'erimus
2354 5249 2565 5318 plenam
2615 5245 3156 5308 demonstratiOnem,
3203 5241 3343 5308 quod
3387 5243 3623 5296 veritatis

2040 5345 2206 5397 simus
2236 5354 2529 5410 prmcones,
2561 5337 2814 5406 quodque
2856 5334 3036 5389 divina
3076 5332 3319 5401 qumdam
3362 5333 3530 5384 virtus
3571 5333 3622 5387 in

2043 5433 2195 5485 nobis
2220 5433 2308 5494 sit,
2333 5446 2450 5499 quae
2483 5427 2595 5481 haec
2630 5427 2808 5480 omnia
2851 5425 3046 5479 leviora
3093 5421 3297 5481 reddat,
3347 5436 3446 5475 nec
3504 5437 3623 5489 per-

2044 5529 2215 5581 mittat
2256 5535 2312 5578 ιιι
2338 5534 2412 5578 tot
2441 5523 2761 5576 tentationes
2794 5517 3174 5587 praedicatores
3205 5528 3303 5568 nos
3331 5524 3619 5581 superent;

2044 5620 2166 5672 licet
2192 5616 2342 5684 pauci
2371 5614 2557 5671 simus.
2591 5610 2683 5664 sed
2719 5625 2812 5680 per
2844 5618 2921 5661 tot
2948 5607 3327 5676 impedimenta
3355 5604 3420 5658 ad
3449 5606 3620 5659 victo.

2041 5711 2171 5763 riam
2189 5721 2284 5760 nos
2304 5703 2467 5757 duxit.
2487 5701 2540 5757 Si
2563 5702 2679 5770 quis
2700 5716 2827 5770 ergo
2847 5699 3286 5753 volueritclaram
3307 5712 3618 5768 comparare

2043 5796 2590 5861 demonstrationem,
2637 5795 2774 5866 quod
2816 5793 2993 5848 divina
3033 5793 3277 5862 quaedam
3345 5791 3515 5847 virtus
3553 5789 3624 5846 sit
