  <div class='ocr_page' id='page_1' title='image "/cluster/home/n/w/nwhite01/storage/ocr_20150623/63/mdp.39015008641394/391.png"; bbox 0 0 3966 6160; ppageno 0'>
   <div class='ocr_carea' id='block_1_1' title="bbox 413 356 512 410">
    <p class='ocr_par' dir='ltr' id='par_1_1' title="bbox 413 356 512 410">
     <span class='ocr_line' id='line_1_1' title="bbox 413 356 512 410; baseline -0.04 -4"><span class='ocrx_word' id='word_1_1' title='bbox 413 356 512 410; x_wconf 63' lang='grc' dir='ltr'>ιρι)</span> 
     </span>
    </p>
   </div>
   <div class='ocr_carea' id='block_1_2' title="bbox 401 461 1983 535">
    <p class='ocr_par' dir='ltr' id='par_1_2' title="bbox 401 461 1983 535">
     <span class='ocr_line' id='line_1_2' title="bbox 401 461 1983 535; baseline -0.01 -15"><span class='ocrx_word' id='word_1_2' title='bbox 401 481 522 535; x_wconf 69' lang='lat' dir='ltr'><strong>qum</strong></span> <span class='ocrx_word' id='word_1_3' title='bbox 545 481 642 522; x_wconf 90' lang='lat' dir='ltr'><strong>nos</strong></span> <span class='ocrx_word' id='word_1_4' title='bbox 655 464 800 520; x_wconf 80' lang='lat' dir='ltr'><strong>intus</strong></span> <span class='ocrx_word' id='word_1_5' title='bbox 824 464 1064 532; x_wconf 87' lang='lat' dir='ltr'><strong>inspiret.</strong></span> <span class='ocrx_word' id='word_1_6' title='bbox 1080 461 1401 516; x_wconf 87' lang='lat' dir='ltr'><strong>tentationes</strong></span> <span class='ocrx_word' id='word_1_7' title='bbox 1415 466 1588 528; x_wconf 87' lang='lat' dir='ltr'><strong>sumat</strong></span> <span class='ocrx_word' id='word_1_8' title='bbox 1605 470 1666 509; x_wconf 93' lang='lat' dir='ltr'><strong>ac</strong></span> <span class='ocrx_word' id='word_1_9' title='bbox 1682 462 1956 510; x_wconf 75' lang='lat' dir='ltr'><strong>ret-cnseat</strong></span> <span class='ocrx_word' id='word_1_10' title='bbox 1970 495 1983 515; x_wconf 87' lang='lat'><strong>,</strong></span> 
     </span>
    </p>
   </div>
   <div class='ocr_carea' id='block_1_3' title="bbox 407 546 1984 625">
    <p class='ocr_par' dir='ltr' id='par_1_3' title="bbox 407 546 1984 625">
     <span class='ocr_line' id='line_1_3' title="bbox 407 546 1984 625; baseline -0.011 -13"><span class='ocrx_word' id='word_1_11' title='bbox 407 557 664 625; x_wconf 86' lang='lat' dir='ltr'><strong>pericula,</strong></span> <span class='ocrx_word' id='word_1_12' title='bbox 717 565 950 618; x_wconf 83' lang='lat' dir='ltr'><strong>catenas,</strong></span> <span class='ocrx_word' id='word_1_13' title='bbox 1001 568 1266 608; x_wconf 72' lang='lat' dir='ltr'><strong>carceres.</strong></span> <span class='ocrx_word' id='word_1_14' title='bbox 1316 550 1498 618; x_wconf 85' lang='lat' dir='ltr'><strong>Neque</strong></span> <span class='ocrx_word' id='word_1_15' title='bbox 1540 550 1680 605; x_wconf 84' lang='lat' dir='ltr'><strong>enim</strong></span> <span class='ocrx_word' id='word_1_16' title='bbox 1732 546 1984 602; x_wconf 70' lang='lat' dir='ltr'><strong>humana:</strong></span> 
     </span>
    </p>
   </div>
   <div class='ocr_carea' id='block_1_4' title="bbox 408 637 1987 715">
    <p class='ocr_par' dir='ltr' id='par_1_4' title="bbox 408 637 1987 715">
     <span class='ocr_line' id='line_1_4' title="bbox 408 637 1987 715; baseline -0.007 -13"><span class='ocrx_word' id='word_1_17' title='bbox 408 647 622 702; x_wconf 75' lang='lat' dir='ltr'><strong>virtutis</strong></span> <span class='ocrx_word' id='word_1_18' title='bbox 641 656 723 702; x_wconf 87' lang='lat' dir='ltr'><strong>est</strong></span> <span class='ocrx_word' id='word_1_19' title='bbox 751 661 842 715; x_wconf 85' lang='lat' dir='ltr'><strong>per</strong></span> <span class='ocrx_word' id='word_1_20' title='bbox 869 653 946 698; x_wconf 89' lang='lat' dir='ltr'><strong>tot</strong></span> <span class='ocrx_word' id='word_1_21' title='bbox 976 643 1267 714; x_wconf 74' lang='lat' dir='ltr'><strong>prn‘cipilia</strong></span> <span class='ocrx_word' id='word_1_22' title='bbox 1297 641 1536 705; x_wconf 85' lang='lat' dir='ltr'><strong>vincere,</strong></span> <span class='ocrx_word' id='word_1_23' title='bbox 1571 655 1666 708; x_wconf 85' lang='lat' dir='ltr'><strong>per</strong></span> <span class='ocrx_word' id='word_1_24' title='bbox 1696 647 1768 693; x_wconf 90' lang='lat' dir='ltr'><strong>tot</strong></span> <span class='ocrx_word' id='word_1_25' title='bbox 1795 637 1987 691; x_wconf 83' lang='lat' dir='ltr'><strong>fluetus</strong></span> 
     </span>
    </p>
   </div>
   <div class='ocr_carea' id='block_1_5' title="bbox 408 725 1986 810">
    <p class='ocr_par' dir='ltr' id='par_1_5' title="bbox 408 725 1986 810">
     <span class='ocr_line' id='line_1_5' title="bbox 408 725 1986 810; baseline -0.012 -12"><span class='ocrx_word' id='word_1_26' title='bbox 408 750 464 798; x_wconf 84' lang='lat' dir='ltr'><strong>et</strong></span> <span class='ocrx_word' id='word_1_27' title='bbox 511 738 778 810; x_wconf 84' lang='lat' dir='ltr'><strong>procellas</strong></span> <span class='ocrx_word' id='word_1_28' title='bbox 817 737 1086 808; x_wconf 68' lang='lat' dir='ltr'><strong>navigare,</strong></span> <span class='ocrx_word' id='word_1_29' title='bbox 1131 737 1271 791; x_wconf 84' lang='lat' dir='ltr'><strong>inter</strong></span> <span class='ocrx_word' id='word_1_30' title='bbox 1317 743 1394 787; x_wconf 86' lang='lat' dir='ltr'><strong>tot</strong></span> <span class='ocrx_word' id='word_1_31' title='bbox 1441 733 1544 786; x_wconf 83' lang='lat' dir='ltr'><strong>tela</strong></span> <span class='ocrx_word' id='word_1_32' title='bbox 1578 729 1862 800; x_wconf 81' lang='lat' dir='ltr'><strong>progredi;</strong></span> <span class='ocrx_word' id='word_1_33' title='bbox 1893 725 1986 782; x_wconf 86' lang='lat' dir='ltr'><strong>sed</strong></span> 
     </span>
    </p>
   </div>
   <div class='ocr_carea' id='block_1_6' title="bbox 409 818 1992 898">
    <p class='ocr_par' dir='ltr' id='par_1_6' title="bbox 409 818 1992 898">
     <span class='ocr_line' id='line_1_6' title="bbox 409 818 1992 898; baseline -0.006 -15"><span class='ocrx_word' id='word_1_34' title='bbox 409 830 601 886; x_wconf 60' lang='lat' dir='ltr'><strong>utrium</strong></span> <span class='ocrx_word' id='word_1_35' title='bbox 645 839 699 886; x_wconf 76' lang='lat' dir='ltr'><strong>et</strong></span> <span class='ocrx_word' id='word_1_36' title='bbox 743 829 1170 898; x_wconf 74' lang='lat' dir='ltr'><strong>inexpugnabilis</strong></span> <span class='ocrx_word' id='word_1_37' title='bbox 1218 825 1428 880; x_wconf 83' lang='lat' dir='ltr'><strong>virtutis</strong></span> <span class='ocrx_word' id='word_1_38' title='bbox 1467 825 1579 876; x_wconf 70' lang='lat' dir='ltr'><strong>haec</strong></span> <span class='ocrx_word' id='word_1_39' title='bbox 1617 829 1764 875; x_wconf 79' lang='lat' dir='ltr'><strong>sntit.</strong></span> <span class='ocrx_word' id='word_1_40' title='bbox 1809 818 1992 887; x_wconf 80' lang='lat' dir='ltr'><strong>Itaque</strong></span> 
     </span>
    </p>
   </div>
   <div class='ocr_carea' id='block_1_7' title="bbox 410 907 1989 986">
    <p class='ocr_par' dir='ltr' id='par_1_7' title="bbox 410 907 1989 986">
     <span class='ocr_line' id='line_1_7' title="bbox 410 907 1989 986; baseline -0.009 -10"><span class='ocrx_word' id='word_1_41' title='bbox 410 932 594 978; x_wconf 79' lang='lat' dir='ltr'><strong>catena</strong></span> <span class='ocrx_word' id='word_1_42' title='bbox 627 935 707 976; x_wconf 71' lang='lat' dir='ltr'><strong>eat</strong></span> <span class='ocrx_word' id='word_1_43' title='bbox 733 916 1380 986; x_wconf 79' lang='lat' dir='ltr'><strong>confirmatioEvangelii,</strong></span> <span class='ocrx_word' id='word_1_44' title='bbox 1415 930 1517 968; x_wconf 93' lang='lat' dir='ltr'><strong>non</strong></span> <span class='ocrx_word' id='word_1_45' title='bbox 1548 913 1652 972; x_wconf 82' lang='lat' dir='ltr'><strong>illis</strong></span> <span class='ocrx_word' id='word_1_46' title='bbox 1685 910 1866 974; x_wconf 87' lang='lat' dir='ltr'><strong>modo,</strong></span> <span class='ocrx_word' id='word_1_47' title='bbox 1896 907 1989 962; x_wconf 88' lang='lat' dir='ltr'><strong>sed</strong></span> 
     </span>
    </p>
   </div>
   <div class='ocr_carea' id='block_1_8' title="bbox 409 1001 1996 1081">
    <p class='ocr_par' dir='ltr' id='par_1_8' title="bbox 409 1001 1996 1081">
     <span class='ocr_line' id='line_1_8' title="bbox 409 1001 1996 1081; baseline -0.01 -14"><span class='ocrx_word' id='word_1_48' title='bbox 409 1015 568 1071; x_wconf 86' lang='lat' dir='ltr'><strong>etiam</strong></span> <span class='ocrx_word' id='word_1_49' title='bbox 603 1014 755 1070; x_wconf 73' lang='lat' dir='ltr'><strong>lblbls</strong></span> <span class='ocrx_word' id='word_1_50' title='bbox 795 1013 883 1081; x_wconf 89' lang='lat' dir='ltr'><strong>qui</strong></span> <span class='ocrx_word' id='word_1_51' title='bbox 929 1012 1196 1081; x_wconf 81' lang='lat' dir='ltr'><strong>patimur:</strong></span> <span class='ocrx_word' id='word_1_52' title='bbox 1240 1007 1573 1077; x_wconf 87' lang='lat' dir='ltr'><strong>probatiores</strong></span> <span class='ocrx_word' id='word_1_53' title='bbox 1616 1004 1758 1060; x_wconf 90' lang='lat' dir='ltr'><strong>enim</strong></span> <span class='ocrx_word' id='word_1_54' title='bbox 1806 1001 1996 1070; x_wconf 83' lang='lat' dir='ltr'><strong>fortio-</strong></span> 
     </span>
    </p>
   </div>
   <div class='ocr_carea' id='block_1_9' title="bbox 409 1093 1994 1178">
    <p class='ocr_par' dir='ltr' id='par_1_9' title="bbox 409 1093 1994 1178">
     <span class='ocr_line' id='line_1_9' title="bbox 409 1093 1994 1178; baseline -0.009 -21"><span class='ocrx_word' id='word_1_55' title='bbox 409 1119 605 1178; x_wconf 88' lang='lat' dir='ltr'><strong>resque</strong></span> <span class='ocrx_word' id='word_1_56' title='bbox 638 1122 732 1159; x_wconf 83' lang='lat' dir='ltr'><strong>nos</strong></span> <span class='ocrx_word' id='word_1_57' title='bbox 755 1103 928 1160; x_wconf 90' lang='lat' dir='ltr'><strong>reddit</strong></span> <span class='ocrx_word' id='word_1_58' title='bbox 953 1119 968 1170; x_wconf 84' lang='lat'>;</span> <span class='ocrx_word' id='word_1_59' title='bbox 995 1102 1264 1170; x_wconf 89' lang='lat' dir='ltr'><strong>efﬁcitque</strong></span> <span class='ocrx_word' id='word_1_60' title='bbox 1293 1108 1350 1154; x_wconf 85' lang='lat' dir='ltr'><strong>ut</strong></span> <span class='ocrx_word' id='word_1_61' title='bbox 1372 1097 1590 1154; x_wconf 52' lang='lat' dir='ltr'><strong>insidias</strong></span> <span class='ocrx_word' id='word_1_62' title='bbox 1615 1093 1994 1162; x_wconf 68' lang='lat' dir='ltr'><strong>desliiciamus.</strong></span> 
     </span>
    </p>
   </div>
   <div class='ocr_carea' id='block_1_10' title="bbox 413 1189 1996 1268">
    <p class='ocr_par' dir='ltr' id='par_1_10' title="bbox 413 1189 1996 1268">
     <span class='ocr_line' id='line_1_10' title="bbox 413 1189 1996 1268; baseline -0.013 -15"><span class='ocrx_word' id='word_1_63' title='bbox 413 1200 752 1268; x_wconf 82' lang='lat' dir='ltr'><strong>Quapropter</strong></span> <span class='ocrx_word' id='word_1_64' title='bbox 785 1197 998 1256; x_wconf 71' lang='lat' dir='ltr'><strong>dicebat</strong></span> <span class='ocrx_word' id='word_1_65' title='bbox 1027 1213 1039 1252; x_wconf 87' lang='lat'><strong>:</strong></span> <span class='ocrx_word' id='word_1_66' title='bbox 1083 1192 1362 1250; x_wconf 69' lang='lat' dir='ltr'><strong>Tribulatio</strong></span> <span class='ocrx_word' id='word_1_67' title='bbox 1395 1189 1691 1260; x_wconf 78' lang='lat' dir='ltr'><strong>patientiam</strong></span> <span class='ocrx_word' id='word_1_68' title='bbox 1737 1193 1996 1252; x_wconf 75' lang='lat' dir='ltr'><strong>operatur,</strong></span> 
     </span>
    </p>
   </div>
   <div class='ocr_carea' id='block_1_11' title="bbox 416 1284 2000 1365">
    <p class='ocr_par' dir='ltr' id='par_1_11' title="bbox 416 1284 2000 1365">
     <span class='ocr_line' id='line_1_11' title="bbox 416 1284 2000 1365; baseline -0.01 -19"><span class='ocrx_word' id='word_1_69' title='bbox 416 1293 663 1365; x_wconf 74' lang='lat' dir='ltr'><strong>patiemia</strong></span> <span class='ocrx_word' id='word_1_70' title='bbox 687 1300 852 1348; x_wconf 80' lang='lat' dir='ltr'><strong>autem</strong></span> <span class='ocrx_word' id='word_1_71' title='bbox 883 1288 1249 1358; x_wconf 77' lang='lat' dir='ltr'><strong>probationem,</strong></span> <span class='ocrx_word' id='word_1_72' title='bbox 1281 1284 1513 1354; x_wconf 72' lang='lat' dir='ltr'><strong>probatio</strong></span> <span class='ocrx_word' id='word_1_73' title='bbox 1555 1298 1668 1338; x_wconf 81' lang='lat' dir='ltr'><strong>rem</strong></span> <span class='ocrx_word' id='word_1_74' title='bbox 1697 1295 1856 1347; x_wconf 80' lang='lat' dir='ltr'><strong>spent,</strong></span> <span class='ocrx_word' id='word_1_75' title='bbox 1886 1291 2000 1345; x_wconf 78' lang='lat' dir='ltr'><strong>spes</strong></span> 
     </span>
    </p>
   </div>
   <div class='ocr_carea' id='block_1_12' title="bbox 415 1372 1558 1450">
    <p class='ocr_par' dir='ltr' id='par_1_12' title="bbox 415 1372 1558 1450">
     <span class='ocr_line' id='line_1_12' title="bbox 415 1372 1558 1450; baseline -0.009 -16"><span class='ocrx_word' id='word_1_76' title='bbox 415 1395 586 1440; x_wconf 73' lang='lat' dir='ltr'><strong>autem</strong></span> <span class='ocrx_word' id='word_1_77' title='bbox 616 1399 716 1438; x_wconf 74' lang='lat' dir='ltr'><strong>non</strong></span> <span class='ocrx_word' id='word_1_78' title='bbox 745 1379 1012 1450; x_wconf 78' lang='lat' dir='ltr'><strong>confundit</strong></span> <span class='ocrx_word' id='word_1_79' title='bbox 1039 1375 1215 1447; x_wconf 72' lang='lat' dir='ltr'><strong>(Rom.</strong></span> <span class='ocrx_word' id='word_1_80' title='bbox 1241 1377 1292 1430; x_wconf 80' lang='grc'><strong>5.</strong></span> <span class='ocrx_word' id='word_1_81' title='bbox 1322 1376 1374 1432; x_wconf 80' lang='lat'><strong>5.</strong></span> <span class='ocrx_word' id='word_1_82' title='bbox 1401 1376 1454 1428; x_wconf 73' lang='grc'><strong>4.</strong></span> <span class='ocrx_word' id='word_1_83' title='bbox 1483 1372 1558 1442; x_wconf 79' lang='grc' dir='ltr'><strong>ὕ).</strong></span> 
     </span>
    </p>
   </div>
   <div class='ocr_carea' id='block_1_13' title="bbox 487 1465 2002 1541">
    <p class='ocr_par' dir='ltr' id='par_1_13' title="bbox 487 1465 2002 1541">
     <span class='ocr_line' id='line_1_13' title="bbox 487 1465 2002 1541; baseline -0.005 -12"><span class='ocrx_word' id='word_1_84' title='bbox 487 1476 544 1529; x_wconf 85' lang='grc'><strong>5.</strong></span> <span class='ocrx_word' id='word_1_85' title='bbox 579 1471 763 1530; x_wconf 73' lang='lat' dir='ltr'><strong>Yiden’</strong></span> <span class='ocrx_word' id='word_1_86' title='bbox 814 1470 1083 1541; x_wconf 72' lang='lat' dir='ltr'><strong>quomodo</strong></span> <span class='ocrx_word' id='word_1_87' title='bbox 1133 1467 1401 1525; x_wconf 70' lang='lat' dir='ltr'><strong>tribulatio</strong></span> <span class='ocrx_word' id='word_1_88' title='bbox 1445 1465 1733 1524; x_wconf 73' lang='lat' dir='ltr'><strong>conﬁrmet</strong></span> <span class='ocrx_word' id='word_1_89' title='bbox 1762 1465 2002 1528; x_wconf 75' lang='lat' dir='ltr'><strong>Evange-</strong></span> 
     </span>
    </p>
   </div>
   <div class='ocr_carea' id='block_1_14' title="bbox 425 1552 2004 1632">
    <p class='ocr_par' dir='ltr' id='par_1_14' title="bbox 425 1552 2004 1632">
     <span class='ocr_line' id='line_1_14' title="bbox 425 1552 2004 1632; baseline -0.009 -12"><span class='ocrx_word' id='word_1_90' title='bbox 425 1565 591 1623; x_wconf 80' lang='lat' dir='ltr'><strong>lium‘.’</strong></span> <span class='ocrx_word' id='word_1_91' title='bbox 621 1564 746 1624; x_wconf 76' lang='lat' dir='ltr'><strong>ideo</strong></span> <span class='ocrx_word' id='word_1_92' title='bbox 774 1578 984 1632; x_wconf 82' lang='lat' dir='ltr'><strong>quoque</strong></span> <span class='ocrx_word' id='word_1_93' title='bbox 1012 1561 1139 1620; x_wconf 80' lang='lat' dir='ltr'><strong>alibi</strong></span> <span class='ocrx_word' id='word_1_94' title='bbox 1169 1575 1288 1616; x_wconf 89' lang='lat' dir='ltr'><strong>eum</strong></span> <span class='ocrx_word' id='word_1_95' title='bbox 1329 1567 1535 1627; x_wconf 80' lang='lat' dir='ltr'><strong>peteret</strong></span> <span class='ocrx_word' id='word_1_96' title='bbox 1575 1565 1631 1610; x_wconf 88' lang='lat' dir='ltr'><strong>ut</strong></span> <span class='ocrx_word' id='word_1_97' title='bbox 1675 1571 1705 1608; x_wconf 88' lang='lat' dir='ltr'><strong>a</strong></span> <span class='ocrx_word' id='word_1_98' title='bbox 1749 1552 2004 1612; x_wconf 68' lang='lat' dir='ltr'><strong>tentatioo</strong></span> 
     </span>
    </p>
   </div>
   <div class='ocr_carea' id='block_1_15' title="bbox 428 1647 2005 1722">
    <p class='ocr_par' dir='ltr' id='par_1_15' title="bbox 428 1647 2005 1722">
     <span class='ocr_line' id='line_1_15' title="bbox 428 1647 2005 1722; baseline -0.006 -12"><span class='ocrx_word' id='word_1_99' title='bbox 428 1658 584 1716; x_wconf 84' lang='lat' dir='ltr'><strong>uibus</strong></span> <span class='ocrx_word' id='word_1_100' title='bbox 623 1656 960 1718; x_wconf 84' lang='lat' dir='ltr'><strong>liberaretur,</strong></span> <span class='ocrx_word' id='word_1_101' title='bbox 996 1669 1059 1708; x_wconf 84' lang='lat' dir='ltr'><strong>ac</strong></span> <span class='ocrx_word' id='word_1_102' title='bbox 1107 1669 1250 1722; x_wconf 33' lang='lat' dir='ltr'><strong>saepe</strong></span> <span class='ocrx_word' id='word_1_103' title='bbox 1285 1653 1372 1709; x_wconf 90' lang='lat' dir='ltr'><strong>illa</strong></span> <span class='ocrx_word' id='word_1_104' title='bbox 1405 1652 1474 1707; x_wconf 88' lang='lat' dir='ltr'><strong>de</strong></span> <span class='ocrx_word' id='word_1_105' title='bbox 1501 1665 1662 1708; x_wconf 85' lang='lat' dir='ltr'><strong>causa</strong></span> <span class='ocrx_word' id='word_1_106' title='bbox 1692 1648 1865 1702; x_wconf 84' lang='lat' dir='ltr'><strong>adiret</strong></span> <span class='ocrx_word' id='word_1_107' title='bbox 1897 1647 2005 1702; x_wconf 78' lang='lat' dir='ltr'><strong>Do-</strong></span> 
     </span>
    </p>
   </div>
   <div class='ocr_carea' id='block_1_16' title="bbox 430 1740 2008 1814">
    <p class='ocr_par' dir='ltr' id='par_1_16' title="bbox 430 1740 2008 1814">
     <span class='ocr_line' id='line_1_16' title="bbox 430 1740 2008 1814; baseline -0.004 -14"><span class='ocrx_word' id='word_1_108' title='bbox 430 1749 630 1806; x_wconf 88' lang='lat' dir='ltr'><strong>minum</strong></span> <span class='ocrx_word' id='word_1_109' title='bbox 650 1785 666 1812; x_wconf 90' lang='lat'><strong>,</strong></span> <span class='ocrx_word' id='word_1_110' title='bbox 693 1746 938 1802; x_wconf 80' lang='lat' dir='ltr'><strong>audivit:</strong></span> <span class='ocrx_word' id='word_1_111' title='bbox 969 1745 1167 1814; x_wconf 60' lang='lat' dir='ltr'><strong>.Sufieit</strong></span> <span class='ocrx_word' id='word_1_112' title='bbox 1210 1743 1296 1796; x_wconf 61' lang='lat' dir='ltr'><strong>tibi</strong></span> <span class='ocrx_word' id='word_1_113' title='bbox 1333 1743 1504 1814; x_wconf 82' lang='lat' dir='ltr'><strong>gratia</strong></span> <span class='ocrx_word' id='word_1_114' title='bbox 1535 1758 1644 1794; x_wconf 84' lang='lat' dir='ltr'><strong>mea</strong></span> <span class='ocrx_word' id='word_1_115' title='bbox 1661 1756 1680 1804; x_wconf 89' lang='lat'><em>;</em></span> <span class='ocrx_word' id='word_1_116' title='bbox 1705 1757 1825 1792; x_wconf 83' lang='lat' dir='ltr'><strong>nam</strong></span> <span class='ocrx_word' id='word_1_117' title='bbox 1848 1740 2008 1796; x_wconf 69' lang='lat' dir='ltr'><strong>virtus</strong></span> 
     </span>
    </p>
   </div>
   <div class='ocr_carea' id='block_1_17' title="bbox 427 1829 2010 1906">
    <p class='ocr_par' dir='ltr' id='par_1_17' title="bbox 427 1829 2010 1906">
     <span class='ocr_line' id='line_1_17' title="bbox 427 1829 2010 1906; baseline -0.008 -16"><span class='ocrx_word' id='word_1_118' title='bbox 427 1853 540 1896; x_wconf 69' lang='lat' dir='ltr'><strong>inea</strong></span> <span class='ocrx_word' id='word_1_119' title='bbox 580 1838 636 1892; x_wconf 77' lang='lat' dir='ltr'><strong>in</strong></span> <span class='ocrx_word' id='word_1_120' title='bbox 676 1836 970 1906; x_wconf 65' lang='lat' dir='ltr'><strong>inﬁnitum</strong></span> <span class='ocrx_word' id='word_1_121' title='bbox 998 1834 1259 1904; x_wconf 75' lang='lat' dir='ltr'><strong>perﬁcitur</strong></span> <span class='ocrx_word' id='word_1_122' title='bbox 1293 1832 1366 1903; x_wconf 63' lang='lat'><strong>(2.</strong></span> <span class='ocrx_word' id='word_1_123' title='bbox 1398 1831 1516 1886; x_wconf 84' lang='lat' dir='ltr'><strong>Cor.</strong></span> <span class='ocrx_word' id='word_1_124' title='bbox 1551 1830 1635 1885; x_wconf 71' lang='lat'><strong>12.</strong></span> <span class='ocrx_word' id='word_1_125' title='bbox 1667 1830 1749 1895; x_wconf 72' lang='grc' dir='ltr'><strong>θ).</strong></span> <span class='ocrx_word' id='word_1_126' title='bbox 1778 1829 2010 1885; x_wconf 70' lang='grc' dir='ltr'>ΙιιΙίιιιιὲσ</span> 
     </span>
    </p>
   </div>
   <div class='ocr_carea' id='block_1_18' title="bbox 425 1918 2008 1996">
    <p class='ocr_par' dir='ltr' id='par_1_18' title="bbox 425 1918 2008 1996">
     <span class='ocr_line' id='line_1_18' title="bbox 425 1918 2008 1996; baseline -0.004 -16"><span class='ocrx_word' id='word_1_127' title='bbox 425 1935 588 1986; x_wconf 86' lang='lat' dir='ltr'><strong>tatem</strong></span> <span class='ocrx_word' id='word_1_128' title='bbox 615 1927 704 1986; x_wconf 80' lang='lat' dir='ltr'><strong>hic</strong></span> <span class='ocrx_word' id='word_1_129' title='bbox 726 1927 1164 1996; x_wconf 82' lang='lat' dir='ltr'><strong>persequutioues</strong></span> <span class='ocrx_word' id='word_1_130' title='bbox 1189 1932 1363 1987; x_wconf 60' lang='lat' dir='ltr'><strong>vocat,</strong></span> <span class='ocrx_word' id='word_1_131' title='bbox 1385 1923 1727 1989; x_wconf 80' lang='lat' dir='ltr'><strong>tentationes,</strong></span> <span class='ocrx_word' id='word_1_132' title='bbox 1749 1918 2008 1989; x_wconf 76' lang='lat' dir='ltr'><strong>pericula,</strong></span> 
     </span>
    </p>
   </div>
   <div class='ocr_carea' id='block_1_19' title="bbox 426 2010 2009 2082">
    <p class='ocr_par' dir='ltr' id='par_1_19' title="bbox 426 2010 2009 2082">
     <span class='ocr_line' id='line_1_19' title="bbox 426 2010 2009 2082; baseline -0.007 -10"><span class='ocrx_word' id='word_1_133' title='bbox 426 2018 678 2082; x_wconf 74' lang='lat' dir='ltr'><strong>insidias,</strong></span> <span class='ocrx_word' id='word_1_134' title='bbox 733 2017 1034 2076; x_wconf 77' lang='lat' dir='ltr'><strong>molestias.</strong></span> <span class='ocrx_word' id='word_1_135' title='bbox 1092 2015 1204 2073; x_wconf 87' lang='lat' dir='ltr'><strong>Iloc</strong></span> <span class='ocrx_word' id='word_1_136' title='bbox 1261 2025 1440 2071; x_wconf 86' lang='lat' dir='ltr'><strong>autem</strong></span> <span class='ocrx_word' id='word_1_137' title='bbox 1501 2013 1611 2066; x_wconf 91' lang='lat' dir='ltr'><strong>vult</strong></span> <span class='ocrx_word' id='word_1_138' title='bbox 1663 2010 2009 2081; x_wconf 77' lang='lat' dir='ltr'><strong>significare:</strong></span> 
     </span>
    </p>
   </div>
   <div class='ocr_carea' id='block_1_20' title="bbox 429 2104 2016 2177">
    <p class='ocr_par' dir='ltr' id='par_1_20' title="bbox 429 2104 2016 2177">
     <span class='ocr_line' id='line_1_20' title="bbox 429 2104 2016 2177; baseline -0.006 -13"><span class='ocrx_word' id='word_1_139' title='bbox 429 2110 678 2169; x_wconf 79' lang='lat' dir='ltr'><strong>Poteram</strong></span> <span class='ocrx_word' id='word_1_140' title='bbox 705 2111 807 2167; x_wconf 84' lang='lat' dir='ltr'><strong>hoc</strong></span> <span class='ocrx_word' id='word_1_141' title='bbox 835 2107 1098 2177; x_wconf 81' lang='lat' dir='ltr'><strong>impedire</strong></span> <span class='ocrx_word' id='word_1_142' title='bbox 1124 2115 1178 2163; x_wconf 84' lang='lat' dir='ltr'><strong>et</strong></span> <span class='ocrx_word' id='word_1_143' title='bbox 1206 2106 1404 2162; x_wconf 78' lang='lat' dir='ltr'><strong>bellum</strong></span> <span class='ocrx_word' id='word_1_144' title='bbox 1446 2104 1811 2172; x_wconf 72' lang='lat' dir='ltr'><strong>exstinguere,</strong></span> <span class='ocrx_word' id='word_1_145' title='bbox 1853 2111 2016 2170; x_wconf 79' lang='lat' dir='ltr'><strong>atque</strong></span> 
     </span>
    </p>
   </div>
   <div class='ocr_carea' id='block_1_21' title="bbox 431 2195 2015 2268">
    <p class='ocr_par' dir='ltr' id='par_1_21' title="bbox 431 2195 2015 2268">
     <span class='ocr_line' id='line_1_21' title="bbox 431 2195 2015 2268; baseline -0.006 -14"><span class='ocrx_word' id='word_1_146' title='bbox 431 2200 623 2260; x_wconf 79' lang='lat' dir='ltr'><strong>fluctus</strong></span> <span class='ocrx_word' id='word_1_147' title='bbox 653 2199 1046 2268; x_wconf 82' lang='lat' dir='ltr'><strong>comprimere;</strong></span> <span class='ocrx_word' id='word_1_148' title='bbox 1077 2198 1172 2250; x_wconf 84' lang='lat' dir='ltr'><strong>sed</strong></span> <span class='ocrx_word' id='word_1_149' title='bbox 1203 2211 1306 2250; x_wconf 89' lang='lat' dir='ltr'><strong>non</strong></span> <span class='ocrx_word' id='word_1_150' title='bbox 1325 2196 1444 2260; x_wconf 89' lang='lat' dir='ltr'><strong>feci,</strong></span> <span class='ocrx_word' id='word_1_151' title='bbox 1479 2203 1535 2250; x_wconf 93' lang='lat' dir='ltr'><strong>ut</strong></span> <span class='ocrx_word' id='word_1_152' title='bbox 1553 2195 1722 2252; x_wconf 79' lang='lat' dir='ltr'><strong>virtus</strong></span> <span class='ocrx_word' id='word_1_153' title='bbox 1751 2207 1867 2250; x_wconf 90' lang='lat' dir='ltr'><strong>mea</strong></span> <span class='ocrx_word' id='word_1_154' title='bbox 1897 2205 2015 2246; x_wconf 75' lang='lat' dir='ltr'><strong>ma—</strong></span> 
     </span>
    </p>
   </div>
   <div class='ocr_carea' id='block_1_22' title="bbox 431 2283 2018 2360">
    <p class='ocr_par' dir='ltr' id='par_1_22' title="bbox 431 2283 2018 2360">
     <span class='ocr_line' id='line_1_22' title="bbox 431 2283 2018 2360; baseline -0.004 -16"><span class='ocrx_word' id='word_1_155' title='bbox 431 2292 514 2360; x_wconf 87' lang='lat' dir='ltr'><strong>gis</strong></span> <span class='ocrx_word' id='word_1_156' title='bbox 559 2292 1037 2348; x_wconf 81' lang='lat' dir='ltr'><strong>detnonstrareutr.</strong></span> <span class='ocrx_word' id='word_1_157' title='bbox 1086 2287 1200 2342; x_wconf 82' lang='lat' dir='ltr'><strong>Non</strong></span> <span class='ocrx_word' id='word_1_158' title='bbox 1245 2287 1390 2340; x_wconf 88' lang='lat' dir='ltr'><strong>enim</strong></span> <span class='ocrx_word' id='word_1_159' title='bbox 1449 2287 1520 2340; x_wconf 84' lang='lat' dir='ltr'><strong>ita</strong></span> <span class='ocrx_word' id='word_1_160' title='bbox 1575 2295 1790 2342; x_wconf 84' lang='lat' dir='ltr'><strong>ostensa</strong></span> <span class='ocrx_word' id='word_1_161' title='bbox 1832 2283 2018 2338; x_wconf 84' lang='lat' dir='ltr'><strong>fuisset</strong></span> 
     </span>
    </p>
   </div>
   <div class='ocr_carea' id='block_1_23' title="bbox 435 2376 2018 2451">
    <p class='ocr_par' dir='ltr' id='par_1_23' title="bbox 435 2376 2018 2451">
     <span class='ocr_line' id='line_1_23' title="bbox 435 2376 2018 2451; baseline -0.006 -14"><span class='ocrx_word' id='word_1_162' title='bbox 435 2385 553 2451; x_wconf 83' lang='lat' dir='ltr'><strong>ejus</strong></span> <span class='ocrx_word' id='word_1_163' title='bbox 577 2381 766 2446; x_wconf 72' lang='lat' dir='ltr'><strong>virtus,</strong></span> <span class='ocrx_word' id='word_1_164' title='bbox 798 2382 842 2436; x_wconf 94' lang='lat' dir='ltr'><strong>si</strong></span> <span class='ocrx_word' id='word_1_165' title='bbox 881 2381 994 2434; x_wconf 68' lang='lat' dir='ltr'><strong>haec</strong></span> <span class='ocrx_word' id='word_1_166' title='bbox 1025 2394 1134 2434; x_wconf 88' lang='lat' dir='ltr'><strong>non</strong></span> <span class='ocrx_word' id='word_1_167' title='bbox 1176 2378 1311 2436; x_wconf 79' lang='lat' dir='ltr'><strong>facta</strong></span> <span class='ocrx_word' id='word_1_168' title='bbox 1354 2376 1615 2441; x_wconf 78' lang='lat' dir='ltr'><strong>fuissent;</strong></span> <span class='ocrx_word' id='word_1_169' title='bbox 1645 2385 1700 2429; x_wconf 92' lang='lat' dir='ltr'><strong>ut</strong></span> <span class='ocrx_word' id='word_1_170' title='bbox 1728 2391 1848 2429; x_wconf 92' lang='lat' dir='ltr'><strong>cum</strong></span> <span class='ocrx_word' id='word_1_171' title='bbox 1883 2376 2018 2434; x_wconf 85' lang='lat' dir='ltr'><strong>facta</strong></span> 
     </span>
    </p>
   </div>
   <div class='ocr_carea' id='block_1_24' title="bbox 439 2467 2023 2544">
    <p class='ocr_par' dir='ltr' id='par_1_24' title="bbox 439 2467 2023 2544">
     <span class='ocr_line' id='line_1_24' title="bbox 439 2467 2023 2544; baseline -0.005 -19"><span class='ocrx_word' id='word_1_172' title='bbox 439 2473 657 2544; x_wconf 76' lang='lat' dir='ltr'><strong>quidem</strong></span> <span class='ocrx_word' id='word_1_173' title='bbox 711 2482 853 2536; x_wconf 88' lang='lat' dir='ltr'><strong>sunt,</strong></span> <span class='ocrx_word' id='word_1_174' title='bbox 894 2482 949 2527; x_wconf 88' lang='lat' dir='ltr'><strong>et</strong></span> <span class='ocrx_word' id='word_1_175' title='bbox 990 2472 1125 2530; x_wconf 86' lang='lat' dir='ltr'><strong>nihil</strong></span> <span class='ocrx_word' id='word_1_176' title='bbox 1169 2480 1477 2542; x_wconf 83' lang='lat' dir='ltr'><strong>potuerunt.</strong></span> <span class='ocrx_word' id='word_1_177' title='bbox 1519 2468 1652 2524; x_wconf 84' lang='lat' dir='ltr'><strong>Nam</strong></span> <span class='ocrx_word' id='word_1_178' title='bbox 1701 2467 2023 2536; x_wconf 80' lang='lat' dir='ltr'><strong>gubernato-</strong></span> 
     </span>
    </p>
   </div>
   <div class='ocr_carea' id='block_1_25' title="bbox 443 2559 2024 2632">
    <p class='ocr_par' dir='ltr' id='par_1_25' title="bbox 443 2559 2024 2632">
     <span class='ocr_line' id='line_1_25' title="bbox 443 2559 2024 2632; baseline -0.001 -17"><span class='ocrx_word' id='word_1_179' title='bbox 443 2579 553 2617; x_wconf 87' lang='lat' dir='ltr'><strong>rem</strong></span> <span class='ocrx_word' id='word_1_180' title='bbox 597 2564 748 2621; x_wconf 87' lang='lat' dir='ltr'><strong>illum</strong></span> <span class='ocrx_word' id='word_1_181' title='bbox 779 2563 1038 2632; x_wconf 85' lang='lat' dir='ltr'><strong>optimum</strong></span> <span class='ocrx_word' id='word_1_182' title='bbox 1085 2563 1331 2622; x_wconf 85' lang='lat' dir='ltr'><strong>dicimus,</strong></span> <span class='ocrx_word' id='word_1_183' title='bbox 1366 2575 1473 2618; x_wconf 86' lang='lat' dir='ltr'><strong>non</strong></span> <span class='ocrx_word' id='word_1_184' title='bbox 1513 2559 1602 2631; x_wconf 87' lang='lat' dir='ltr'><strong>qui</strong></span> <span class='ocrx_word' id='word_1_185' title='bbox 1642 2559 1695 2614; x_wconf 87' lang='lat' dir='ltr'><strong>in</strong></span> <span class='ocrx_word' id='word_1_186' title='bbox 1737 2559 2024 2627; x_wconf 87' lang='lat' dir='ltr'><strong>tranquillo</strong></span> 
     </span>
    </p>
   </div>
   <div class='ocr_carea' id='block_1_26' title="bbox 442 2651 2025 2728">
    <p class='ocr_par' dir='ltr' id='par_1_26' title="bbox 442 2651 2025 2728">
     <span class='ocr_line' id='line_1_26' title="bbox 442 2651 2025 2728; baseline -0.002 -19"><span class='ocrx_word' id='word_1_187' title='bbox 442 2655 577 2712; x_wconf 86' lang='lat' dir='ltr'><strong>mari</strong></span> <span class='ocrx_word' id='word_1_188' title='bbox 627 2664 807 2728; x_wconf 77' lang='lat' dir='ltr'><strong>potest</strong></span> <span class='ocrx_word' id='word_1_189' title='bbox 859 2669 1048 2708; x_wconf 86' lang='lat' dir='ltr'><strong>tutvetu</strong></span> <span class='ocrx_word' id='word_1_190' title='bbox 1101 2662 1247 2710; x_wconf 86' lang='lat' dir='ltr'><strong>recte</strong></span> <span class='ocrx_word' id='word_1_191' title='bbox 1298 2653 1520 2713; x_wconf 89' lang='lat' dir='ltr'><strong>ducere,</strong></span> <span class='ocrx_word' id='word_1_192' title='bbox 1582 2651 1678 2707; x_wconf 89' lang='lat' dir='ltr'><strong>sed</strong></span> <span class='ocrx_word' id='word_1_193' title='bbox 1735 2651 1824 2720; x_wconf 88' lang='lat' dir='ltr'><strong>qui</strong></span> <span class='ocrx_word' id='word_1_194' title='bbox 1886 2652 2025 2706; x_wconf 87' lang='lat' dir='ltr'><strong>inter</strong></span> 
     </span>
    </p>
   </div>
   <div class='ocr_carea' id='block_1_27' title="bbox 443 2742 2026 2814">
    <p class='ocr_par' dir='ltr' id='par_1_27' title="bbox 443 2742 2026 2814">
     <span class='ocr_line' id='line_1_27' title="bbox 443 2742 2026 2814; baseline -0.003 -16"><span class='ocrx_word' id='word_1_195' title='bbox 443 2745 700 2814; x_wconf 74' lang='lat' dir='ltr'><strong>scapulos</strong></span> <span class='ocrx_word' id='word_1_196' title='bbox 722 2755 776 2802; x_wconf 88' lang='lat' dir='ltr'><strong>et</strong></span> <span class='ocrx_word' id='word_1_197' title='bbox 806 2742 1000 2802; x_wconf 77' lang='lat' dir='ltr'><strong>ﬂuctus</strong></span> <span class='ocrx_word' id='word_1_198' title='bbox 1023 2751 1078 2797; x_wconf 83' lang='lat' dir='ltr'><strong>et</strong></span> <span class='ocrx_word' id='word_1_199' title='bbox 1104 2751 1450 2808; x_wconf 82' lang='lat' dir='ltr'><strong>tempestates</strong></span> <span class='ocrx_word' id='word_1_200' title='bbox 1476 2752 1531 2795; x_wconf 93' lang='lat' dir='ltr'><strong>et</strong></span> <span class='ocrx_word' id='word_1_201' title='bbox 1571 2750 1760 2795; x_wconf 78' lang='lat' dir='ltr'><strong>ventos</strong></span> <span class='ocrx_word' id='word_1_202' title='bbox 1786 2753 2026 2796; x_wconf 81' lang='lat' dir='ltr'><strong>vectores</strong></span> 
     </span>
    </p>
   </div>
   <div class='ocr_carea' id='block_1_28' title="bbox 443 2829 2024 2902">
    <p class='ocr_par' dir='ltr' id='par_1_28' title="bbox 443 2829 2024 2902">
     <span class='ocr_line' id='line_1_28' title="bbox 443 2829 2024 2902; baseline -0.006 -13"><span class='ocrx_word' id='word_1_203' title='bbox 443 2844 730 2890; x_wconf 80' lang='lat' dir='ltr'><strong>conservat</strong></span> <span class='ocrx_word' id='word_1_204' title='bbox 763 2851 776 2886; x_wconf 89' lang='lat'><strong>:</strong></span> <span class='ocrx_word' id='word_1_205' title='bbox 825 2843 881 2892; x_wconf 88' lang='lat' dir='ltr'><strong>et</strong></span> <span class='ocrx_word' id='word_1_206' title='bbox 921 2833 1190 2892; x_wconf 73' lang='lat' dir='ltr'><strong>medicum</strong></span> <span class='ocrx_word' id='word_1_207' title='bbox 1231 2834 1464 2902; x_wconf 87' lang='lat' dir='ltr'><strong>peritum</strong></span> <span class='ocrx_word' id='word_1_208' title='bbox 1503 2831 1732 2887; x_wconf 84' lang='lat' dir='ltr'><strong>dicimus</strong></span> <span class='ocrx_word' id='word_1_209' title='bbox 1759 2847 1904 2898; x_wconf 90' lang='lat' dir='ltr'><strong>eum,</strong></span> <span class='ocrx_word' id='word_1_210' title='bbox 1937 2829 2024 2901; x_wconf 88' lang='lat' dir='ltr'><strong>qui</strong></span> 
     </span>
    </p>
   </div>
   <div class='ocr_carea' id='block_1_29' title="bbox 447 2923 2030 2994">
    <p class='ocr_par' dir='ltr' id='par_1_29' title="bbox 447 2923 2030 2994">
     <span class='ocr_line' id='line_1_29' title="bbox 447 2923 2030 2994; baseline -0.004 -14"><span class='ocrx_word' id='word_1_211' title='bbox 447 2925 592 2980; x_wconf 90' lang='lat' dir='ltr'><strong>mille</strong></span> <span class='ocrx_word' id='word_1_212' title='bbox 632 2924 1060 2980; x_wconf 79' lang='lat' dir='ltr'><strong>incumbentibus</strong></span> <span class='ocrx_word' id='word_1_213' title='bbox 1088 2923 1287 2981; x_wconf 86' lang='lat' dir='ltr'><strong>morbis</strong></span> <span class='ocrx_word' id='word_1_214' title='bbox 1317 2938 1517 2994; x_wconf 63' lang='lat' dir='ltr'><strong>aegrum</strong></span> <span class='ocrx_word' id='word_1_215' title='bbox 1546 2931 1762 2976; x_wconf 68' lang='lat' dir='ltr'><strong>seri-at:</strong></span> <span class='ocrx_word' id='word_1_216' title='bbox 1795 2931 1849 2976; x_wconf 91' lang='lat' dir='ltr'><strong>et</strong></span> <span class='ocrx_word' id='word_1_217' title='bbox 1876 2937 2030 2976; x_wconf 82' lang='lat' dir='ltr'><strong>exer-</strong></span> 
     </span>
    </p>
   </div>
   <div class='ocr_carea' id='block_1_30' title="bbox 446 3013 2031 3084">
    <p class='ocr_par' dir='ltr' id='par_1_30' title="bbox 446 3013 2031 3084">
     <span class='ocr_line' id='line_1_30' title="bbox 446 3013 2031 3084; baseline -0.003 -16"><span class='ocrx_word' id='word_1_218' title='bbox 446 3016 585 3072; x_wconf 84' lang='lat' dir='ltr'><strong>citus</strong></span> <span class='ocrx_word' id='word_1_219' title='bbox 599 3015 788 3068; x_wconf 89' lang='lat' dir='ltr'><strong>ducem</strong></span> <span class='ocrx_word' id='word_1_220' title='bbox 813 3014 906 3084; x_wconf 80' lang='lat' dir='ltr'><strong>qui</strong></span> <span class='ocrx_word' id='word_1_221' title='bbox 929 3014 1167 3068; x_wconf 85' lang='lat' dir='ltr'><strong>hostibus</strong></span> <span class='ocrx_word' id='word_1_222' title='bbox 1191 3013 1423 3083; x_wconf 90' lang='lat' dir='ltr'><strong>nudique</strong></span> <span class='ocrx_word' id='word_1_223' title='bbox 1445 3013 1772 3067; x_wconf 88' lang='lat' dir='ltr'><strong>irruentibus</strong></span> <span class='ocrx_word' id='word_1_224' title='bbox 1790 3021 1844 3067; x_wconf 89' lang='lat' dir='ltr'><strong>et</strong></span> <span class='ocrx_word' id='word_1_225' title='bbox 1863 3027 2031 3082; x_wconf 84' lang='lat' dir='ltr'><strong>oppu-</strong></span> 
     </span>
    </p>
   </div>
   <div class='ocr_carea' id='block_1_31' title="bbox 456 3103 2028 3175">
    <p class='ocr_par' dir='ltr' id='par_1_31' title="bbox 456 3103 2028 3175">
     <span class='ocr_line' id='line_1_31' title="bbox 456 3103 2028 3175; baseline -0.002 -17"><span class='ocrx_word' id='word_1_226' title='bbox 456 3106 742 3174; x_wconf 69' lang='lat' dir='ltr'><strong>gnantibus</strong></span> <span class='ocrx_word' id='word_1_227' title='bbox 767 3143 784 3170; x_wconf 92' lang='lat'><strong>,</strong></span> <span class='ocrx_word' id='word_1_228' title='bbox 835 3113 1093 3174; x_wconf 70' lang='lat' dir='ltr'><strong>trolizeum</strong></span> <span class='ocrx_word' id='word_1_229' title='bbox 1134 3111 1310 3174; x_wconf 85' lang='lat' dir='ltr'><strong>potest</strong></span> <span class='ocrx_word' id='word_1_230' title='bbox 1349 3103 1559 3174; x_wconf 77' lang='lat' dir='ltr'><strong>erigere</strong></span> <span class='ocrx_word' id='word_1_231' title='bbox 1607 3119 1622 3156; x_wconf 90' lang='lat'><strong>:</strong></span> <span class='ocrx_word' id='word_1_232' title='bbox 1665 3111 1721 3156; x_wconf 89' lang='lat' dir='ltr'><strong>et</strong></span> <span class='ocrx_word' id='word_1_233' title='bbox 1758 3113 2028 3175; x_wconf 77' lang='lat' dir='ltr'><strong>pastorem</strong></span> 
     </span>
    </p>
   </div>
   <div class='ocr_carea' id='block_1_32' title="bbox 455 3194 2035 3270">
    <p class='ocr_par' dir='ltr' id='par_1_32' title="bbox 455 3194 2035 3270">
     <span class='ocr_line' id='line_1_32' title="bbox 455 3194 2035 3270; baseline -0.003 -20"><span class='ocrx_word' id='word_1_234' title='bbox 455 3199 650 3253; x_wconf 87' lang='lat' dir='ltr'><strong>bonum</strong></span> <span class='ocrx_word' id='word_1_235' title='bbox 677 3198 768 3270; x_wconf 86' lang='lat' dir='ltr'><strong>qui</strong></span> <span class='ocrx_word' id='word_1_236' title='bbox 797 3197 942 3254; x_wconf 87' lang='lat' dir='ltr'><strong>mille</strong></span> <span class='ocrx_word' id='word_1_237' title='bbox 967 3197 1106 3264; x_wconf 87' lang='lat' dir='ltr'><strong>lupis</strong></span> <span class='ocrx_word' id='word_1_238' title='bbox 1135 3195 1359 3266; x_wconf 87' lang='lat' dir='ltr'><strong>aliisque</strong></span> <span class='ocrx_word' id='word_1_239' title='bbox 1404 3194 1803 3249; x_wconf 80' lang='lat' dir='ltr'><strong>insidiatoribus</strong></span> <span class='ocrx_word' id='word_1_240' title='bbox 1840 3194 2035 3248; x_wconf 87' lang='lat' dir='ltr'><strong>irrum-</strong></span> 
     </span>
    </p>
   </div>
   <div class='ocr_carea' id='block_1_33' title="bbox 457 3288 2034 3360">
    <p class='ocr_par' dir='ltr' id='par_1_33' title="bbox 457 3288 2034 3360">
     <span class='ocr_line' id='line_1_33' title="bbox 457 3288 2034 3360; baseline -0.003 -16"><span class='ocrx_word' id='word_1_241' title='bbox 457 3292 726 3360; x_wconf 87' lang='lat' dir='ltr'><strong>pentibus,</strong></span> <span class='ocrx_word' id='word_1_242' title='bbox 757 3306 971 3360; x_wconf 81' lang='lat' dir='ltr'><strong>gregem</strong></span> <span class='ocrx_word' id='word_1_243' title='bbox 993 3291 1045 3342; x_wconf 92' lang='lat' dir='ltr'><strong>in</strong></span> <span class='ocrx_word' id='word_1_244' title='bbox 1068 3288 1443 3349; x_wconf 85' lang='lat' dir='ltr'><strong>tntocustodit.</strong></span> <span class='ocrx_word' id='word_1_245' title='bbox 1471 3288 1540 3340; x_wconf 88' lang='lat' dir='ltr'><strong>Ita</strong></span> <span class='ocrx_word' id='word_1_246' title='bbox 1574 3299 1698 3342; x_wconf 90' lang='lat' dir='ltr'><strong>tunc</strong></span> <span class='ocrx_word' id='word_1_247' title='bbox 1721 3301 1930 3356; x_wconf 89' lang='lat' dir='ltr'><strong>quoque</strong></span> <span class='ocrx_word' id='word_1_248' title='bbox 1949 3301 2034 3340; x_wconf 89' lang='lat' dir='ltr'><strong>res</strong></span> 
     </span>
    </p>
   </div>
   <div class='ocr_carea' id='block_1_34' title="bbox 461 3379 2039 3451">
    <p class='ocr_par' dir='ltr' id='par_1_34' title="bbox 461 3379 2039 3451">
     <span class='ocr_line' id='line_1_34' title="bbox 461 3379 2039 3451; baseline -0.003 -15"><span class='ocrx_word' id='word_1_249' title='bbox 461 3386 584 3440; x_wconf 88' lang='lat' dir='ltr'><strong>hinc</strong></span> <span class='ocrx_word' id='word_1_250' title='bbox 625 3383 881 3437; x_wconf 82' lang='lat' dir='ltr'><strong>mirabilis</strong></span> <span class='ocrx_word' id='word_1_251' title='bbox 908 3381 1263 3447; x_wconf 81' lang='lat' dir='ltr'><strong>efﬁciebatur,</strong></span> <span class='ocrx_word' id='word_1_252' title='bbox 1292 3379 1434 3451; x_wconf 89' lang='lat' dir='ltr'><strong>quod</strong></span> <span class='ocrx_word' id='word_1_253' title='bbox 1471 3380 1600 3434; x_wconf 88' lang='lat' dir='ltr'><strong>licet</strong></span> <span class='ocrx_word' id='word_1_254' title='bbox 1626 3379 1900 3432; x_wconf 86' lang='lat' dir='ltr'><strong>innumera</strong></span> <span class='ocrx_word' id='word_1_255' title='bbox 1944 3393 2039 3446; x_wconf 88' lang='lat' dir='ltr'><strong>pa-</strong></span> 
     </span>
    </p>
   </div>
   <div class='ocr_carea' id='block_1_35' title="bbox 441 3470 2032 3543">
    <p class='ocr_par' dir='ltr' id='par_1_35' title="bbox 441 3470 2032 3543">
     <span class='ocr_line' id='line_1_35' title="bbox 441 3470 2032 3543; baseline -0.004 -13"><span class='ocrx_word' id='word_1_256' title='bbox 441 3479 650 3538; x_wconf 78' lang='lat' dir='ltr'><strong>tientes</strong></span> <span class='ocrx_word' id='word_1_257' title='bbox 672 3480 967 3538; x_wconf 78' lang='lat' dir='ltr'><strong>vincerent,</strong></span> <span class='ocrx_word' id='word_1_258' title='bbox 985 3485 1041 3528; x_wconf 90' lang='lat' dir='ltr'><strong>et</strong></span> <span class='ocrx_word' id='word_1_259' title='bbox 1059 3489 1152 3528; x_wconf 90' lang='lat' dir='ltr'><strong>eos</strong></span> <span class='ocrx_word' id='word_1_260' title='bbox 1165 3473 1258 3542; x_wconf 81' lang='lat' dir='ltr'><strong>qui</strong></span> <span class='ocrx_word' id='word_1_261' title='bbox 1285 3488 1344 3530; x_wconf 88' lang='lat' dir='ltr'><strong>se</strong></span> <span class='ocrx_word' id='word_1_262' title='bbox 1371 3470 1680 3543; x_wconf 77' lang='lat' dir='ltr'><strong>afﬂigebant</strong></span> <span class='ocrx_word' id='word_1_263' title='bbox 1695 3479 2032 3540; x_wconf 82' lang='lat' dir='ltr'><strong>superarent.</strong></span> 
     </span>
    </p>
   </div>
   <div class='ocr_carea' id='block_1_36' title="bbox 440 3563 2035 3638">
    <p class='ocr_par' dir='ltr' id='par_1_36' title="bbox 440 3563 2035 3638">
     <span class='ocr_line' id='line_1_36' title="bbox 440 3563 2035 3638; baseline -0.006 -15"><span class='ocrx_word' id='word_1_264' title='bbox 440 3569 679 3638; x_wconf 79' lang='lat' dir='ltr'><strong>Quando</strong></span> <span class='ocrx_word' id='word_1_265' title='bbox 709 3568 866 3637; x_wconf 71' lang='lat' dir='ltr'><strong>igitur</strong></span> <span class='ocrx_word' id='word_1_266' title='bbox 897 3567 1112 3622; x_wconf 79' lang='lat' dir='ltr'><strong>Petrum</strong></span> <span class='ocrx_word' id='word_1_267' title='bbox 1154 3575 1208 3622; x_wconf 87' lang='lat' dir='ltr'><strong>et</strong></span> <span class='ocrx_word' id='word_1_268' title='bbox 1241 3564 1528 3629; x_wconf 76' lang='lat' dir='ltr'><strong>Joannem,</strong></span> <span class='ocrx_word' id='word_1_269' title='bbox 1583 3564 1749 3617; x_wconf 83' lang='lat' dir='ltr'><strong>lilium</strong></span> <span class='ocrx_word' id='word_1_270' title='bbox 1797 3563 2035 3627; x_wconf 88' lang='lat' dir='ltr'><strong>tonitrui,</strong></span> 
     </span>
    </p>
   </div>
   <div class='ocr_carea' id='block_1_37' title="bbox 455 3655 2040 3723">
    <p class='ocr_par' dir='ltr' id='par_1_37' title="bbox 455 3655 2040 3723">
     <span class='ocr_line' id='line_1_37' title="bbox 455 3655 2040 3723; baseline -0.006 -9"><span class='ocrx_word' id='word_1_271' title='bbox 455 3670 512 3714; x_wconf 85' lang='lat' dir='ltr'><strong>et</strong></span> <span class='ocrx_word' id='word_1_272' title='bbox 549 3660 951 3718; x_wconf 76' lang='lat' dir='ltr'><strong>fundamentum</strong></span> <span class='ocrx_word' id='word_1_273' title='bbox 983 3656 1120 3719; x_wconf 87' lang='lat' dir='ltr'><strong>ﬁdei,</strong></span> <span class='ocrx_word' id='word_1_274' title='bbox 1160 3656 1210 3709; x_wconf 90' lang='lat' dir='ltr'><strong>in</strong></span> <span class='ocrx_word' id='word_1_275' title='bbox 1253 3670 1522 3710; x_wconf 68' lang='lat' dir='ltr'><strong>caret-rem</strong></span> <span class='ocrx_word' id='word_1_276' title='bbox 1551 3655 1918 3723; x_wconf 86' lang='lat' dir='ltr'><strong>eonjecerunt,</strong></span> <span class='ocrx_word' id='word_1_277' title='bbox 1948 3669 2040 3708; x_wconf 58' lang='lat' dir='ltr'><strong>eo-</strong></span> 
     </span>
    </p>
   </div>
   <div class='ocr_carea' id='block_1_38' title="bbox 460 3745 2041 3822">
    <p class='ocr_par' dir='ltr' id='par_1_38' title="bbox 460 3745 2041 3822">
     <span class='ocr_line' id='line_1_38' title="bbox 460 3745 2041 3822; baseline -0.005 -16"><span class='ocrx_word' id='word_1_278' title='bbox 460 3753 567 3822; x_wconf 70' lang='lat' dir='ltr'><strong>gitti</strong></span> <span class='ocrx_word' id='word_1_279' title='bbox 610 3750 922 3820; x_wconf 82' lang='lat' dir='ltr'><strong>quntuodo,</strong></span> <span class='ocrx_word' id='word_1_280' title='bbox 973 3749 1102 3816; x_wconf 83' lang='lat' dir='ltr'><strong>ipsis</strong></span> <span class='ocrx_word' id='word_1_281' title='bbox 1151 3747 1391 3804; x_wconf 65' lang='lat' dir='ltr'><strong>dim&#39;bsis</strong></span> <span class='ocrx_word' id='word_1_282' title='bbox 1440 3747 1705 3802; x_wconf 84' lang='lat' dir='ltr'><strong>dubitant.</strong></span> <span class='ocrx_word' id='word_1_283' title='bbox 1762 3746 1894 3801; x_wconf 85' lang='lat' dir='ltr'><strong>Cum</strong></span> <span class='ocrx_word' id='word_1_284' title='bbox 1944 3745 2041 3798; x_wconf 87' lang='lat' dir='ltr'><strong>ad-</strong></span> 
     </span>
    </p>
   </div>
   <div class='ocr_carea' id='block_1_39' title="bbox 458 3837 2042 3912">
    <p class='ocr_par' dir='ltr' id='par_1_39' title="bbox 458 3837 2042 3912">
     <span class='ocr_line' id='line_1_39' title="bbox 458 3837 2042 3912; baseline -0.003 -16"><span class='ocrx_word' id='word_1_285' title='bbox 458 3841 738 3898; x_wconf 78' lang='lat' dir='ltr'><strong>duxissent</strong></span> <span class='ocrx_word' id='word_1_286' title='bbox 773 3840 931 3912; x_wconf 83' lang='lat' dir='ltr'><strong>igitur</strong></span> <span class='ocrx_word' id='word_1_287' title='bbox 974 3839 1096 3896; x_wconf 91' lang='lat' dir='ltr'><strong>illos</strong></span> <span class='ocrx_word' id='word_1_288' title='bbox 1130 3841 1179 3895; x_wconf 88' lang='lat' dir='ltr'><strong>in</strong></span> <span class='ocrx_word' id='word_1_289' title='bbox 1232 3839 1471 3894; x_wconf 85' lang='lat' dir='ltr'><strong>medium</strong></span> <span class='ocrx_word' id='word_1_290' title='bbox 1523 3838 1790 3896; x_wconf 83' lang='lat' dir='ltr'><strong>theatrum</strong></span> <span class='ocrx_word' id='word_1_291' title='bbox 1816 3879 1831 3903; x_wconf 90' lang='lat'><strong>,</strong></span> <span class='ocrx_word' id='word_1_292' title='bbox 1889 3837 2042 3892; x_wconf 85' lang='lat' dir='ltr'><strong>dixe—</strong></span> 
     </span>
    </p>
   </div>
   <div class='ocr_carea' id='block_1_40' title="bbox 467 3929 2040 4003">
    <p class='ocr_par' dir='ltr' id='par_1_40' title="bbox 467 3929 2040 4003">
     <span class='ocr_line' id='line_1_40' title="bbox 467 3929 2040 4003; baseline -0.003 -14"><span class='ocrx_word' id='word_1_293' title='bbox 467 3943 592 3992; x_wconf 81' lang='lat' dir='ltr'><strong>runt</strong></span> <span class='ocrx_word' id='word_1_294' title='bbox 619 3952 637 3992; x_wconf 92' lang='lat'><strong>_:</strong></span> <span class='ocrx_word' id='word_1_295' title='bbox 670 3934 805 4002; x_wconf 84' lang='lat' dir='ltr'><strong>Quid</strong></span> <span class='ocrx_word' id='word_1_296' title='bbox 861 3935 1102 4003; x_wconf 78' lang='lat' dir='ltr'><strong>[acieums</strong></span> <span class='ocrx_word' id='word_1_297' title='bbox 1150 3931 1437 3986; x_wconf 69' lang='lat' dir='ltr'><strong>honrinibus</strong></span> <span class='ocrx_word' id='word_1_298' title='bbox 1487 3931 1595 3988; x_wconf 78' lang='lat' dir='ltr'><strong>istis</strong></span> <span class='ocrx_word' id='word_1_299' title='bbox 1623 3929 1642 3994; x_wconf 92' lang='lat'><strong>(</strong></span> <span class='ocrx_word' id='word_1_300' title='bbox 1674 3929 1789 3986; x_wconf 82' lang='lat' dir='ltr'><strong>Act.</strong></span> <span class='ocrx_word' id='word_1_301' title='bbox 1821 3930 1874 3984; x_wconf 72' lang='grc'><strong>4.</strong></span> <span class='ocrx_word' id='word_1_302' title='bbox 1909 3929 2040 4001; x_wconf 83' lang='grc'><strong>16).</strong></span> 
     </span>
    </p>
   </div>
   <div class='ocr_carea' id='block_1_41' title="bbox 462 4023 2047 4094">
    <p class='ocr_par' dir='ltr' id='par_1_41' title="bbox 462 4023 2047 4094">
     <span class='ocr_line' id='line_1_41' title="bbox 462 4023 2047 4094; baseline -0.004 -14"><span class='ocrx_word' id='word_1_303' title='bbox 462 4025 654 4086; x_wconf 65' lang='lat' dir='ltr'><strong>Judaei,</strong></span> <span class='ocrx_word' id='word_1_304' title='bbox 683 4027 771 4094; x_wconf 85' lang='lat' dir='ltr'><strong>qui</strong></span> <span class='ocrx_word' id='word_1_305' title='bbox 803 4025 860 4079; x_wconf 85' lang='lat' dir='ltr'><strong>in</strong></span> <span class='ocrx_word' id='word_1_306' title='bbox 891 4024 1270 4094; x_wconf 81' lang='lat' dir='ltr'><strong>prophetarum</strong></span> <span class='ocrx_word' id='word_1_307' title='bbox 1317 4038 1577 4092; x_wconf 72' lang='lat' dir='ltr'><strong>sanguine</strong></span> <span class='ocrx_word' id='word_1_308' title='bbox 1624 4023 1861 4078; x_wconf 90' lang='lat' dir='ltr'><strong>innutriti</strong></span> <span class='ocrx_word' id='word_1_309' title='bbox 1895 4031 2047 4077; x_wconf 91' lang='lat' dir='ltr'><strong>erant</strong></span> 
     </span>
    </p>
   </div>
   <div class='ocr_carea' id='block_1_42' title="bbox 465 4113 2049 4186">
    <p class='ocr_par' dir='ltr' id='par_1_42' title="bbox 465 4113 2049 4186">
     <span class='ocr_line' id='line_1_42' title="bbox 465 4113 2049 4186; baseline 0.002 -20"><span class='ocrx_word' id='word_1_310' title='bbox 465 4116 692 4186; x_wconf 82' lang='lat' dir='ltr'><strong>populus</strong></span> <span class='ocrx_word' id='word_1_311' title='bbox 738 4116 922 4171; x_wconf 78' lang='lat' dir='ltr'><strong>furens</strong></span> <span class='ocrx_word' id='word_1_312' title='bbox 985 4122 1038 4168; x_wconf 92' lang='lat' dir='ltr'><strong>et</strong></span> <span class='ocrx_word' id='word_1_313' title='bbox 1088 4115 1234 4170; x_wconf 84' lang='lat' dir='ltr'><strong>rabie</strong></span> <span class='ocrx_word' id='word_1_314' title='bbox 1291 4113 1520 4179; x_wconf 82' lang='lat' dir='ltr'><strong>ductus,</strong></span> <span class='ocrx_word' id='word_1_315' title='bbox 1572 4114 1661 4182; x_wconf 86' lang='lat' dir='ltr'><strong>qui</strong></span> <span class='ocrx_word' id='word_1_316' title='bbox 1712 4114 1897 4170; x_wconf 84' lang='lat' dir='ltr'><strong>altaria</strong></span> <span class='ocrx_word' id='word_1_317' title='bbox 1956 4115 2049 4170; x_wconf 84' lang='lat' dir='ltr'><strong>de-</strong></span> 
     </span>
    </p>
   </div>
   <div class='ocr_carea' id='block_1_43' title="bbox 467 4201 2048 4279">
    <p class='ocr_par' dir='ltr' id='par_1_43' title="bbox 467 4201 2048 4279">
     <span class='ocr_line' id='line_1_43' title="bbox 467 4201 2048 4279; baseline -0.001 -17"><span class='ocrx_word' id='word_1_318' title='bbox 467 4215 757 4274; x_wconf 73' lang='lat' dir='ltr'><strong>struscrat,</strong></span> <span class='ocrx_word' id='word_1_319' title='bbox 789 4201 875 4277; x_wconf 87' lang='lat' dir='ltr'><strong>qui</strong></span> <span class='ocrx_word' id='word_1_320' title='bbox 931 4208 1222 4278; x_wconf 81' lang='lat' dir='ltr'><strong>prophetas</strong></span> <span class='ocrx_word' id='word_1_321' title='bbox 1259 4207 1550 4272; x_wconf 88' lang='lat' dir='ltr'><strong>occiderat,</strong></span> <span class='ocrx_word' id='word_1_322' title='bbox 1582 4208 1674 4279; x_wconf 87' lang='lat' dir='ltr'><strong>qui</strong></span> <span class='ocrx_word' id='word_1_323' title='bbox 1716 4209 1768 4263; x_wconf 92' lang='lat' dir='ltr'><strong>iu</strong></span> <span class='ocrx_word' id='word_1_324' title='bbox 1813 4208 2048 4262; x_wconf 68' lang='lat' dir='ltr'><strong>caedibus</strong></span> 
     </span>
    </p>
   </div>
   <div class='ocr_carea' id='block_1_44' title="bbox 469 4298 2051 4369">
    <p class='ocr_par' dir='ltr' id='par_1_44' title="bbox 469 4298 2051 4369">
     <span class='ocr_line' id='line_1_44' title="bbox 469 4298 2051 4369; baseline 0.001 -18"><span class='ocrx_word' id='word_1_325' title='bbox 469 4298 726 4357; x_wconf 75' lang='lat' dir='ltr'><strong>educatus</strong></span> <span class='ocrx_word' id='word_1_326' title='bbox 764 4298 958 4360; x_wconf 83' lang='lat' dir='ltr'><strong>fuerat,</strong></span> <span class='ocrx_word' id='word_1_327' title='bbox 996 4298 1085 4368; x_wconf 88' lang='lat' dir='ltr'><strong>qui</strong></span> <span class='ocrx_word' id='word_1_328' title='bbox 1112 4299 1301 4354; x_wconf 85' lang='lat' dir='ltr'><strong>belluis</strong></span> <span class='ocrx_word' id='word_1_329' title='bbox 1337 4298 1570 4358; x_wconf 80' lang='lat' dir='ltr'><strong>ferocior</strong></span> <span class='ocrx_word' id='word_1_330' title='bbox 1592 4310 1729 4363; x_wconf 87' lang='lat' dir='ltr'><strong>erat,</strong></span> <span class='ocrx_word' id='word_1_331' title='bbox 1757 4300 1847 4369; x_wconf 91' lang='lat' dir='ltr'><strong>qui</strong></span> <span class='ocrx_word' id='word_1_332' title='bbox 1875 4299 2051 4352; x_wconf 87' lang='lat' dir='ltr'><strong>adhuc</strong></span> 
     </span>
    </p>
   </div>
   <div class='ocr_carea' id='block_1_45' title="bbox 473 4387 2052 4458">
    <p class='ocr_par' dir='ltr' id='par_1_45' title="bbox 473 4387 2052 4458">
     <span class='ocr_line' id='line_1_45' title="bbox 473 4387 2052 4458; baseline 0.001 -17"><span class='ocrx_word' id='word_1_333' title='bbox 473 4387 733 4446; x_wconf 85' lang='lat' dir='ltr'><strong>Dutuiuici</strong></span> <span class='ocrx_word' id='word_1_334' title='bbox 759 4387 1031 4458; x_wconf 76' lang='lat' dir='ltr'><strong>sanguinis</strong></span> <span class='ocrx_word' id='word_1_335' title='bbox 1063 4388 1234 4442; x_wconf 88' lang='lat' dir='ltr'><strong>stillas</strong></span> <span class='ocrx_word' id='word_1_336' title='bbox 1256 4389 1552 4452; x_wconf 86' lang='lat' dir='ltr'><strong>emittebat,</strong></span> <span class='ocrx_word' id='word_1_337' title='bbox 1592 4389 1680 4458; x_wconf 89' lang='lat' dir='ltr'><strong>qui</strong></span> <span class='ocrx_word' id='word_1_338' title='bbox 1718 4391 1886 4458; x_wconf 86' lang='lat' dir='ltr'><strong>ipsum</strong></span> <span class='ocrx_word' id='word_1_339' title='bbox 1931 4405 2052 4442; x_wconf 92' lang='lat' dir='ltr'><strong>cru-</strong></span> 
     </span>
    </p>
   </div>
   <div class='ocr_carea' id='block_1_46' title="bbox 468 4478 2052 4549">
    <p class='ocr_par' dir='ltr' id='par_1_46' title="bbox 468 4478 2052 4549">
     <span class='ocr_line' id='line_1_46' title="bbox 468 4478 2052 4549; baseline 0.002 -18"><span class='ocrx_word' id='word_1_340' title='bbox 468 4478 713 4536; x_wconf 78' lang='lat' dir='ltr'><strong>eiﬁxerat</strong></span> <span class='ocrx_word' id='word_1_341' title='bbox 741 4496 753 4530; x_wconf 93' lang='lat'>:</span> <span class='ocrx_word' id='word_1_342' title='bbox 782 4478 873 4537; x_wconf 61' lang='lat' dir='ltr'><strong>.bie</strong></span> <span class='ocrx_word' id='word_1_343' title='bbox 899 4479 1107 4535; x_wconf 89' lang='lat' dir='ltr'><strong>duobus</strong></span> <span class='ocrx_word' id='word_1_344' title='bbox 1143 4479 1494 4548; x_wconf 83' lang='lat' dir='ltr'><strong>apprehensis</strong></span> <span class='ocrx_word' id='word_1_345' title='bbox 1543 4481 1914 4549; x_wconf 84' lang='lat' dir='ltr'><strong>piscatoribus,</strong></span> <span class='ocrx_word' id='word_1_346' title='bbox 1948 4481 2052 4535; x_wconf 74' lang='lat' dir='ltr'><strong>il|i~</strong></span> 
     </span>
    </p>
   </div>
   <div class='ocr_carea' id='block_1_47' title="bbox 473 4568 2050 4640">
    <p class='ocr_par' dir='ltr' id='par_1_47' title="bbox 473 4568 2050 4640">
     <span class='ocr_line' id='line_1_47' title="bbox 473 4568 2050 4640; baseline 0.003 -18"><span class='ocrx_word' id='word_1_347' title='bbox 473 4569 677 4630; x_wconf 88' lang='lat' dir='ltr'><strong>teratis,</strong></span> <span class='ocrx_word' id='word_1_348' title='bbox 722 4568 923 4632; x_wconf 86' lang='lat' dir='ltr'><strong>idiotis,</strong></span> <span class='ocrx_word' id='word_1_349' title='bbox 969 4568 1232 4632; x_wconf 88' lang='lat' dir='ltr'><strong>obscuris,</strong></span> <span class='ocrx_word' id='word_1_350' title='bbox 1279 4569 1439 4624; x_wconf 88' lang='lat' dir='ltr'><strong>mutis</strong></span> <span class='ocrx_word' id='word_1_351' title='bbox 1466 4569 1638 4638; x_wconf 82' lang='lat' dir='ltr'><strong>magis</strong></span> <span class='ocrx_word' id='word_1_352' title='bbox 1667 4585 1825 4640; x_wconf 87' lang='lat' dir='ltr'><strong>quam</strong></span> <span class='ocrx_word' id='word_1_353' title='bbox 1857 4571 2050 4640; x_wconf 82' lang='lat' dir='ltr'><strong>pisces,</strong></span> 
     </span>
    </p>
   </div>
   <div class='ocr_carea' id='block_1_48' title="bbox 472 4659 2055 4730">
    <p class='ocr_par' dir='ltr' id='par_1_48' title="bbox 472 4659 2055 4730">
     <span class='ocr_line' id='line_1_48' title="bbox 472 4659 2055 4730; baseline 0.002 -18"><span class='ocrx_word' id='word_1_354' title='bbox 472 4675 700 4730; x_wconf 88' lang='lat' dir='ltr'><strong>quorum</strong></span> <span class='ocrx_word' id='word_1_355' title='bbox 745 4661 880 4717; x_wconf 88' lang='lat' dir='ltr'><strong>alter</strong></span> <span class='ocrx_word' id='word_1_356' title='bbox 921 4674 990 4717; x_wconf 88' lang='lat' dir='ltr'><strong>ne</strong></span> <span class='ocrx_word' id='word_1_357' title='bbox 1038 4659 1269 4716; x_wconf 71' lang='lat' dir='ltr'><strong>ostiarim</strong></span> <span class='ocrx_word' id='word_1_358' title='bbox 1315 4660 1528 4728; x_wconf 90' lang='lat' dir='ltr'><strong>quidem</strong></span> <span class='ocrx_word' id='word_1_359' title='bbox 1576 4660 1746 4714; x_wconf 83' lang='lat' dir='ltr'><strong>minas</strong></span> <span class='ocrx_word' id='word_1_360' title='bbox 1786 4661 2055 4730; x_wconf 87' lang='lat' dir='ltr'><strong>simplices</strong></span> 
     </span>
    </p>
   </div>
   <div class='ocr_carea' id='block_1_49' title="bbox 475 4749 2054 4826">
    <p class='ocr_par' dir='ltr' id='par_1_49' title="bbox 475 4749 2054 4826">
     <span class='ocr_line' id='line_1_49' title="bbox 475 4749 2054 4826; baseline 0.001 -22"><span class='ocrx_word' id='word_1_361' title='bbox 475 4752 670 4804; x_wconf 89' lang='lat' dir='ltr'><strong>tulerat</strong></span> <span class='ocrx_word' id='word_1_362' title='bbox 701 4769 712 4804; x_wconf 94' lang='lat'><strong>:</strong></span> <span class='ocrx_word' id='word_1_363' title='bbox 745 4750 861 4813; x_wconf 81' lang='lat' dir='ltr'><strong>hos,</strong></span> <span class='ocrx_word' id='word_1_364' title='bbox 897 4750 1130 4818; x_wconf 80' lang='lat' dir='ltr'><strong>inquam,</strong></span> <span class='ocrx_word' id='word_1_365' title='bbox 1176 4749 1594 4826; x_wconf 77' lang='lat' dir='ltr'><strong>comprehensos</strong></span> <span class='ocrx_word' id='word_1_366' title='bbox 1631 4750 1687 4804; x_wconf 91' lang='lat' dir='ltr'><strong>iu</strong></span> <span class='ocrx_word' id='word_1_367' title='bbox 1730 4751 1913 4804; x_wconf 80' lang='lat' dir='ltr'><strong>medio</strong></span> <span class='ocrx_word' id='word_1_368' title='bbox 1957 4751 2054 4805; x_wconf 82' lang='lat' dir='ltr'><strong>Ita-</strong></span> 
     </span>
    </p>
   </div>
   <div class='ocr_carea' id='block_1_50' title="bbox 478 4831 2090 4910">
    <p class='ocr_par' dir='ltr' id='par_1_50' title="bbox 478 4831 2090 4910">
     <span class='ocr_line' id='line_1_50' title="bbox 478 4831 2090 4910; baseline -0.001 -16"><span class='ocrx_word' id='word_1_369' title='bbox 478 4842 665 4894; x_wconf 86' lang='lat' dir='ltr'><strong>bentes</strong></span> <span class='ocrx_word' id='word_1_370' title='bbox 689 4842 898 4910; x_wconf 81' lang='lat' dir='ltr'><strong>ligatos,</strong></span> <span class='ocrx_word' id='word_1_371' title='bbox 919 4842 1110 4903; x_wconf 83' lang='lat' dir='ltr'><strong>nudos,</strong></span> <span class='ocrx_word' id='word_1_372' title='bbox 1130 4856 1234 4896; x_wconf 90' lang='lat' dir='ltr'><strong>non</strong></span> <span class='ocrx_word' id='word_1_373' title='bbox 1255 4843 1599 4909; x_wconf 86' lang='lat' dir='ltr'><strong>pecuniarum</strong></span> <span class='ocrx_word' id='word_1_374' title='bbox 1620 4856 1721 4910; x_wconf 85' lang='lat' dir='ltr'><strong>ope</strong></span> <span class='ocrx_word' id='word_1_375' title='bbox 1745 4842 2054 4908; x_wconf 80' lang='lat' dir='ltr'><strong>instructos,</strong></span> <span class='ocrx_word' id='word_1_376' title='bbox 2085 4831 2090 4835; x_wconf 74' lang='grc'><strong>’</strong></span> 
     </span>
    </p>
   </div>
   <div class='ocr_carea' id='block_1_51' title="bbox 476 4933 2050 5002">
    <p class='ocr_par' dir='ltr' id='par_1_51' title="bbox 476 4933 2050 5002">
     <span class='ocr_line' id='line_1_51' title="bbox 476 4933 2050 5002; baseline -0.001 -16"><span class='ocrx_word' id='word_1_377' title='bbox 476 4950 581 4986; x_wconf 91' lang='lat' dir='ltr'><strong>non</strong></span> <span class='ocrx_word' id='word_1_378' title='bbox 604 4948 860 5001; x_wconf 79' lang='lat' dir='ltr'><strong>corporea</strong></span> <span class='ocrx_word' id='word_1_379' title='bbox 892 4933 1219 4996; x_wconf 81' lang='lat' dir='ltr'><strong>fortitudine,</strong></span> <span class='ocrx_word' id='word_1_380' title='bbox 1247 4947 1350 4989; x_wconf 88' lang='lat' dir='ltr'><strong>non</strong></span> <span class='ocrx_word' id='word_1_381' title='bbox 1372 4945 1685 4988; x_wconf 86' lang='lat' dir='ltr'><strong>sermonum</strong></span> <span class='ocrx_word' id='word_1_382' title='bbox 1718 4933 2050 5002; x_wconf 85' lang='lat' dir='ltr'><strong>eloquentia,</strong></span> 
     </span>
    </p>
   </div>
   <div class='ocr_carea' id='block_1_52' title="bbox 478 5023 2052 5095">
    <p class='ocr_par' dir='ltr' id='par_1_52' title="bbox 478 5023 2052 5095">
     <span class='ocr_line' id='line_1_52' title="bbox 478 5023 2052 5095; baseline 0.001 -15"><span class='ocrx_word' id='word_1_383' title='bbox 478 5041 582 5080; x_wconf 92' lang='lat' dir='ltr'><strong>non</strong></span> <span class='ocrx_word' id='word_1_384' title='bbox 609 5025 870 5084; x_wconf 72' lang='lat' dir='ltr'><strong>rhetorica</strong></span> <span class='ocrx_word' id='word_1_385' title='bbox 900 5027 973 5092; x_wconf 88' lang='lat' dir='ltr'><strong>vi,</strong></span> <span class='ocrx_word' id='word_1_386' title='bbox 1008 5040 1112 5082; x_wconf 89' lang='lat' dir='ltr'><strong>non</strong></span> <span class='ocrx_word' id='word_1_387' title='bbox 1137 5025 1350 5094; x_wconf 85' lang='lat' dir='ltr'><strong>generis</strong></span> <span class='ocrx_word' id='word_1_388' title='bbox 1385 5023 1694 5092; x_wconf 85' lang='lat' dir='ltr'><strong>splendore,</strong></span> <span class='ocrx_word' id='word_1_389' title='bbox 1729 5042 1832 5079; x_wconf 93' lang='lat' dir='ltr'><strong>non</strong></span> <span class='ocrx_word' id='word_1_390' title='bbox 1867 5028 2052 5095; x_wconf 80' lang='lat' dir='ltr'><strong>patrie</strong></span> 
     </span>
    </p>
   </div>
   <div class='ocr_carea' id='block_1_53' title="bbox 478 5163 2378 5189">
    <p class='ocr_par' dir='ltr' id='par_1_53' title="bbox 478 5163 2378 5189">
     <span class='ocr_line' id='line_1_53' title="bbox 478 5163 2378 5189; baseline -0.004 -1"><span class='ocrx_word' id='word_1_391' title='bbox 478 5163 2378 5189; x_wconf 51' lang='lat' dir='ltr'><strong>m&#39;mmm</strong></span> 
     </span>
    </p>
   </div>
   <div class='ocr_carea' id='block_1_54' title="bbox 1123 297 2910 402">
    <p class='ocr_par' dir='ltr' id='par_1_54' title="bbox 1123 297 2910 402">
     <span class='ocr_line' id='line_1_54' title="bbox 1123 297 2910 402; baseline -0.008 -1"><span class='ocrx_word' id='word_1_392' title='bbox 1123 346 1177 401; x_wconf 89' lang='lat' dir='ltr'><strong>S.</strong></span> <span class='ocrx_word' id='word_1_393' title='bbox 1218 341 1495 402; x_wconf 69' lang='lat' dir='ltr'><strong>JOANMS</strong></span> <span class='ocrx_word' id='word_1_394' title='bbox 1518 334 1986 399; x_wconf 71' lang='lat' dir='ltr'><strong>CIIRYSOSTOMI</strong></span> <span class='ocrx_word' id='word_1_395' title='bbox 2029 330 2342 388; x_wconf 77' lang='lat' dir='ltr'><strong>AllClllEP.</strong></span> <span class='ocrx_word' id='word_1_396' title='bbox 2382 297 2910 389; x_wconf 59' lang='lat' dir='ltr'><strong>CGNSTANTINOP.</strong></span> 
     </span>
    </p>
   </div>
   <div class='ocr_carea' id='block_1_55' title="bbox 3537 335 3626 399">
    <p class='ocr_par' dir='ltr' id='par_1_55' title="bbox 3537 335 3626 399">
     <span class='ocr_line' id='line_1_55' title="bbox 3537 335 3626 399; baseline -0.09 0"><span class='ocrx_word' id='word_1_397' title='bbox 3537 335 3626 399; x_wconf 70' lang='lat' dir='ltr'><strong>bili)</strong></span> 
     </span>
    </p>
   </div>
   <div class='ocr_carea' id='block_1_56' title="bbox 2097 449 3624 522">
    <p class='ocr_par' dir='ltr' id='par_1_56' title="bbox 2097 449 3624 522">
     <span class='ocr_line' id='line_1_56' title="bbox 2097 449 3624 522; baseline 0.007 -17"><span class='ocrx_word' id='word_1_398' title='bbox 2097 449 2476 519; x_wconf 77' lang='lat' dir='ltr'><strong>magnitudine,</strong></span> <span class='ocrx_word' id='word_1_399' title='bbox 2533 451 2826 518; x_wconf 81' lang='lat' dir='ltr'><strong>piscatores</strong></span> <span class='ocrx_word' id='word_1_400' title='bbox 2878 467 2949 505; x_wconf 81' lang='lat' dir='ltr'><strong>ex</strong></span> <span class='ocrx_word' id='word_1_401' title='bbox 3003 451 3366 522; x_wconf 87' lang='lat' dir='ltr'><strong>piscatoribus,</strong></span> <span class='ocrx_word' id='word_1_402' title='bbox 3417 467 3624 516; x_wconf 77' lang='lat' dir='ltr'><strong>extrema</strong></span> 
     </span>
    </p>
   </div>
   <div class='ocr_carea' id='block_1_57' title="bbox 2095 541 3630 613">
    <p class='ocr_par' dir='ltr' id='par_1_57' title="bbox 2095 541 3630 613">
     <span class='ocr_line' id='line_1_57' title="bbox 2095 541 3630 613; baseline 0.008 -21"><span class='ocrx_word' id='word_1_403' title='bbox 2095 549 2406 609; x_wconf 76' lang='lat' dir='ltr'><strong>paupertate</strong></span> <span class='ocrx_word' id='word_1_404' title='bbox 2453 541 2780 609; x_wconf 77' lang='lat' dir='ltr'><strong>laborantes,</strong></span> <span class='ocrx_word' id='word_1_405' title='bbox 2819 541 3066 596; x_wconf 86' lang='lat' dir='ltr'><strong>dubitant</strong></span> <span class='ocrx_word' id='word_1_406' title='bbox 3101 545 3364 613; x_wconf 89' lang='lat' dir='ltr'><strong>quomodo</strong></span> <span class='ocrx_word' id='word_1_407' title='bbox 3401 562 3511 602; x_wconf 88' lang='lat' dir='ltr'><strong>cum</strong></span> <span class='ocrx_word' id='word_1_408' title='bbox 3539 551 3630 604; x_wconf 82' lang='lat' dir='ltr'><strong>illis</strong></span> 
     </span>
    </p>
   </div>
   <div class='ocr_carea' id='block_1_58' title="bbox 2092 631 3633 704">
    <p class='ocr_par' dir='ltr' id='par_1_58' title="bbox 2092 631 3633 704">
     <span class='ocr_line' id='line_1_58' title="bbox 2092 631 3633 704; baseline 0.006 -20"><span class='ocrx_word' id='word_1_409' title='bbox 2092 631 2262 688; x_wconf 79' lang='lat' dir='ltr'><strong>acturi</strong></span> <span class='ocrx_word' id='word_1_410' title='bbox 2293 633 2420 695; x_wconf 79' lang='lat' dir='ltr'><strong>sint,</strong></span> <span class='ocrx_word' id='word_1_411' title='bbox 2449 641 2502 686; x_wconf 82' lang='lat' dir='ltr'><strong>et</strong></span> <span class='ocrx_word' id='word_1_412' title='bbox 2530 632 2738 698; x_wconf 84' lang='lat' dir='ltr'><strong>dicunt,</strong></span> <span class='ocrx_word' id='word_1_413' title='bbox 2774 633 2911 700; x_wconf 79' lang='lat' dir='ltr'><strong>Quid</strong></span> <span class='ocrx_word' id='word_1_414' title='bbox 2939 635 3183 704; x_wconf 74' lang='lat' dir='ltr'><strong>faciemus</strong></span> <span class='ocrx_word' id='word_1_415' title='bbox 3209 636 3475 692; x_wconf 80' lang='lat' dir='ltr'><strong>hominibus</strong></span> <span class='ocrx_word' id='word_1_416' title='bbox 3500 641 3633 694; x_wconf 76' lang='lat' dir='ltr'><strong>istis!</strong></span> 
     </span>
    </p>
   </div>
   <div class='ocr_carea' id='block_1_59' title="bbox 2098 719 3635 794">
    <p class='ocr_par' dir='ltr' id='par_1_59' title="bbox 2098 719 3635 794">
     <span class='ocr_line' id='line_1_59' title="bbox 2098 719 3635 794; baseline 0.005 -20"><span class='ocrx_word' id='word_1_417' title='bbox 2098 719 2283 774; x_wconf 78' lang='lat' dir='ltr'><strong>Viden’</strong></span> <span class='ocrx_word' id='word_1_418' title='bbox 2326 734 2521 790; x_wconf 70' lang='lat' dir='ltr'><strong>quanta</strong></span> <span class='ocrx_word' id='word_1_419' title='bbox 2565 738 2651 778; x_wconf 84' lang='lat' dir='ltr'><strong>res</strong></span> <span class='ocrx_word' id='word_1_420' title='bbox 2691 723 2757 777; x_wconf 87' lang='lat' dir='ltr'><strong>sit</strong></span> <span class='ocrx_word' id='word_1_421' title='bbox 2794 724 3003 780; x_wconf 78' lang='lat' dir='ltr'><strong>virtus?</strong></span> <span class='ocrx_word' id='word_1_422' title='bbox 3041 727 3305 794; x_wconf 84' lang='lat' dir='ltr'><strong>quomodo</strong></span> <span class='ocrx_word' id='word_1_423' title='bbox 3345 729 3635 784; x_wconf 79' lang='lat' dir='ltr'><strong>tentationes</strong></span> 
     </span>
    </p>
   </div>
   <div class='ocr_carea' id='block_1_60' title="bbox 2093 812 3636 882">
    <p class='ocr_par' dir='ltr' id='par_1_60' title="bbox 2093 812 3636 882">
     <span class='ocr_line' id='line_1_60' title="bbox 2093 812 3636 882; baseline 0.003 -14"><span class='ocrx_word' id='word_1_424' title='bbox 2093 812 2428 868; x_wconf 81' lang='lat' dir='ltr'><strong>confirmatio</strong></span> <span class='ocrx_word' id='word_1_425' title='bbox 2464 813 2574 868; x_wconf 82' lang='lat' dir='ltr'><strong>sint</strong></span> <span class='ocrx_word' id='word_1_426' title='bbox 2602 813 2912 882; x_wconf 77' lang='lat' dir='ltr'><strong>Evangelii?</strong></span> <span class='ocrx_word' id='word_1_427' title='bbox 2962 814 3151 872; x_wconf 82' lang='lat' dir='ltr'><strong>Dicunt</strong></span> <span class='ocrx_word' id='word_1_428' title='bbox 3195 815 3258 870; x_wconf 82' lang='lat' dir='ltr'><strong>ad</strong></span> <span class='ocrx_word' id='word_1_429' title='bbox 3301 831 3428 870; x_wconf 80' lang='lat' dir='ltr'><strong>eos:</strong></span> <span class='ocrx_word' id='word_1_430' title='bbox 3473 816 3636 873; x_wconf 75' lang='lat' dir='ltr'><strong>Nonus</strong></span> 
     </span>
    </p>
   </div>
   <div class='ocr_carea' id='block_1_61' title="bbox 2097 903 3639 974">
    <p class='ocr_par' dir='ltr' id='par_1_61' title="bbox 2097 903 3639 974">
     <span class='ocr_line' id='line_1_61' title="bbox 2097 903 3639 974; baseline 0.005 -19"><span class='ocrx_word' id='word_1_431' title='bbox 2097 903 2435 973; x_wconf 66' lang='lat' dir='ltr'><strong>pracipiendo</strong></span> <span class='ocrx_word' id='word_1_432' title='bbox 2459 905 2786 972; x_wconf 73' lang='lat' dir='ltr'><strong>prwcepimus</strong></span> <span class='ocrx_word' id='word_1_433' title='bbox 2806 905 2941 958; x_wconf 78' lang='lat' dir='ltr'><strong>vobis</strong></span> <span class='ocrx_word' id='word_1_434' title='bbox 2969 921 3033 958; x_wconf 85' lang='lat' dir='ltr'><strong>ne</strong></span> <span class='ocrx_word' id='word_1_435' title='bbox 3057 905 3375 974; x_wconf 81' lang='lat' dir='ltr'><strong>loqueremini</strong></span> <span class='ocrx_word' id='word_1_436' title='bbox 3397 909 3442 960; x_wconf 85' lang='lat' dir='ltr'><strong>in</strong></span> <span class='ocrx_word' id='word_1_437' title='bbox 3463 911 3639 963; x_wconf 72' lang='lat' dir='ltr'><strong>nomine</strong></span> 
     </span>
    </p>
   </div>
   <div class='ocr_carea' id='block_1_62' title="bbox 2099 991 3643 1068">
    <p class='ocr_par' dir='ltr' id='par_1_62' title="bbox 2099 991 3643 1068">
     <span class='ocr_line' id='line_1_62' title="bbox 2099 991 3643 1068; baseline 0.004 -22"><span class='ocrx_word' id='word_1_438' title='bbox 2099 994 2232 1048; x_wconf 83' lang='lat' dir='ltr'><strong>isto?</strong></span> <span class='ocrx_word' id='word_1_439' title='bbox 2277 991 2345 1050; x_wconf 80' lang='lat' dir='ltr'><strong>Et</strong></span> <span class='ocrx_word' id='word_1_440' title='bbox 2383 993 2531 1050; x_wconf 76' lang='lat' dir='ltr'><strong>vultis</strong></span> <span class='ocrx_word' id='word_1_441' title='bbox 2571 994 2808 1052; x_wconf 70' lang='lat' dir='ltr'><strong>inducere</strong></span> <span class='ocrx_word' id='word_1_442' title='bbox 2839 1012 2991 1062; x_wconf 81' lang='lat' dir='ltr'><strong>super</strong></span> <span class='ocrx_word' id='word_1_443' title='bbox 3017 1013 3107 1050; x_wconf 89' lang='lat' dir='ltr'><strong>nos</strong></span> <span class='ocrx_word' id='word_1_444' title='bbox 3142 998 3426 1068; x_wconf 71' lang='lat' dir='ltr'><strong>sanguine»:</strong></span> <span class='ocrx_word' id='word_1_445' title='bbox 3450 999 3643 1052; x_wconf 73' lang='lat' dir='ltr'><strong>Immittit</strong></span> 
     </span>
    </p>
   </div>
   <div class='ocr_carea' id='block_1_63' title="bbox 2100 1086 3644 1160">
    <p class='ocr_par' dir='ltr' id='par_1_63' title="bbox 2100 1086 3644 1160">
     <span class='ocr_line' id='line_1_63' title="bbox 2100 1086 3644 1160; baseline 0.003 -19"><span class='ocrx_word' id='word_1_446' title='bbox 2100 1087 2244 1144; x_wconf 79' lang='lat' dir='ltr'><strong>istius</strong></span> <span class='ocrx_word' id='word_1_447' title='bbox 2273 1088 2406 1158; x_wconf 79' lang='lat' dir='ltr'><strong>(Act.</strong></span> <span class='ocrx_word' id='word_1_448' title='bbox 2436 1088 2490 1146; x_wconf 78' lang='grc' dir='ltr'><strong>ὅ.</strong></span> <span class='ocrx_word' id='word_1_449' title='bbox 2517 1086 2632 1160; x_wconf 69' lang='grc'><strong>28).</strong></span> <span class='ocrx_word' id='word_1_450' title='bbox 2663 1089 2717 1144; x_wconf 91' lang='lat' dir='ltr'><strong>Si</strong></span> <span class='ocrx_word' id='word_1_451' title='bbox 2749 1088 2909 1142; x_wconf 87' lang='lat' dir='ltr'><strong>homo</strong></span> <span class='ocrx_word' id='word_1_452' title='bbox 2941 1099 3026 1143; x_wconf 90' lang='lat' dir='ltr'><strong>est</strong></span> <span class='ocrx_word' id='word_1_453' title='bbox 3065 1098 3288 1153; x_wconf 82' lang='lat' dir='ltr'><strong>tantum,</strong></span> <span class='ocrx_word' id='word_1_454' title='bbox 3331 1090 3447 1160; x_wconf 91' lang='lat' dir='ltr'><strong>quid</strong></span> <span class='ocrx_word' id='word_1_455' title='bbox 3478 1089 3644 1146; x_wconf 67' lang='lat' dir='ltr'><strong>titur-.3?</strong></span> 
     </span>
    </p>
   </div>
   <div class='ocr_carea' id='block_1_64' title="bbox 2103 1181 3647 1245">
    <p class='ocr_par' dir='ltr' id='par_1_64' title="bbox 2103 1181 3647 1245">
     <span class='ocr_line' id='line_1_64' title="bbox 2103 1181 3647 1245; baseline 0.004 -11"><span class='ocrx_word' id='word_1_456' title='bbox 2103 1181 2146 1234; x_wconf 87' lang='lat' dir='ltr'><strong>si</strong></span> <span class='ocrx_word' id='word_1_457' title='bbox 2177 1195 2304 1234; x_wconf 87' lang='lat' dir='ltr'><strong>vero</strong></span> <span class='ocrx_word' id='word_1_458' title='bbox 2333 1181 2472 1235; x_wconf 89' lang='lat' dir='ltr'><strong>Deus</strong></span> <span class='ocrx_word' id='word_1_459' title='bbox 2497 1189 2601 1245; x_wconf 86' lang='lat' dir='ltr'><strong>est,</strong></span> <span class='ocrx_word' id='word_1_460' title='bbox 2631 1197 2731 1238; x_wconf 85' lang='lat' dir='ltr'><strong>cur</strong></span> <span class='ocrx_word' id='word_1_461' title='bbox 2761 1181 2910 1236; x_wconf 87' lang='lat' dir='ltr'><strong>illum</strong></span> <span class='ocrx_word' id='word_1_462' title='bbox 2941 1199 3047 1236; x_wconf 92' lang='lat' dir='ltr'><strong>non</strong></span> <span class='ocrx_word' id='word_1_463' title='bbox 3073 1182 3311 1237; x_wconf 73' lang='lat' dir='ltr'><strong>adoras?</strong></span> <span class='ocrx_word' id='word_1_464' title='bbox 3347 1187 3524 1237; x_wconf 81' lang='lat' dir='ltr'><strong>Annon</strong></span> <span class='ocrx_word' id='word_1_465' title='bbox 3545 1185 3647 1240; x_wconf 75' lang='lat' dir='ltr'><strong>ela-</strong></span> 
     </span>
    </p>
   </div>
   <div class='ocr_carea' id='block_1_65' title="bbox 2105 1274 3647 1345">
    <p class='ocr_par' dir='ltr' id='par_1_65' title="bbox 2105 1274 3647 1345">
     <span class='ocr_line' id='line_1_65' title="bbox 2105 1274 3647 1345; baseline 0 -15"><span class='ocrx_word' id='word_1_466' title='bbox 2105 1274 2289 1330; x_wconf 84' lang='lat' dir='ltr'><strong>mabas</strong></span> <span class='ocrx_word' id='word_1_467' title='bbox 2318 1289 2508 1342; x_wconf 88' lang='lat' dir='ltr'><strong>nuper.</strong></span> <span class='ocrx_word' id='word_1_468' title='bbox 2541 1274 2766 1344; x_wconf 78' lang='lat' dir='ltr'><strong>Sanguis</strong></span> <span class='ocrx_word' id='word_1_469' title='bbox 2799 1275 2908 1339; x_wconf 77' lang='lat' dir='ltr'><strong>eius</strong></span> <span class='ocrx_word' id='word_1_470' title='bbox 2949 1292 3104 1343; x_wconf 83' lang='lat' dir='ltr'><strong>super</strong></span> <span class='ocrx_word' id='word_1_471' title='bbox 3145 1292 3236 1329; x_wconf 85' lang='lat' dir='ltr'><strong>nos</strong></span> <span class='ocrx_word' id='word_1_472' title='bbox 3275 1287 3318 1330; x_wconf 81' lang='lat' dir='ltr'><strong>et</strong></span> <span class='ocrx_word' id='word_1_473' title='bbox 3353 1292 3494 1345; x_wconf 84' lang='lat' dir='ltr'><strong>super</strong></span> <span class='ocrx_word' id='word_1_474' title='bbox 3534 1279 3647 1342; x_wconf 77' lang='lat' dir='ltr'><strong>ﬁlios</strong></span> 
     </span>
    </p>
   </div>
   <div class='ocr_carea' id='block_1_66' title="bbox 2106 1367 3650 1437">
    <p class='ocr_par' dir='ltr' id='par_1_66' title="bbox 2106 1367 3650 1437">
     <span class='ocr_line' id='line_1_66' title="bbox 2106 1367 3650 1437; baseline 0.003 -19"><span class='ocrx_word' id='word_1_475' title='bbox 2106 1375 2304 1422; x_wconf 71' lang='lat' dir='ltr'><strong>nostros</strong></span> <span class='ocrx_word' id='word_1_476' title='bbox 2360 1367 2574 1434; x_wconf 77' lang='lat' dir='ltr'><strong>(Matth.</strong></span> <span class='ocrx_word' id='word_1_477' title='bbox 2625 1369 2712 1422; x_wconf 57' lang='grc' dir='ltr'><strong>εἴ.</strong></span> <span class='ocrx_word' id='word_1_478' title='bbox 2765 1367 2897 1436; x_wconf 74' lang='lat'><strong>9.5)?</strong></span> <span class='ocrx_word' id='word_1_479' title='bbox 2943 1369 3082 1422; x_wconf 87' lang='lat' dir='ltr'><strong>unde</strong></span> <span class='ocrx_word' id='word_1_480' title='bbox 3129 1371 3433 1437; x_wconf 76' lang='lat' dir='ltr'><strong>sanguinem</strong></span> <span class='ocrx_word' id='word_1_481' title='bbox 3479 1369 3650 1423; x_wconf 76' lang='lat' dir='ltr'><strong>times?</strong></span> 
     </span>
    </p>
   </div>
   <div class='ocr_carea' id='block_1_67' title="bbox 2107 1458 3650 1530">
    <p class='ocr_par' dir='ltr' id='par_1_67' title="bbox 2107 1458 3650 1530">
     <span class='ocr_line' id='line_1_67' title="bbox 2107 1458 3650 1530; baseline 0.005 -22"><span class='ocrx_word' id='word_1_482' title='bbox 2107 1458 2232 1526; x_wconf 89' lang='lat' dir='ltr'><strong>quid</strong></span> <span class='ocrx_word' id='word_1_483' title='bbox 2266 1469 2496 1514; x_wconf 79' lang='lat' dir='ltr'><strong>tuentem</strong></span> <span class='ocrx_word' id='word_1_484' title='bbox 2532 1471 2672 1514; x_wconf 84' lang='lat' dir='ltr'><strong>tuam</strong></span> <span class='ocrx_word' id='word_1_485' title='bbox 2701 1461 2989 1530; x_wconf 75' lang='lat' dir='ltr'><strong>osagitavit</strong></span> <span class='ocrx_word' id='word_1_486' title='bbox 3012 1462 3032 1514; x_wconf 81' lang='lat'><strong>?</strong></span> <span class='ocrx_word' id='word_1_487' title='bbox 3055 1478 3235 1516; x_wconf 88' lang='lat' dir='ltr'><strong>nonne</strong></span> <span class='ocrx_word' id='word_1_488' title='bbox 3265 1462 3470 1530; x_wconf 80' lang='lat' dir='ltr'><strong>ligasti?</strong></span> <span class='ocrx_word' id='word_1_489' title='bbox 3495 1476 3650 1516; x_wconf 86' lang='lat' dir='ltr'><strong>nonne</strong></span> 
     </span>
    </p>
   </div>
   <div class='ocr_carea' id='block_1_68' title="bbox 2110 1546 3655 1618">
    <p class='ocr_par' dir='ltr' id='par_1_68' title="bbox 2110 1546 3655 1618">
     <span class='ocr_line' id='line_1_68' title="bbox 2110 1546 3655 1618; baseline 0 -13"><span class='ocrx_word' id='word_1_490' title='bbox 2110 1546 2426 1618; x_wconf 78' lang='lat' dir='ltr'><strong>ﬂagellasti?</strong></span> <span class='ocrx_word' id='word_1_491' title='bbox 2471 1566 2650 1606; x_wconf 87' lang='lat' dir='ltr'><strong>nonne</strong></span> <span class='ocrx_word' id='word_1_492' title='bbox 2699 1551 3040 1607; x_wconf 79' lang='lat' dir='ltr'><strong>eruciﬁsisti?</strong></span> <span class='ocrx_word' id='word_1_493' title='bbox 3083 1566 3264 1606; x_wconf 88' lang='lat' dir='ltr'><strong>nonne</strong></span> <span class='ocrx_word' id='word_1_494' title='bbox 3305 1560 3556 1606; x_wconf 87' lang='lat' dir='ltr'><strong>mortuum</strong></span> <span class='ocrx_word' id='word_1_495' title='bbox 3590 1553 3655 1605; x_wconf 75' lang='lat' dir='ltr'><strong>vi-</strong></span> 
     </span>
    </p>
   </div>
   <div class='ocr_carea' id='block_1_69' title="bbox 2109 1640 3658 1712">
    <p class='ocr_par' dir='ltr' id='par_1_69' title="bbox 2109 1640 3658 1712">
     <span class='ocr_line' id='line_1_69' title="bbox 2109 1640 3658 1712; baseline 0.003 -19"><span class='ocrx_word' id='word_1_496' title='bbox 2109 1640 2232 1694; x_wconf 89' lang='lat' dir='ltr'><strong>disti</strong></span> <span class='ocrx_word' id='word_1_497' title='bbox 2258 1657 2324 1696; x_wconf 73' lang='lat' dir='ltr'><strong>ex</strong></span> <span class='ocrx_word' id='word_1_498' title='bbox 2352 1656 2512 1696; x_wconf 85' lang='lat' dir='ltr'><strong>cruce</strong></span> <span class='ocrx_word' id='word_1_499' title='bbox 2535 1642 2830 1697; x_wconf 85' lang='lat' dir='ltr'><strong>detractum</strong></span> <span class='ocrx_word' id='word_1_500' title='bbox 2851 1644 2872 1694; x_wconf 85' lang='lat'><strong>?</strong></span> <span class='ocrx_word' id='word_1_501' title='bbox 2897 1659 3074 1697; x_wconf 87' lang='lat' dir='ltr'><strong>nonne</strong></span> <span class='ocrx_word' id='word_1_502' title='bbox 3101 1644 3373 1712; x_wconf 85' lang='lat' dir='ltr'><strong>sepultum</strong></span> <span class='ocrx_word' id='word_1_503' title='bbox 3403 1643 3589 1706; x_wconf 82' lang='lat' dir='ltr'><strong>vidisti,</strong></span> <span class='ocrx_word' id='word_1_504' title='bbox 3613 1652 3658 1697; x_wconf 89' lang='lat' dir='ltr'><strong>et</strong></span> 
     </span>
    </p>
   </div>
   <div class='ocr_carea' id='block_1_70' title="bbox 2114 1732 3660 1804">
    <p class='ocr_par' dir='ltr' id='par_1_70' title="bbox 2114 1732 3660 1804">
     <span class='ocr_line' id='line_1_70' title="bbox 2114 1732 3660 1804; baseline -0.001 -18"><span class='ocrx_word' id='word_1_505' title='bbox 2114 1741 2253 1794; x_wconf 76' lang='lat' dir='ltr'><strong>terra</strong></span> <span class='ocrx_word' id='word_1_506' title='bbox 2305 1732 2592 1800; x_wconf 81' lang='lat' dir='ltr'><strong>opertum?</strong></span> <span class='ocrx_word' id='word_1_507' title='bbox 2639 1749 2816 1788; x_wconf 86' lang='lat' dir='ltr'><strong>nonne</strong></span> <span class='ocrx_word' id='word_1_508' title='bbox 2862 1735 3010 1804; x_wconf 87' lang='lat' dir='ltr'><strong>signa</strong></span> <span class='ocrx_word' id='word_1_509' title='bbox 3064 1734 3314 1804; x_wconf 85' lang='lat' dir='ltr'><strong>sepulcro</strong></span> <span class='ocrx_word' id='word_1_510' title='bbox 3357 1733 3660 1802; x_wconf 76' lang='lat' dir='ltr'><strong>imposuisti?</strong></span> 
     </span>
    </p>
   </div>
   <div class='ocr_carea' id='block_1_71' title="bbox 2111 1824 3661 1892">
    <p class='ocr_par' dir='ltr' id='par_1_71' title="bbox 2111 1824 3661 1892">
     <span class='ocr_line' id='line_1_71' title="bbox 2111 1824 3661 1892; baseline -0.001 -15"><span class='ocrx_word' id='word_1_511' title='bbox 2111 1837 2293 1878; x_wconf 83' lang='lat' dir='ltr'><strong>nonne</strong></span> <span class='ocrx_word' id='word_1_512' title='bbox 2330 1824 2529 1878; x_wconf 88' lang='lat' dir='ltr'><strong>milites</strong></span> <span class='ocrx_word' id='word_1_513' title='bbox 2573 1825 2745 1892; x_wconf 87' lang='lat' dir='ltr'><strong>pretio</strong></span> <span class='ocrx_word' id='word_1_514' title='bbox 2775 1825 2946 1879; x_wconf 80' lang='lat' dir='ltr'><strong>emisti</strong></span> <span class='ocrx_word' id='word_1_515' title='bbox 2967 1828 2991 1876; x_wconf 72' lang='grc' dir='ltr'><em>ἲ</em></span> <span class='ocrx_word' id='word_1_516' title='bbox 3019 1839 3196 1878; x_wconf 86' lang='lat' dir='ltr'><strong>nonne</strong></span> <span class='ocrx_word' id='word_1_517' title='bbox 3229 1824 3422 1878; x_wconf 73' lang='lat' dir='ltr'><strong>fatmm</strong></span> <span class='ocrx_word' id='word_1_518' title='bbox 3450 1825 3661 1892; x_wconf 79' lang='lat' dir='ltr'><strong>spat-sisti</strong></span> 
     </span>
    </p>
   </div>
   <div class='ocr_carea' id='block_1_72' title="bbox 2111 1913 3665 1983">
    <p class='ocr_par' dir='ltr' id='par_1_72' title="bbox 2111 1913 3665 1983">
     <span class='ocr_line' id='line_1_72' title="bbox 2111 1913 3665 1983; baseline -0.002 -14"><span class='ocrx_word' id='word_1_519' title='bbox 2111 1913 2256 1983; x_wconf 82' lang='lat' dir='ltr'><strong>quod</strong></span> <span class='ocrx_word' id='word_1_520' title='bbox 2305 1913 2552 1982; x_wconf 83' lang='lat' dir='ltr'><strong>discipuli</strong></span> <span class='ocrx_word' id='word_1_521' title='bbox 2593 1913 2712 1982; x_wconf 70' lang='lat' dir='ltr'><strong>ejus</strong></span> <span class='ocrx_word' id='word_1_522' title='bbox 2764 1914 2934 1982; x_wconf 82' lang='lat' dir='ltr'><strong>ipsum</strong></span> <span class='ocrx_word' id='word_1_523' title='bbox 2981 1913 3140 1968; x_wconf 88' lang='lat' dir='ltr'><strong>furati</strong></span> <span class='ocrx_word' id='word_1_524' title='bbox 3184 1914 3332 1967; x_wconf 84' lang='lat' dir='ltr'><strong>sint?</strong></span> <span class='ocrx_word' id='word_1_525' title='bbox 3375 1914 3503 1982; x_wconf 85' lang='lat' dir='ltr'><strong>Quid</strong></span> <span class='ocrx_word' id='word_1_526' title='bbox 3545 1928 3665 1967; x_wconf 81' lang='lat' dir='ltr'><strong>nunc</strong></span> 
     </span>
    </p>
   </div>
   <div class='ocr_carea' id='block_1_73' title="bbox 2118 1999 3665 2074">
    <p class='ocr_par' dir='ltr' id='par_1_73' title="bbox 2118 1999 3665 2074">
     <span class='ocr_line' id='line_1_73' title="bbox 2118 1999 3665 2074; baseline -0.003 -16"><span class='ocrx_word' id='word_1_527' title='bbox 2118 2004 2314 2060; x_wconf 81' lang='lat' dir='ltr'><strong>times?</strong></span> <span class='ocrx_word' id='word_1_528' title='bbox 2357 2018 2454 2058; x_wconf 89' lang='lat' dir='ltr'><strong>cur</strong></span> <span class='ocrx_word' id='word_1_529' title='bbox 2492 1999 2609 2072; x_wconf 65' lang='lat' dir='ltr'><strong>ejus</strong></span> <span class='ocrx_word' id='word_1_530' title='bbox 2649 2007 2960 2074; x_wconf 81' lang='lat' dir='ltr'><strong>sanguinem</strong></span> <span class='ocrx_word' id='word_1_531' title='bbox 2989 2005 3283 2060; x_wconf 77' lang='lat' dir='ltr'><strong>formidas?</strong></span> <span class='ocrx_word' id='word_1_532' title='bbox 3315 2004 3470 2059; x_wconf 70' lang='lat' dir='ltr'><strong>Vides</strong></span> <span class='ocrx_word' id='word_1_533' title='bbox 3495 2005 3665 2059; x_wconf 80' lang='lat' dir='ltr'><strong>verita—</strong></span> 
     </span>
    </p>
   </div>
   <div class='ocr_carea' id='block_1_74' title="bbox 2119 2094 3671 2164">
    <p class='ocr_par' dir='ltr' id='par_1_74' title="bbox 2119 2094 3671 2164">
     <span class='ocr_line' id='line_1_74' title="bbox 2119 2094 3671 2164; baseline -0.003 -14"><span class='ocrx_word' id='word_1_534' title='bbox 2119 2104 2226 2150; x_wconf 88' lang='lat' dir='ltr'><strong>tem</strong></span> <span class='ocrx_word' id='word_1_535' title='bbox 2254 2110 2351 2163; x_wconf 86' lang='lat' dir='ltr'><strong>per</strong></span> <span class='ocrx_word' id='word_1_536' title='bbox 2379 2096 2556 2150; x_wconf 86' lang='lat' dir='ltr'><strong>omnia</strong></span> <span class='ocrx_word' id='word_1_537' title='bbox 2581 2094 2910 2164; x_wconf 70' lang='lat' dir='ltr'><strong>fulgentem?</strong></span> <span class='ocrx_word' id='word_1_538' title='bbox 2939 2095 3070 2164; x_wconf 83' lang='lat' dir='ltr'><strong>Quia</strong></span> <span class='ocrx_word' id='word_1_539' title='bbox 3097 2097 3245 2150; x_wconf 91' lang='lat' dir='ltr'><strong>enim</strong></span> <span class='ocrx_word' id='word_1_540' title='bbox 3288 2095 3531 2149; x_wconf 78' lang='lat' dir='ltr'><strong>videbant</strong></span> <span class='ocrx_word' id='word_1_541' title='bbox 3570 2101 3671 2162; x_wconf 80' lang='lat' dir='ltr'><strong>post</strong></span> 
     </span>
    </p>
   </div>
   <div class='ocr_carea' id='block_1_75' title="bbox 2119 2185 3672 2256">
    <p class='ocr_par' dir='ltr' id='par_1_75' title="bbox 2119 2185 3672 2256">
     <span class='ocr_line' id='line_1_75' title="bbox 2119 2185 3672 2256; baseline -0.004 -13"><span class='ocrx_word' id='word_1_542' title='bbox 2119 2188 2236 2243; x_wconf 84' lang='lat' dir='ltr'><strong>illas</strong></span> <span class='ocrx_word' id='word_1_543' title='bbox 2264 2188 2482 2241; x_wconf 87' lang='lat' dir='ltr'><strong>insidias</strong></span> <span class='ocrx_word' id='word_1_544' title='bbox 2525 2203 2638 2243; x_wconf 88' lang='lat' dir='ltr'><strong>rem</strong></span> <span class='ocrx_word' id='word_1_545' title='bbox 2669 2186 2868 2250; x_wconf 76' lang='lat' dir='ltr'><strong>efferri,</strong></span> <span class='ocrx_word' id='word_1_546' title='bbox 2889 2197 3048 2256; x_wconf 83' lang='lat' dir='ltr'><strong>atque</strong></span> <span class='ocrx_word' id='word_1_547' title='bbox 3076 2187 3226 2242; x_wconf 83' lang='lat' dir='ltr'><strong>initia</strong></span> <span class='ocrx_word' id='word_1_548' title='bbox 3271 2185 3536 2256; x_wconf 86' lang='lat' dir='ltr'><strong>splendida</strong></span> <span class='ocrx_word' id='word_1_549' title='bbox 3571 2199 3672 2237; x_wconf 81' lang='lat' dir='ltr'><strong>esse</strong></span> 
     </span>
    </p>
   </div>
   <div class='ocr_carea' id='block_1_76' title="bbox 2121 2277 3673 2348">
    <p class='ocr_par' dir='ltr' id='par_1_76' title="bbox 2121 2277 3673 2348">
     <span class='ocr_line' id='line_1_76' title="bbox 2121 2277 3673 2348; baseline -0.005 -15"><span class='ocrx_word' id='word_1_550' title='bbox 2121 2290 2174 2334; x_wconf 92' lang='lat' dir='ltr'><strong>et</strong></span> <span class='ocrx_word' id='word_1_551' title='bbox 2216 2279 2466 2348; x_wconf 81' lang='lat' dir='ltr'><strong>ipsusolc</strong></span> <span class='ocrx_word' id='word_1_552' title='bbox 2497 2278 2775 2343; x_wconf 87' lang='lat' dir='ltr'><strong>lucidiora,</strong></span> <span class='ocrx_word' id='word_1_553' title='bbox 2822 2287 2875 2336; x_wconf 90' lang='lat' dir='ltr'><strong>et</strong></span> <span class='ocrx_word' id='word_1_554' title='bbox 2918 2279 2985 2335; x_wconf 78' lang='lat' dir='ltr'><strong>ab</strong></span> <span class='ocrx_word' id='word_1_555' title='bbox 3036 2280 3152 2347; x_wconf 81' lang='lat' dir='ltr'><strong>ipso</strong></span> <span class='ocrx_word' id='word_1_556' title='bbox 3195 2293 3394 2333; x_wconf 80' lang='lat' dir='ltr'><strong>cursus</strong></span> <span class='ocrx_word' id='word_1_557' title='bbox 3443 2277 3673 2346; x_wconf 80' lang='lat' dir='ltr'><strong>principio</strong></span> 
     </span>
    </p>
   </div>
   <div class='ocr_carea' id='block_1_77' title="bbox 2122 2370 3675 2440">
    <p class='ocr_par' dir='ltr' id='par_1_77' title="bbox 2122 2370 3675 2440">
     <span class='ocr_line' id='line_1_77' title="bbox 2122 2370 3675 2440; baseline -0.003 -14"><span class='ocrx_word' id='word_1_558' title='bbox 2122 2370 2395 2432; x_wconf 84' lang='lat' dir='ltr'><strong>exhibita,</strong></span> <span class='ocrx_word' id='word_1_559' title='bbox 2450 2371 2702 2440; x_wconf 87' lang='lat' dir='ltr'><strong>quodque</strong></span> <span class='ocrx_word' id='word_1_560' title='bbox 2761 2379 2929 2426; x_wconf 83' lang='lat' dir='ltr'><strong>totum</strong></span> <span class='ocrx_word' id='word_1_561' title='bbox 2989 2371 3176 2426; x_wconf 82' lang='lat' dir='ltr'><strong>orbem</strong></span> <span class='ocrx_word' id='word_1_562' title='bbox 3253 2372 3675 2440; x_wconf 70' lang='lat' dir='ltr'><strong>comprehensum</strong></span> 
     </span>
    </p>
   </div>
   <div class='ocr_carea' id='block_1_78' title="bbox 2123 2461 3678 2533">
    <p class='ocr_par' dir='ltr' id='par_1_78' title="bbox 2123 2461 3678 2533">
     <span class='ocr_line' id='line_1_78' title="bbox 2123 2461 3678 2533; baseline -0.003 -17"><span class='ocrx_word' id='word_1_563' title='bbox 2123 2471 2286 2526; x_wconf 86' lang='lat' dir='ltr'><strong>esset,</strong></span> <span class='ocrx_word' id='word_1_564' title='bbox 2322 2462 2502 2531; x_wconf 88' lang='lat' dir='ltr'><strong>utique</strong></span> <span class='ocrx_word' id='word_1_565' title='bbox 2533 2477 2772 2518; x_wconf 82' lang='lat' dir='ltr'><strong>errorem</strong></span> <span class='ocrx_word' id='word_1_566' title='bbox 2802 2463 2867 2518; x_wconf 82' lang='lat' dir='ltr'><strong>ad</strong></span> <span class='ocrx_word' id='word_1_567' title='bbox 2892 2471 3130 2520; x_wconf 73' lang='lat' dir='ltr'><strong>extrema</strong></span> <span class='ocrx_word' id='word_1_568' title='bbox 3155 2461 3529 2533; x_wconf 83' lang='lat' dir='ltr'><strong>depellendum</strong></span> <span class='ocrx_word' id='word_1_569' title='bbox 3557 2473 3678 2522; x_wconf 70' lang='lat' dir='ltr'><strong>esse,</strong></span> 
     </span>
    </p>
   </div>
   <div class='ocr_carea' id='block_1_79' title="bbox 2127 2554 3681 2623">
    <p class='ocr_par' dir='ltr' id='par_1_79' title="bbox 2127 2554 3681 2623">
     <span class='ocr_line' id='line_1_79' title="bbox 2127 2554 3681 2623; baseline -0.015 2"><span class='ocrx_word' id='word_1_570' title='bbox 2127 2569 2406 2623; x_wconf 71' lang='grc' dir='ltr'><strong>ιιθοιιοεεε</strong></span> <span class='ocrx_word' id='word_1_571' title='bbox 2449 2557 2566 2623; x_wconf 77' lang='lat' dir='ltr'><strong>ejus</strong></span> <span class='ocrx_word' id='word_1_572' title='bbox 2598 2559 2701 2609; x_wconf 86' lang='lat' dir='ltr'><strong>vim</strong></span> <span class='ocrx_word' id='word_1_573' title='bbox 2747 2554 3068 2612; x_wconf 62' lang='lat' dir='ltr'><strong>ineffabilem</strong></span> <span class='ocrx_word' id='word_1_574' title='bbox 3115 2558 3422 2619; x_wconf 82' lang='lat' dir='ltr'><strong>sustinere;</strong></span> <span class='ocrx_word' id='word_1_575' title='bbox 3459 2555 3681 2607; x_wconf 78' lang='lat' dir='ltr'><strong>virtutem</strong></span> 
     </span>
    </p>
   </div>
   <div class='ocr_carea' id='block_1_80' title="bbox 2127 2645 3683 2716">
    <p class='ocr_par' dir='ltr' id='par_1_80' title="bbox 2127 2645 3683 2716">
     <span class='ocr_line' id='line_1_80' title="bbox 2127 2645 3683 2716; baseline -0.004 -14"><span class='ocrx_word' id='word_1_576' title='bbox 2127 2650 2246 2715; x_wconf 87' lang='lat' dir='ltr'><strong>ejus</strong></span> <span class='ocrx_word' id='word_1_577' title='bbox 2274 2648 2483 2713; x_wconf 77' lang='lat' dir='ltr'><strong>timent,</strong></span> <span class='ocrx_word' id='word_1_578' title='bbox 2509 2646 2800 2704; x_wconf 88' lang='lat' dir='ltr'><strong>formidant</strong></span> <span class='ocrx_word' id='word_1_579' title='bbox 2821 2648 3048 2714; x_wconf 84' lang='lat' dir='ltr'><strong>vinctos,</strong></span> <span class='ocrx_word' id='word_1_580' title='bbox 3063 2647 3372 2711; x_wconf 80' lang='lat' dir='ltr'><strong>damnatos,</strong></span> <span class='ocrx_word' id='word_1_581' title='bbox 3396 2645 3683 2716; x_wconf 71' lang='lat' dir='ltr'><strong>flagellauit,</strong></span> 
     </span>
    </p>
   </div>
   <div class='ocr_carea' id='block_1_81' title="bbox 2131 2736 3686 2816">
    <p class='ocr_par' dir='ltr' id='par_1_81' title="bbox 2131 2736 3686 2816">
     <span class='ocr_line' id='line_1_81' title="bbox 2131 2736 3686 2816; baseline -0.005 -24"><span class='ocrx_word' id='word_1_582' title='bbox 2131 2740 2336 2795; x_wconf 89' lang='lat' dir='ltr'><strong>insidiis</strong></span> <span class='ocrx_word' id='word_1_583' title='bbox 2358 2740 2738 2816; x_wconf 75' lang='lat' dir='ltr'><strong>circumdatos,</strong></span> <span class='ocrx_word' id='word_1_584' title='bbox 2767 2740 2901 2794; x_wconf 87' lang='lat' dir='ltr'><strong>duos</strong></span> <span class='ocrx_word' id='word_1_585' title='bbox 2916 2756 3115 2810; x_wconf 87' lang='lat' dir='ltr'><strong>eosque</strong></span> <span class='ocrx_word' id='word_1_586' title='bbox 3140 2741 3361 2795; x_wconf 83' lang='lat' dir='ltr'><strong>idiotas.</strong></span> <span class='ocrx_word' id='word_1_587' title='bbox 3386 2739 3505 2793; x_wconf 90' lang='lat' dir='ltr'><strong>Ideo</strong></span> <span class='ocrx_word' id='word_1_588' title='bbox 3519 2736 3686 2791; x_wconf 82' lang='lat' dir='ltr'><strong>Paulus</strong></span> 
     </span>
    </p>
   </div>
   <div class='ocr_carea' id='block_1_82' title="bbox 2131 2828 3689 2901">
    <p class='ocr_par' dir='ltr' id='par_1_82' title="bbox 2131 2828 3689 2901">
     <span class='ocr_line' id='line_1_82' title="bbox 2131 2828 3689 2901; baseline -0.003 -16"><span class='ocrx_word' id='word_1_589' title='bbox 2131 2828 2453 2886; x_wconf 71' lang='lat' dir='ltr'><strong>tentatiimes</strong></span> <span class='ocrx_word' id='word_1_590' title='bbox 2463 2830 2920 2886; x_wconf 85' lang='lat' dir='ltr'><strong>conﬁrmationem</strong></span> <span class='ocrx_word' id='word_1_591' title='bbox 2935 2830 3206 2901; x_wconf 79' lang='lat' dir='ltr'><strong>Evangelii</strong></span> <span class='ocrx_word' id='word_1_592' title='bbox 3225 2839 3406 2885; x_wconf 81' lang='lat' dir='ltr'><strong>vocat:</strong></span> <span class='ocrx_word' id='word_1_593' title='bbox 3424 2831 3538 2885; x_wconf 92' lang='lat' dir='ltr'><strong>ideo</strong></span> <span class='ocrx_word' id='word_1_594' title='bbox 3552 2831 3689 2883; x_wconf 84' lang='lat' dir='ltr'><strong>etiam</strong></span> 
     </span>
    </p>
   </div>
   <div class='ocr_carea' id='block_1_83' title="bbox 2131 2923 3692 2992">
    <p class='ocr_par' dir='ltr' id='par_1_83' title="bbox 2131 2923 3692 2992">
     <span class='ocr_line' id='line_1_83' title="bbox 2131 2923 3692 2992; baseline -0.001 -16"><span class='ocrx_word' id='word_1_595' title='bbox 2131 2923 2252 2978; x_wconf 89' lang='lat' dir='ltr'><strong>alibi</strong></span> <span class='ocrx_word' id='word_1_596' title='bbox 2281 2923 2410 2978; x_wconf 81' lang='lat' dir='ltr'><strong>dicit</strong></span> <span class='ocrx_word' id='word_1_597' title='bbox 2439 2941 2452 2976; x_wconf 90' lang='lat'><strong>:</strong></span> <span class='ocrx_word' id='word_1_598' title='bbox 2486 2923 2628 2980; x_wconf 84' lang='lat' dir='ltr'><strong>Scire</strong></span> <span class='ocrx_word' id='word_1_599' title='bbox 2672 2935 2836 2978; x_wconf 76' lang='lat' dir='ltr'><strong>autem</strong></span> <span class='ocrx_word' id='word_1_600' title='bbox 2873 2938 2962 2980; x_wconf 75' lang='lat' dir='ltr'><strong>eos</strong></span> <span class='ocrx_word' id='word_1_601' title='bbox 3003 2924 3116 2979; x_wconf 72' lang='lat' dir='ltr'><strong>nolo</strong></span> <span class='ocrx_word' id='word_1_602' title='bbox 3139 2964 3154 2991; x_wconf 94' lang='lat'><strong>,</strong></span> <span class='ocrx_word' id='word_1_603' title='bbox 3197 2925 3410 2992; x_wconf 75' lang='lat' dir='ltr'><strong>fratres,</strong></span> <span class='ocrx_word' id='word_1_604' title='bbox 3447 2924 3558 2991; x_wconf 77' lang='lat' dir='ltr'><strong>quia</strong></span> <span class='ocrx_word' id='word_1_605' title='bbox 3595 2930 3692 2990; x_wconf 63' lang='lat' dir='ltr'><strong>qun</strong></span> 
     </span>
    </p>
   </div>
   <div class='ocr_carea' id='block_1_84' title="bbox 2133 3011 3695 3086">
    <p class='ocr_par' dir='ltr' id='par_1_84' title="bbox 2133 3011 3695 3086">
     <span class='ocr_line' id='line_1_84' title="bbox 2133 3011 3695 3086; baseline -0.004 -18"><span class='ocrx_word' id='word_1_606' title='bbox 2133 3016 2266 3070; x_wconf 81' lang='lat' dir='ltr'><strong>circa</strong></span> <span class='ocrx_word' id='word_1_607' title='bbox 2295 3033 2373 3071; x_wconf 79' lang='lat' dir='ltr'><strong>me</strong></span> <span class='ocrx_word' id='word_1_608' title='bbox 2397 3026 2534 3080; x_wconf 79' lang='lat' dir='ltr'><strong>sunt,</strong></span> <span class='ocrx_word' id='word_1_609' title='bbox 2563 3017 2727 3086; x_wconf 76' lang='lat' dir='ltr'><strong>magis</strong></span> <span class='ocrx_word' id='word_1_610' title='bbox 2753 3017 2825 3071; x_wconf 78' lang='lat' dir='ltr'><strong>ad</strong></span> <span class='ocrx_word' id='word_1_611' title='bbox 2855 3019 3134 3086; x_wconf 78' lang='lat' dir='ltr'><strong>profectum</strong></span> <span class='ocrx_word' id='word_1_612' title='bbox 3159 3026 3405 3071; x_wconf 79' lang='lat' dir='ltr'><strong>venerunt</strong></span> <span class='ocrx_word' id='word_1_613' title='bbox 3427 3011 3695 3082; x_wconf 72' lang='lat' dir='ltr'><strong>Evangelii:</strong></span> 
     </span>
    </p>
   </div>
   <div class='ocr_carea' id='block_1_85' title="bbox 2135 3105 3694 3177">
    <p class='ocr_par' dir='ltr' id='par_1_85' title="bbox 2135 3105 3694 3177">
     <span class='ocr_line' id='line_1_85' title="bbox 2135 3105 3694 3177; baseline -0.003 -19"><span class='ocrx_word' id='word_1_614' title='bbox 2135 3107 2205 3159; x_wconf 86' lang='lat' dir='ltr'><strong>ita</strong></span> <span class='ocrx_word' id='word_1_615' title='bbox 2234 3116 2286 3159; x_wconf 86' lang='lat' dir='ltr'><strong>ut</strong></span> <span class='ocrx_word' id='word_1_616' title='bbox 2315 3107 2485 3177; x_wconf 74' lang='lat' dir='ltr'><strong>plures</strong></span> <span class='ocrx_word' id='word_1_617' title='bbox 2514 3124 2542 3165; x_wconf 89' lang='lat' dir='ltr'><strong>e</strong></span> <span class='ocrx_word' id='word_1_618' title='bbox 2569 3109 2809 3176; x_wconf 77' lang='lat' dir='ltr'><strong>fratribus</strong></span> <span class='ocrx_word' id='word_1_619' title='bbox 2833 3109 2886 3162; x_wconf 75' lang='lat' dir='ltr'><strong>in</strong></span> <span class='ocrx_word' id='word_1_620' title='bbox 2911 3106 3154 3173; x_wconf 84' lang='lat' dir='ltr'><strong>Domino,</strong></span> <span class='ocrx_word' id='word_1_621' title='bbox 3193 3107 3510 3176; x_wconf 75' lang='lat' dir='ltr'><strong>conﬁdentes</strong></span> <span class='ocrx_word' id='word_1_622' title='bbox 3544 3105 3694 3156; x_wconf 71' lang='lat' dir='ltr'><strong>vincs-</strong></span> 
     </span>
    </p>
   </div>
   <div class='ocr_carea' id='block_1_86' title="bbox 2138 3191 3699 3262">
    <p class='ocr_par' dir='ltr' id='par_1_86' title="bbox 2138 3191 3699 3262">
     <span class='ocr_line' id='line_1_86' title="bbox 2138 3191 3699 3262; baseline -0.004 -12"><span class='ocrx_word' id='word_1_623' title='bbox 2138 3197 2198 3250; x_wconf 71' lang='grc' dir='ltr'><strong>[ιδ</strong></span> <span class='ocrx_word' id='word_1_624' title='bbox 2225 3198 2365 3262; x_wconf 85' lang='lat' dir='ltr'><strong>meis,</strong></span> <span class='ocrx_word' id='word_1_625' title='bbox 2390 3197 2729 3252; x_wconf 75' lang='lat' dir='ltr'><strong>abundantius</strong></span> <span class='ocrx_word' id='word_1_626' title='bbox 2763 3198 3005 3252; x_wconf 74' lang='lat' dir='ltr'><strong>auderent</strong></span> <span class='ocrx_word' id='word_1_627' title='bbox 3043 3199 3151 3252; x_wconf 83' lang='lat' dir='ltr'><strong>sine</strong></span> <span class='ocrx_word' id='word_1_628' title='bbox 3183 3197 3373 3254; x_wconf 84' lang='lat' dir='ltr'><strong>timore</strong></span> <span class='ocrx_word' id='word_1_629' title='bbox 3405 3196 3598 3251; x_wconf 72' lang='lat' dir='ltr'><strong>verbum</strong></span> <span class='ocrx_word' id='word_1_630' title='bbox 3632 3191 3699 3244; x_wconf 84' lang='lat' dir='ltr'><strong>la-</strong></span> 
     </span>
    </p>
   </div>
   <div class='ocr_carea' id='block_1_87' title="bbox 2137 3283 3698 3360">
    <p class='ocr_par' dir='ltr' id='par_1_87' title="bbox 2137 3283 3698 3360">
     <span class='ocr_line' id='line_1_87' title="bbox 2137 3283 3698 3360; baseline -0.004 -18"><span class='ocrx_word' id='word_1_631' title='bbox 2137 3289 2510 3360; x_wconf 70' lang='lat' dir='ltr'><strong>quiU’ﬁilipp.</strong></span> <span class='ocrx_word' id='word_1_632' title='bbox 2549 3291 2600 3344; x_wconf 83' lang='lat' dir='ltr'><strong>l.</strong></span> <span class='ocrx_word' id='word_1_633' title='bbox 2644 3289 2730 3346; x_wconf 73' lang='grc'><strong>12.</strong></span> <span class='ocrx_word' id='word_1_634' title='bbox 2779 3291 2890 3360; x_wconf 72' lang='grc'><strong>14).</strong></span> <span class='ocrx_word' id='word_1_635' title='bbox 2939 3289 3070 3357; x_wconf 87' lang='lat' dir='ltr'><strong>Quis</strong></span> <span class='ocrx_word' id='word_1_636' title='bbox 3115 3289 3279 3353; x_wconf 72' lang='lat' dir='ltr'><strong>vidit,</strong></span> <span class='ocrx_word' id='word_1_637' title='bbox 3330 3289 3451 3359; x_wconf 85' lang='lat' dir='ltr'><strong>quis</strong></span> <span class='ocrx_word' id='word_1_638' title='bbox 3500 3283 3698 3344; x_wconf 75' lang='lat' dir='ltr'><strong>audivit,</strong></span> 
     </span>
    </p>
   </div>
   <div class='ocr_carea' id='block_1_88' title="bbox 2138 3377 3702 3452">
    <p class='ocr_par' dir='ltr' id='par_1_88' title="bbox 2138 3377 3702 3452">
     <span class='ocr_line' id='line_1_88' title="bbox 2138 3377 3702 3452; baseline -0.006 -18"><span class='ocrx_word' id='word_1_639' title='bbox 2138 3381 2276 3452; x_wconf 89' lang='lat' dir='ltr'><strong>quod</strong></span> <span class='ocrx_word' id='word_1_640' title='bbox 2309 3382 2516 3436; x_wconf 81' lang='lat' dir='ltr'><strong>vincula</strong></span> <span class='ocrx_word' id='word_1_641' title='bbox 2549 3381 2824 3437; x_wconf 88' lang='lat' dir='ltr'><strong>audaciam</strong></span> <span class='ocrx_word' id='word_1_642' title='bbox 2865 3381 3072 3448; x_wconf 85' lang='lat' dir='ltr'><strong>iudant,</strong></span> <span class='ocrx_word' id='word_1_643' title='bbox 3121 3392 3174 3436; x_wconf 88' lang='lat' dir='ltr'><strong>et</strong></span> <span class='ocrx_word' id='word_1_644' title='bbox 3212 3391 3412 3437; x_wconf 82' lang='lat' dir='ltr'><strong>catena</strong></span> <span class='ocrx_word' id='word_1_645' title='bbox 3462 3377 3702 3436; x_wconf 74' lang='lat' dir='ltr'><strong>fiduciam,</strong></span> 
     </span>
    </p>
   </div>
   <div class='ocr_carea' id='block_1_89' title="bbox 2141 3469 3704 3540">
    <p class='ocr_par' dir='ltr' id='par_1_89' title="bbox 2141 3469 3704 3540">
     <span class='ocr_line' id='line_1_89' title="bbox 2141 3469 3704 3540; baseline -0.01 -8"><span class='ocrx_word' id='word_1_646' title='bbox 2141 3490 2245 3532; x_wconf 77' lang='lat' dir='ltr'><strong>non</strong></span> <span class='ocrx_word' id='word_1_647' title='bbox 2274 3475 2452 3530; x_wconf 85' lang='lat' dir='ltr'><strong>vincto</strong></span> <span class='ocrx_word' id='word_1_648' title='bbox 2485 3483 2710 3536; x_wconf 86' lang='lat' dir='ltr'><strong>tantum,</strong></span> <span class='ocrx_word' id='word_1_649' title='bbox 2740 3472 2833 3528; x_wconf 84' lang='lat' dir='ltr'><strong>sed</strong></span> <span class='ocrx_word' id='word_1_650' title='bbox 2881 3473 3041 3527; x_wconf 88' lang='lat' dir='ltr'><strong>etiam</strong></span> <span class='ocrx_word' id='word_1_651' title='bbox 3081 3472 3371 3540; x_wconf 87' lang='lat' dir='ltr'><strong>discipulis</strong></span> <span class='ocrx_word' id='word_1_652' title='bbox 3397 3469 3548 3540; x_wconf 72' lang='lat' dir='ltr'><strong>ejus!</strong></span> <span class='ocrx_word' id='word_1_653' title='bbox 3574 3470 3704 3522; x_wconf 76' lang='lat' dir='ltr'><strong>Atta-</strong></span> 
     </span>
    </p>
   </div>
   <div class='ocr_carea' id='block_1_90' title="bbox 2141 3554 3708 3635">
    <p class='ocr_par' dir='ltr' id='par_1_90' title="bbox 2141 3554 3708 3635">
     <span class='ocr_line' id='line_1_90' title="bbox 2141 3554 3708 3635; baseline -0.006 -15"><span class='ocrx_word' id='word_1_654' title='bbox 2141 3582 2263 3620; x_wconf 88' lang='lat' dir='ltr'><strong>men</strong></span> <span class='ocrx_word' id='word_1_655' title='bbox 2300 3583 2440 3635; x_wconf 26' lang='lat' dir='ltr'><strong>,eum</strong></span> <span class='ocrx_word' id='word_1_656' title='bbox 2493 3567 2608 3618; x_wconf 78' lang='lat' dir='ltr'><strong>bace</strong></span> <span class='ocrx_word' id='word_1_657' title='bbox 2671 3564 2890 3627; x_wconf 83' lang='lat' dir='ltr'><strong>ﬁerent,</strong></span> <span class='ocrx_word' id='word_1_658' title='bbox 2949 3579 3043 3632; x_wconf 90' lang='lat' dir='ltr'><strong>per</strong></span> <span class='ocrx_word' id='word_1_659' title='bbox 3095 3554 3378 3618; x_wconf 85' lang='lat' dir='ltr'><strong>contraria</strong></span> <span class='ocrx_word' id='word_1_660' title='bbox 3426 3556 3708 3632; x_wconf 64' lang='lat' dir='ltr'><strong>praedicatio</strong></span> 
     </span>
    </p>
   </div>
   <div class='ocr_carea' id='block_1_91' title="bbox 2144 3653 3711 3723">
    <p class='ocr_par' dir='ltr' id='par_1_91' title="bbox 2144 3653 3711 3723">
     <span class='ocr_line' id='line_1_91' title="bbox 2144 3653 3711 3723; baseline -0.008 -12"><span class='ocrx_word' id='word_1_661' title='bbox 2144 3656 2521 3720; x_wconf 81' lang='lat' dir='ltr'><strong>extollebatur,</strong></span> <span class='ocrx_word' id='word_1_662' title='bbox 2556 3664 2608 3709; x_wconf 89' lang='lat' dir='ltr'><strong>et</strong></span> <span class='ocrx_word' id='word_1_663' title='bbox 2631 3654 2905 3722; x_wconf 89' lang='lat' dir='ltr'><strong>discipuli,</strong></span> <span class='ocrx_word' id='word_1_664' title='bbox 2953 3669 3074 3710; x_wconf 88' lang='lat' dir='ltr'><strong>cum</strong></span> <span class='ocrx_word' id='word_1_665' title='bbox 3107 3653 3376 3722; x_wconf 82' lang='lat' dir='ltr'><strong>magister</strong></span> <span class='ocrx_word' id='word_1_666' title='bbox 3401 3661 3711 3723; x_wconf 77' lang='lat' dir='ltr'><strong>oppugnare-</strong></span> 
     </span>
    </p>
   </div>
   <div class='ocr_carea' id='block_1_92' title="bbox 2149 3738 3712 3816">
    <p class='ocr_par' dir='ltr' id='par_1_92' title="bbox 2149 3738 3712 3816">
     <span class='ocr_line' id='line_1_92' title="bbox 2149 3738 3712 3816; baseline -0.007 -14"><span class='ocrx_word' id='word_1_667' title='bbox 2149 3759 2267 3812; x_wconf 89' lang='lat' dir='ltr'><strong>tur.</strong></span> <span class='ocrx_word' id='word_1_668' title='bbox 2323 3746 2529 3802; x_wconf 90' lang='lat' dir='ltr'><strong>insidiis</strong></span> <span class='ocrx_word' id='word_1_669' title='bbox 2582 3756 2954 3816; x_wconf 86' lang='lat' dir='ltr'><strong>appeteretur,</strong></span> <span class='ocrx_word' id='word_1_670' title='bbox 3011 3747 3339 3808; x_wconf 86' lang='lat' dir='ltr'><strong>vinciretur,</strong></span> <span class='ocrx_word' id='word_1_671' title='bbox 3393 3744 3562 3813; x_wconf 82' lang='lat' dir='ltr'><strong>magis</strong></span> <span class='ocrx_word' id='word_1_672' title='bbox 3599 3738 3712 3796; x_wconf 85' lang='lat' dir='ltr'><strong>lide-</strong></span> 
     </span>
    </p>
   </div>
   <div class='ocr_carea' id='block_1_93' title="bbox 2149 3832 3712 3909">
    <p class='ocr_par' dir='ltr' id='par_1_93' title="bbox 2149 3832 3712 3909">
     <span class='ocr_line' id='line_1_93' title="bbox 2149 3832 3712 3909; baseline -0.01 -13"><span class='ocrx_word' id='word_1_673' title='bbox 2149 3841 2294 3906; x_wconf 88' lang='lat' dir='ltr'><strong>bant,</strong></span> <span class='ocrx_word' id='word_1_674' title='bbox 2351 3841 2520 3909; x_wconf 81' lang='lat' dir='ltr'><strong>magis</strong></span> <span class='ocrx_word' id='word_1_675' title='bbox 2576 3838 2930 3901; x_wconf 85' lang='lat' dir='ltr'><strong>exsultabant,</strong></span> <span class='ocrx_word' id='word_1_676' title='bbox 2990 3839 3156 3908; x_wconf 84' lang='lat' dir='ltr'><strong>magis</strong></span> <span class='ocrx_word' id='word_1_677' title='bbox 3218 3837 3557 3892; x_wconf 84' lang='lat' dir='ltr'><strong>insiliebant.</strong></span> <span class='ocrx_word' id='word_1_678' title='bbox 3587 3832 3712 3887; x_wconf 81' lang='lat' dir='ltr'><strong>Dicta</strong></span> 
     </span>
    </p>
   </div>
   <div class='ocr_carea' id='block_1_94' title="bbox 2153 3925 3715 3989">
    <p class='ocr_par' dir='ltr' id='par_1_94' title="bbox 2153 3925 3715 3989">
     <span class='ocr_line' id='line_1_94' title="bbox 2153 3925 3715 3989; baseline -0.008 -6"><span class='ocrx_word' id='word_1_679' title='bbox 2153 3929 2444 3984; x_wconf 86' lang='lat' dir='ltr'><strong>laudastis?</strong></span> <span class='ocrx_word' id='word_1_680' title='bbox 2474 3929 2710 3984; x_wconf 86' lang='lat' dir='ltr'><strong>Tandem</strong></span> <span class='ocrx_word' id='word_1_681' title='bbox 2761 3927 3125 3984; x_wconf 88' lang='lat' dir='ltr'><strong>fortitudinem</strong></span> <span class='ocrx_word' id='word_1_682' title='bbox 3154 3928 3458 3989; x_wconf 89' lang='lat' dir='ltr'><strong>imitemur,</strong></span> <span class='ocrx_word' id='word_1_683' title='bbox 3493 3925 3715 3978; x_wconf 80' lang='lat' dir='ltr'><strong>virtutem</strong></span> 
     </span>
    </p>
   </div>
   <div class='ocr_carea' id='block_1_95' title="bbox 2149 4015 3720 4085">
    <p class='ocr_par' dir='ltr' id='par_1_95' title="bbox 2149 4015 3720 4085">
     <span class='ocr_line' id='line_1_95' title="bbox 2149 4015 3720 4085; baseline -0.006 -9"><span class='ocrx_word' id='word_1_684' title='bbox 2149 4021 2494 4076; x_wconf 66' lang='lat' dir='ltr'><strong>armulemur:</strong></span> <span class='ocrx_word' id='word_1_685' title='bbox 2529 4023 2657 4074; x_wconf 90' lang='lat' dir='ltr'><strong>nihil</strong></span> <span class='ocrx_word' id='word_1_686' title='bbox 2688 4035 2785 4078; x_wconf 91' lang='lat' dir='ltr'><strong>nos</strong></span> <span class='ocrx_word' id='word_1_687' title='bbox 2815 4030 3038 4085; x_wconf 89' lang='lat' dir='ltr'><strong>terreat,</strong></span> <span class='ocrx_word' id='word_1_688' title='bbox 3083 4021 3244 4074; x_wconf 69' lang='lat' dir='ltr'><strong>nulla:</strong></span> <span class='ocrx_word' id='word_1_689' title='bbox 3293 4035 3396 4076; x_wconf 90' lang='lat' dir='ltr'><strong>nos</strong></span> <span class='ocrx_word' id='word_1_690' title='bbox 3423 4015 3720 4073; x_wconf 80' lang='lat' dir='ltr'><strong>tentationes</strong></span> 
     </span>
    </p>
   </div>
   <div class='ocr_carea' id='block_1_96' title="bbox 2151 4106 3720 4182">
    <p class='ocr_par' dir='ltr' id='par_1_96' title="bbox 2151 4106 3720 4182">
     <span class='ocr_line' id='line_1_96' title="bbox 2151 4106 3720 4182; baseline 0.001 -16"><span class='ocrx_word' id='word_1_691' title='bbox 2151 4114 2478 4182; x_wconf 86' lang='lat' dir='ltr'><strong>perturbent.</strong></span> <span class='ocrx_word' id='word_1_692' title='bbox 2509 4113 2636 4167; x_wconf 79' lang='lat' dir='ltr'><strong>&quot;th</strong></span> <span class='ocrx_word' id='word_1_693' title='bbox 2661 4112 2805 4166; x_wconf 90' lang='lat' dir='ltr'><strong>enim</strong></span> <span class='ocrx_word' id='word_1_694' title='bbox 2833 4120 2959 4166; x_wconf 89' lang='lat' dir='ltr'><strong>sunt</strong></span> <span class='ocrx_word' id='word_1_695' title='bbox 2977 4111 3190 4180; x_wconf 84' lang='lat' dir='ltr'><strong>pietatis</strong></span> <span class='ocrx_word' id='word_1_696' title='bbox 3220 4111 3597 4171; x_wconf 73' lang='lat' dir='ltr'><strong>incitamenta.</strong></span> <span class='ocrx_word' id='word_1_697' title='bbox 3623 4106 3720 4158; x_wconf 69' lang='grc' dir='ltr'>ιιίυε</span> 
     </span>
    </p>
   </div>
   <div class='ocr_carea' id='block_1_97' title="bbox 2151 4197 3723 4271">
    <p class='ocr_par' dir='ltr' id='par_1_97' title="bbox 2151 4197 3723 4271">
     <span class='ocr_line' id='line_1_97' title="bbox 2151 4197 3723 4271; baseline -0.001 -15"><span class='ocrx_word' id='word_1_698' title='bbox 2151 4212 2274 4256; x_wconf 91' lang='lat' dir='ltr'><strong>sunt</strong></span> <span class='ocrx_word' id='word_1_699' title='bbox 2306 4203 2658 4271; x_wconf 75' lang='lat' dir='ltr'><strong>philosopltize</strong></span> <span class='ocrx_word' id='word_1_700' title='bbox 2688 4203 2787 4256; x_wconf 66' lang='lat' dir='ltr'><strong>alte</strong></span> <span class='ocrx_word' id='word_1_701' title='bbox 2814 4221 2827 4256; x_wconf 89' lang='lat'><strong>:</strong></span> <span class='ocrx_word' id='word_1_702' title='bbox 2861 4203 2975 4256; x_wconf 83' lang='lat' dir='ltr'><strong>haec</strong></span> <span class='ocrx_word' id='word_1_703' title='bbox 3015 4217 3112 4256; x_wconf 90' lang='lat' dir='ltr'><strong>nos</strong></span> <span class='ocrx_word' id='word_1_704' title='bbox 3150 4200 3411 4258; x_wconf 85' lang='lat' dir='ltr'><strong>fortiores</strong></span> <span class='ocrx_word' id='word_1_705' title='bbox 3436 4211 3493 4255; x_wconf 84' lang='lat' dir='ltr'><strong>et</strong></span> <span class='ocrx_word' id='word_1_706' title='bbox 3519 4197 3723 4254; x_wconf 79' lang='lat' dir='ltr'><strong>invich</strong></span> 
     </span>
    </p>
   </div>
   <div class='ocr_carea' id='block_1_98' title="bbox 2151 4289 3720 4364">
    <p class='ocr_par' dir='ltr' id='par_1_98' title="bbox 2151 4289 3720 4364">
     <span class='ocr_line' id='line_1_98' title="bbox 2151 4289 3720 4364; baseline -0.004 -12"><span class='ocrx_word' id='word_1_707' title='bbox 2151 4295 2401 4359; x_wconf 82' lang='lat' dir='ltr'><strong>reddunt,</strong></span> <span class='ocrx_word' id='word_1_708' title='bbox 2436 4295 2550 4350; x_wconf 76' lang='lat' dir='ltr'><strong>lucc</strong></span> <span class='ocrx_word' id='word_1_709' title='bbox 2581 4295 2839 4364; x_wconf 87' lang='lat' dir='ltr'><strong>majorem</strong></span> <span class='ocrx_word' id='word_1_710' title='bbox 2887 4293 3028 4363; x_wconf 79' lang='lat' dir='ltr'><strong>apud</strong></span> <span class='ocrx_word' id='word_1_711' title='bbox 3077 4293 3246 4347; x_wconf 83' lang='lat' dir='ltr'><strong>Deum</strong></span> <span class='ocrx_word' id='word_1_712' title='bbox 3291 4297 3428 4350; x_wconf 81' lang='lat' dir='ltr'><strong>dant</strong></span> <span class='ocrx_word' id='word_1_713' title='bbox 3469 4289 3720 4347; x_wconf 75' lang='lat' dir='ltr'><strong>fiduciam.</strong></span> 
     </span>
    </p>
   </div>
   <div class='ocr_carea' id='block_1_99' title="bbox 2154 4377 3723 4457">
    <p class='ocr_par' dir='ltr' id='par_1_99' title="bbox 2154 4377 3723 4457">
     <span class='ocr_line' id='line_1_99' title="bbox 2154 4377 3723 4457; baseline -0.008 -13"><span class='ocrx_word' id='word_1_714' title='bbox 2154 4390 2520 4457; x_wconf 71' lang='lat' dir='ltr'><strong>maioremque</strong></span> <span class='ocrx_word' id='word_1_715' title='bbox 2569 4388 2846 4442; x_wconf 86' lang='lat' dir='ltr'><strong>attrahunt</strong></span> <span class='ocrx_word' id='word_1_716' title='bbox 2893 4387 3010 4457; x_wconf 76' lang='lat' dir='ltr'><strong>ejus</strong></span> <span class='ocrx_word' id='word_1_717' title='bbox 3063 4386 3546 4448; x_wconf 80' lang='lat' dir='ltr'><strong>benevolentiam,</strong></span> <span class='ocrx_word' id='word_1_718' title='bbox 3602 4377 3723 4434; x_wconf 84' lang='lat' dir='ltr'><strong>mul-</strong></span> 
     </span>
    </p>
   </div>
   <div class='ocr_carea' id='block_1_100' title="bbox 2159 4470 3726 4550">
    <p class='ocr_par' dir='ltr' id='par_1_100' title="bbox 2159 4470 3726 4550">
     <span class='ocr_line' id='line_1_100' title="bbox 2159 4470 3726 4550; baseline -0.006 -12"><span class='ocrx_word' id='word_1_719' title='bbox 2159 4491 2373 4550; x_wconf 84' lang='lat' dir='ltr'><strong>Iamque</strong></span> <span class='ocrx_word' id='word_1_720' title='bbox 2415 4480 2464 4532; x_wconf 91' lang='lat' dir='ltr'><strong>in</strong></span> <span class='ocrx_word' id='word_1_721' title='bbox 2525 4480 2678 4534; x_wconf 85' lang='lat' dir='ltr'><strong>nobis</strong></span> <span class='ocrx_word' id='word_1_722' title='bbox 2713 4481 2935 4550; x_wconf 85' lang='lat' dir='ltr'><strong>gratiam</strong></span> <span class='ocrx_word' id='word_1_723' title='bbox 2978 4479 3327 4534; x_wconf 80' lang='lat' dir='ltr'><strong>conﬁrmant.</strong></span> <span class='ocrx_word' id='word_1_724' title='bbox 3385 4478 3453 4535; x_wconf 86' lang='lat' dir='ltr'><strong>Ut</strong></span> <span class='ocrx_word' id='word_1_725' title='bbox 3495 4488 3621 4545; x_wconf 75' lang='lat' dir='ltr'><strong>ergo</strong></span> <span class='ocrx_word' id='word_1_726' title='bbox 3653 4470 3726 4522; x_wconf 71' lang='lat' dir='ltr'><strong>his</strong></span> 
     </span>
    </p>
   </div>
   <div class='ocr_carea' id='block_1_101' title="bbox 2155 4560 3727 4645">
    <p class='ocr_par' dir='ltr' id='par_1_101' title="bbox 2155 4560 3727 4645">
     <span class='ocr_line' id='line_1_101' title="bbox 2155 4560 3727 4645; baseline -0.002 -24"><span class='ocrx_word' id='word_1_727' title='bbox 2155 4572 2402 4630; x_wconf 82' lang='lat' dir='ltr'><strong>omnibus</strong></span> <span class='ocrx_word' id='word_1_728' title='bbox 2445 4570 2702 4645; x_wconf 77' lang='lat' dir='ltr'><strong>fruamur,</strong></span> <span class='ocrx_word' id='word_1_729' title='bbox 2745 4572 2924 4628; x_wconf 88' lang='lat' dir='ltr'><strong>omnia</strong></span> <span class='ocrx_word' id='word_1_730' title='bbox 2957 4586 3076 4640; x_wconf 74' lang='lat' dir='ltr'><strong>qua:</strong></span> <span class='ocrx_word' id='word_1_731' title='bbox 3105 4571 3385 4633; x_wconf 83' lang='lat' dir='ltr'><strong>accidunt,</strong></span> <span class='ocrx_word' id='word_1_732' title='bbox 3418 4581 3620 4639; x_wconf 66' lang='lat' dir='ltr'><strong>qum-so,</strong></span> <span class='ocrx_word' id='word_1_733' title='bbox 3656 4560 3727 4618; x_wconf 51' lang='lat' dir='ltr'><strong>Icr</strong></span> 
     </span>
    </p>
   </div>
   <div class='ocr_carea' id='block_1_102' title="bbox 2158 4658 3726 4734">
    <p class='ocr_par' dir='ltr' id='par_1_102' title="bbox 2158 4658 3726 4734">
     <span class='ocr_line' id='line_1_102' title="bbox 2158 4658 3726 4734; baseline -0.007 -14"><span class='ocrx_word' id='word_1_734' title='bbox 2158 4681 2358 4728; x_wconf 87' lang='lat' dir='ltr'><strong>ramus,</strong></span> <span class='ocrx_word' id='word_1_735' title='bbox 2394 4681 2487 4734; x_wconf 89' lang='lat' dir='ltr'><strong>per</strong></span> <span class='ocrx_word' id='word_1_736' title='bbox 2515 4667 2692 4720; x_wconf 88' lang='lat' dir='ltr'><strong>omnia</strong></span> <span class='ocrx_word' id='word_1_737' title='bbox 2745 4665 2910 4719; x_wconf 88' lang='lat' dir='ltr'><strong>Deum</strong></span> <span class='ocrx_word' id='word_1_738' title='bbox 2956 4664 3350 4733; x_wconf 84' lang='lat' dir='ltr'><strong>glorificantes,</strong></span> <span class='ocrx_word' id='word_1_739' title='bbox 3402 4661 3532 4731; x_wconf 84' lang='lat' dir='ltr'><strong>quia</strong></span> <span class='ocrx_word' id='word_1_740' title='bbox 3575 4658 3726 4725; x_wconf 84' lang='lat' dir='ltr'><strong>ipsum</strong></span> 
     </span>
    </p>
   </div>
   <div class='ocr_carea' id='block_1_103' title="bbox 2158 4743 3730 4824">
    <p class='ocr_par' dir='ltr' id='par_1_103' title="bbox 2158 4743 3730 4824">
     <span class='ocr_line' id='line_1_103' title="bbox 2158 4743 3730 4824; baseline -0.008 -14"><span class='ocrx_word' id='word_1_741' title='bbox 2158 4755 2321 4822; x_wconf 43' lang='lat' dir='ltr'><strong>decet.</strong></span> <span class='ocrx_word' id='word_1_742' title='bbox 2350 4756 2542 4824; x_wconf 83' lang='lat' dir='ltr'><strong>gloria.</strong></span> <span class='ocrx_word' id='word_1_743' title='bbox 2589 4756 2782 4820; x_wconf 88' lang='lat' dir='ltr'><strong>honor,</strong></span> <span class='ocrx_word' id='word_1_744' title='bbox 2816 4755 3121 4823; x_wconf 89' lang='lat' dir='ltr'><strong>imperium,</strong></span> <span class='ocrx_word' id='word_1_745' title='bbox 3164 4768 3268 4806; x_wconf 91' lang='lat' dir='ltr'><strong>una</strong></span> <span class='ocrx_word' id='word_1_746' title='bbox 3314 4768 3442 4806; x_wconf 89' lang='lat' dir='ltr'><strong>cum</strong></span> <span class='ocrx_word' id='word_1_747' title='bbox 3478 4743 3730 4816; x_wconf 76' lang='lat' dir='ltr'><strong>unigenilo</strong></span> 
     </span>
    </p>
   </div>
   <div class='ocr_carea' id='block_1_104' title="bbox 2159 4828 3728 4906">
    <p class='ocr_par' dir='ltr' id='par_1_104' title="bbox 2159 4828 3728 4906">
     <span class='ocr_line' id='line_1_104' title="bbox 2159 4828 3728 4906; baseline -0.006 -12"><span class='ocrx_word' id='word_1_748' title='bbox 2159 4843 2274 4906; x_wconf 84' lang='lat' dir='ltr'><strong>ejus</strong></span> <span class='ocrx_word' id='word_1_749' title='bbox 2314 4839 2449 4892; x_wconf 87' lang='lat' dir='ltr'><strong>Filio</strong></span> <span class='ocrx_word' id='word_1_750' title='bbox 2493 4849 2548 4894; x_wconf 92' lang='lat' dir='ltr'><strong>et</strong></span> <span class='ocrx_word' id='word_1_751' title='bbox 2581 4849 2772 4894; x_wconf 87' lang='lat' dir='ltr'><strong>sancto</strong></span> <span class='ocrx_word' id='word_1_752' title='bbox 2819 4838 3041 4906; x_wconf 86' lang='lat' dir='ltr'><strong>Spiritu,</strong></span> <span class='ocrx_word' id='word_1_753' title='bbox 3089 4846 3318 4893; x_wconf 81' lang='lat' dir='ltr'><strong>nuncet</strong></span> <span class='ocrx_word' id='word_1_754' title='bbox 3342 4847 3584 4904; x_wconf 77' lang='lat' dir='ltr'><strong>semper,</strong></span> <span class='ocrx_word' id='word_1_755' title='bbox 3613 4837 3661 4881; x_wconf 79' lang='lat' dir='ltr'><strong>cl</strong></span> <span class='ocrx_word' id='word_1_756' title='bbox 3685 4828 3728 4877; x_wconf 77' lang='lat' dir='ltr'><strong>III</strong></span> 
     </span>
    </p>
   </div>
   <div class='ocr_carea' id='block_1_105' title="bbox 2161 4930 2958 4984">
    <p class='ocr_par' dir='ltr' id='par_1_105' title="bbox 2161 4930 2958 4984">
     <span class='ocr_line' id='line_1_105' title="bbox 2161 4930 2958 4984; baseline 0 -2"><span class='ocrx_word' id='word_1_757' title='bbox 2161 4930 2354 4983; x_wconf 61' lang='lat' dir='ltr'><strong>saecula</strong></span> <span class='ocrx_word' id='word_1_758' title='bbox 2383 4932 2719 4984; x_wconf 65' lang='lat' dir='ltr'><strong>seculorum.</strong></span> <span class='ocrx_word' id='word_1_759' title='bbox 2768 4937 2958 4982; x_wconf 74' lang='lat' dir='ltr'><strong>Amen.</strong></span> 
     </span>
    </p>
   </div>
   <div class='ocr_carea' id='block_1_106' title="bbox 1793 5254 2347 5317">
    <p class='ocr_par' dir='ltr' id='par_1_106' title="bbox 1793 5254 2347 5317">
     <span class='ocr_line' id='line_1_106' title="bbox 1793 5254 2347 5317; baseline 0.007 -4"><span class='ocrx_word' id='word_1_760' title='bbox 1793 5254 2131 5315; x_wconf 81' lang='lat' dir='ltr'><strong>HOMILIA</strong></span> <span class='ocrx_word' id='word_1_761' title='bbox 2181 5258 2347 5317; x_wconf 83' lang='lat' dir='ltr'><strong>VIII.</strong></span> 
     </span>
    </p>
   </div>
   <div class='ocr_carea' id='block_1_107' title="bbox 481 5398 2066 5482">
    <p class='ocr_par' dir='ltr' id='par_1_107' title="bbox 481 5398 2066 5482">
     <span class='ocr_line' id='line_1_107' title="bbox 481 5398 2066 5482; baseline -0.008 -18"><span class='ocrx_word' id='word_1_762' title='bbox 481 5411 729 5482; x_wconf 46' lang='lat' dir='ltr'><strong>Eiusdem</strong></span> <span class='ocrx_word' id='word_1_763' title='bbox 773 5407 982 5466; x_wconf 69' lang='lat' dir='ltr'><strong>[inutilia</strong></span> <span class='ocrx_word' id='word_1_764' title='bbox 1021 5404 1192 5464; x_wconf 67' lang='lat' dir='ltr'><strong>habita</strong></span> <span class='ocrx_word' id='word_1_765' title='bbox 1234 5404 1286 5456; x_wconf 86' lang='lat' dir='ltr'><strong>in</strong></span> <span class='ocrx_word' id='word_1_766' title='bbox 1326 5403 1535 5456; x_wconf 76' lang='lat' dir='ltr'><strong>ecclesia</strong></span> <span class='ocrx_word' id='word_1_767' title='bbox 1574 5399 1753 5465; x_wconf 74' lang='lat' dir='ltr'><strong>Pauli,</strong></span> <span class='ocrx_word' id='word_1_768' title='bbox 1785 5398 1963 5453; x_wconf 76' lang='lat' dir='ltr'><strong>Gothis</strong></span> <span class='ocrx_word' id='word_1_769' title='bbox 1990 5399 2066 5453; x_wconf 78' lang='grc' dir='ltr'><strong>ιε-</strong></span> 
     </span>
    </p>
   </div>
   <div class='ocr_carea' id='block_1_108' title="bbox 545 5491 2062 5574">
    <p class='ocr_par' dir='ltr' id='par_1_108' title="bbox 545 5491 2062 5574">
     <span class='ocr_line' id='line_1_108' title="bbox 545 5491 2062 5574; baseline -0.011 -17"><span class='ocrx_word' id='word_1_770' title='bbox 545 5502 783 5574; x_wconf 65' lang='lat' dir='ltr'><strong>gentibus</strong></span> <span class='ocrx_word' id='word_1_771' title='bbox 809 5503 909 5568; x_wconf 66' lang='lat' dir='ltr'><strong>te),</strong></span> <span class='ocrx_word' id='word_1_772' title='bbox 938 5507 1204 5568; x_wconf 56' lang='lat' dir='ltr'><strong>pastinato</strong></span> <span class='ocrx_word' id='word_1_773' title='bbox 1231 5496 1491 5564; x_wconf 77' lang='lat' dir='ltr'><strong>presbyter</strong></span> <span class='ocrx_word' id='word_1_774' title='bbox 1514 5491 1706 5551; x_wconf 78' lang='lat' dir='ltr'><strong>Gothus</strong></span> <span class='ocrx_word' id='word_1_775' title='bbox 1734 5493 2062 5546; x_wconf 76' lang='lat' dir='ltr'><strong>concinnatus</strong></span> 
     </span>
    </p>
   </div>
   <div class='ocr_carea' id='block_1_109' title="bbox 545 5591 832 5663">
    <p class='ocr_par' dir='ltr' id='par_1_109' title="bbox 545 5591 832 5663">
     <span class='ocr_line' id='line_1_109' title="bbox 545 5591 832 5663; baseline -0.014 -15"><span class='ocrx_word' id='word_1_776' title='bbox 545 5597 713 5663; x_wconf 58' lang='lat' dir='ltr'><strong>[iterat</strong></span> <span class='ocrx_word' id='word_1_777' title='bbox 737 5591 832 5660; x_wconf 71' lang='lat' dir='ltr'><strong>(lt).</strong></span> 
     </span>
    </p>
   </div>
   <div class='ocr_carea' id='block_1_110' title="bbox 541 5694 1984 5826">
    <p class='ocr_par' dir='ltr' id='par_1_110' title="bbox 541 5694 1984 5826">
     <span class='ocr_line' id='line_1_110' title="bbox 541 5694 1984 5826; baseline -0.008 -71"><span class='ocrx_word' id='word_1_778' title='bbox 541 5705 621 5826; x_wconf 44' lang='lat' dir='ltr'><strong>(ei</strong></span> <span class='ocrx_word' id='word_1_779' title='bbox 637 5705 764 5754; x_wconf 64' lang='lat' dir='ltr'><strong>Vide</strong></span> <span class='ocrx_word' id='word_1_780' title='bbox 782 5717 894 5765; x_wconf 68' lang='lat' dir='ltr'><strong>qua</strong></span> <span class='ocrx_word' id='word_1_781' title='bbox 917 5700 1089 5750; x_wconf 81' lang='lat' dir='ltr'><strong>hacde</strong></span> <span class='ocrx_word' id='word_1_782' title='bbox 1112 5713 1168 5748; x_wconf 87' lang='lat' dir='ltr'><strong>re</strong></span> <span class='ocrx_word' id='word_1_783' title='bbox 1192 5699 1402 5769; x_wconf 48' lang='lat' dir='ltr'><strong>diritatis</strong></span> <span class='ocrx_word' id='word_1_784' title='bbox 1430 5699 1477 5744; x_wconf 82' lang='lat' dir='ltr'><strong>in</strong></span> <span class='ocrx_word' id='word_1_785' title='bbox 1500 5694 1699 5746; x_wconf 75' lang='lat' dir='ltr'><strong>Manilo.</strong></span> <span class='ocrx_word' id='word_1_786' title='bbox 1829 5759 1837 5768; x_wconf 86' lang='lat'><em>_</em></span> <span class='ocrx_word' id='word_1_787' title='bbox 1975 5757 1984 5766; x_wconf 41' lang='grc' dir='ltr'><strong>Ι</strong></span> 
     </span>
     <span class='ocr_line' id='line_1_111' title="bbox 545 5753 1984 5826; baseline -0.008 -11"><span class='ocrx_word' id='word_1_788' title='bbox 545 5769 590 5824; x_wconf 74' lang='grc' dir='ltr'>ιο</span> <span class='ocrx_word' id='word_1_789' title='bbox 795 5771 847 5826; x_wconf 67' lang='lat' dir='ltr'><strong>et</strong></span> <span class='ocrx_word' id='word_1_790' title='bbox 877 5774 1092 5826; x_wconf 81' lang='lat' dir='ltr'><strong>sequens</strong></span> <span class='ocrx_word' id='word_1_791' title='bbox 1117 5759 1306 5826; x_wconf 64' lang='lat' dir='ltr'><strong>hortulis</strong></span> <span class='ocrx_word' id='word_1_792' title='bbox 1330 5772 1357 5808; x_wconf 86' lang='lat' dir='ltr'><strong>a</strong></span> <span class='ocrx_word' id='word_1_793' title='bbox 1377 5759 1490 5826; x_wconf 85' lang='lat' dir='ltr'><strong>_Chr.</strong></span> <span class='ocrx_word' id='word_1_794' title='bbox 1521 5756 1872 5826; x_wconf 24' lang='lat' dir='ltr'><strong>Fruidaltlueto</strong></span> <span class='ocrx_word' id='word_1_795' title='bbox 1911 5753 1984 5804; x_wconf 83' lang='lat' dir='ltr'><strong>edi</strong></span> 
     </span>
    </p>
   </div>
   <div class='ocr_carea' id='block_1_111' title="bbox 545 5753 2055 5825">
    <p class='ocr_par' dir='ltr' id='par_1_111' title="bbox 545 5753 2055 5825">
     <span class='ocr_line' id='line_1_112' title="bbox 545 5753 2055 5825; baseline -0.007 -10"><span class='ocrx_word' id='word_1_796' title='bbox 646 5764 771 5825; x_wconf 65' lang='lat' dir='ltr'><strong>Haec</strong></span> <span class='ocrx_word' id='word_1_797' title='bbox 877 5774 1092 5825; x_wconf 82' lang='lat' dir='ltr'><strong>sequens</strong></span> <span class='ocrx_word' id='word_1_798' title='bbox 1117 5759 1306 5825; x_wconf 58' lang='lat' dir='ltr'><strong>hortulis</strong></span> <span class='ocrx_word' id='word_1_799' title='bbox 1330 5772 1357 5808; x_wconf 86' lang='lat' dir='ltr'><strong>a</strong></span> <span class='ocrx_word' id='word_1_800' title='bbox 1377 5759 1490 5825; x_wconf 85' lang='lat' dir='ltr'><strong>_Chr.</strong></span> <span class='ocrx_word' id='word_1_801' title='bbox 1521 5756 1872 5825; x_wconf 24' lang='lat' dir='ltr'><strong>Fruidaltlueio</strong></span> <span class='ocrx_word' id='word_1_802' title='bbox 1911 5753 2055 5805; x_wconf 67' lang='lat' dir='ltr'><strong>editae</strong></span> 
     </span>
    </p>
   </div>
   <div class='ocr_carea' id='block_1_112' title="bbox 489 5817 1703 5880">
    <p class='ocr_par' dir='ltr' id='par_1_112' title="bbox 489 5817 1703 5880">
     <span class='ocr_line' id='line_1_113' title="bbox 489 5817 1703 5880; baseline -0.009 -7"><span class='ocrx_word' id='word_1_803' title='bbox 489 5817 612 5875; x_wconf 64' lang='lat' dir='ltr'><strong>sunt</strong></span> <span class='ocrx_word' id='word_1_804' title='bbox 631 5817 684 5873; x_wconf 76' lang='lat' dir='ltr'><strong>in</strong></span> <span class='ocrx_word' id='word_1_805' title='bbox 704 5821 873 5872; x_wconf 82' lang='lat' dir='ltr'><strong>libello</strong></span> <span class='ocrx_word' id='word_1_806' title='bbox 895 5817 1186 5879; x_wconf 68' lang='lat' dir='ltr'><strong>academico,</strong></span> <span class='ocrx_word' id='word_1_807' title='bbox 1211 5820 1543 5880; x_wconf 72' lang='lat' dir='ltr'><strong>Vitembergze</strong></span> <span class='ocrx_word' id='word_1_808' title='bbox 1573 5817 1703 5865; x_wconf 67' lang='lat'><strong>1802.</strong></span> 
     </span>
    </p>
   </div>
   <div class='ocr_carea' id='block_1_113' title="bbox 2247 5389 3741 5465">
    <p class='ocr_par' dir='ltr' id='par_1_113' title="bbox 2247 5389 3741 5465">
     <span class='ocr_line' id='line_1_114' title="bbox 2247 5389 3741 5465; baseline -0.011 -9"><span class='ocrx_word' id='word_1_809' title='bbox 2247 5406 2291 5456; x_wconf 92' lang='lat' dir='ltr'><strong>l.</strong></span> <span class='ocrx_word' id='word_1_810' title='bbox 2341 5403 2538 5458; x_wconf 75' lang='lat' dir='ltr'><strong>Yt-liem</strong></span> <span class='ocrx_word' id='word_1_811' title='bbox 2570 5403 2756 5457; x_wconf 57' lang='lat' dir='ltr'><strong>adesse</strong></span> <span class='ocrx_word' id='word_1_812' title='bbox 2783 5402 3002 5457; x_wconf 74' lang='lat' dir='ltr'><strong>Gr..ecos</strong></span> <span class='ocrx_word' id='word_1_813' title='bbox 3025 5399 3212 5462; x_wconf 82' lang='lat' dir='ltr'><strong>hodie,</strong></span> <span class='ocrx_word' id='word_1_814' title='bbox 3242 5406 3298 5450; x_wconf 88' lang='lat' dir='ltr'><strong>ut</strong></span> <span class='ocrx_word' id='word_1_815' title='bbox 3323 5389 3741 5465; x_wconf 69' lang='grc' dir='ltr'>ιεμιιειεειιιιςιιοῑ</span> 
     </span>
    </p>
   </div>
   <div class='ocr_carea' id='block_1_114' title="bbox 2172 5483 3737 5566">
    <p class='ocr_par' dir='ltr' id='par_1_114' title="bbox 2172 5483 3737 5566">
     <span class='ocr_line' id='line_1_115' title="bbox 2172 5483 3737 5566; baseline -0.012 -14"><span class='ocrx_word' id='word_1_816' title='bbox 2172 5500 2420 5553; x_wconf 78' lang='lat' dir='ltr'><strong>audirent</strong></span> <span class='ocrx_word' id='word_1_817' title='bbox 2462 5510 2516 5552; x_wconf 89' lang='lat' dir='ltr'><strong>et</strong></span> <span class='ocrx_word' id='word_1_818' title='bbox 2563 5498 2835 5551; x_wconf 83' lang='lat' dir='ltr'><strong>discerent</strong></span> <span class='ocrx_word' id='word_1_819' title='bbox 2882 5504 3076 5566; x_wconf 78' lang='lat' dir='ltr'><strong>qtmuta</strong></span> <span class='ocrx_word' id='word_1_820' title='bbox 3136 5494 3206 5546; x_wconf 83' lang='lat' dir='ltr'><strong>sit</strong></span> <span class='ocrx_word' id='word_1_821' title='bbox 3241 5486 3507 5543; x_wconf 68' lang='grc' dir='ltr'><strong>(Σωεὸέὶςί</strong></span> <span class='ocrx_word' id='word_1_822' title='bbox 3560 5483 3737 5534; x_wconf 72' lang='lat' dir='ltr'><strong>virtus.</strong></span> 
     </span>
    </p>
   </div>
   <div class='ocr_carea' id='block_1_115' title="bbox 2171 5573 3737 5661">
    <p class='ocr_par' dir='ltr' id='par_1_115' title="bbox 2171 5573 3737 5661">
     <span class='ocr_line' id='line_1_116' title="bbox 2171 5573 3737 5661; baseline -0.011 -16"><span class='ocrx_word' id='word_1_823' title='bbox 2171 5604 2364 5661; x_wconf 88' lang='lat' dir='ltr'><strong>quanta</strong></span> <span class='ocrx_word' id='word_1_824' title='bbox 2393 5592 2570 5645; x_wconf 85' lang='lat' dir='ltr'><strong>erucis</strong></span> <span class='ocrx_word' id='word_1_825' title='bbox 2598 5599 2834 5658; x_wconf 81' lang='lat' dir='ltr'><strong>potestas</strong></span> <span class='ocrx_word' id='word_1_826' title='bbox 2855 5628 2870 5652; x_wconf 92' lang='lat'><strong>,</strong></span> <span class='ocrx_word' id='word_1_827' title='bbox 2912 5593 3107 5654; x_wconf 81' lang='lat' dir='ltr'><strong>quanta</strong></span> <span class='ocrx_word' id='word_1_828' title='bbox 3151 5579 3418 5637; x_wconf 72' lang='lat' dir='ltr'><strong>Ecclesiae</strong></span> <span class='ocrx_word' id='word_1_829' title='bbox 3468 5573 3737 5630; x_wconf 59' lang='lat' dir='ltr'><strong>nolnlitaS:</strong></span> 
     </span>
    </p>
   </div>
   <div class='ocr_carea' id='block_1_116' title="bbox 2170 5668 3741 5754">
    <p class='ocr_par' dir='ltr' id='par_1_116' title="bbox 2170 5668 3741 5754">
     <span class='ocr_line' id='line_1_117' title="bbox 2170 5668 3741 5754; baseline -0.011 -18"><span class='ocrx_word' id='word_1_830' title='bbox 2170 5695 2361 5754; x_wconf 87' lang='lat' dir='ltr'><strong>quanta</strong></span> <span class='ocrx_word' id='word_1_831' title='bbox 2395 5683 2514 5737; x_wconf 76' lang='grc' dir='ltr'><strong>1ὶάνί</strong></span> <span class='ocrx_word' id='word_1_832' title='bbox 2547 5683 2788 5744; x_wconf 77' lang='lat' dir='ltr'><strong>firmitas,</strong></span> <span class='ocrx_word' id='word_1_833' title='bbox 2819 5687 3010 5748; x_wconf 82' lang='lat' dir='ltr'><strong>quanta</strong></span> <span class='ocrx_word' id='word_1_834' title='bbox 3033 5676 3235 5731; x_wconf 88' lang='lat' dir='ltr'><strong>erroris</strong></span> <span class='ocrx_word' id='word_1_835' title='bbox 3255 5668 3566 5738; x_wconf 76' lang='lat' dir='ltr'><strong>turpitudo.</strong></span> <span class='ocrx_word' id='word_1_836' title='bbox 3590 5672 3741 5754; x_wconf 62' lang='lat' dir='ltr'><strong>qia-10f</strong></span> 
     </span>
    </p>
   </div>
   <div class='ocr_carea' id='block_1_117' title="bbox 2175 5753 3739 5838">
    <p class='ocr_par' dir='ltr' id='par_1_117' title="bbox 2175 5753 3739 5838">
     <span class='ocr_line' id='line_1_118' title="bbox 2175 5753 3739 5838; baseline -0.015 -11"><span class='ocrx_word' id='word_1_837' title='bbox 2175 5753 2224 5834; x_wconf 69' lang='lat' dir='ltr'><strong>ta</strong></span> <span class='ocrx_word' id='word_1_838' title='bbox 2255 5776 2555 5829; x_wconf 67' lang='lat' dir='ltr'><strong>diemonunt</strong></span> <span class='ocrx_word' id='word_1_839' title='bbox 2587 5773 2781 5827; x_wconf 84' lang='lat' dir='ltr'><strong>irrisio.</strong></span> <span class='ocrx_word' id='word_1_840' title='bbox 2801 5770 3011 5826; x_wconf 79' lang='lat' dir='ltr'><strong>Etenim</strong></span> <span class='ocrx_word' id='word_1_841' title='bbox 3030 5785 3148 5838; x_wconf 74' lang='lat' dir='ltr'><strong>quae</strong></span> <span class='ocrx_word' id='word_1_842' title='bbox 3165 5762 3607 5838; x_wconf 81' lang='lat' dir='ltr'><strong>philosophorum</strong></span> <span class='ocrx_word' id='word_1_843' title='bbox 3631 5753 3739 5806; x_wconf 73' lang='lat' dir='ltr'><strong>sunt</strong></span> 
     </span>
    </p>
   </div>
  </div>
