3966 6160
357 291 456 350 5M

360 430 504 484 abiis
520 429 608 499 qui
633 427 880 498 ejusdem
907 426 1098 497 lingua:
1125 435 1300 490 erant,
1329 427 1600 479 confutata
1620 422 1807 483 fuere;
1841 432 1940 472 no-

356 530 462 573 stra
490 535 620 573 vero
645 521 805 573 etiam
831 519 968 587 apud
991 531 1278 572 extraneos
1305 518 1525 570 multant
1556 517 1660 568 vim
1691 514 1890 568 habent
1919 553 1932 567 .

354 620 410 664 et
443 611 529 663 illa
577 610 792 680 quidem
845 611 1048 664 facilius
1088 625 1246 692 quam
1276 624 1489 662 aranea:
1535 607 1635 661 tela
1685 605 1938 675 dissipata

355 709 509 764 sunt;
543 700 658 755 lucc
685 709 864 754 autem
895 700 1098 754 firmius
1118 715 1276 769 quam
1301 699 1519 753 adamas
1543 698 1703 752 infixa
1733 708 1878 750 sunt.

426 791 672 847 Barbara:
697 802 867 863 gentes
893 791 962 845 ad
986 792 1138 859 ﬁdem
1159 807 1412 846 conversa:
1443 793 1734 859 Scripturas
1759 792 1812 843 in
1838 790 1940 843 lin-

358 900 512 956 guam
530 900 676 938 suam
693 882 1242 940 converterunt.—Ubi
1264 894 1386 938 sunt
1401 899 1541 936 nunc
1566 883 1654 936 illa
1685 882 1942 945 Platonis,

364 976 685 1048 Pythagora!
728 984 998 1032 eteorum
1038 975 1128 1047 qui
1174 975 1402 1031 Athenis
1444 976 1632 1031 erant?
1683 975 1944 1028 exstincta

362 1078 506 1125 aruit.
556 1067 657 1124 Ubi
686 1077 809 1122 sunt
847 1069 934 1122 illa
967 1069 1289 1138 piscatorum
1316 1079 1370 1124 et
1399 1068 1749 1123 tentoriorum
1778 1067 1947 1121 artiﬁ-

362 1175 482 1214 cum
501 1160 525 1213 ?
544 1175 650 1216 non
682 1159 734 1214 in
761 1159 943 1214 Iudaea
975 1160 1170 1226 solum,
1201 1159 1295 1215 sed
1321 1159 1480 1214 etiam
1502 1159 1641 1229 apud
1666 1159 1946 1214 barbaram

367 1254 624 1323 linguam,
649 1264 702 1307 ut
731 1252 892 1307 hodie
919 1253 1164 1315 audistis,
1189 1252 1524 1324 splendidius
1548 1267 1707 1323 quam
1735 1252 1815 1305 sol
1836 1253 1948 1320 ipse

367 1347 566 1415 fulgent
586 1363 601 1400 :
619 1344 903 1416 etScythm
925 1353 980 1398 el.
1001 1345 1236 1399 Thraces
1257 1353 1310 1398 et
1339 1343 1598 1400 Sarmata:
1621 1353 1674 1397 et
1705 1342 1869 1396 Mauri
1896 1350 1952 1396 et

371 1436 482 1491 Indi
512 1447 566 1492 et
589 1436 677 1506 qui
713 1435 780 1490 ad
822 1448 1056 1491 extrema
1098 1436 1245 1490 orbis
1288 1435 1444 1491 sedes
1475 1435 1704 1496 habent,
1737 1435 1802 1488 iis
1830 1449 1950 1504 quae

369 1531 565 1599 scripta
617 1541 741 1584 sunt
797 1529 850 1582 in
901 1530 1133 1598 linguam
1186 1543 1335 1583 suam
1389 1527 1684 1591 translatis,
1718 1526 1952 1595 philoso-

369 1621 600 1689 phantur
627 1637 640 1672 :
672 1621 809 1687 haec,
835 1621 1068 1691 inquam,
1098 1635 1214 1690 qum
1228 1635 1296 1675 ne
1309 1635 1404 1690 per
1439 1619 1705 1674 somnium
1733 1618 1947 1689 quidem

369 1712 642 1781 imaginati
671 1724 795 1766 sunt
824 1713 894 1779 ii,
925 1713 1014 1783 qui
1041 1712 1180 1781 apud
1209 1711 1427 1767 Grazcos
1455 1710 1671 1766 barbam
1705 1719 1950 1780 gestant,

368 1815 422 1859 et
448 1807 691 1876 scipione
733 1821 828 1862 eos
855 1807 944 1877 qui
987 1807 1091 1862 sibi
1117 1809 1168 1862 in
1215 1807 1329 1862 foro
1353 1815 1644 1862 occurrunt
1676 1815 1949 1870 amorem,

369 1899 456 1967 qui
475 1897 701 1966 capillos
720 1897 912 1967 capitis
934 1897 1154 1968 agitant,
1175 1897 1388 1953 leonum
1413 1899 1582 1968 ntagis
1599 1912 1755 1966 quam
1782 1897 1955 1951 homi-

371 2002 496 2041 num
529 1987 717 2041 faciem
747 2003 859 2058 prae
878 2002 938 2044 se
967 1987 1220 2044 ferentes.
1251 1988 1353 2044 Sed
1387 1997 1566 2044 nostra
1595 2004 1702 2043 non
1728 1999 1856 2044 sunt
1880 1989 1952 2042 si-

373 2079 549 2142 milia;
581 2093 680 2133 nec
708 2078 762 2132 in
795 2079 1010 2144 vestitu,
1035 2080 1130 2134 sed
1155 2080 1206 2134 itt
1239 2080 1590 2150 temperantia
1620 2080 1952 2150 philosophia

373 2171 470 2224 sita
502 2179 605 2224 est.
634 2170 764 2225 Nam
792 2172 1046 2226 meretrix
1082 2173 1320 2242 quidem,
1363 2181 1546 2242 utpote
1577 2188 1695 2243 qua:
1727 2175 1955 2229 naturali

375 2276 478 2314 non
501 2261 699 2331 gaudet
719 2261 1135 2331 pulchritudine,
1158 2264 1298 2328 fuco,
1320 2263 1563 2332 picturis,
1592 2265 1785 2319 vestitu
1813 2265 1955 2332 albo,

373 2353 597 2422 aliisque
613 2353 876 2408 similibus
892 2354 1117 2418 artibus,
1145 2371 1302 2408 manu
1327 2356 1703 2410 concinnatam
1720 2356 1818 2411 sibi
1838 2371 1960 2412 con-

373 2444 518 2498 ciliat
544 2443 792 2508 formam,
830 2444 1128 2499 naturalem
1173 2445 1497 2500 abumbrans
1519 2446 1914 2502 deformitatem
1947 2466 1959 2501 :

374 2550 492 2605 qua:
526 2550 654 2589 vero
689 2550 756 2590 ex
787 2546 974 2590 natura
1001 2535 1236 2590 formosa
1269 2545 1374 2600 est,
1405 2538 1636 2606 gratiosa
1664 2549 1718 2593 et
1766 2539 1962 2594 nobilis

375 2626 569 2692 puella,
593 2636 798 2680 natura:
826 2627 1024 2681 donum
1055 2628 1252 2681 nudum
1278 2628 1428 2695 sinit,
1453 2638 1511 2682 ut
1537 2645 1632 2697 per
1648 2645 1707 2685 se
1733 2645 1960 2685 concere

377 2723 472 2780 tet,
497 2731 602 2770 non
634 2716 876 2786 indigens
907 2718 1179 2772 similibus
1207 2718 1455 2784 auxiliis;
1488 2718 1582 2773 sed
1612 2719 1700 2774 illa
1719 2719 1957 2790 depellit,

377 2819 445 2861 ne
467 2808 762 2862 naturalem
791 2808 1015 2862 formam
1048 2809 1348 2878 hujusmodi
1379 2825 1477 2864 ceu
1504 2810 1822 2866 velamentis
1863 2810 1961 2865 ob-

375 2908 577 2953 scuret.
608 2899 719 2954 lloc
741 2901 860 2954 etin
893 2901 1150 2964 licclesia,
1167 2911 1220 2956 et
1235 2900 1372 2971 apud
1387 2910 1642 2957 externos
1657 2902 1838 2957 videre
1856 2912 1958 2958 est.

378 2989 458 3044 llli
481 2990 620 3044 enim
643 3005 764 3046 cum
791 2992 1087 3046 naturalem
1114 2993 1568 3064 pulchritudinem
1587 3009 1692 3048 non
1712 2994 1961 3061 habeant,

380 3096 554 3151 neque
586 3083 783 3152 pietate
812 3098 935 3140 sese
964 3072 1156 3140 ornare
1184 3087 1412 3157 possint,
1460 3088 1652 3158 lingua:
1685 3090 1923 3143 facundia
1946 3132 1961 3155 ,

379 3174 558 3228 verbis
585 3177 809 3230 tornatis
836 3177 1239 3247 dictionnmque
1263 3181 1670 3250 compositiOne.
1690 3196 1754 3236 ac
1772 3181 1961 3248 comis,

378 3265 622 3321 vestibus
651 3275 705 3322 et
733 3267 854 3322 aliis
882 3269 1202 3338 quibusdam
1236 3286 1295 3325 se
1317 3272 1674 3328 cohonestare
1708 3272 1924 3328 student
1949 3291 1961 3327 :

379 3360 521 3430 apud
555 3375 653 3416 nos
683 3370 861 3416 autem
894 3378 999 3417 non
1031 3363 1098 3416 ita
1121 3405 1134 3426 ,
1169 3363 1264 3417 sed
1296 3364 1410 3418 haec
1437 3365 1614 3420 onmia
1645 3367 1966 3435 repellentes

379 3459 744 3506 ctextcrnum
797 3452 987 3506 fastum
1029 3454 1377 3523 repndiantes
1431 3457 1633 3520 nostri,
1668 3458 1966 3513 naturalem

379 3544 637 3599 exhibent
698 3545 1180 3614 pulchritudinem;
1231 3563 1335 3602 non
1385 3548 1617 3620 linguam
1666 3561 1917 3608 acuentes
1949 3597 1965 3619 ,

383 3653 490 3692 non
517 3637 832 3708 elegantiam
862 3641 1127 3694 sermonis
1146 3650 1423 3711 captantes
1442 3685 1457 3709 ,
1482 3643 1576 3698 sed
1605 3644 1657 3698 in
1683 3647 1973 3700 sententia.

371 3747 502 3785 rum
527 3731 720 3786 virtute
743 3733 1200 3802 philosophantes,
1223 3744 1380 3804 atque
1403 3751 1466 3790 ex
1485 3752 1704 3806 operum
1727 3740 1972 3810 exemplo

379 3833 438 3878 et
461 3840 525 3878 ex
565 3835 816 3880 accurato
843 3825 963 3880 vit:e
1007 3827 1250 3881 instituto
1279 3828 1663 3883 inhabitantem
1709 3832 1759 3885 in
1788 3847 1848 3887 se
1881 3833 1970 3887 Dei

385 3923 610 3992 gratiam
653 3938 748 3991 per
787 3937 976 3978 omnes
1004 3923 1314 3993 prmdicant.
1348 3925 1473 3980 Ideo
1498 3927 1658 3981 etiam
1691 3943 1794 3981 non
1824 3929 1974 3984 habi-

387 4022 549 4067 tatam
588 4015 749 4068 modo
790 4023 1028 4077 terram,
1078 4016 1172 4070 sed
1202 4016 1588 4083 inhabitatam;
1634 4035 1737 4073 non
1779 4029 1971 4075 terram

387 4103 582 4169 solum,
603 4104 696 4159 sed
715 4106 874 4158 etiam
903 4121 1081 4170 mare;
1113 4123 1216 4160 non
1246 4107 1405 4161 nrbes
1433 4117 1663 4174 tantum,
1695 4111 1787 4166 sed
1812 4113 1971 4166 etiam

368 4205 630 4256 montes,
673 4195 838 4252 colles
879 4204 933 4250 et
961 4198 1153 4264 valles;
1199 4213 1306 4254 non
1335 4199 1594 4256 Grazeiam
1639 4203 1834 4270 modo,
1879 4203 1975 4260 sed

388 4288 549 4339 etiam
592 4287 845 4342 barbaras
885 4289 1158 4354 nationes;
1210 4306 1317 4346 non
1359 4307 1456 4347 eos
1498 4293 1585 4363 qui
1622 4295 1675 4349 in
1718 4295 1976 4366 dignitate

391 4387 628 4446 mutum,
661 4379 755 4434 sed
794 4389 850 4435 et
886 4396 980 4436 eos
1004 4381 1094 4451 qui
1127 4384 1178 4436 in
1207 4393 1444 4439 extrema
1487 4397 1826 4456 paupertate;
1871 4407 1975 4446 non

390 4471 536 4524 viros
562 4471 734 4525 solum
757 4513 772 4535 ,
805 4471 898 4525 sed
926 4472 1086 4527 etiam
1119 4475 1396 4541 mulieres;
1426 4492 1532 4532 non
1559 4493 1718 4534 senes
1740 4488 1942 4535 tantum
1964 4524 1977 4545 ,

390 4561 486 4616 sed
509 4561 669 4615 etiam
698 4561 921 4629 juvenes
949 4572 1214 4633 tamquam
1245 4580 1437 4635 sagena
1469 4577 1746 4637 ceperunt.
1778 4569 1886 4625 Nec
1913 4587 1978 4625 eo

368 4668 561 4722 usque
584 4660 787 4707 tantmn
814 4695 829 4718 ,
875 4655 968 4709 sed
1012 4657 1174 4710 etiam
1206 4657 1429 4713 ulterius
1457 4671 1870 4728 processerunt,
1923 4673 1978 4716 et

389 4759 512 4799 cum
535 4760 641 4800 non
663 4745 795 4800 satis
823 4745 950 4814 ipsis
969 4759 1112 4802 ρεςοι
1139 4757 1278 4802 terra
1303 4759 1505 4814 nostra,
1537 4751 1588 4804 in
1619 4753 1789 4822 ipsum
1813 4753 1978 4808 Ocea-

392 4852 519 4891 num
555 4851 616 4891 se
643 4837 1007 4903 contulerunt,
1029 4838 1389 4909 barbarosque
1419 4842 1662 4911 regiones
1689 4852 1743 4897 ct
1769 4845 1978 4899 Britan-

393 4929 542 4984 nicas
571 4929 773 4984 insnlas
801 4930 852 4983 in
877 4931 1080 4985 retibus
1109 4933 1220 4986 suis
1249 4933 1576 4988 incluserunt
1599 4953 1611 4989 :
1632 4942 1688 4990 et
1715 4952 1942 5003 quocum
1961 4965 1975 4977 -

391 5035 498 5090 que
521 5023 632 5089 jam
662 5020 890 5089 abieris,
933 5023 1259 5092 piscatornrn
1289 5025 1502 5079 nomina
1534 5027 1582 5080 in
1613 5028 1850 5082 omnium
1881 5045 1977 5083 ore

395 5111 523 5166 ferri
553 5113 792 5178 videbis;
826 5129 932 5168 non
964 5127 1182 5184 propter
1209 5117 1532 5186 piscatorum
1565 5117 1851 5183 virtutem,
1881 5120 1974 5175 sed

394 5215 617 5276 propter
640 5206 894 5262 Crucilixi
942 5208 1261 5276 potentiam,
1303 5223 1422 5278 qua:
1450 5209 1642 5279 ubique
1683 5211 1811 5279 ipsis
1839 5211 1976 5266 viam

395 5307 808 5365 monstraverat,
839 5307 1000 5368 atque
1025 5299 1214 5355 idiotas
1245 5299 1573 5368 philoSOphis
1604 5302 1975 5371 sapientiores,

395 5401 446 5444 et
469 5391 745 5446 illiteratos
764 5394 1036 5462 magisque
1054 5403 1228 5447 mutos
1251 5409 1407 5463 quam
1439 5396 1630 5462 pisces,
1654 5395 1978 5460 rhetoribus,

396 5485 699 5540 oratoribus
726 5493 780 5538 et
807 5487 1062 5554 sophistis
1089 5487 1369 5541 solidiores
1395 5487 1717 5541 reddiderat.
1750 5488 1825 5542 Ne
1850 5504 1978 5556 ergo

395 5577 516 5644 quis
547 5589 694 5648 ptttct
720 5580 770 5633 id
806 5581 990 5648 pudori
1018 5595 1136 5634 esse
1169 5581 1438 5640 Ecclesim,
1473 5580 1612 5650 quod
1640 5581 1896 5635 barbaros
1926 5581 1978 5635 in

399 5666 574 5722 medio
601 5685 820 5740 surgere
840 5680 892 5724 et
923 5669 1064 5740 loqui
1091 5673 1502 5742 prmceperinius
1533 5691 1544 5725 :
1582 5672 1682 5725 hoc
1707 5672 1848 5725 enim
1878 5671 1981 5726 Ec-

402 5756 578 5814 clesim
601 5773 820 5817 ornatus
837 5763 1085 5826 etdccor,
1107 5766 1219 5818 haec
1244 5765 1630 5820 demonstratio
1657 5775 1738 5820 est
1766 5764 1975 5820 virtutis

730 5876 1002 5936 ΡΑῑιιοι..
1049 5881 1164 5937 (in.
1220 5881 1433 5942 LXIII.

933 285 1043 343 VIII
1085 283 1386 348 llOMILIA,
1431 282 1680 340 IIABITA
1725 279 2091 348 POSTQUAM
2137 280 2543 339 PRESBYTER
2582 281 2878 348 GOTIIUS,
2920 283 3073 342 ETC.

3523 285 3627 347 503

2049 427 2168 481 qua:
2207 414 2258 468 in
2290 415 2394 471 fide
2419 417 2518 471 sita
2544 427 2626 471 est
2659 436 2672 472 :
2705 419 2804 472 hoc
2833 429 2886 472 et
2908 419 3170 490 Propheta
3208 423 3338 476 olim
3373 439 3625 493 praenun-

2049 504 2219 571 tians,
2285 507 2497 562 dicebat
2530 526 2543 563 :
2578 509 2696 563 Non
2743 521 2860 564 sunt
2908 513 3120 580 loquela:
3154 530 3314 582 neque
3351 533 3626 582 sermones,

2046 611 2261 664 quorum
2283 615 2383 652 non
2411 601 2686 654 audiantur
2714 619 2857 656 voces
2887 621 3060 658 eorum
3090 621 3109 658 :
3135 605 3188 659 iu
3216 624 3412 662 omnem
3441 619 3628 664 terram

2048 689 2199 742 exivit
2227 706 2381 744 sonus
2407 707 2577 744 eorum
2597 733 2611 757 ,
2649 704 2694 745 et
2720 695 2770 746 in
2794 695 2924 761 fines
2949 697 3094 750 orbis»
3113 708 3260 753 terra:
3284 701 3433 754 verba
3456 719 3630 756 eorum

2049 779 2220 849 (Psat.
2257 783 2343 838 l8.
2375 785 2429 838 4.
2459 786 2536 854 5).
2569 785 2679 840 Hoc
2704 796 2757 841 et
2776 789 2912 844 alius
2937 805 3147 845 rursum
3175 792 3483 859 declarans,
3510 797 3630 852 ali’s

2049 873 2422 929 subindiCabat
2450 878 2656 945 verbis,
2707 879 2894 934 dicens
2928 899 2941 934 :
2974 881 3108 951 Lupi
3134 894 3179 938 et
3211 888 3332 957 agni
3355 888 3509 942 simul
3533 906 3630 957 pa-

2050 977 2287 1032 scentur,
2320 978 2366 1021 et
2398 971 2586 1036 pardus
2610 973 2825 1041 quiescet
2854 990 2968 1028 cum
2999 975 3145 1031 haedo
3163 1018 3178 1046 ,
3211 988 3256 1032 et
3285 979 3362 1034 lca
3391 981 3521 1036 sicut
3544 983 3632 1040 bos

2049 1058 2272 1111 comedet
2312 1059 2484 1125 paleas
2528 1060 2788 1130 (Isui.65.
2821 1064 2913 1135 25)
2951 1083 2963 1120 :
2996 1083 3099 1123 non
3136 1068 3205 1123 de
3247 1069 3520 1139 leonibus,
3563 1074 3634 1130 de

2051 1148 2233 1216 agnis,
2262 1148 2328 1202 de
2355 1151 2535 1219 pardis
2554 1193 2568 1216 ,
2609 1154 2678 1208 de
2705 1153 2870 1211 laedis
2902 1158 3158 1228 loquens,
3186 1161 3280 1217 sed
3307 1164 3460 1220 nobis
3490 1180 3631 1236 pra:-

2056 1238 2310 1293 numians
2325 1249 2382 1295 et
2410 1243 2713 1311 significans
2751 1245 2867 1302 fore
2889 1258 2942 1302 ut
2971 1265 3033 1304 ea
3059 1265 3181 1321 pars
3211 1251 3486 1310 hominum
3513 1273 3636 1328 qua

2056 1330 2224 1385 ferina
2254 1344 2388 1398 erat,
2420 1335 2471 1388 in
2493 1351 2609 1390 eam
2640 1339 2819 1393 veniat
2847 1343 3309 1400 mansuetudinem
3331 1362 3428 1417 per
3444 1350 3639 1418 praedi-

2054 1424 2280 1478 cationis
2309 1425 2698 1496 philosophiam
2727 1441 3040 1500 temperata,
3059 1434 3128 1489 ita
3159 1444 3216 1489 ut
3241 1451 3362 1491 cum
3391 1455 3639 1497 mansne-

2057 1514 2124 1568 tis
2147 1523 2204 1569 et
2228 1517 2522 1572 mitissimis
2543 1521 2672 1575 viris
2692 1524 2992 1579 conveniat.
3023 1526 3089 1580 Et
3119 1527 3220 1581 hoc
3250 1527 3410 1584 hodie
3426 1532 3636 1598 videtis,

2057 1621 2152 1661 eos
2208 1623 2421 1678 nempe,
2471 1612 2558 1681 qui
2611 1629 2720 1682 pra:
2772 1617 3020 1670 omnibus
3068 1617 3376 1678 hominibus
3429 1625 3639 1680 barbari

2057 1707 2241 1763 erant,
2265 1713 2386 1754 eum
2445 1701 2702 1758 Ecclesia:
2732 1705 2920 1762 ovibus
2951 1716 3184 1775 stantes,
3215 1711 3514 1785 iisdemque
3541 1731 3639 1784 pa-

2060 1789 2201 1841 scuis
2228 1799 2388 1859 atque
2416 1793 2604 1849 eadem
2633 1796 2780 1850 caula
2813 1809 3042 1865 utentes,
3074 1817 3344 1874 unamque
3387 1807 3642 1864 omnibus

2061 1879 2359 1948 appositam
2393 1898 2653 1940 mensam.

2131 1971 2185 2024 2.
2227 1972 2558 2029 Erubescant
2578 1976 2746 2034 Judmi
2764 2019 2780 2044 ,
2803 1981 2890 2050 qui
2915 1982 3093 2038 literas
3120 1985 3323 2055 legunt,
3347 1997 3401 2043 et
3425 2003 3640 2045 sensum

2064 2060 2312 2131 ignorant
2344 2081 2356 2116 :
2389 2081 2496 2135 pra:
2515 2069 2718 2136 pudore
2747 2085 2806 2125 se
2835 2071 3081 2140 obtegam
3101 2077 3348 2145 gentiles,
3373 2081 3462 2149 qui
3491 2083 3643 2136 radio

2061 2155 2222 2208 solari
2246 2155 2528 2212 clariorem
2560 2160 2738 2215 vident
2767 2163 3044 2219 veritatem
3091 2167 3464 2236 splendentem
3485 2213 3500 2236 ,
3551 2175 3644 2243 qui

2063 2241 2328 2311 lapidibus
2353 2248 2624 2315 assident,
2667 2260 2722 2305 et
2751 2254 2997 2308 tenebras
3020 2265 3318 2325 sequuntur
3347 2277 3361 2314 :
3389 2241 3647 2329 glorietur

2064 2336 2321 2406 Ecclesia,
2339 2355 2457 2407 qua:
2482 2341 2620 2410 apud
2647 2357 2832 2399 omnes
2859 2346 3022 2416 fulget
3041 2360 3096 2403 et
3122 2349 3319 2404 evolat.
3337 2351 3488 2407 Sicut
3501 2354 3644 2408 enim

2063 2430 2143 2483 sol
2171 2433 2470 2486 communis
2495 2443 2578 2488 est
2603 2443 2658 2489 et
2687 2446 2825 2491 terra
2855 2441 3152 2496 communis
3175 2481 3192 2508 ,
3222 2451 3282 2498 ut
3324 2452 3381 2499 et
3419 2461 3567 2503 mare
3593 2459 3650 2504 et

2063 2536 2159 2575 aer
2195 2539 2208 2574 :
2242 2521 2340 2588 sic,
2378 2534 2432 2578 et
2462 2526 2821 2598 multomagis
2857 2531 3003 2584 verbi
3037 2532 3346 2600 prmdicatio
3387 2535 3526 2593 facta
3567 2549 3652 2595 est

2065 2617 2365 2672 communis
2394 2635 2406 2671 :
2443 2618 2670 2689 ideoque
2699 2620 2892 2676 Paulus
2917 2622 3130 2680 dicebat
3158 2644 3172 2677 :
3205 2627 3273 2682 Ut
3294 2630 3513 2701 aliquem
3537 2636 3650 2704 [ηις

2067 2717 2201 2760 ctum
2242 2708 2454 2763 habeam
2495 2721 2540 2764 et
2572 2713 2623 2766 iu
2653 2713 2789 2768 vobis
2808 2756 2822 2780 ,
2866 2718 2996 2770 sicut
3024 2727 3071 2772 et
3105 2719 3158 2773 in
3183 2724 3375 2778 cretei-is
3400 2727 3650 2794 gentibus.

2070 2796 2260 2855 Grauis
2303 2817 2364 2855 ac
2402 2802 2648 2871 barbaris,
2681 2807 2988 2876 sapientibus
3013 2819 3058 2864 et
3085 2812 3435 2882 insipientibus
3459 2815 3654 2870 debitor

2067 2907 2182 2944 sum
2211 2908 2229 2945 :
2254 2893 2325 2946 ita
2350 2904 2397 2948 et
2424 2895 2475 2948 iu
2505 2913 2583 2950 me
2604 2909 2891 2969 promptum
2917 2912 2989 2956 est
3019 2913 3066 2957 et
3092 2905 3144 2958 iu
3173 2907 3310 2961 vobis
3329 2948 3345 2974 ,
3375 2909 3461 2976 qui
3477 2909 3656 2965 Rarum

2071 2987 2220 3051 estis,
2273 2990 2615 3059 ermgclizare
2644 2991 2818 3061 (Rom.
2857 2994 2904 3049 Ι.
2934 2995 3149 3068 15-15).
3198 2997 3264 3052 Et
3291 2999 3416 3070 quid
3443 3002 3656 3057 miraris

2073 3078 2116 3130 si
2148 3077 2198 3132 in
2227 3078 2400 3144 Novo,
2454 3082 2667 3151 quando
2705 3086 2866 3140 etiam
2919 3087 2970 3141 in
3003 3088 3176 3144 Veteri
3215 3091 3442 3161 idipsum
3471 3093 3652 3151 (iebat.

2075 3169 2205 3224 Nam
2238 3171 2438 3240 primus
2459 3183 2513 3228 et
2542 3174 2798 3230 Ecclesi:e
2823 3185 2877 3231 et
2905 3178 3202 3250 Synagogre
3233 3185 3562 3253 progenitor,
3593 3185 3625 3240 il
3644 3217 3657 3227 -

2075 3261 2247 3318 lorum
2273 3264 2488 3334 quidem
2518 3268 2808 3324 secundum
2839 3285 3080 3338 carnem,
3114 3275 3283 3329 nostri
3316 3291 3444 3332 vero
3465 3293 3658 3333 secun-

2071 3353 2198 3408 dum
2242 3356 2519 3424 spiritum,
2577 3358 2834 3416 barbarus
2869 3371 2984 3418 erat
3025 3373 3080 3419 et
3120 3380 3183 3419 ex
3225 3366 3400 3421 media
3441 3369 3659 3425 l’erside

2074 3442 2385 3511 ducebatur,
2437 3448 2740 3516 patriarcha
2784 3467 2977 3522 nempe
3019 3455 3290 3510 Abraham
3325 3475 3339 3512 :
3385 3469 3441 3514 et
3485 3476 3659 3530 neque

2076 3536 2259 3593 literas
2285 3539 2546 3606 audierat,
2578 3558 2752 3612 neque
2783 3545 3076 3616 prophetiae
3106 3552 3371 3618 particeps
3399 3559 3534 3615 erat,
3560 3567 3660 3606 nec

2076 3628 2166 3698 qui
2188 3644 2244 3683 sc
2265 3629 2488 3688 doceret
2514 3632 2764 3700 habebat,
2793 3651 2890 3692 nec
2919 3638 3194 3694 historiam
3219 3641 3457 3696 audierat
3483 3660 3498 3708 ;
3529 3659 3664 3699 non-

2079 3721 2204 3774 dum
2241 3723 2383 3776 enim
2419 3734 2644 3780 venerat
2667 3725 2913 3798 Moyses;
2943 3745 3042 3784 nec
3068 3731 3340 3802 quidpiam
3368 3749 3398 3788 a
3430 3735 3664 3806 majori--

2079 3811 2179 3866 bus
2221 3814 2513 3881 didicerat,
2548 3833 2720 3887 neque
2761 3834 2824 3873 ea
2866 3835 2987 3891 qua:
3029 3833 3150 3893 post
3197 3841 3257 3881 se
3299 3826 3473 3883 I'ulnra
3511 3841 3666 3887 erant

2083 3905 2305 3961 edoctus
2337 3909 2538 3975 fuerat;
2585 3911 2678 3967 sed
2718 3912 2769 3968 in
2799 3915 2972 3970 media
3002 3917 3284 3974 Persarum
3317 3924 3534 3991 regione
3565 3941 3664 3979 na-

2084 4004 2168 4050 tus
2196 4007 2250 4052 et
2288 3998 2580 4067 educatus,
2631 4002 2701 4057 ita
2742 4014 2965 4074 repente
3005 4009 3409 4080 philosolihatus
3440 4024 3557 4081 est,
3609 4027 3668 4070 ut

2081 4092 2240 4146 etiam
2262 4091 2395 4146 Novi
2417 4094 2744 4152 Testamenti
2769 4100 2928 4153 multa
2953 4114 3352 4173 praeoccuparet
3375 4119 3666 4178 przrcepta,

2081 4193 2137 4237 et
2165 4198 2258 4252 per
2287 4200 2447 4254 opera
2473 4185 2778 4243 exhiberet.
2811 4189 3020 4247 Etenim
3044 4192 3228 4261 jussus
3265 4198 3445 4267 egredi
3468 4214 3534 4254 ex
3575 4215 3667 4270 pa-

2100 4276 2198 4328 tria
2219 4315 2235 4338 ,
2283 4286 2338 4330 et
2374 4276 2590 4332 domum
2631 4285 2880 4336 deserere
2903 4291 2960 4337 et
2986 4286 3188 4340 amicos
3211 4295 3262 4342 ct
3290 4301 3548 4360 cognatos
3567 4333 3582 4357 ,
3613 4303 3667 4347 et

2083 4371 2265 4422 venire
2292 4369 2343 4423 in
2360 4369 2588 4424 alienam
2619 4382 2835 4440 terram,
2868 4376 3000 4431 nihil
3032 4393 3219 4447 passus
3241 4391 3324 4437 est
3350 4383 3669 4450 humanum,

2083 4475 2256 4528 neque
2284 4475 2349 4514 ex
2376 4461 2565 4516 affectu
2597 4464 2846 4521 detentus
2876 4476 2980 4534 est,
3005 4485 3180 4542 neque
3205 4475 3345 4543 apud
3378 4490 3437 4532 se
3465 4481 3668 4548 cogita-

2083 4552 2153 4604 vit
2183 4564 2235 4605 et
2264 4554 2437 4609 dixit:
2466 4557 2597 4624 Quae
2619 4558 2897 4615 manifesta
2929 4571 2984 4616 et
3007 4563 3152 4618 clara
3182 4575 3308 4621 sunt
3337 4570 3667 4640 relinquens,

2085 4645 2148 4696 ad
2181 4646 2381 4700 incerta
2415 4657 2471 4702 et
2496 4649 2719 4705 obscura
2748 4666 2834 4706 me
2866 4653 3186 4709 conferam?
3237 4657 3332 4713 scd
3373 4659 3530 4714 tidem
3577 4662 3671 4716 ba-

2088 4735 2216 4790 bens
2244 4738 2342 4792 viae
2379 4738 2607 4806 ducem,
2654 4749 2708 4796 et
2749 4741 2841 4797 Dei
2883 4745 3296 4813 promissionem
3346 4765 3440 4817 pro
3480 4751 3670 4807 baculo

2085 4842 2367 4884 assumens
2391 4871 2405 4894 ,
2439 4845 2557 4900 qua:
2584 4846 2696 4900 pra:
2725 4834 2969 4888 manilius
2997 4833 3225 4890 habebat
3254 4838 3504 4908 reliquit;
3546 4858 3666 4912 qua:

2086 4935 2214 4974 vero
2243 4923 2296 4976 in
2326 4936 2423 4992 spe
2450 4965 2464 4986 ,
2491 4926 2698 4994 accepit
2743 4945 2756 4979 :
2802 4927 2998 4981 etenim
3029 4937 3083 4981 et
3112 4930 3402 4985 secundum
3434 4931 3533 4986 hoc
3564 4933 3663 4988 Ec-

2087 5012 2264 5066 clrsia:
2295 5016 2604 5084 progenitor
2644 5015 2761 5070 fuit.
2806 5017 2935 5070 Nam
2968 5028 3021 5072 et
3047 5034 3143 5073 nos
3169 5020 3420 5088 iubentur
3445 5038 3532 5077 res
3563 5039 3667 5079 δίει

2087 5105 2294 5161 enlares
2333 5106 2610 5176 despicere
2654 5118 2707 5162 et
2751 5119 3062 5176 extraneas,
3108 5121 3162 5165 et
3203 5112 3270 5166 ad
3321 5115 3526 5168 occulta
3574 5130 3670 5185 spe

2088 5199 2396 5266 intendere,
2443 5211 2498 5256 et
2539 5200 2695 5265 fidem
2731 5210 2912 5256 tenere
2939 5218 3190 5257 ancoram
3218 5205 3405 5260 salutis
3445 5217 3667 5273 nostra,

2086 5302 2139 5344 et
2171 5293 2257 5346 illa
2286 5307 2551 5362 qumrcre.
2579 5291 2701 5346 Ideo
2723 5294 2884 5347 etiam
2910 5293 3106 5348 Paulus
3127 5293 3336 5351 dicebat
3365 5316 3379 5352 :
3403 5297 3509 5368 Spe
3537 5300 3669 5354 enim

2087 5390 2214 5444 salvi
2246 5390 2366 5458 facti
2396 5405 2569 5441 sumus
2604 5403 2623 5440 .·
2663 5406 2776 5458 spes
2816 5400 2985 5443 autent
3017 5405 3131 5458 qua:
3154 5390 3372 5459 videtur,
3409 5393 3524 5464 jam
3567 5411 3668 5450 non

2089 5493 2160 5536 cst
2207 5498 2320 5549 spes
2358 5480 2533 5550 (Rom.
2566 5481 2620 5535 8.
2651 5480 2743 5550 2i)
2773 5491 2863 5535 :ct
2895 5497 3104 5536 rursum
3124 5521 3139 5544 ,
3172 5480 3238 5534 Id
3257 5484 3425 5547 enim,
3447 5485 3584 5554 quod
3611 5487 3666 5540 in

2092 5573 2327 5641 prresenti
2353 5583 2422 5626 cst
2456 5581 2855 5624 momentaueum
2881 5582 2926 5625 et
2968 5573 3071 5626 leve
3092 5571 3430 5629 tribulationis
3451 5584 3660 5641 nostrw.

2091 5682 2247 5732 supra
2281 5663 2484 5717 modum
2525 5665 2576 5716 iu
2620 5662 2926 5718 sublimitate
2964 5673 3205 5718 (sternunt
3244 5665 3424 5736 σιω-ξω
3465 5665 3670 5736 pondus

2095 5767 2330 5830 opcratur
2357 5757 2407 5810 iu
2437 5758 2618 5822 nobis;
2660 5773 2758 5810 non
2805 5757 3261 5830 contemplantibus
3287 5760 3427 5814 nobis
3451 5770 3569 5830 qua
3589 5757 3664 5815 tti-

3254 5886 3332 5949 25
