3966 6160
376 281 481 335 503

365 398 573 463 dentur,
615 396 705 454 sed
731 411 972 468 quantm
1021 393 1252 448 videntur
1302 393 1379 458 (Ω.
1429 389 1550 446 Cor.
1590 393 1645 447 4.
1693 393 1780 445 Π.
1828 383 1940 459 18).

438 491 696 545 Abraham
733 488 1012 558 apostolica
1043 493 1293 556 pracepta
1323 484 1557 554 operibus
1599 482 1846 537 exhibuit.
1882 509 1949 531 ρ-

369 584 630 653 Egrcssus
655 589 831 633 autem
873 593 904 632 e
951 578 1116 646 patria
1149 577 1337 631 beatus
1365 575 1450 629 hic
1479 574 1789 639 Abraham,
1823 586 1946 628 cum

366 678 417 726 tu
446 673 618 728 aliena
647 669 911 740 tugurium
962 667 1166 722 fixisset
1189 707 1204 731 ,
1250 666 1543 735 apostolica
1585 680 1774 720 rursus
1809 679 1948 734 prm-

362 775 516 835 cepta
546 763 795 833 cperibtm
808 760 1085 816 exhibuit.
1122 760 1409 829 Postquam
1431 759 1574 812 enim
1603 756 1946 828 splendidum

363 854 496 909 illud
555 863 811 922 tropteum
858 860 1145 915 erexerat,
1196 848 1623 918 stupendamque
1667 846 1944 901 victoriam

371 944 649 1006 retulerat,
682 951 735 998 et
758 943 1012 996 barbaros
1043 941 1248 994 vicerat
1270 981 1284 1004 ,
1317 956 1424 993 non
1452 939 1650 994 virtute
1675 938 1944 1007 corporis,

359 1037 457 1094 scd
503 1037 624 1092 lidei
658 1037 932 1102 polentia,
979 1049 1101 1088 cum
1129 1033 1196 1087 ab
1244 1034 1307 1086 iis
1351 1033 1441 1102 qui
1491 1033 1692 1086 servati
1736 1031 1947 1086 fuerant

361 1128 664 1184 mercedem
687 1128 928 1184 laborum
955 1125 1200 1194 accipere
1217 1124 1520 1193 jubere-tur;
1546 1124 1775 1178 barbaro
1796 1138 1946 1178 nam-

362 1237 467 1290 que
495 1220 593 1274 sibi
625 1219 837 1273 dicente
857 1257 872 1282 ,
907 1217 1092 1284 Accipe
1140 1223 1194 1267 tu
1222 1231 1400 1283 equos,
1438 1223 1484 1268 et
1511 1214 1577 1267 da
1606 1214 1746 1267 nobis
1770 1214 1902 1268 viros
1925 1229 1944 1279 ,°

361 1312 487 1381 quid
509 1311 625 1366 ait?
647 1308 883 1363 Exteudo
911 1324 1114 1361 manum
1141 1323 1304 1360 meam
1332 1306 1402 1359 ad
1431 1305 1590 1359 Deum
1617 1306 1941 1370 altissimum,

359 1405 405 1457 si
446 1418 684 1472 accepero
711 1417 744 1453 a
772 1411 818 1452 te
843 1417 878 1452 α
901 1398 1131 1469 funiculo
1158 1414 1315 1467 usque
1341 1400 1409 1450 ad
1434 1397 1704 1467 corrigiam
1744 1398 1944 1451 calcea-

362 1496 518 1550 menti
544 1494 563 1565 (
592 1492 720 1548 Gen.
753 1493 840 1547 H.
872 1492 963 1546 21.
991 1491 1079 1545 22.
1110 1491 1181 1544 25
1205 1491 1243 1561 ).
1295 1489 1481 1544 Viden’
1510 1487 1780 1559 quomodo
1806 1503 1944 1559 prius

361 1595 576 1655 ceptum
607 1583 735 1638 illud
758 1582 1126 1652 evangelicum
1155 1579 1420 1650 implevit,
1449 1577 1625 1633 Gratis
1650 1579 1939 1648 accepistis,

359 1679 518 1750 gratis
541 1677 660 1730 date
688 1676 706 1747 (
731 1674 920 1728 Matth.
956 1674 1044 1729 10.
1077 1674 1112 1729 8
1133 1673 1196 1744 )‘l
1242 1673 1454 1744 Moyses
1484 1687 1696 1743 quoque
1724 1671 1776 1726 in
1812 1671 1940 1726 bar.

356 1771 537 1825 barica
558 1769 718 1824 domo
738 1767 992 1822 educatus
1012 1775 1094 1821 est
1115 1775 1170 1820 et
1194 1767 1382 1830 crevit;
1405 1773 1639 1819 attamen
1662 1763 1795 1818 nihil
1817 1763 1940 1819 inde

359 1861 538 1916 damni
588 1859 836 1931 accepit,
888 1859 982 1914 sed
1032 1859 1194 1913 etiam
1251 1857 1346 1913 ille
1384 1857 1790 1928 philosophatus
1813 1865 1936 1924 est,

358 1971 466 2009 non
510 1954 688 2008 minus
713 1967 873 2021 quam
918 1950 1218 2019 patriarcha
1243 1989 1260 2016 ,
1307 1949 1656 2020 Sybaritioam
1696 1962 1938 2005 mensam

358 2045 630 2111 irridens,
687 2045 1012 2113 illorumque
1064 2043 1271 2097 deliciis
1323 2042 1609 2098 sublimior
1669 2043 1936 2109 effectus,

355 2141 568 2195 divitias
595 2153 858 2208 spernens
883 2145 936 2190 ct
965 2150 1188 2206 regnum
1235 2133 1560 2206 Egyptique
1584 2144 1794 2204 sceptra
1823 2149 1838 2198 ;
1870 2133 1938 2188 ad

357 2233 527 2287 lutum
553 2239 730 2285 autem
761 2239 815 2284 et
842 2229 1132 2282 latcritium
1163 2241 1296 2296 opus
1325 2241 1385 2281 se
1413 2236 1607 2296 sponte
1641 2223 1936 2280 transtulit.

357 2325 590 2392 Ideoque
646 2321 842 2376 Paulus
895 2321 1067 2389 ipsum
1119 2319 1427 2380 admirans,
1475 2317 1729 2372 dicebat:
1764 2314 1940 2386 Majo-

353 2431 434 2468 res
471 2413 673 2466 divitias
699 2421 883 2480 putans
910 2426 1063 2482 quam
1108 2407 1330 2479 Egypti
1359 2408 1642 2474 thesauros,
1677 2408 1936 2477 imprope-

353 2507 489 2559 rium
509 2503 696 2558 Christi
724 2501 922 2572 (llebr.
946 2503 1035 2557 ll.
1057 2500 1132 2556 26
1152 2501 1194 2570 ).
1220 2500 1423 2555 Deinde
1447 2501 1634 2554 horum
1663 2499 1937 2554 doctorem

358 2601 622 2652 bonorum
649 2595 942 2650 ostendens
965 2593 1199 2650 addebat
1226 2595 1412 2649 dicens
1437 2613 1450 2649 :
1474 2593 1786 2648 luvisibilem
1806 2593 1938 2648 enim

355 2703 614 2762 tmuquam
653 2691 827 2744 videns
867 2689 1152 2744 sustinuit:
1183 2688 1326 2760 quod
1369 2689 1616 2745 maxima:
1647 2689 1766 2746 lldei
1797 2698 1933 2745 erat.

354 2787 431 2840 Ne
456 2801 584 2856 ergo
611 2783 799 2854 pudori
844 2783 896 2837 id
939 2782 1095 2836 nobis
1121 2797 1242 2838 esse
1271 2793 1518 2853 putemus
1545 2782 1688 2854 quod
1726 2784 1934 2839 barbari

357 2883 408 2933 in
439 2878 664 2934 ecclesia
692 2877 802 2931 sint
824 2916 840 2942 ,
885 2875 978 2930 sed
1009 2875 1186 2946 potius
1221 2877 1390 2930 multo
1417 2887 1734 2932 ornamento
1764 2896 1776 2932 :
1807 2891 1930 2932 nam

354 2985 406 3026 et
438 2974 550 3041 ipse
585 2969 842 3024 Dominus
872 2978 1057 3023 noster
1085 2967 1242 3023 Jesus
1269 2966 1518 3024 Christus
1544 3009 1559 3035 ,
1613 2984 1733 3025 cum
1764 2971 1816 3025 in
1845 2985 1936 3024 or-

356 3067 476 3118 bem
511 3074 668 3118 terra:
696 3063 954 3124 venisset,
984 3061 1246 3116 barbaros
1270 3062 1473 3131 primos
1511 3063 1746 3118 vocavit.
1780 3062 1936 3118 Post-

354 3173 516 3223 quam
543 3155 686 3209 enim
718 3162 875 3207 natus
915 3163 998 3208 est
1042 3161 1096 3207 et
1123 3152 1178 3206 ln
1205 3152 1470 3223 prtesepio
1510 3154 1716 3223 positus
1741 3193 1755 3220 ,
1798 3154 1938 3225 magi

354 3266 420 3302 ex
451 3247 668 3303 Petside
697 3248 991 3311 venientes,
1020 3246 1194 3316 ipsum
1221 3244 1598 3300 adoraverunt.
1627 3245 1674 3302 Ο
1695 3258 1862 3301 novas
1884 3254 1939 3302 et

360 3343 758 3410 inexspectatas
774 3352 860 3392 res
888 3340 900 3392 ε
932 3351 1058 3408 rege
1084 3337 1300 3408 quidem
1325 3337 1376 3391 in
1406 3336 1590 3392 urbem
1609 3336 1935 3406 ingressum,

354 3433 650 3486 velamenta
678 3441 732 3484 et
759 3429 1031 3499 lampades
1056 3429 1370 3500 eriguntur;
1405 3437 1460 3485 et
1485 3428 1572 3498 qui
1603 3430 1655 3483 in
1679 3428 1938 3500 dignitate

351 3532 405 3576 et
432 3522 668 3592 potentia
695 3531 822 3576 sunt
849 3535 1038 3575 omnes
1064 3520 1166 3590 ipsi
1187 3520 1400 3576 obviam
1429 3519 1652 3574 veniunt
1676 3534 1797 3575 cum
1821 3519 1936 3575 ele—

351 3617 496 3684 ganti
522 3623 717 3671 ornatu
741 3655 758 3682 ,
801 3623 856 3670 et
885 3614 1027 3670 tibia:
1050 3653 1067 3681 ,
1115 3612 1306 3669 ﬁstula)
1334 3653 1350 3676 ,
1396 3613 1623 3667 citharae
1650 3653 1666 3677 ,
1696 3621 1750 3668 et
1778 3627 1938 3667 omne

355 3709 570 3762 musica:
609 3721 817 3777 genus;
867 3717 922 3761 et
971 3706 1293 3760 vestimenta
1345 3713 1472 3759 sunt
1516 3703 1838 3774 splendida,
1884 3712 1940 3758 et

351 3797 590 3863 corolhc,
615 3805 669 3852 et
692 3797 858 3852 multa
883 3806 967 3852 est
987 3794 1382 3866 magniﬁcentia
1412 3811 1426 3849 :
1454 3794 1599 3865 Rege
1624 3803 1804 3849 autem
1828 3808 1936 3848 cte-

356 3890 528 3944 lorum
556 3888 865 3958 ingressuro
891 3888 943 3942 in
969 3886 1187 3953 orbem,
1221 3885 1355 3940 nihil
1381 3886 1558 3940 simile
1585 3927 1602 3950 ,
1635 3885 1732 3941 sed
1759 3885 1938 3940 omnia

352 3981 619 4036 contraria
651 3998 662 4034 :
697 3980 964 4050 tugurium
992 3986 1048 4032 et
1073 3979 1478 4033 tabernaculum
1499 3987 1554 4033 et
1577 3992 1820 4048 praesepe
1839 4019 1854 4044 ,
1883 3986 1940 4033 et

357 4083 528 4127 mater
555 4072 696 4138 vilis,
725 4081 784 4124 ut
808 4070 1110 4135 videbatur;
1140 4070 1318 4140 inopia
1353 4071 1517 4125 multa
1547 4079 1598 4124 et
1625 4078 1936 4140 paupertas.

355 4163 537 4232 Atqui,
562 4163 605 4216 si
625 4161 900 4226 voluisset,
921 4161 1107 4216 venire
1132 4162 1542 4233 poteratcmlum
1563 4175 1934 4227 commovens,

358 4263 554 4308 terram
581 4251 846 4323 quatiens,
881 4252 1086 4321 fulgura
1109 4254 1329 4308 tnittens
1357 4271 1369 4306 ε
1397 4261 1451 4308 et
1487 4253 1615 4322 quid
1643 4252 1759 4308 haec
1785 4253 1940 4310 dico?

329 4405 332 4408 ,
355 4346 399 4400 si
428 4344 620 4398 nudam
647 4344 812 4398 solam
839 4344 1168 4400 divinitatem
1195 4345 1556 4411 ostendisset,
1602 4355 1805 4416 quanto
1826 4362 1943 4401 ma-

353 4437 444 4504 jus
472 4435 573 4490 hoc
595 4449 700 4488 non
723 4433 914 4489 fuisset
937 4438 1082 4489 omni
1111 4436 1398 4505 splendore
1421 4445 1476 4491 et
1494 4437 1810 4493 festivitate?
1834 4438 1939 4493 Sed

360 4543 465 4582 non
495 4527 564 4581 ita
592 4525 757 4589 fecit;
793 4542 900 4580 non
945 4526 1087 4580 enim
1118 4528 1347 4596 perdere
1371 4570 1386 4594 ,
1433 4529 1526 4583 sed
1555 4530 1736 4585 salvos
1763 4530 1940 4586 facere

359 4621 610 4686 volebat;
653 4633 760 4676 non
809 4619 1232 4689 perterrefacere
1255 4661 1270 4685 ,
1318 4621 1412 4676 sed
1444 4623 1715 4692 corrigere
1739 4663 1753 4687 ,
1777 4632 1832 4677 et
1871 4623 1940 4678 ab

325 4713 512 4767 .initio
562 4711 757 4767 fastum
810 4711 1102 4765 humanum
1131 4713 1339 4770 calcare
1367 4722 1421 4767 et
1448 4716 1808 4784 arrogantiam
1849 4715 1943 4770 de-

356 4804 610 4872 primere.
639 4801 762 4856 Ideo
783 4816 886 4854 non
909 4800 1084 4855 solum
1112 4800 1170 4855 lit
1195 4800 1378 4865 homo,
1409 4802 1502 4856 sed
1529 4819 1730 4874 pauper
1754 4803 1938 4872 homo,

356 4904 410 4948 et
440 4903 663 4947 matrem
695 4893 852 4948 talem
877 4891 1092 4963 deligit,
1121 4908 1184 4948 ac
1209 4892 1565 4948 diversorium
1592 4895 1716 4960 vile;
1764 4908 1942 4952 extre-

360 5001 505 5038 mum
537 4985 862 5054 paupertatis
895 4984 1178 5038 terminum
1209 4983 1278 5036 ab
1309 4985 1460 5038 initio
1481 4996 1535 5040 et
1557 4986 1624 5039 ah
1646 4987 1762 5056 ipso
1789 5000 1942 5058 partu

355 5077 708 5146 amplectens.
741 5077 996 5144 Qua-nam
1018 5117 1033 5140 ,
1058 5077 1146 5132 dic
1171 5077 1320 5143 mihi,
1352 5079 1564 5146 mulier,
1594 5081 1800 5135 etiamsi
1829 5097 1943 5135 om-

359 5171 508 5225 nium
527 5171 759 5226 maxime
782 5171 936 5240 inops
959 5169 1138 5237 fuerit,
1157 5172 1366 5226 etiamsi
1388 5173 1718 5240 mendicans,
1749 5175 1941 5230 lectum

359 5282 467 5319 non
488 5265 667 5328 habet,
699 5265 785 5318 ubi
823 5275 1026 5333 partum
1053 5264 1308 5320 infantem
1339 5267 1596 5322 reclinet?
1622 5270 1690 5322 At
1719 5268 1808 5322 ille
1837 5285 1942 5323 non

360 5359 412 5410 itt
447 5357 586 5411 lecto
622 5355 982 5412 reclinabatur
1004 5395 1018 5421 ,
1057 5355 1152 5411 sed
1184 5355 1234 5410 in
1261 5357 1523 5427 praesepio
1543 5358 1856 5428 simpliciter
1888 5369 1945 5414 et

355 5458 648 5518 utcumque
674 5487 690 5512 ,
733 5457 789 5502 et
836 5448 888 5501 in
945 5448 1178 5516 tugurio,
1232 5462 1334 5506 nec
1378 5449 1430 5504 in
1461 5449 1779 5507 diversorio.
1823 5450 1946 5506 Ihec

356 5549 486 5595 sunt
509 5541 782 5610 ingressus
807 5539 924 5610 ejus
951 5541 1232 5610 prommia,
1256 5541 1329 5596 ita
1355 5541 1630 5612 splendida
1660 5551 1715 5597 et
1739 5543 1941 5612 magni-

359 5632 485 5684 ﬁca.
527 5630 663 5686 Cum
709 5631 864 5685 audis
913 5632 1252 5700 ingressum,
1304 5648 1374 5688 ne
1419 5633 1703 5688 transitum
1735 5649 1798 5690 cx
1827 5633 1946 5688 loco

356 5724 570 5795 cogita
592 5761 608 5790 ,
653 5723 748 5777 sed
776 5723 1092 5779 oeconomiae
1118 5725 1634 5792 attemperationem.

887 287 977 339 ὓ.
1017 279 1291 338 JOANNIS
1318 278 1789 336 Cl’lRYSOSTOMl
1829 277 2140 335 ARCHIEP.
2180 265 2712 336 CONSTANTINOP.
3515 286 3603 343 5M

2128 391 2181 444 5.
2228 392 2434 446 liti-nim
2467 392 2662 447 Paulus
2684 407 2806 447 cum
2836 394 2910 448 ait
2935 437 2950 457 ,
2995 394 3125 450 Cum
3153 407 3320 451 autem
3346 413 3509 453 rimus
3535 404 3604 458 its-

2053 482 2333 535 troduxerit
2360 480 2754 553 Primogenitstm
2779 485 2831 539 in
2849 485 3017 539 orbem
3037 485 3223 556 (Hebr.
3247 489 3296 543 Ι.
3312 487 3388 556 6),
3409 488 3606 560 dispen-

2053 574 2313 628 sationem
2338 574 2488 630 nobis
2510 577 2792 632 annuntiat
2826 595 2838 632 :
2873 579 2964 648 qui
2996 579 3141 633 enim
3174 581 3370 650 ubique
3395 598 3611 650 pra'sens

2052 673 2156 728 est.
2173 674 2229 720 et
2249 667 2426 720 omnia
2445 666 2651 737 implet,
2673 683 2906 738 quonam
2927 670 3031 724 intr
3043 672 3234 726 iverit?
3254 672 3347 727 sed
3371 674 3499 728 illam
3525 691 3608 744 per

2052 758 2407 812 oeconomiam
2447 757 2934 815 manifestationem
2965 761 3045 816 sic
3073 762 3304 816 vocavit.
3352 763 3608 833 Ingressus

2052 849 2230 920 itaque
2253 849 2306 905 in
2334 851 2562 918 orbem,
2607 868 2728 907 cum
2778 853 2866 909 vili
2916 852 3100 909 habitu
3141 853 3399 922 intravit,
3431 857 3608 913 fastum

2050 941 2262 997 calcans
2283 983 2298 1008 ,
2329 945 2691 1015 arrogantiam
2721 943 3057 1016 deprimens,
3104 948 3352 1001 omnibus
3397 949 3610 1003 suadens

2051 1041 2110 1087 ut
2139 1035 2417 1091 moderate
2441 1045 2622 1106 agant,
2648 1045 3016 1107 paupertatem
3040 1055 3107 1093 ne
3129 1050 3466 1095 contemnant
3491 1059 3612 1097 neve

2050 1127 2450 1185 mendicitatem
2477 1130 2794 1203 despiciant;
2832 1133 2898 1187 ad
2925 1133 3136 1188 divitias
3181 1149 3249 1190 ne
3294 1134 3523 1200 inhient,
3551 1153 3613 1191 ne

2048 1220 2174 1289 quid
2212 1235 2461 1291 magnum
2511 1237 2632 1277 esse
2677 1233 2865 1293 putent
2906 1223 3198 1279 humanum
3247 1224 3481 1292 fastum,
3525 1227 3610 1280 sed

2051 1311 2236 1366 umbra
2292 1313 2628 1381 tenuiorem,
2683 1313 2826 1369 foliis
2869 1314 3152 1380 viliorem,
3185 1317 3484 1372 ctsomniis
3529 1317 3614 1371 fal-

2049 1401 2320 1457 ltciorem.
2354 1403 2629 1473 Ingressus
2657 1419 2788 1475 ergo
2815 1405 3076 1461 barbaros
3104 1408 3336 1471 vocavit,
3371 1423 3466 1462 nec
3491 1409 3612 1461 sim-

2047 1495 2257 1566 pliciter
2286 1496 2561 1563 harbaros,
2604 1497 2701 1552 sed
2729 1511 2951 1568 magos,
3004 1499 3296 1568 pessimum
3339 1500 3613 1569 impietatis

2045 1603 2232 1658 genus.
2273 1587 2406 1654 Quia
2430 1587 2572 1642 enim
2598 1589 2776 1644 omnia
2807 1589 2858 1643 in
2887 1589 3019 1644 orbe
3045 1589 3185 1644 male
3211 1588 3404 1644 affecta
3431 1598 3575 1644 erant
3593 1629 3609 1654 ,

2044 1691 2098 1734 et
2127 1681 2372 1748 impietas
2401 1681 2597 1752 ubique
2616 1681 3014 1745 dominabatur,
3046 1682 3312 1753 uidorque
3335 1693 3391 1738 et
3412 1682 3612 1747 fumus;

2044 1785 2106 1827 ac
2149 1787 2325 1842 neque
2373 1772 2456 1828 lex
2500 1772 2770 1843 quidpiam
2825 1783 3080 1842 poterat,
3130 1767 3305 1843 neque
3351 1775 3613 1844 propincus

2043 1861 2498 1929 emendaveraut,
2551 1879 2656 1918 non
2689 1865 2889 1918 monita
2919 1863 3047 1934 quid
3099 1864 3474 1934 profecerant,
3518 1879 3612 1919 non

2042 1954 2320 2021 miracula,
2351 1970 2456 2010 non
2484 1955 2828 2026 supplicium,
2860 1971 2968 2011 non
3002 1971 3175 2026 patum
3197 1973 3213 2020 ;
3235 1965 3293 2011 et
3325 1965 3464 2012 terra
3496 1970 3614 2011 san-

2042 2047 2205 2115 guine
2247 2046 2482 2101 humano
2511 2047 2884 2115 polluebatur,
2928 2057 2985 2103 et
3032 2058 3219 2104 natura
3266 2049 3380 2119 ipsa
3410 2050 3614 2117 ignoras

2042 2138 2200 2194 batur
2246 2155 2260 2193 :
2295 2155 2415 2194 nam
2463 2137 2865 2195 [inmolaverunt
2910 2142 3045 2211 ﬁlios
3075 2158 3193 2197 suos
3237 2152 3288 2196 et
3321 2143 3458 2213 filias
3499 2158 3612 2196 suos

2042 2230 2307 2286 dteutoniis
2349 2230 2368 2302 (
2394 2229 2540 2286 Psal.
2579 2232 2702 2288 105.
2736 2233 2848 2303 57)
2879 2251 2893 2286 :
2925 2233 3115 2288 altaria
3163 2234 3578 2288 destruebantur
3599 2271 3615 2293 ,

2043 2321 2320 2392 prepbeta:
2370 2323 2798 2387 occidebantur,
2850 2339 2916 2379 ac
2971 2325 3229 2395 templum
3303 2324 3514 2395 pietatis
3567 2322 3616 2376 in

2042 2414 2236 2471 rudera
2292 2430 2506 2471 versum
2559 2426 2643 2473 cst
2690 2427 2744 2473 et
2773 2417 3039 2472 idolorum
3092 2418 3516 2486 receptaculum,
3559 2429 3619 2469 ac

2041 2506 2272 2576 populus
2321 2506 2576 2562 Judaicus
2629 2509 2717 2578 qui
2777 2509 2986 2564 exstitit
3045 2516 3104 2563 ut
3155 2517 3391 2563 caeteros
3445 2506 3618 2562 erudi-

2043 2608 2147 2665 rct,
2188 2599 2310 2654 aliis
2351 2600 2700 2671 blasphemia:
2729 2601 2943 2656 occasio
2997 2600 3201 2656 fiebat:
3233 2599 3443 2655 Nomen
3465 2614 3618 2652 meum

2041 2691 2183 2744 enim
2205 2729 2221 2756 ,
2255 2691 2455 2762 inquit,
2485 2708 2572 2762 per
2595 2707 2681 2746 vos
2710 2691 3092 2762 blasphematur
3115 2691 3169 2746 in
3198 2693 3440 2763 gentibui
3474 2689 3617 2762 (lsai.

2041 2781 2131 2836 52.
2164 2781 2252 2851 5).
2287 2783 2372 2836 Sa.
2395 2781 2560 2836 rilicis
2587 2781 3005 2852 abrogahantur,
3039 2781 3173 2837 festa
3195 2823 3211 2849 ,
3242 2781 3549 2836 neomenia:
3569 2789 3621 2832 et

2039 2872 2282 2935 sabbata,
2315 2888 2378 2928 ac
2409 2871 2610 2944 reliqua
2640 2874 2817 2928 cultus
2842 2889 3039 2943 genera
3073 2873 3493 2942 reﬁciebantur,
3523 2871 3623 2924 vir.

2043 2972 2155 3019 tute
2179 2964 2450 3035 neglecta;
2477 2975 2532 3020 et
2559 2981 2660 3020 vox
2709 2981 2940 3036 superne
2991 2966 3082 3020 Dei
3126 2967 3444 3020 accusantis
3489 2972 3616 3027 erat,

2040 3065 2096 3113 et
2124 3073 2284 3114 voces
2313 3057 2694 3128 prophetarum
2718 3060 2772 3113 in
2806 3046 2947 3114 terra
2980 3058 3380 3129 plangentium,
3402 3069 3456 3112 et
3473 3071 3622 3110 voces

2042 3147 2308 3219 undique,
2333 3149 2492 3204 rebus
2524 3150 2663 3205 male
2695 3150 3110 3220 procedentibus
3136 3168 3153 3217 ;
3205 3151 3491 3220 multaque
3516 3156 3623 3203 erat

2042 3239 2292 3314 nequitiae
2318 3242 2576 3310 potentia,
2609 3241 2774 3296 densa
2805 3241 3050 3312 quietiam
3081 3241 3251 3297 nubes
3284 3251 3342 3298 et
3373 3240 3622 3311 profunda

2042 3345 2171 3398 nox,
2197 3341 2252 3387 et
2280 3334 2512 3402 nequitia
2540 3333 2796 3389 audacter
2823 3342 2877 3389 et
2899 3333 3234 3388 confidenter
3254 3333 3482 3406 agebat,
3512 3344 3626 3402 qua

2039 3425 2108 3478 ad
2145 3425 2392 3480 virtutem
2441 3433 2618 3480 autem
2676 3434 2941 3495 spectant,
2993 3425 3449 3481 eliminabantur.
3479 3425 3627 3480 Tem-

2043 3531 2220 3586 pestas
2245 3517 2298 3572 in
2327 3518 2492 3572 altum
2526 3517 2829 3582 tollebatur,
2859 3517 3054 3573 ﬂuctus
3074 3517 3214 3572 alius
3235 3519 3418 3573 alium
3444 3529 3628 3586 seque-

2042 3608 2218 3673 batur,
2264 3607 2540 3680 naufragia
2584 3609 2878 3679 frequentia
2935 3608 3284 3673 accidebant.
3302 3625 3496 3666 omnes
3534 3609 3631 3663 int-

2041 3701 2452 3772 mergebantur,
2511 3716 2684 3772 neque
2734 3702 2841 3757 ulla
2885 3701 3269 3772 gubernatoris
3300 3720 3402 3759 vox
3443 3701 3626 3756 audie-

2043 3791 2218 3857 batur,
2249 3808 2348 3848 nec
2378 3801 2659 3848 nautarum
2689 3808 2780 3848 ars
2805 3793 3094 3864 quidquam
3128 3803 3368 3864 poterat;
3399 3795 3494 3850 sed
3518 3808 3622 3848 ma-

2043 3884 2172 3956 ligni
2204 3885 2426 3956 spiritus
2469 3884 2926 3950 dominabautur,
2975 3900 3151 3955 neque
3183 3887 3298 3940 ulla
3348 3896 3471 3942 erat
3510 3899 3626 3954 spes

2041 3979 2232 4034 salutis
2251 4018 2266 4045 ,
2298 3993 2562 4048 nemoque
2589 3979 2838 4034 invocare
2863 3978 3026 4032 Deum
3048 3981 3287 4035 audebat
3317 3998 3331 4034 :
3363 3977 3630 4052 quomodo

2043 4073 2186 4126 enim
2230 4085 2392 4125 ausus
2439 4079 2620 4135 esset,
2677 4070 2951 4141 prophetis
2989 4071 3400 4136 accusantibus,
3435 4067 3630 4139 angelis

2043 4163 2135 4234 qui
2163 4162 2382 4232 singulis
2408 4162 2654 4232 gentibus
2677 4162 3165 4232 patrocinabantur,
3205 4177 3271 4218 se
3294 4180 3410 4234 pra:
3438 4162 3632 4232 pudore

2043 4254 2477 4309 occultantibus?
2519 4252 2825 4309 Creatorem
2867 4253 3102 4308 universi
3149 4262 3372 4326 tempus
3424 4255 3630 4308 denmm

2042 4347 2359 4414 advocabat,
2382 4349 2554 4419 ipsum
2573 4346 2924 4413 conditorem,
2946 4349 3036 4420 qui
3058 4347 3126 4402 ab
3149 4349 3309 4403 initio
3333 4361 3516 4418 genus
3539 4361 3634 4400 no-

2045 4453 2214 4498 strum
2241 4441 2640 4497 eli'ormaverat.
2679 4439 2944 4508 Quoniam
2980 4439 3140 4510 igitur
3165 4441 3494 4509 gravissima
3523 4443 3636 4491 erat

2044 4532 2310 4602 aegritudo
2334 4570 2351 4598 ,
2380 4547 2501 4602 qua:
2531 4531 2766 4585 maxime
2795 4537 2944 4599 parta
2973 4538 3089 4584 erat
3121 4545 3188 4584 ex
3233 4529 3553 4600 arrogantia
3578 4533 3630 4580 et

2044 4625 2303 4690 audacia;
2329 4638 2452 4679 cum
2481 4632 2534 4678 et
2557 4621 2880 4693 principium
2895 4629 2951 4676 et
2966 4620 3199 4676 medium
3219 4630 3280 4676 et
3310 4623 3438 4676 linis
3461 4631 3631 4675 rerum

2045 4723 2480 4784 corrumperetur
2513 4731 2527 4769 :
2558 4713 2650 4766 ille
2675 4727 2738 4767 ex
2769 4721 2991 4782 paterno
3018 4711 3214 4765 throno
3245 4711 3478 4775 exsiliit,
3506 4709 3634 4765 etin

2049 4816 2244 4863 terram
2275 4807 2442 4862 venit.
2484 4805 2617 4861 Cum
2644 4815 2824 4860 autem
2857 4803 2987 4858 illud
3029 4805 3220 4858 exsiliit
3267 4805 3432 4859 audis
3454 4845 3470 4870 ,
3514 4813 3638 4856 cave

2048 4909 2202 4971 putes
2231 4911 2466 4955 mutasse
2497 4898 2646 4953 illum
2689 4897 2805 4952 loca
2829 4907 2884 4953 et
2913 4896 3222 4952 deseruisse
3255 4898 3430 4952 ctelos
3471 4913 3486 4951 :
3519 4907 3633 4951 nam

2047 5007 2168 5047 cum
2197 4993 2249 5048 itt
2283 5003 2435 5046 utero
2460 4990 2702 5060 virgineo
2730 4998 2900 5054 esset,
2947 5003 3069 5044 cum
3119 4988 3284 5044 Patre
3319 4997 3444 5044 erat
3471 5005 3486 5041 :
3512 5001 3639 5054 qna-

2050 5084 2210 5140 modo
2250 5094 2425 5138 autem
2451 5124 2467 5148 ,
2518 5098 2585 5137 ne
2628 5096 2840 5152 quaeras
2878 5096 3052 5150 neque
3090 5083 3338 5138 rationes
3382 5087 3636 5150 expetas:

2047 5191 2167 5231 cum
2190 5176 2331 5228 enim
2358 5175 2495 5229 Deus
2517 5183 2792 5243 operatur,
2815 5172 2927 5228 sola
2949 5172 3055 5228 ﬁde
3076 5185 3210 5243 Opus
3242 5181 3353 5238 est,
3377 5180 3637 5228 consensu

2051 5269 2177 5323 item
2204 5276 2260 5322 et
2287 5265 2647 5321 confessione.
2693 5265 2827 5320 Cum
2875 5265 3114 5320 venisset
3157 5279 3293 5334 ergo
3333 5272 3394 5320 et
3420 5261 3637 5317 vidisset

2050 5374 2250 5428 a'grum
2279 5358 2330 5412 in
2357 5357 2496 5412 lecto
2511 5356 2778 5427 jacenlem
2801 5371 2866 5410 ac
2884 5357 3226 5425 desperatum
3250 5353 3273 5425 (
3295 5368 3424 5410 cum
3445 5362 3639 5420 :rgrnm

2051 5450 2194 5517 dico,
2223 5449 2291 5505 de
2310 5448 2546 5503 humano
2570 5462 2767 5517 genere
2789 5449 3001 5517 loquor,
3028 5462 3134 5501 non
3162 5445 3214 5500 in
3245 5446 3394 5500 lecto
3417 5439 3637 5511 vulgari,

2051 5541 2145 5597 sed
2173 5541 2225 5595 in
2255 5540 2394 5595 lecto
2437 5538 2690 5608 nequitia:
2709 5535 2754 5610 ),
2781 5551 2812 5592 a
2843 5535 3064 5592 medicis
3091 5535 3420 5592 derelictum
3444 5573 3462 5598 ,
3507 5531 3638 5586 vitiis

2053 5635 2218 5690 animi
2268 5633 2549 5687 obsessum
2579 5672 2596 5696 ,
2649 5629 2840 5685 morbo
2883 5627 3196 5689 detentum;
3249 5640 3381 5680 cum
3425 5621 3638 5680 vidisset

2065 5741 2224 5782 omne
2269 5721 2602 5795 :rgritudinis
2641 5736 2812 5792 genus
2862 5721 3146 5776 humanam
3193 5727 3455 5774 naturam
3497 5713 3634 5767 luva-
