  <div class='ocr_page' id='page_1' title='image "/cluster/home/n/w/nwhite01/storage/ocr_20150623/63/mdp.39015008641394/396.png"; bbox 0 0 3966 6160; ppageno 0'>
   <div class='ocr_carea' id='block_1_1' title="bbox 327 304 430 363">
    <p class='ocr_par' dir='ltr' id='par_1_1' title="bbox 327 304 430 363">
     <span class='ocr_line' id='line_1_1' title="bbox 327 304 430 363; baseline 0.01 -1"><span class='ocrx_word' id='word_1_1' title='bbox 327 304 430 363; x_wconf 64' lang='grc' dir='ltr'>ὕιὲὄ</span> 
     </span>
    </p>
   </div>
   <div class='ocr_carea' id='block_1_2' title="bbox 322 423 1985 501">
    <p class='ocr_par' dir='ltr' id='par_1_2' title="bbox 322 423 1985 501">
     <span class='ocr_line' id='line_1_2' title="bbox 322 423 1985 501; baseline 0.002 -20"><span class='ocrx_word' id='word_1_2' title='bbox 322 423 475 488; x_wconf 73' lang='grc' dir='ltr'>οὗτος</span> <span class='ocrx_word' id='word_1_3' title='bbox 526 427 805 499; x_wconf 68' lang='grc' dir='ltr'>Ἁϐραάμ,</span> <span class='ocrx_word' id='word_1_4' title='bbox 851 423 945 482; x_wconf 71' lang='grc' dir='ltr'>καὶ</span> <span class='ocrx_word' id='word_1_5' title='bbox 983 430 1040 481; x_wconf 79' lang='grc' dir='ltr'>ἐν</span> <span class='ocrx_word' id='word_1_6' title='bbox 1079 426 1332 499; x_wconf 73' lang='grc' dir='ltr'>ἀλλοτρία</span> <span class='ocrx_word' id='word_1_7' title='bbox 1375 427 1613 499; x_wconf 81' lang='grc' dir='ltr'>καλύϐην</span> <span class='ocrx_word' id='word_1_8' title='bbox 1655 429 1985 501; x_wconf 70' lang='grc' dir='ltr'>πηξάμενος,</span> 
     </span>
    </p>
   </div>
   <div class='ocr_carea' id='block_1_3' title="bbox 321 515 1986 589">
    <p class='ocr_par' dir='ltr' id='par_1_3' title="bbox 321 515 1986 589">
     <span class='ocr_line' id='line_1_3' title="bbox 321 515 1986 589; baseline -0.001 -16"><span class='ocrx_word' id='word_1_9' title='bbox 321 515 654 573; x_wconf 73' lang='grc' dir='ltr'>ἀποστολικά</span> <span class='ocrx_word' id='word_1_10' title='bbox 697 515 859 569; x_wconf 83' lang='grc' dir='ltr'>πάλιν</span> <span class='ocrx_word' id='word_1_11' title='bbox 908 515 1341 586; x_wconf 73' lang='grc' dir='ltr'>παραγγέλματα</span> <span class='ocrx_word' id='word_1_12' title='bbox 1376 515 1466 571; x_wconf 86' lang='grc' dir='ltr'>διά</span> <span class='ocrx_word' id='word_1_13' title='bbox 1511 515 1618 569; x_wconf 88' lang='grc' dir='ltr'>τῶν</span> <span class='ocrx_word' id='word_1_14' title='bbox 1663 515 1839 589; x_wconf 74' lang='grc' dir='ltr'>ἔργων</span> <span class='ocrx_word' id='word_1_15' title='bbox 1886 521 1986 572; x_wconf 81' lang='grc' dir='ltr'>ἐπ-</span> 
     </span>
    </p>
   </div>
   <div class='ocr_carea' id='block_1_4' title="bbox 320 590 1990 678">
    <p class='ocr_par' dir='ltr' id='par_1_4' title="bbox 320 590 1990 678">
     <span class='ocr_line' id='line_1_4' title="bbox 320 590 1990 678; baseline 0.005 -22"><span class='ocrx_word' id='word_1_16' title='bbox 320 601 580 668; x_wconf 78' lang='grc' dir='ltr'>εδείξατο.</span> <span class='ocrx_word' id='word_1_17' title='bbox 651 603 867 674; x_wconf 75' lang='grc' dir='ltr'>Ἐπειδὴ</span> <span class='ocrx_word' id='word_1_18' title='bbox 914 603 1026 674; x_wconf 75' lang='grc' dir='ltr'>γάρ</span> <span class='ocrx_word' id='word_1_19' title='bbox 1076 604 1140 656; x_wconf 83' lang='grc' dir='ltr'>τὸ</span> <span class='ocrx_word' id='word_1_20' title='bbox 1194 590 1446 674; x_wconf 79' lang='grc' dir='ltr'>λαμπρὸν</span> <span class='ocrx_word' id='word_1_21' title='bbox 1504 605 1680 659; x_wconf 80' lang='grc' dir='ltr'>ἐκεῖνο</span> <span class='ocrx_word' id='word_1_22' title='bbox 1730 606 1990 678; x_wconf 79' lang='grc' dir='ltr'>τρόπαιον</span> 
     </span>
    </p>
   </div>
   <div class='ocr_carea' id='block_1_5' title="bbox 324 686 1991 764">
    <p class='ocr_par' dir='ltr' id='par_1_5' title="bbox 324 686 1991 764">
     <span class='ocr_line' id='line_1_5' title="bbox 324 686 1991 764; baseline 0.005 -24"><span class='ocrx_word' id='word_1_23' title='bbox 324 686 544 758; x_wconf 73' lang='grc' dir='ltr'>ἔστησε,</span> <span class='ocrx_word' id='word_1_24' title='bbox 572 688 667 744; x_wconf 81' lang='grc' dir='ltr'>καί</span> <span class='ocrx_word' id='word_1_25' title='bbox 688 689 786 758; x_wconf 81' lang='grc' dir='ltr'>τὴν</span> <span class='ocrx_word' id='word_1_26' title='bbox 808 688 1106 762; x_wconf 77' lang='grc' dir='ltr'>παράδοξον</span> <span class='ocrx_word' id='word_1_27' title='bbox 1133 689 1291 760; x_wconf 84' lang='grc' dir='ltr'>νίκην</span> <span class='ocrx_word' id='word_1_28' title='bbox 1318 689 1507 760; x_wconf 78' lang='grc' dir='ltr'>ῆρατο,</span> <span class='ocrx_word' id='word_1_29' title='bbox 1539 691 1760 745; x_wconf 79' lang='grc' dir='ltr'>καὶτῶν</span> <span class='ocrx_word' id='word_1_30' title='bbox 1788 691 1991 764; x_wconf 86' lang='grc' dir='ltr'>βαρϐά-</span> 
     </span>
    </p>
   </div>
   <div class='ocr_carea' id='block_1_6' title="bbox 327 774 1988 853">
    <p class='ocr_par' dir='ltr' id='par_1_6' title="bbox 327 774 1988 853">
     <span class='ocr_line' id='line_1_6' title="bbox 327 774 1988 853; baseline 0.004 -26"><span class='ocrx_word' id='word_1_31' title='bbox 327 790 437 848; x_wconf 88' lang='grc' dir='ltr'>ρων</span> <span class='ocrx_word' id='word_1_32' title='bbox 485 774 850 848; x_wconf 84' lang='grc' dir='ltr'>περιεγένετο,</span> <span class='ocrx_word' id='word_1_33' title='bbox 909 776 1009 831; x_wconf 82' lang='grc' dir='ltr'>οὐκ</span> <span class='ocrx_word' id='word_1_34' title='bbox 1071 776 1215 846; x_wconf 83' lang='grc' dir='ltr'>ἰσχύϊ</span> <span class='ocrx_word' id='word_1_35' title='bbox 1267 775 1536 848; x_wconf 86' lang='grc' dir='ltr'>σώματος,</span> <span class='ocrx_word' id='word_1_36' title='bbox 1582 777 1719 832; x_wconf 88' lang='grc' dir='ltr'>ἀλλά</span> <span class='ocrx_word' id='word_1_37' title='bbox 1764 779 1988 853; x_wconf 77' lang='grc' dir='ltr'>δυνάμει</span> 
     </span>
    </p>
   </div>
   <div class='ocr_carea' id='block_1_7' title="bbox 324 863 1988 937">
    <p class='ocr_par' dir='ltr' id='par_1_7' title="bbox 324 863 1988 937">
     <span class='ocr_line' id='line_1_7' title="bbox 324 863 1988 937; baseline 0.003 -21"><span class='ocrx_word' id='word_1_38' title='bbox 324 863 582 927; x_wconf 85' lang='grc' dir='ltr'>πίστεως,</span> <span class='ocrx_word' id='word_1_39' title='bbox 618 865 712 924; x_wconf 76' lang='grc' dir='ltr'>καὶ</span> <span class='ocrx_word' id='word_1_40' title='bbox 742 863 931 935; x_wconf 71' lang='grc' dir='ltr'>μισθὸν</span> <span class='ocrx_word' id='word_1_41' title='bbox 961 863 1144 917; x_wconf 76' lang='grc' dir='ltr'>λαϐεῖν</span> <span class='ocrx_word' id='word_1_42' title='bbox 1169 864 1278 918; x_wconf 89' lang='grc' dir='ltr'>τῶν</span> <span class='ocrx_word' id='word_1_43' title='bbox 1317 864 1491 919; x_wconf 87' lang='grc' dir='ltr'>πόνων</span> <span class='ocrx_word' id='word_1_44' title='bbox 1518 866 1744 920; x_wconf 77' lang='grc' dir='ltr'>ἐκείνων</span> <span class='ocrx_word' id='word_1_45' title='bbox 1772 867 1866 921; x_wconf 85' lang='grc' dir='ltr'>καί</span> <span class='ocrx_word' id='word_1_46' title='bbox 1891 868 1988 937; x_wconf 86' lang='grc' dir='ltr'>τῆς</span> 
     </span>
    </p>
   </div>
   <div class='ocr_carea' id='block_1_8' title="bbox 320 949 1988 1024">
    <p class='ocr_par' dir='ltr' id='par_1_8' title="bbox 320 949 1988 1024">
     <span class='ocr_line' id='line_1_8' title="bbox 320 949 1988 1024; baseline 0.003 -20"><span class='ocrx_word' id='word_1_47' title='bbox 320 949 693 1022; x_wconf 69' lang='grc' dir='ltr'>ταλαιπωρίας</span> <span class='ocrx_word' id='word_1_48' title='bbox 733 951 882 1021; x_wconf 88' lang='grc' dir='ltr'>παρά</span> <span class='ocrx_word' id='word_1_49' title='bbox 919 951 1027 1005; x_wconf 88' lang='grc' dir='ltr'>τῶν</span> <span class='ocrx_word' id='word_1_50' title='bbox 1061 950 1344 1006; x_wconf 77' lang='grc' dir='ltr'>σωθέντων</span> <span class='ocrx_word' id='word_1_51' title='bbox 1391 951 1671 1005; x_wconf 89' lang='grc' dir='ltr'>ἐκελεύετο</span> <span class='ocrx_word' id='word_1_52' title='bbox 1691 968 1707 983; x_wconf 96' lang='grc'>·</span> <span class='ocrx_word' id='word_1_53' title='bbox 1750 953 1846 1006; x_wconf 86' lang='grc' dir='ltr'>τοῦ</span> <span class='ocrx_word' id='word_1_54' title='bbox 1880 951 1988 1024; x_wconf 78' lang='grc' dir='ltr'>γὰρ</span> 
     </span>
    </p>
   </div>
   <div class='ocr_carea' id='block_1_9' title="bbox 322 1036 1991 1109">
    <p class='ocr_par' dir='ltr' id='par_1_9' title="bbox 322 1036 1991 1109">
     <span class='ocr_line' id='line_1_9' title="bbox 322 1036 1991 1109; baseline 0.002 -20"><span class='ocrx_word' id='word_1_55' title='bbox 322 1037 600 1109; x_wconf 81' lang='grc' dir='ltr'>βαρϐάρου</span> <span class='ocrx_word' id='word_1_56' title='bbox 625 1038 760 1108; x_wconf 73' lang='grc' dir='ltr'>πρὸς</span> <span class='ocrx_word' id='word_1_57' title='bbox 779 1037 941 1091; x_wconf 72' lang='grc' dir='ltr'>αὐτὸν</span> <span class='ocrx_word' id='word_1_58' title='bbox 958 1036 1229 1107; x_wconf 88' lang='grc' dir='ltr'>λέγοντος,</span> <span class='ocrx_word' id='word_1_59' title='bbox 1247 1036 1402 1091; x_wconf 76' lang='grc' dir='ltr'>Λάϐε</span> <span class='ocrx_word' id='word_1_60' title='bbox 1424 1037 1506 1090; x_wconf 85' lang='grc' dir='ltr'>σὺ</span> <span class='ocrx_word' id='word_1_61' title='bbox 1531 1036 1638 1095; x_wconf 86' lang='grc' dir='ltr'>τόν</span> <span class='ocrx_word' id='word_1_62' title='bbox 1659 1039 1866 1102; x_wconf 76' lang='grc' dir='ltr'>ἵππον,</span> <span class='ocrx_word' id='word_1_63' title='bbox 1888 1038 1991 1103; x_wconf 79' lang='grc' dir='ltr'>καί</span> 
     </span>
    </p>
   </div>
   <div class='ocr_carea' id='block_1_10' title="bbox 321 1122 1989 1195">
    <p class='ocr_par' dir='ltr' id='par_1_10' title="bbox 321 1122 1989 1195">
     <span class='ocr_line' id='line_1_10' title="bbox 321 1122 1989 1195; baseline 0.002 -18"><span class='ocrx_word' id='word_1_64' title='bbox 321 1123 430 1191; x_wconf 84' lang='grc' dir='ltr'>δὸς</span> <span class='ocrx_word' id='word_1_65' title='bbox 459 1124 605 1193; x_wconf 76' lang='grc' dir='ltr'>ἡμῖν</span> <span class='ocrx_word' id='word_1_66' title='bbox 630 1122 770 1189; x_wconf 84' lang='grc' dir='ltr'>τοὺς</span> <span class='ocrx_word' id='word_1_67' title='bbox 798 1122 1041 1193; x_wconf 78' lang='grc' dir='ltr'>ἄνδρας,</span> <span class='ocrx_word' id='word_1_68' title='bbox 1076 1123 1130 1178; x_wconf 88' lang='grc' dir='ltr'>τί</span> <span class='ocrx_word' id='word_1_69' title='bbox 1156 1141 1350 1195; x_wconf 56' lang='lat' dir='ltr'>(pum;</span> <span class='ocrx_word' id='word_1_70' title='bbox 1393 1122 1646 1179; x_wconf 76' lang='grc' dir='ltr'>Ἐκτενῶ</span> <span class='ocrx_word' id='word_1_71' title='bbox 1678 1125 1794 1194; x_wconf 78' lang='grc' dir='ltr'>τὴν</span> <span class='ocrx_word' id='word_1_72' title='bbox 1820 1124 1989 1195; x_wconf 77' lang='grc' dir='ltr'>χεῖρά</span> 
     </span>
    </p>
   </div>
   <div class='ocr_carea' id='block_1_11' title="bbox 317 1209 1988 1281">
    <p class='ocr_par' dir='ltr' id='par_1_11' title="bbox 317 1209 1988 1281">
     <span class='ocr_line' id='line_1_11' title="bbox 317 1209 1988 1281; baseline 0.002 -17"><span class='ocrx_word' id='word_1_73' title='bbox 317 1228 438 1280; x_wconf 84' lang='grc' dir='ltr'>μου</span> <span class='ocrx_word' id='word_1_74' title='bbox 458 1209 609 1279; x_wconf 74' lang='grc' dir='ltr'>πρὸς</span> <span class='ocrx_word' id='word_1_75' title='bbox 626 1212 732 1265; x_wconf 82' lang='grc' dir='ltr'>τόν</span> <span class='ocrx_word' id='word_1_76' title='bbox 747 1210 893 1265; x_wconf 77' lang='grc' dir='ltr'>Θεὸν</span> <span class='ocrx_word' id='word_1_77' title='bbox 911 1211 1019 1265; x_wconf 85' lang='grc' dir='ltr'>τόν</span> <span class='ocrx_word' id='word_1_78' title='bbox 1036 1211 1318 1281; x_wconf 73' lang='grc' dir='ltr'>ὕψιστον,</span> <span class='ocrx_word' id='word_1_79' title='bbox 1335 1212 1386 1265; x_wconf 81' lang='grc' dir='ltr'>εί</span> <span class='ocrx_word' id='word_1_80' title='bbox 1406 1210 1677 1281; x_wconf 63' lang='grc' dir='ltr'>λήψομαι</span> <span class='ocrx_word' id='word_1_81' title='bbox 1700 1212 1859 1281; x_wconf 75' lang='grc' dir='ltr'>παρὰ</span> <span class='ocrx_word' id='word_1_82' title='bbox 1871 1210 1988 1267; x_wconf 86' lang='grc' dir='ltr'>σοῦ</span> 
     </span>
    </p>
   </div>
   <div class='ocr_carea' id='block_1_12' title="bbox 322 1294 1992 1368">
    <p class='ocr_par' dir='ltr' id='par_1_12' title="bbox 322 1294 1992 1368">
     <span class='ocr_line' id='line_1_12' title="bbox 322 1294 1992 1368; baseline -0.002 -14"><span class='ocrx_word' id='word_1_83' title='bbox 322 1297 441 1354; x_wconf 74' lang='grc' dir='ltr'>ἀπὸ</span> <span class='ocrx_word' id='word_1_84' title='bbox 472 1300 765 1366; x_wconf 76' lang='grc' dir='ltr'>σπαρτίου</span> <span class='ocrx_word' id='word_1_85' title='bbox 800 1295 911 1364; x_wconf 68' lang='grc' dir='ltr'>ἕως</span> <span class='ocrx_word' id='word_1_86' title='bbox 950 1296 1364 1368; x_wconf 71' lang='grc' dir='ltr'>σφαιρωτῆρος</span> <span class='ocrx_word' id='word_1_87' title='bbox 1403 1297 1808 1368; x_wconf 75' lang='grc' dir='ltr'>ὑποδήματος.</span> <span class='ocrx_word' id='word_1_88' title='bbox 1840 1294 1992 1361; x_wconf 76' lang='grc' dir='ltr'>Εἶδες</span> 
     </span>
    </p>
   </div>
   <div class='ocr_carea' id='block_1_13' title="bbox 323 1384 1990 1457">
    <p class='ocr_par' dir='ltr' id='par_1_13' title="bbox 323 1384 1990 1457">
     <span class='ocr_line' id='line_1_13' title="bbox 323 1384 1990 1457; baseline 0.001 -20"><span class='ocrx_word' id='word_1_89' title='bbox 323 1384 443 1450; x_wconf 86' lang='grc' dir='ltr'>πῶς</span> <span class='ocrx_word' id='word_1_90' title='bbox 479 1386 652 1439; x_wconf 83' lang='grc' dir='ltr'>ἐκεῖνο</span> <span class='ocrx_word' id='word_1_91' title='bbox 685 1384 746 1438; x_wconf 85' lang='grc' dir='ltr'>τὸ</span> <span class='ocrx_word' id='word_1_92' title='bbox 787 1385 1065 1456; x_wconf 76' lang='grc' dir='ltr'>ἐπίταγμα</span> <span class='ocrx_word' id='word_1_93' title='bbox 1109 1384 1393 1457; x_wconf 75' lang='grc' dir='ltr'>ἐπλήρωσε</span> <span class='ocrx_word' id='word_1_94' title='bbox 1427 1385 1488 1438; x_wconf 74' lang='grc' dir='ltr'>τὸ</span> <span class='ocrx_word' id='word_1_95' title='bbox 1532 1384 1887 1454; x_wconf 77' lang='grc' dir='ltr'>εύαγγελικὸν</span> <span class='ocrx_word' id='word_1_96' title='bbox 1931 1385 1990 1438; x_wconf 79' lang='grc' dir='ltr'>τὸ</span> 
     </span>
    </p>
   </div>
   <div class='ocr_carea' id='block_1_14' title="bbox 323 1469 1989 1545">
    <p class='ocr_par' dir='ltr' id='par_1_14' title="bbox 323 1469 1989 1545">
     <span class='ocr_line' id='line_1_14' title="bbox 323 1469 1989 1545; baseline 0.001 -20"><span class='ocrx_word' id='word_1_97' title='bbox 323 1471 484 1542; x_wconf 83' lang='grc' dir='ltr'>λέγον</span> <span class='ocrx_word' id='word_1_98' title='bbox 500 1490 515 1503; x_wconf 90' lang='grc'>·</span> <span class='ocrx_word' id='word_1_99' title='bbox 544 1471 686 1545; x_wconf 71' lang='grc'>[574]</span> <span class='ocrx_word' id='word_1_100' title='bbox 714 1470 945 1540; x_wconf 84' lang='grc' dir='ltr'>Δωρεὰν</span> <span class='ocrx_word' id='word_1_101' title='bbox 970 1469 1230 1537; x_wconf 72' lang='grc' dir='ltr'>ἐλάϐετε,</span> <span class='ocrx_word' id='word_1_102' title='bbox 1253 1471 1477 1540; x_wconf 79' lang='grc' dir='ltr'>δωρεὰν</span> <span class='ocrx_word' id='word_1_103' title='bbox 1494 1471 1630 1525; x_wconf 88' lang='grc' dir='ltr'>δότε</span> <span class='ocrx_word' id='word_1_104' title='bbox 1650 1489 1669 1537; x_wconf 86' lang='grc'><strong><em>;</em></strong></span> <span class='ocrx_word' id='word_1_105' title='bbox 1690 1472 1799 1525; x_wconf 78' lang='grc' dir='ltr'>Καὶ</span> <span class='ocrx_word' id='word_1_106' title='bbox 1823 1473 1989 1526; x_wconf 86' lang='grc' dir='ltr'>Μωῦ-</span> 
     </span>
    </p>
   </div>
   <div class='ocr_carea' id='block_1_15' title="bbox 326 1557 1987 1631">
    <p class='ocr_par' dir='ltr' id='par_1_15' title="bbox 326 1557 1987 1631">
     <span class='ocr_line' id='line_1_15' title="bbox 326 1557 1987 1631; baseline -0.002 -17"><span class='ocrx_word' id='word_1_107' title='bbox 326 1560 427 1630; x_wconf 80' lang='grc' dir='ltr'>σῆς</span> <span class='ocrx_word' id='word_1_108' title='bbox 458 1559 516 1614; x_wconf 78' lang='grc' dir='ltr'>δὲ</span> <span class='ocrx_word' id='word_1_109' title='bbox 546 1560 636 1614; x_wconf 78' lang='grc' dir='ltr'>καὶ</span> <span class='ocrx_word' id='word_1_110' title='bbox 656 1572 682 1600; x_wconf 78' lang='grc' dir='ltr'>ι</span> <span class='ocrx_word' id='word_1_111' title='bbox 716 1561 775 1613; x_wconf 89' lang='grc' dir='ltr'>ἐν</span> <span class='ocrx_word' id='word_1_112' title='bbox 797 1558 1105 1631; x_wconf 89' lang='grc' dir='ltr'>βαρϐαρικῇ</span> <span class='ocrx_word' id='word_1_113' title='bbox 1134 1557 1281 1629; x_wconf 76' lang='grc' dir='ltr'>οἰκίᾳ</span> <span class='ocrx_word' id='word_1_114' title='bbox 1313 1558 1520 1628; x_wconf 78' lang='grc' dir='ltr'>ἐτράφη</span> <span class='ocrx_word' id='word_1_115' title='bbox 1552 1575 1609 1611; x_wconf 90' lang='grc' dir='ltr'>τε</span> <span class='ocrx_word' id='word_1_116' title='bbox 1643 1558 1734 1611; x_wconf 70' lang='grc' dir='ltr'>καί¹</span> <span class='ocrx_word' id='word_1_117' title='bbox 1760 1558 1987 1629; x_wconf 75' lang='grc' dir='ltr'>ηὐξήθη·</span> 
     </span>
    </p>
   </div>
   <div class='ocr_carea' id='block_1_16' title="bbox 324 1643 1991 1718">
    <p class='ocr_par' dir='ltr' id='par_1_16' title="bbox 324 1643 1991 1718">
     <span class='ocr_line' id='line_1_16' title="bbox 324 1643 1991 1718; baseline -0.002 -18"><span class='ocrx_word' id='word_1_118' title='bbox 324 1647 440 1700; x_wconf 84' lang='grc' dir='ltr'>ἀλλ’</span> <span class='ocrx_word' id='word_1_119' title='bbox 466 1648 613 1718; x_wconf 83' lang='grc' dir='ltr'>ὅμως</span> <span class='ocrx_word' id='word_1_120' title='bbox 644 1646 793 1700; x_wconf 75' lang='grc' dir='ltr'>οὐδὲν</span> <span class='ocrx_word' id='word_1_121' title='bbox 816 1645 1063 1700; x_wconf 84' lang='grc' dir='ltr'>ἐντεῦθεν</span> <span class='ocrx_word' id='word_1_122' title='bbox 1093 1644 1523 1715; x_wconf 88' lang='grc' dir='ltr'>παρεϐλάπτετο,</span> <span class='ocrx_word' id='word_1_123' title='bbox 1554 1645 1689 1699; x_wconf 90' lang='grc' dir='ltr'>ἀλλά</span> <span class='ocrx_word' id='word_1_124' title='bbox 1713 1646 1806 1698; x_wconf 87' lang='grc' dir='ltr'>καί</span> <span class='ocrx_word' id='word_1_125' title='bbox 1830 1643 1991 1708; x_wconf 73' lang='grc' dir='ltr'>αύτδς</span> 
     </span>
    </p>
   </div>
   <div class='ocr_carea' id='block_1_17' title="bbox 324 1729 1993 1805">
    <p class='ocr_par' dir='ltr' id='par_1_17' title="bbox 324 1729 1993 1805">
     <span class='ocr_line' id='line_1_17' title="bbox 324 1729 1993 1805; baseline -0.002 -18"><span class='ocrx_word' id='word_1_126' title='bbox 324 1734 636 1805; x_wconf 70' lang='grc' dir='ltr'>ἐφιλοσόφει</span> <span class='ocrx_word' id='word_1_127' title='bbox 672 1734 769 1788; x_wconf 87' lang='grc' dir='ltr'>τοῦ</span> <span class='ocrx_word' id='word_1_128' title='bbox 794 1734 1131 1805; x_wconf 83' lang='grc' dir='ltr'>πατριάρχου</span> <span class='ocrx_word' id='word_1_129' title='bbox 1157 1733 1258 1787; x_wconf 82' lang='grc' dir='ltr'>ούκ</span> <span class='ocrx_word' id='word_1_130' title='bbox 1298 1732 1539 1797; x_wconf 74' lang='grc' dir='ltr'>ἔλαττον,</span> <span class='ocrx_word' id='word_1_131' title='bbox 1564 1733 1665 1803; x_wconf 89' lang='grc' dir='ltr'>τῆς</span> <span class='ocrx_word' id='word_1_132' title='bbox 1693 1733 1790 1804; x_wconf 80' lang='grc' dir='ltr'>μὲν</span> <span class='ocrx_word' id='word_1_133' title='bbox 1820 1729 1993 1784; x_wconf 87' lang='grc' dir='ltr'>Συϐα-</span> 
     </span>
    </p>
   </div>
   <div class='ocr_carea' id='block_1_18' title="bbox 327 1819 1994 1893">
    <p class='ocr_par' dir='ltr' id='par_1_18' title="bbox 327 1819 1994 1893">
     <span class='ocr_line' id='line_1_18' title="bbox 327 1819 1994 1893; baseline -0.002 -18"><span class='ocrx_word' id='word_1_134' title='bbox 327 1822 541 1893; x_wconf 88' lang='grc' dir='ltr'>ριτικῆς</span> <span class='ocrx_word' id='word_1_135' title='bbox 605 1821 923 1891; x_wconf 85' lang='grc' dir='ltr'>καταγελῶν</span> <span class='ocrx_word' id='word_1_136' title='bbox 981 1819 1295 1893; x_wconf 78' lang='grc' dir='ltr'>τραπέζης,</span> <span class='ocrx_word' id='word_1_137' title='bbox 1351 1821 1443 1873; x_wconf 73' lang='grc' dir='ltr'>καὶ</span> <span class='ocrx_word' id='word_1_138' title='bbox 1511 1819 1837 1891; x_wconf 71' lang='grc' dir='ltr'>ὑψηλότερος</span> <span class='ocrx_word' id='word_1_139' title='bbox 1893 1821 1994 1889; x_wconf 83' lang='grc' dir='ltr'>τῆς</span> 
     </span>
    </p>
   </div>
   <div class='ocr_carea' id='block_1_19' title="bbox 325 1905 1994 1980">
    <p class='ocr_par' dir='ltr' id='par_1_19' title="bbox 325 1905 1994 1980">
     <span class='ocr_line' id='line_1_19' title="bbox 325 1905 1994 1980; baseline 0.002 -18"><span class='ocrx_word' id='word_1_140' title='bbox 325 1908 548 1971; x_wconf 87' lang='grc' dir='ltr'>ἐκείνων</span> <span class='ocrx_word' id='word_1_141' title='bbox 587 1909 796 1980; x_wconf 80' lang='grc' dir='ltr'>τρυφῆς</span> <span class='ocrx_word' id='word_1_142' title='bbox 836 1908 1141 1979; x_wconf 77' lang='grc' dir='ltr'>γινόμενος,</span> <span class='ocrx_word' id='word_1_143' title='bbox 1188 1908 1282 1961; x_wconf 82' lang='grc' dir='ltr'>καὶ</span> <span class='ocrx_word' id='word_1_144' title='bbox 1315 1906 1542 1963; x_wconf 86' lang='grc' dir='ltr'>πλοῦτον</span> <span class='ocrx_word' id='word_1_145' title='bbox 1579 1907 1861 1978; x_wconf 75' lang='grc' dir='ltr'>ἀτιμάζων</span> <span class='ocrx_word' id='word_1_146' title='bbox 1896 1905 1994 1965; x_wconf 72' lang='grc' dir='ltr'>καὶ</span> 
     </span>
    </p>
   </div>
   <div class='ocr_carea' id='block_1_20' title="bbox 325 1992 1994 2066">
    <p class='ocr_par' dir='ltr' id='par_1_20' title="bbox 325 1992 1994 2066">
     <span class='ocr_line' id='line_1_20' title="bbox 325 1992 1994 2066; baseline -0.002 -17"><span class='ocrx_word' id='word_1_147' title='bbox 325 1995 602 2066; x_wconf 82' lang='grc' dir='ltr'>βασιλείαν</span> <span class='ocrx_word' id='word_1_148' title='bbox 658 1995 753 2049; x_wconf 80' lang='grc' dir='ltr'>καὶ</span> <span class='ocrx_word' id='word_1_149' title='bbox 809 1994 879 2048; x_wconf 89' lang='grc' dir='ltr'>τά</span> <span class='ocrx_word' id='word_1_150' title='bbox 923 1996 1176 2066; x_wconf 84' lang='grc' dir='ltr'>σκῆπτρα</span> <span class='ocrx_word' id='word_1_151' title='bbox 1242 1995 1545 2063; x_wconf 75' lang='grc' dir='ltr'>Αἰγύπτου,</span> <span class='ocrx_word' id='word_1_152' title='bbox 1600 1993 1736 2065; x_wconf 79' lang='grc' dir='ltr'>πρὸς</span> <span class='ocrx_word' id='word_1_153' title='bbox 1792 1993 1849 2046; x_wconf 83' lang='grc' dir='ltr'>δέ</span> <span class='ocrx_word' id='word_1_154' title='bbox 1901 1992 1994 2046; x_wconf 76' lang='grc' dir='ltr'>τὸν</span> 
     </span>
    </p>
   </div>
   <div class='ocr_carea' id='block_1_21' title="bbox 324 2079 1995 2153">
    <p class='ocr_par' dir='ltr' id='par_1_21' title="bbox 324 2079 1995 2153">
     <span class='ocr_line' id='line_1_21' title="bbox 324 2079 1995 2153; baseline -0.001 -19"><span class='ocrx_word' id='word_1_155' title='bbox 324 2081 497 2152; x_wconf 78' lang='grc' dir='ltr'>πηλὸν</span> <span class='ocrx_word' id='word_1_156' title='bbox 540 2081 635 2136; x_wconf 77' lang='grc' dir='ltr'>καὶ</span> <span class='ocrx_word' id='word_1_157' title='bbox 679 2082 779 2153; x_wconf 78' lang='grc' dir='ltr'>τὴν</span> <span class='ocrx_word' id='word_1_158' title='bbox 833 2080 1216 2152; x_wconf 87' lang='grc' dir='ltr'>πλινθουργίαν</span> <span class='ocrx_word' id='word_1_159' title='bbox 1257 2079 1590 2152; x_wconf 85' lang='grc' dir='ltr'>αύτομολῶν.</span> <span class='ocrx_word' id='word_1_160' title='bbox 1644 2079 1736 2133; x_wconf 82' lang='grc' dir='ltr'>Διὸ</span> <span class='ocrx_word' id='word_1_161' title='bbox 1785 2080 1850 2150; x_wconf 83' lang='grc' dir='ltr'>δὴ</span> <span class='ocrx_word' id='word_1_162' title='bbox 1900 2079 1995 2133; x_wconf 76' lang='grc' dir='ltr'>καὶ</span> 
     </span>
    </p>
   </div>
   <div class='ocr_carea' id='block_1_22' title="bbox 320 2165 1995 2239">
    <p class='ocr_par' dir='ltr' id='par_1_22' title="bbox 320 2165 1995 2239">
     <span class='ocr_line' id='line_1_22' title="bbox 320 2165 1995 2239; baseline -0.001 -17"><span class='ocrx_word' id='word_1_163' title='bbox 320 2168 355 2221; x_wconf 95' lang='lat'>6</span> <span class='ocrx_word' id='word_1_164' title='bbox 416 2168 625 2232; x_wconf 80' lang='grc' dir='ltr'>Παῦλος</span> <span class='ocrx_word' id='word_1_165' title='bbox 672 2168 964 2239; x_wconf 75' lang='grc' dir='ltr'>θαυμάζων</span> <span class='ocrx_word' id='word_1_166' title='bbox 1025 2169 1220 2231; x_wconf 78' lang='grc' dir='ltr'>αὑτὸν,</span> <span class='ocrx_word' id='word_1_167' title='bbox 1271 2168 1422 2237; x_wconf 74' lang='grc' dir='ltr'>ἔλεγε</span> <span class='ocrx_word' id='word_1_168' title='bbox 1442 2182 1455 2198; x_wconf 88' lang='grc'>·</span> <span class='ocrx_word' id='word_1_169' title='bbox 1508 2166 1756 2227; x_wconf 77' lang='grc' dir='ltr'>Μείζονα</span> <span class='ocrx_word' id='word_1_170' title='bbox 1808 2165 1995 2222; x_wconf 77' lang='grc' dir='ltr'>πλοῦ-</span> 
     </span>
    </p>
   </div>
   <div class='ocr_carea' id='block_1_23' title="bbox 287 2252 1997 2325">
    <p class='ocr_par' dir='ltr' id='par_1_23' title="bbox 287 2252 1997 2325">
     <span class='ocr_line' id='line_1_23' title="bbox 287 2252 1997 2325; baseline -0.001 -16"><span class='ocrx_word' id='word_1_171' title='bbox 287 2265 433 2309; x_wconf 81' lang='grc' dir='ltr'>·τον</span> <span class='ocrx_word' id='word_1_172' title='bbox 505 2254 888 2324; x_wconf 68' lang='grc' dir='ltr'>ἡγησάμενος</span> <span class='ocrx_word' id='word_1_173' title='bbox 959 2253 1077 2309; x_wconf 89' lang='grc' dir='ltr'>τῶν</span> <span class='ocrx_word' id='word_1_174' title='bbox 1138 2256 1439 2325; x_wconf 79' lang='grc' dir='ltr'>Αἰγύπτου</span> <span class='ocrx_word' id='word_1_175' title='bbox 1503 2252 1822 2323; x_wconf 82' lang='grc' dir='ltr'>θησαυρῶν</span> <span class='ocrx_word' id='word_1_176' title='bbox 1889 2253 1997 2308; x_wconf 80' lang='grc' dir='ltr'>τὸν</span> 
     </span>
    </p>
   </div>
   <div class='ocr_carea' id='block_1_24' title="bbox 325 2336 1996 2412">
    <p class='ocr_par' dir='ltr' id='par_1_24' title="bbox 325 2336 1996 2412">
     <span class='ocr_line' id='line_1_24' title="bbox 325 2336 1996 2412; baseline -0.001 -16"><span class='ocrx_word' id='word_1_177' title='bbox 325 2342 671 2412; x_wconf 78' lang='grc' dir='ltr'>ὀνειδισμὸν</span> <span class='ocrx_word' id='word_1_178' title='bbox 710 2340 815 2396; x_wconf 87' lang='grc' dir='ltr'>τοῦ</span> <span class='ocrx_word' id='word_1_179' title='bbox 863 2341 1139 2411; x_wconf 84' lang='grc' dir='ltr'>Χριστοῦ.</span> <span class='ocrx_word' id='word_1_180' title='bbox 1183 2336 1316 2395; x_wconf 83' lang='grc' dir='ltr'>Είτα</span> <span class='ocrx_word' id='word_1_181' title='bbox 1348 2340 1442 2396; x_wconf 76' lang='grc' dir='ltr'>καὶ</span> <span class='ocrx_word' id='word_1_182' title='bbox 1474 2340 1689 2404; x_wconf 72' lang='grc' dir='ltr'>δεικνὺς</span> <span class='ocrx_word' id='word_1_183' title='bbox 1719 2340 1811 2394; x_wconf 84' lang='grc' dir='ltr'>τὸν</span> <span class='ocrx_word' id='word_1_184' title='bbox 1852 2339 1996 2394; x_wconf 85' lang='grc' dir='ltr'>διδά-</span> 
     </span>
    </p>
   </div>
   <div class='ocr_carea' id='block_1_25' title="bbox 328 2426 1997 2500">
    <p class='ocr_par' dir='ltr' id='par_1_25' title="bbox 328 2426 1997 2500">
     <span class='ocr_line' id='line_1_25' title="bbox 328 2426 1997 2500; baseline -0.004 -16"><span class='ocrx_word' id='word_1_185' title='bbox 328 2429 528 2485; x_wconf 88' lang='grc' dir='ltr'>σκαλον</span> <span class='ocrx_word' id='word_1_186' title='bbox 572 2428 679 2483; x_wconf 82' lang='grc' dir='ltr'>τῶν</span> <span class='ocrx_word' id='word_1_187' title='bbox 713 2428 934 2498; x_wconf 90' lang='grc' dir='ltr'>ἀγαθῶν</span> <span class='ocrx_word' id='word_1_188' title='bbox 983 2428 1219 2493; x_wconf 88' lang='grc' dir='ltr'>τούτων,</span> <span class='ocrx_word' id='word_1_189' title='bbox 1268 2427 1576 2500; x_wconf 79' lang='grc' dir='ltr'>προσετίθει</span> <span class='ocrx_word' id='word_1_190' title='bbox 1631 2427 1832 2495; x_wconf 80' lang='grc' dir='ltr'>λέγων·</span> <span class='ocrx_word' id='word_1_191' title='bbox 1887 2426 1997 2481; x_wconf 72' lang='grc' dir='ltr'>Τόν</span> 
     </span>
    </p>
   </div>
   <div class='ocr_carea' id='block_1_26' title="bbox 325 2514 1996 2587">
    <p class='ocr_par' dir='ltr' id='par_1_26' title="bbox 325 2514 1996 2587">
     <span class='ocr_line' id='line_1_26' title="bbox 325 2514 1996 2587; baseline -0.004 -15"><span class='ocrx_word' id='word_1_192' title='bbox 325 2517 441 2587; x_wconf 80' lang='grc' dir='ltr'>γὰρ</span> <span class='ocrx_word' id='word_1_193' title='bbox 481 2517 737 2585; x_wconf 84' lang='grc' dir='ltr'>ἀόρατον</span> <span class='ocrx_word' id='word_1_194' title='bbox 786 2516 867 2582; x_wconf 83' lang='grc' dir='ltr'>ὡς</span> <span class='ocrx_word' id='word_1_195' title='bbox 917 2516 1072 2584; x_wconf 81' lang='grc' dir='ltr'>ὁρῶν</span> <span class='ocrx_word' id='word_1_196' title='bbox 1114 2514 1534 2585; x_wconf 82' lang='grc' dir='ltr'>ἐκαρτέρησεν·</span> <span class='ocrx_word' id='word_1_197' title='bbox 1574 2514 1711 2586; x_wconf 78' lang='grc' dir='ltr'>ὅπερ</span> <span class='ocrx_word' id='word_1_198' title='bbox 1763 2515 1996 2578; x_wconf 85' lang='grc' dir='ltr'>πίστεως</span> 
     </span>
    </p>
   </div>
   <div class='ocr_carea' id='block_1_27' title="bbox 326 2600 1995 2676">
    <p class='ocr_par' dir='ltr' id='par_1_27' title="bbox 326 2600 1995 2676">
     <span class='ocr_line' id='line_1_27' title="bbox 326 2600 1995 2676; baseline -0.001 -20"><span class='ocrx_word' id='word_1_199' title='bbox 326 2600 398 2676; x_wconf 74' lang='grc' dir='ltr'>ἦν</span> <span class='ocrx_word' id='word_1_200' title='bbox 429 2605 711 2676; x_wconf 76' lang='grc' dir='ltr'>μεγίστης.</span> <span class='ocrx_word' id='word_1_201' title='bbox 747 2603 840 2676; x_wconf 77' lang='grc' dir='ltr'>Μὴ</span> <span class='ocrx_word' id='word_1_202' title='bbox 868 2603 1043 2657; x_wconf 85' lang='grc' dir='ltr'>τοίνυν</span> <span class='ocrx_word' id='word_1_203' title='bbox 1070 2603 1331 2675; x_wconf 81' lang='grc' dir='ltr'>αἰσχύνην</span> <span class='ocrx_word' id='word_1_204' title='bbox 1358 2602 1667 2674; x_wconf 77' lang='grc' dir='ltr'>νομίζωμεν</span> <span class='ocrx_word' id='word_1_205' title='bbox 1691 2601 1751 2655; x_wconf 74' lang='grc' dir='ltr'>τὸ</span> <span class='ocrx_word' id='word_1_206' title='bbox 1787 2601 1995 2672; x_wconf 85' lang='grc' dir='ltr'>βαρϐά-</span> 
     </span>
    </p>
   </div>
   <div class='ocr_carea' id='block_1_28' title="bbox 329 2685 1998 2762">
    <p class='ocr_par' dir='ltr' id='par_1_28' title="bbox 329 2685 1998 2762">
     <span class='ocr_line' id='line_1_28' title="bbox 329 2685 1998 2762; baseline -0.002 -18"><span class='ocrx_word' id='word_1_207' title='bbox 329 2709 459 2762; x_wconf 84' lang='grc' dir='ltr'>ρους</span> <span class='ocrx_word' id='word_1_208' title='bbox 490 2690 937 2762; x_wconf 74' lang='grc' dir='ltr'>ἐντῇἚκκλησίᾳ</span> <span class='ocrx_word' id='word_1_209' title='bbox 963 2685 1122 2754; x_wconf 72' lang='grc' dir='ltr'>εἶναι,</span> <span class='ocrx_word' id='word_1_210' title='bbox 1150 2689 1285 2744; x_wconf 85' lang='grc' dir='ltr'>ἀλλὰ</span> <span class='ocrx_word' id='word_1_211' title='bbox 1324 2690 1418 2744; x_wconf 73' lang='grc' dir='ltr'>καὶ</span> <span class='ocrx_word' id='word_1_212' title='bbox 1446 2688 1614 2742; x_wconf 81' lang='grc' dir='ltr'>πολὺν</span> <span class='ocrx_word' id='word_1_213' title='bbox 1648 2688 1871 2759; x_wconf 87' lang='grc' dir='ltr'>κόσμον·</span> <span class='ocrx_word' id='word_1_214' title='bbox 1904 2686 1998 2742; x_wconf 76' lang='grc' dir='ltr'>καὶ</span> 
     </span>
    </p>
   </div>
   <div class='ocr_carea' id='block_1_29' title="bbox 328 2775 1999 2851">
    <p class='ocr_par' dir='ltr' id='par_1_29' title="bbox 328 2775 1999 2851">
     <span class='ocr_line' id='line_1_29' title="bbox 328 2775 1999 2851; baseline -0.002 -19"><span class='ocrx_word' id='word_1_215' title='bbox 328 2781 442 2851; x_wconf 86' lang='grc' dir='ltr'>γάρ</span> <span class='ocrx_word' id='word_1_216' title='bbox 466 2780 559 2844; x_wconf 66' lang='grc' dir='ltr'>καί</span> <span class='ocrx_word' id='word_1_217' title='bbox 588 2776 751 2842; x_wconf 73' lang='grc' dir='ltr'>αὐτὸς</span> <span class='ocrx_word' id='word_1_218' title='bbox 780 2781 809 2832; x_wconf 97' lang='lat'>6</span> <span class='ocrx_word' id='word_1_219' title='bbox 837 2778 1038 2850; x_wconf 83' lang='grc' dir='ltr'>Κύριος</span> <span class='ocrx_word' id='word_1_220' title='bbox 1068 2777 1224 2849; x_wconf 82' lang='grc' dir='ltr'>ἡμῶν</span> <span class='ocrx_word' id='word_1_221' title='bbox 1268 2776 1475 2849; x_wconf 84' lang='grc' dir='ltr'>Ἰησοῦς</span> <span class='ocrx_word' id='word_1_222' title='bbox 1504 2777 1534 2830; x_wconf 88' lang='lat'>6</span> <span class='ocrx_word' id='word_1_223' title='bbox 1563 2775 1797 2847; x_wconf 81' lang='grc' dir='ltr'>Χριστὸς</span> <span class='ocrx_word' id='word_1_224' title='bbox 1830 2792 1999 2846; x_wconf 88' lang='grc' dir='ltr'>παρα-</span> 
     </span>
    </p>
   </div>
   <div class='ocr_carea' id='block_1_30' title="bbox 326 2861 1999 2939">
    <p class='ocr_par' dir='ltr' id='par_1_30' title="bbox 326 2861 1999 2939">
     <span class='ocr_line' id='line_1_30' title="bbox 326 2861 1999 2939; baseline -0.004 -17"><span class='ocrx_word' id='word_1_225' title='bbox 326 2869 622 2939; x_wconf 81' lang='grc' dir='ltr'>γενόμενος</span> <span class='ocrx_word' id='word_1_226' title='bbox 680 2869 761 2930; x_wconf 88' lang='grc' dir='ltr'>εἰς</span> <span class='ocrx_word' id='word_1_227' title='bbox 818 2867 915 2938; x_wconf 77' lang='grc' dir='ltr'>τὴν</span> <span class='ocrx_word' id='word_1_228' title='bbox 980 2865 1330 2939; x_wconf 84' lang='grc' dir='ltr'>οἰκουμένην,</span> <span class='ocrx_word' id='word_1_229' title='bbox 1393 2864 1699 2935; x_wconf 89' lang='grc' dir='ltr'>βαρϐάρους</span> <span class='ocrx_word' id='word_1_230' title='bbox 1751 2861 1999 2935; x_wconf 83' lang='grc' dir='ltr'>πρώτους</span> 
     </span>
    </p>
   </div>
   <div class='ocr_carea' id='block_1_31' title="bbox 329 2948 1998 3025">
    <p class='ocr_par' dir='ltr' id='par_1_31' title="bbox 329 2948 1998 3025">
     <span class='ocr_line' id='line_1_31' title="bbox 329 2948 1998 3025; baseline -0.005 -15"><span class='ocrx_word' id='word_1_231' title='bbox 329 2955 611 3010; x_wconf 75' lang='grc' dir='ltr'>ἐκάλεσεν.</span> <span class='ocrx_word' id='word_1_232' title='bbox 648 2953 865 3025; x_wconf 79' lang='grc' dir='ltr'>Ἐπειδὴ</span> <span class='ocrx_word' id='word_1_233' title='bbox 888 2953 995 3024; x_wconf 88' lang='grc' dir='ltr'>γάρ</span> <span class='ocrx_word' id='word_1_234' title='bbox 1020 2951 1211 3023; x_wconf 84' lang='grc' dir='ltr'>ἐτέχθη</span> <span class='ocrx_word' id='word_1_235' title='bbox 1235 2952 1330 3005; x_wconf 69' lang='grc' dir='ltr'>καί⁵</span> <span class='ocrx_word' id='word_1_236' title='bbox 1350 2951 1440 3004; x_wconf 75' lang='grc' dir='ltr'>ἐπὶ</span> <span class='ocrx_word' id='word_1_237' title='bbox 1463 2950 1562 3021; x_wconf 87' lang='grc' dir='ltr'>τῆς</span> <span class='ocrx_word' id='word_1_238' title='bbox 1587 2950 1793 3021; x_wconf 78' lang='grc' dir='ltr'>φάτνης</span> <span class='ocrx_word' id='word_1_239' title='bbox 1816 2948 1998 3020; x_wconf 85' lang='grc' dir='ltr'>ἐτέθη,</span> 
     </span>
    </p>
   </div>
   <div class='ocr_carea' id='block_1_32' title="bbox 331 3035 2000 3113">
    <p class='ocr_par' dir='ltr' id='par_1_32' title="bbox 331 3035 2000 3113">
     <span class='ocr_line' id='line_1_32' title="bbox 331 3035 2000 3113; baseline -0.005 -17"><span class='ocrx_word' id='word_1_240' title='bbox 331 3043 436 3097; x_wconf 67' lang='grc' dir='ltr'>καὶ</span> <span class='ocrx_word' id='word_1_241' title='bbox 479 3043 638 3113; x_wconf 87' lang='grc' dir='ltr'>μάγοι</span> <span class='ocrx_word' id='word_1_242' title='bbox 681 3040 925 3104; x_wconf 75' lang='grc' dir='ltr'>ἐλθόντες</span> <span class='ocrx_word' id='word_1_243' title='bbox 956 3038 1064 3093; x_wconf 80' lang='grc' dir='ltr'>ἀπὸ</span> <span class='ocrx_word' id='word_1_244' title='bbox 1112 3037 1375 3110; x_wconf 85' lang='grc' dir='ltr'>Περσίδος</span> <span class='ocrx_word' id='word_1_245' title='bbox 1414 3036 1573 3091; x_wconf 77' lang='grc' dir='ltr'>αὑτὸν</span> <span class='ocrx_word' id='word_1_246' title='bbox 1608 3035 2000 3109; x_wconf 79' lang='grc' dir='ltr'>προσεκύνουν·</span> 
     </span>
    </p>
   </div>
   <div class='ocr_carea' id='block_1_33' title="bbox 329 3122 2000 3197">
    <p class='ocr_par' dir='ltr' id='par_1_33' title="bbox 329 3122 2000 3197">
     <span class='ocr_line' id='line_1_33' title="bbox 329 3122 2000 3197; baseline -0.004 -14"><span class='ocrx_word' id='word_1_247' title='bbox 329 3130 381 3183; x_wconf 82' lang='grc' dir='ltr'><strong>ὣ</strong></span> <span class='ocrx_word' id='word_1_248' title='bbox 443 3127 639 3181; x_wconf 85' lang='grc' dir='ltr'>καινῶν</span> <span class='ocrx_word' id='word_1_249' title='bbox 683 3128 778 3182; x_wconf 82' lang='grc' dir='ltr'>καὶ</span> <span class='ocrx_word' id='word_1_250' title='bbox 828 3125 1144 3197; x_wconf 80' lang='grc' dir='ltr'>παραδόξων</span> <span class='ocrx_word' id='word_1_251' title='bbox 1185 3125 1556 3197; x_wconf 77' lang='grc' dir='ltr'>πραγμάτωνί</span> <span class='ocrx_word' id='word_1_252' title='bbox 1605 3123 1865 3195; x_wconf 87' lang='grc' dir='ltr'>βασιλέως</span> <span class='ocrx_word' id='word_1_253' title='bbox 1901 3122 2000 3195; x_wconf 83' lang='grc' dir='ltr'>μὲν</span> 
     </span>
    </p>
   </div>
   <div class='ocr_carea' id='block_1_34' title="bbox 332 3211 2003 3286">
    <p class='ocr_par' dir='ltr' id='par_1_34' title="bbox 332 3211 2003 3286">
     <span class='ocr_line' id='line_1_34' title="bbox 332 3211 2003 3286; baseline -0.002 -17"><span class='ocrx_word' id='word_1_254' title='bbox 332 3217 417 3278; x_wconf 88' lang='grc' dir='ltr'>εἰς</span> <span class='ocrx_word' id='word_1_255' title='bbox 451 3216 602 3269; x_wconf 89' lang='grc' dir='ltr'>πόλιν</span> <span class='ocrx_word' id='word_1_256' title='bbox 628 3214 853 3269; x_wconf 77' lang='grc' dir='ltr'>εἰσιέναι</span> <span class='ocrx_word' id='word_1_257' title='bbox 890 3215 1193 3286; x_wconf 88' lang='grc' dir='ltr'>μέλλοντος,</span> <span class='ocrx_word' id='word_1_258' title='bbox 1227 3214 1698 3285; x_wconf 80' lang='grc' dir='ltr'>παραπετάσματα</span> <span class='ocrx_word' id='word_1_259' title='bbox 1740 3213 1836 3266; x_wconf 73' lang='grc' dir='ltr'>καὶ</span> <span class='ocrx_word' id='word_1_260' title='bbox 1862 3211 2003 3283; x_wconf 81' lang='grc' dir='ltr'>λαμ-</span> 
     </span>
    </p>
   </div>
   <div class='ocr_carea' id='block_1_35' title="bbox 334 3298 2004 3373">
    <p class='ocr_par' dir='ltr' id='par_1_35' title="bbox 334 3298 2004 3373">
     <span class='ocr_line' id='line_1_35' title="bbox 334 3298 2004 3373; baseline -0.003 -17"><span class='ocrx_word' id='word_1_261' title='bbox 334 3299 789 3366; x_wconf 49' lang='grc' dir='ltr'>πάδεςψμαίοί</span> <span class='ocrx_word' id='word_1_262' title='bbox 809 3301 865 3354; x_wconf 86' lang='grc' dir='ltr'>ἐν</span> <span class='ocrx_word' id='word_1_263' title='bbox 885 3300 1156 3373; x_wconf 81' lang='grc' dir='ltr'>ἀξιώμασι</span> <span class='ocrx_word' id='word_1_264' title='bbox 1183 3301 1278 3353; x_wconf 71' lang='grc' dir='ltr'>καὶ</span> <span class='ocrx_word' id='word_1_265' title='bbox 1304 3300 1353 3353; x_wconf 91' lang='grc' dir='ltr'>οἰ</span> <span class='ocrx_word' id='word_1_266' title='bbox 1384 3301 1442 3355; x_wconf 85' lang='grc' dir='ltr'>ἐν</span> <span class='ocrx_word' id='word_1_267' title='bbox 1470 3298 1808 3362; x_wconf 78' lang='grc' dir='ltr'>δυναστείαις</span> <span class='ocrx_word' id='word_1_268' title='bbox 1835 3299 2004 3351; x_wconf 88' lang='grc' dir='ltr'>ἀπαν-</span> 
     </span>
    </p>
   </div>
   <div class='ocr_carea' id='block_1_36' title="bbox 335 3385 2003 3462">
    <p class='ocr_par' dir='ltr' id='par_1_36' title="bbox 335 3385 2003 3462">
     <span class='ocr_line' id='line_1_36' title="bbox 335 3385 2003 3462; baseline -0.003 -19"><span class='ocrx_word' id='word_1_269' title='bbox 335 3392 501 3446; x_wconf 86' lang='grc' dir='ltr'>τῶσιν</span> <span class='ocrx_word' id='word_1_270' title='bbox 539 3390 775 3454; x_wconf 78' lang='grc' dir='ltr'>ἅπαντες</span> <span class='ocrx_word' id='word_1_271' title='bbox 809 3389 945 3460; x_wconf 84' lang='grc' dir='ltr'>μετὰ</span> <span class='ocrx_word' id='word_1_272' title='bbox 975 3386 1199 3462; x_wconf 78' lang='grc' dir='ltr'>φαιδροῦ</span> <span class='ocrx_word' id='word_1_273' title='bbox 1240 3387 1333 3441; x_wconf 90' lang='grc' dir='ltr'>τοῦ</span> <span class='ocrx_word' id='word_1_274' title='bbox 1374 3389 1682 3460; x_wconf 78' lang='grc' dir='ltr'>σχήματος,</span> <span class='ocrx_word' id='word_1_275' title='bbox 1725 3387 1818 3441; x_wconf 78' lang='grc' dir='ltr'>καί</span> <span class='ocrx_word' id='word_1_276' title='bbox 1852 3385 2003 3440; x_wconf 78' lang='grc' dir='ltr'>αὐλοὶ</span> 
     </span>
    </p>
   </div>
   <div class='ocr_carea' id='block_1_37' title="bbox 336 3474 2004 3550">
    <p class='ocr_par' dir='ltr' id='par_1_37' title="bbox 336 3474 2004 3550">
     <span class='ocr_line' id='line_1_37' title="bbox 336 3474 2004 3550; baseline -0.004 -18"><span class='ocrx_word' id='word_1_277' title='bbox 336 3479 434 3532; x_wconf 80' lang='grc' dir='ltr'>καὶ</span> <span class='ocrx_word' id='word_1_278' title='bbox 462 3478 721 3550; x_wconf 77' lang='grc' dir='ltr'>σύριγγες</span> <span class='ocrx_word' id='word_1_279' title='bbox 755 3478 847 3532; x_wconf 71' lang='grc' dir='ltr'>καὶ</span> <span class='ocrx_word' id='word_1_280' title='bbox 880 3477 1120 3550; x_wconf 87' lang='grc' dir='ltr'>κιθάραι,</span> <span class='ocrx_word' id='word_1_281' title='bbox 1147 3477 1242 3530; x_wconf 80' lang='grc' dir='ltr'>καὶ</span> <span class='ocrx_word' id='word_1_282' title='bbox 1269 3478 1377 3530; x_wconf 79' lang='grc' dir='ltr'>πᾶν</span> <span class='ocrx_word' id='word_1_283' title='bbox 1405 3476 1668 3548; x_wconf 77' lang='grc' dir='ltr'>μουσικῆς</span> <span class='ocrx_word' id='word_1_284' title='bbox 1694 3474 1851 3545; x_wconf 89' lang='grc' dir='ltr'>γένος</span> <span class='ocrx_word' id='word_1_285' title='bbox 1870 3514 1884 3538; x_wconf 90' lang='grc'>,</span> <span class='ocrx_word' id='word_1_286' title='bbox 1908 3474 2004 3527; x_wconf 81' lang='grc' dir='ltr'>καὶ</span> 
     </span>
    </p>
   </div>
   <div class='ocr_carea' id='block_1_38' title="bbox 335 3565 2002 3640">
    <p class='ocr_par' dir='ltr' id='par_1_38' title="bbox 335 3565 2002 3640">
     <span class='ocr_line' id='line_1_38' title="bbox 335 3565 2002 3640; baseline -0.005 -15"><span class='ocrx_word' id='word_1_287' title='bbox 335 3569 621 3640; x_wconf 77' lang='grc' dir='ltr'>ἐσθήματα</span> <span class='ocrx_word' id='word_1_288' title='bbox 647 3567 876 3639; x_wconf 86' lang='grc' dir='ltr'>λαμπρά</span> <span class='ocrx_word' id='word_1_289' title='bbox 902 3568 995 3621; x_wconf 74' lang='grc' dir='ltr'>καὶ</span> <span class='ocrx_word' id='word_1_290' title='bbox 1025 3565 1443 3636; x_wconf 86' lang='grc' dir='ltr'>στεφανώματα,</span> <span class='ocrx_word' id='word_1_291' title='bbox 1472 3566 1567 3619; x_wconf 76' lang='grc' dir='ltr'>καὶ</span> <span class='ocrx_word' id='word_1_292' title='bbox 1594 3565 1761 3634; x_wconf 84' lang='grc' dir='ltr'>πολλὴ</span> <span class='ocrx_word' id='word_1_293' title='bbox 1786 3567 1819 3635; x_wconf 79' lang='grc' dir='ltr'><strong>ἡ</strong></span> <span class='ocrx_word' id='word_1_294' title='bbox 1850 3580 2002 3634; x_wconf 88' lang='grc' dir='ltr'>περι-</span> 
     </span>
    </p>
   </div>
   <div class='ocr_carea' id='block_1_39' title="bbox 335 3641 2005 3717">
    <p class='ocr_par' dir='ltr' id='par_1_39' title="bbox 335 3641 2005 3717">
     <span class='ocr_line' id='line_1_39' title="bbox 335 3641 2005 3717; baseline -0.006 -14"><span class='ocrx_word' id='word_1_295' title='bbox 335 3650 563 3716; x_wconf 81' lang='grc' dir='ltr'>φάνεια·</span> <span class='ocrx_word' id='word_1_296' title='bbox 595 3647 690 3701; x_wconf 91' lang='grc' dir='ltr'>τοῦ</span> <span class='ocrx_word' id='word_1_297' title='bbox 722 3648 779 3700; x_wconf 82' lang='grc' dir='ltr'>δὲ</span> <span class='ocrx_word' id='word_1_298' title='bbox 811 3646 1072 3717; x_wconf 87' lang='grc' dir='ltr'>βασιλέως</span> <span class='ocrx_word' id='word_1_299' title='bbox 1106 3643 1214 3698; x_wconf 88' lang='grc' dir='ltr'>τῶν</span> <span class='ocrx_word' id='word_1_300' title='bbox 1238 3643 1483 3716; x_wconf 73' lang='grc' dir='ltr'>οὐρανῶν</span> <span class='ocrx_word' id='word_1_301' title='bbox 1529 3643 1755 3697; x_wconf 87' lang='grc' dir='ltr'>εἰσιέναι</span> <span class='ocrx_word' id='word_1_302' title='bbox 1787 3641 2005 3713; x_wconf 88' lang='grc' dir='ltr'>μέλλον-</span> 
     </span>
    </p>
   </div>
   <div class='ocr_carea' id='block_1_40' title="bbox 336 3725 2006 3805">
    <p class='ocr_par' dir='ltr' id='par_1_40' title="bbox 336 3725 2006 3805">
     <span class='ocr_line' id='line_1_40' title="bbox 336 3725 2006 3805; baseline -0.005 -17"><span class='ocrx_word' id='word_1_303' title='bbox 336 3751 430 3799; x_wconf 88' lang='grc' dir='ltr'>τος</span> <span class='ocrx_word' id='word_1_304' title='bbox 460 3735 539 3799; x_wconf 90' lang='grc' dir='ltr'>εἰς</span> <span class='ocrx_word' id='word_1_305' title='bbox 565 3733 663 3805; x_wconf 75' lang='grc' dir='ltr'>τὴν</span> <span class='ocrx_word' id='word_1_306' title='bbox 687 3732 1010 3804; x_wconf 81' lang='grc' dir='ltr'>οἰκουμένην</span> <span class='ocrx_word' id='word_1_307' title='bbox 1031 3770 1046 3794; x_wconf 93' lang='grc'>,</span> <span class='ocrx_word' id='word_1_308' title='bbox 1075 3729 1225 3784; x_wconf 75' lang='grc' dir='ltr'>οὐδὲν</span> <span class='ocrx_word' id='word_1_309' title='bbox 1271 3728 1511 3783; x_wconf 86' lang='grc' dir='ltr'>τοιοῦτον</span> <span class='ocrx_word' id='word_1_310' title='bbox 1530 3770 1545 3794; x_wconf 92' lang='grc'>,</span> <span class='ocrx_word' id='word_1_311' title='bbox 1572 3727 1709 3781; x_wconf 87' lang='grc' dir='ltr'>ἀλλά</span> <span class='ocrx_word' id='word_1_312' title='bbox 1749 3725 2006 3781; x_wconf 84' lang='grc' dir='ltr'>τάναντία</span> 
     </span>
    </p>
   </div>
   <div class='ocr_carea' id='block_1_41' title="bbox 338 3813 2006 3890">
    <p class='ocr_par' dir='ltr' id='par_1_41' title="bbox 338 3813 2006 3890">
     <span class='ocr_line' id='line_1_41' title="bbox 338 3813 2006 3890; baseline -0.007 -14"><span class='ocrx_word' id='word_1_313' title='bbox 338 3823 540 3884; x_wconf 78' lang='grc' dir='ltr'>πάντα,</span> <span class='ocrx_word' id='word_1_314' title='bbox 566 3819 773 3890; x_wconf 81' lang='grc' dir='ltr'>καλύϐη</span> <span class='ocrx_word' id='word_1_315' title='bbox 804 3819 899 3873; x_wconf 79' lang='grc' dir='ltr'>καὶ</span> <span class='ocrx_word' id='word_1_316' title='bbox 929 3818 1100 3888; x_wconf 83' lang='grc' dir='ltr'>σκηνὴ</span> <span class='ocrx_word' id='word_1_317' title='bbox 1135 3815 1226 3870; x_wconf 78' lang='grc' dir='ltr'>καὶ</span> <span class='ocrx_word' id='word_1_318' title='bbox 1257 3816 1453 3886; x_wconf 84' lang='grc' dir='ltr'>φάτνη,</span> <span class='ocrx_word' id='word_1_319' title='bbox 1489 3816 1669 3885; x_wconf 87' lang='grc' dir='ltr'>μήτηρ</span> <span class='ocrx_word' id='word_1_320' title='bbox 1698 3813 1919 3883; x_wconf 76' lang='grc' dir='ltr'>εὐτελὴς</span> <span class='ocrx_word' id='word_1_321' title='bbox 1944 3813 2006 3865; x_wconf 73' lang='grc' dir='ltr'>τὸ</span> 
     </span>
    </p>
   </div>
   <div class='ocr_carea' id='block_1_42' title="bbox 342 3901 2002 3979">
    <p class='ocr_par' dir='ltr' id='par_1_42' title="bbox 342 3901 2002 3979">
     <span class='ocr_line' id='line_1_42' title="bbox 342 3901 2002 3979; baseline -0.005 -17"><span class='ocrx_word' id='word_1_322' title='bbox 342 3908 684 3979; x_wconf 83' lang='grc' dir='ltr'>φαινόμενον,</span> <span class='ocrx_word' id='word_1_323' title='bbox 740 3907 835 3961; x_wconf 68' lang='grc' dir='ltr'>καί⁸</span> <span class='ocrx_word' id='word_1_324' title='bbox 878 3903 1119 3974; x_wconf 83' lang='grc' dir='ltr'>πτωχεία</span> <span class='ocrx_word' id='word_1_325' title='bbox 1152 3901 1320 3972; x_wconf 80' lang='grc' dir='ltr'>πολλὴ</span> <span class='ocrx_word' id='word_1_326' title='bbox 1368 3902 1461 3955; x_wconf 76' lang='grc' dir='ltr'>καὶ</span> <span class='ocrx_word' id='word_1_327' title='bbox 1507 3901 1697 3964; x_wconf 85' lang='grc' dir='ltr'>πενίας</span> <span class='ocrx_word' id='word_1_328' title='bbox 1738 3901 2002 3963; x_wconf 90' lang='grc' dir='ltr'>ἐπίτασις.</span> 
     </span>
    </p>
   </div>
   <div class='ocr_carea' id='block_1_43' title="bbox 340 3986 2005 4064">
    <p class='ocr_par' dir='ltr' id='par_1_43' title="bbox 340 3986 2005 4064">
     <span class='ocr_line' id='line_1_43' title="bbox 340 3986 2005 4064; baseline -0.007 -15"><span class='ocrx_word' id='word_1_329' title='bbox 340 3995 532 4049; x_wconf 81' lang='grc' dir='ltr'>Καίτοι</span> <span class='ocrx_word' id='word_1_330' title='bbox 557 4011 652 4063; x_wconf 92' lang='grc' dir='ltr'>γε,</span> <span class='ocrx_word' id='word_1_331' title='bbox 682 3993 840 4064; x_wconf 82' lang='grc' dir='ltr'>εἴπερ</span> <span class='ocrx_word' id='word_1_332' title='bbox 877 3990 1160 4048; x_wconf 87' lang='grc' dir='ltr'>ἐϐούλετο,</span> <span class='ocrx_word' id='word_1_333' title='bbox 1195 3987 1426 4058; x_wconf 72' lang='grc' dir='ltr'>ἠδύνατο</span> <span class='ocrx_word' id='word_1_334' title='bbox 1472 3986 1874 4056; x_wconf 84' lang='grc' dir='ltr'>παραγενέσθαι</span> <span class='ocrx_word' id='word_1_335' title='bbox 1915 3986 2005 4039; x_wconf 73' lang='grc' dir='ltr'>τὸν</span> 
     </span>
    </p>
   </div>
   <div class='ocr_carea' id='block_1_44' title="bbox 337 4069 2007 4150">
    <p class='ocr_par' dir='ltr' id='par_1_44' title="bbox 337 4069 2007 4150">
     <span class='ocr_line' id='line_1_44' title="bbox 337 4069 2007 4150; baseline -0.006 -20"><span class='ocrx_word' id='word_1_336' title='bbox 337 4077 564 4150; x_wconf 76' lang='grc' dir='ltr'>οὐρανὸν</span> <span class='ocrx_word' id='word_1_337' title='bbox 598 4075 776 4139; x_wconf 88' lang='grc' dir='ltr'>σείων,</span> <span class='ocrx_word' id='word_1_338' title='bbox 799 4074 897 4144; x_wconf 80' lang='grc' dir='ltr'>τὴν</span> <span class='ocrx_word' id='word_1_339' title='bbox 926 4074 1030 4143; x_wconf 89' lang='grc' dir='ltr'>γῆν</span> <span class='ocrx_word' id='word_1_340' title='bbox 1064 4071 1321 4133; x_wconf 90' lang='grc' dir='ltr'>σαλεύων,</span> <span class='ocrx_word' id='word_1_341' title='bbox 1356 4069 1641 4140; x_wconf 78' lang='grc' dir='ltr'>ἀστραπάς</span> <span class='ocrx_word' id='word_1_342' title='bbox 1674 4069 1885 4138; x_wconf 76' lang='grc' dir='ltr'>ἀφιεὶς,</span> <span class='ocrx_word' id='word_1_343' title='bbox 1913 4069 2007 4122; x_wconf 67' lang='grc' dir='ltr'>καὶ</span> 
     </span>
    </p>
   </div>
   <div class='ocr_carea' id='block_1_45' title="bbox 339 4155 2003 4234">
    <p class='ocr_par' dir='ltr' id='par_1_45' title="bbox 339 4155 2003 4234">
     <span class='ocr_line' id='line_1_45' title="bbox 339 4155 2003 4234; baseline -0.007 -15"><span class='ocrx_word' id='word_1_344' title='bbox 339 4166 394 4220; x_wconf 89' lang='grc' dir='ltr'>τί</span> <span class='ocrx_word' id='word_1_345' title='bbox 436 4165 579 4234; x_wconf 89' lang='grc' dir='ltr'>λέγω</span> <span class='ocrx_word' id='word_1_346' title='bbox 618 4163 828 4229; x_wconf 88' lang='grc' dir='ltr'>ταῦτα;</span> <span class='ocrx_word' id='word_1_347' title='bbox 866 4161 1078 4232; x_wconf 82' lang='grc' dir='ltr'>γυμνὴν</span> <span class='ocrx_word' id='word_1_348' title='bbox 1124 4158 1290 4231; x_wconf 86' lang='grc' dir='ltr'>μόνην</span> <span class='ocrx_word' id='word_1_349' title='bbox 1332 4157 1381 4211; x_wconf 89' lang='grc' dir='ltr'>εἰ</span> <span class='ocrx_word' id='word_1_350' title='bbox 1411 4156 1576 4223; x_wconf 76' lang='grc' dir='ltr'>ἔδειξε</span> <span class='ocrx_word' id='word_1_351' title='bbox 1613 4157 1712 4229; x_wconf 77' lang='grc' dir='ltr'>τὴν</span> <span class='ocrx_word' id='word_1_352' title='bbox 1757 4155 2003 4225; x_wconf 86' lang='grc' dir='ltr'>θεότητα,</span> 
     </span>
    </p>
   </div>
   <div class='ocr_carea' id='block_1_46' title="bbox 339 4242 2008 4323">
    <p class='ocr_par' dir='ltr' id='par_1_46' title="bbox 339 4242 2008 4323">
     <span class='ocr_line' id='line_1_46' title="bbox 339 4242 2008 4323; baseline -0.007 -15"><span class='ocrx_word' id='word_1_353' title='bbox 339 4253 498 4308; x_wconf 88' lang='grc' dir='ltr'>τοῦτο</span> <span class='ocrx_word' id='word_1_354' title='bbox 518 4252 689 4323; x_wconf 85' lang='grc' dir='ltr'>πόσης</span> <span class='ocrx_word' id='word_1_355' title='bbox 711 4249 1090 4321; x_wconf 85' lang='grc' dir='ltr'>λαμπρότητος</span> <span class='ocrx_word' id='word_1_356' title='bbox 1117 4247 1209 4300; x_wconf 71' lang='grc' dir='ltr'>καὶ</span> <span class='ocrx_word' id='word_1_357' title='bbox 1231 4245 1584 4315; x_wconf 85' lang='grc' dir='ltr'>φαιδρότητος</span> <span class='ocrx_word' id='word_1_358' title='bbox 1611 4243 1793 4313; x_wconf 79' lang='grc' dir='ltr'>μεῖζον</span> <span class='ocrx_word' id='word_1_359' title='bbox 1815 4244 1914 4297; x_wconf 78' lang='grc' dir='ltr'>οὐκ</span> <span class='ocrx_word' id='word_1_360' title='bbox 1943 4242 2008 4297; x_wconf 80' lang='grc' dir='ltr'>ἂν</span> 
     </span>
    </p>
   </div>
   <div class='ocr_carea' id='block_1_47' title="bbox 339 4330 2010 4413">
    <p class='ocr_par' dir='ltr' id='par_1_47' title="bbox 339 4330 2010 4413">
     <span class='ocr_line' id='line_1_47' title="bbox 339 4330 2010 4413; baseline -0.006 -18"><span class='ocrx_word' id='word_1_361' title='bbox 339 4337 439 4413; x_wconf 80' lang='grc' dir='ltr'>ἧν;</span> <span class='ocrx_word' id='word_1_362' title='bbox 476 4337 615 4394; x_wconf 74' lang='grc' dir='ltr'>Ἀλλ’</span> <span class='ocrx_word' id='word_1_363' title='bbox 642 4339 741 4393; x_wconf 81' lang='grc' dir='ltr'>οὒκ</span> <span class='ocrx_word' id='word_1_364' title='bbox 769 4336 1023 4406; x_wconf 81' lang='grc' dir='ltr'>ἐποίησεν</span> <span class='ocrx_word' id='word_1_365' title='bbox 1063 4333 1236 4399; x_wconf 76' lang='grc' dir='ltr'>οὕτως</span> <span class='ocrx_word' id='word_1_366' title='bbox 1258 4350 1273 4365; x_wconf 93' lang='grc'>·</span> <span class='ocrx_word' id='word_1_367' title='bbox 1302 4332 1377 4413; x_wconf 4' lang='grc' dir='ltr'>,ού</span> <span class='ocrx_word' id='word_1_368' title='bbox 1400 4332 1516 4413; x_wconf 4' lang='grc' dir='ltr'>,γάρ</span> <span class='ocrx_word' id='word_1_369' title='bbox 1548 4331 1834 4413; x_wconf 64' lang='grc' dir='ltr'>ἀπολέσαι,</span> <span class='ocrx_word' id='word_1_370' title='bbox 1870 4330 2010 4413; x_wconf 72' lang='grc' dir='ltr'>ἀ)λά</span> 
     </span>
    </p>
   </div>
   <div class='ocr_carea' id='block_1_48' title="bbox 345 4409 2009 4483">
    <p class='ocr_par' dir='ltr' id='par_1_48' title="bbox 345 4409 2009 4483">
     <span class='ocr_line' id='line_1_48' title="bbox 345 4409 2009 4483; baseline -0.008 -10"><span class='ocrx_word' id='word_1_371' title='bbox 345 4409 515 4474; x_wconf 80' lang='grc' dir='ltr'>σῶσαι</span> <span class='ocrx_word' id='word_1_372' title='bbox 544 4417 815 4482; x_wconf 87' lang='grc' dir='ltr'>ἐϐούλετο,</span> <span class='ocrx_word' id='word_1_373' title='bbox 841 4415 941 4467; x_wconf 75' lang='grc' dir='ltr'>οὐκ</span> <span class='ocrx_word' id='word_1_374' title='bbox 969 4413 1255 4483; x_wconf 73' lang='grc' dir='ltr'>ἐκπλῆξαι,</span> <span class='ocrx_word' id='word_1_375' title='bbox 1288 4411 1424 4465; x_wconf 90' lang='grc' dir='ltr'>ἀλλά</span> <span class='ocrx_word' id='word_1_376' title='bbox 1454 4409 1765 4481; x_wconf 79' lang='grc' dir='ltr'>διορθῶσαι,</span> <span class='ocrx_word' id='word_1_377' title='bbox 1798 4409 1893 4461; x_wconf 72' lang='grc' dir='ltr'>καὶ</span> <span class='ocrx_word' id='word_1_378' title='bbox 1944 4409 2009 4459; x_wconf 84' lang='grc' dir='ltr'>ἐκ</span> 
     </span>
    </p>
   </div>
   <div class='ocr_carea' id='block_1_49' title="bbox 346 4495 2010 4578">
    <p class='ocr_par' dir='ltr' id='par_1_49' title="bbox 346 4495 2010 4578">
     <span class='ocr_line' id='line_1_49' title="bbox 346 4495 2010 4578; baseline -0.008 -17"><span class='ocrx_word' id='word_1_379' title='bbox 346 4505 647 4578; x_wconf 83' lang='grc' dir='ltr'>προοιμίων</span> <span class='ocrx_word' id='word_1_380' title='bbox 674 4503 765 4557; x_wconf 79' lang='grc' dir='ltr'>τὸν</span> <span class='ocrx_word' id='word_1_381' title='bbox 800 4501 968 4571; x_wconf 90' lang='grc' dir='ltr'>τῦφον</span> <span class='ocrx_word' id='word_1_382' title='bbox 1004 4499 1388 4569; x_wconf 87' lang='grc' dir='ltr'>καταπατῆσαι</span> <span class='ocrx_word' id='word_1_383' title='bbox 1413 4497 1504 4551; x_wconf 75' lang='grc' dir='ltr'>τὸν</span> <span class='ocrx_word' id='word_1_384' title='bbox 1544 4495 1880 4567; x_wconf 85' lang='grc' dir='ltr'>ἀνθρώπινον</span> <span class='ocrx_word' id='word_1_385' title='bbox 1916 4495 2010 4547; x_wconf 75' lang='grc' dir='ltr'>καὶ</span> 
     </span>
    </p>
   </div>
   <div class='ocr_carea' id='block_1_50' title="bbox 342 4583 2010 4666">
    <p class='ocr_par' dir='ltr' id='par_1_50' title="bbox 342 4583 2010 4666">
     <span class='ocr_line' id='line_1_50' title="bbox 342 4583 2010 4666; baseline -0.008 -17"><span class='ocrx_word' id='word_1_386' title='bbox 342 4597 441 4666; x_wconf 72' lang='grc' dir='ltr'>τὴν</span> <span class='ocrx_word' id='word_1_387' title='bbox 467 4594 725 4648; x_wconf 80' lang='grc' dir='ltr'>ἀπόνοιαν</span> <span class='ocrx_word' id='word_1_388' title='bbox 761 4590 1130 4659; x_wconf 77' lang='grc' dir='ltr'>κατενεγκεῖν.</span> <span class='ocrx_word' id='word_1_389' title='bbox 1174 4588 1271 4641; x_wconf 84' lang='grc' dir='ltr'>Διά</span> <span class='ocrx_word' id='word_1_390' title='bbox 1311 4587 1376 4656; x_wconf 83' lang='grc' dir='ltr'>δὴ</span> <span class='ocrx_word' id='word_1_391' title='bbox 1407 4584 1564 4640; x_wconf 88' lang='grc' dir='ltr'>τοῦτο</span> <span class='ocrx_word' id='word_1_392' title='bbox 1590 4585 1690 4639; x_wconf 84' lang='grc' dir='ltr'>οὐκ</span> <span class='ocrx_word' id='word_1_393' title='bbox 1724 4583 2010 4655; x_wconf 75' lang='grc' dir='ltr'>ἄνθρωπος</span> 
     </span>
    </p>
   </div>
   <div class='ocr_carea' id='block_1_51' title="bbox 342 4669 2010 4753">
    <p class='ocr_par' dir='ltr' id='par_1_51' title="bbox 342 4669 2010 4753">
     <span class='ocr_line' id='line_1_51' title="bbox 342 4669 2010 4753; baseline -0.008 -16"><span class='ocrx_word' id='word_1_394' title='bbox 342 4683 551 4753; x_wconf 86' lang='grc' dir='ltr'>γίνεται</span> <span class='ocrx_word' id='word_1_395' title='bbox 587 4682 766 4752; x_wconf 85' lang='grc' dir='ltr'>μόνον,</span> <span class='ocrx_word' id='word_1_396' title='bbox 800 4677 935 4733; x_wconf 86' lang='grc' dir='ltr'>ἀλλά</span> <span class='ocrx_word' id='word_1_397' title='bbox 969 4677 1064 4731; x_wconf 75' lang='grc' dir='ltr'>καὶ</span> <span class='ocrx_word' id='word_1_398' title='bbox 1091 4675 1305 4746; x_wconf 75' lang='grc' dir='ltr'>πτωχὸς</span> <span class='ocrx_word' id='word_1_399' title='bbox 1343 4673 1646 4746; x_wconf 77' lang='grc' dir='ltr'>ἄνθρωπος,</span> <span class='ocrx_word' id='word_1_400' title='bbox 1677 4673 1769 4727; x_wconf 76' lang='grc' dir='ltr'>καὶ</span> <span class='ocrx_word' id='word_1_401' title='bbox 1801 4669 2010 4743; x_wconf 87' lang='grc' dir='ltr'>μητέρα</span> 
     </span>
    </p>
   </div>
   <div class='ocr_carea' id='block_1_52' title="bbox 342 4757 2011 4841">
    <p class='ocr_par' dir='ltr' id='par_1_52' title="bbox 342 4757 2011 4841">
     <span class='ocr_line' id='line_1_52' title="bbox 342 4757 2011 4841; baseline -0.008 -17"><span class='ocrx_word' id='word_1_402' title='bbox 342 4769 597 4841; x_wconf 84' lang='grc' dir='ltr'>τοιαύτην</span> <span class='ocrx_word' id='word_1_403' title='bbox 627 4770 882 4840; x_wconf 84' lang='grc' dir='ltr'>αἱρεῖται,</span> <span class='ocrx_word' id='word_1_404' title='bbox 913 4766 1007 4819; x_wconf 77' lang='grc' dir='ltr'>καὶ</span> <span class='ocrx_word' id='word_1_405' title='bbox 1044 4763 1388 4831; x_wconf 87' lang='grc' dir='ltr'>καταγώγιον</span> <span class='ocrx_word' id='word_1_406' title='bbox 1418 4759 1653 4825; x_wconf 84' lang='grc' dir='ltr'>εὐτελὲς,</span> <span class='ocrx_word' id='word_1_407' title='bbox 1674 4759 1766 4813; x_wconf 78' lang='grc' dir='ltr'>τὸν</span> <span class='ocrx_word' id='word_1_408' title='bbox 1786 4757 2011 4830; x_wconf 74' lang='grc' dir='ltr'>ισχατον</span> 
     </span>
    </p>
   </div>
   <div class='ocr_carea' id='block_1_53' title="bbox 343 4844 2011 4926">
    <p class='ocr_par' dir='ltr' id='par_1_53' title="bbox 343 4844 2011 4926">
     <span class='ocr_line' id='line_1_53' title="bbox 343 4844 2011 4926; baseline -0.008 -16"><span class='ocrx_word' id='word_1_409' title='bbox 343 4858 444 4926; x_wconf 81' lang='grc' dir='ltr'>τῆς</span> <span class='ocrx_word' id='word_1_410' title='bbox 497 4855 685 4919; x_wconf 84' lang='grc' dir='ltr'>πενίας</span> <span class='ocrx_word' id='word_1_411' title='bbox 731 4854 854 4923; x_wconf 81' lang='grc' dir='ltr'>ὅρον</span> <span class='ocrx_word' id='word_1_412' title='bbox 899 4852 964 4905; x_wconf 89' lang='grc' dir='ltr'>ἐκ</span> <span class='ocrx_word' id='word_1_413' title='bbox 1005 4848 1308 4922; x_wconf 84' lang='grc' dir='ltr'>προοιμίων</span> <span class='ocrx_word' id='word_1_414' title='bbox 1356 4847 1536 4901; x_wconf 83' lang='grc' dir='ltr'>αὐτῶν</span> <span class='ocrx_word' id='word_1_415' title='bbox 1581 4847 1676 4899; x_wconf 70' lang='grc' dir='ltr'>κειιί⁵</span> <span class='ocrx_word' id='word_1_416' title='bbox 1725 4844 1784 4910; x_wconf 78' lang='grc' dir='ltr'>ἐξ</span> <span class='ocrx_word' id='word_1_417' title='bbox 1831 4844 2011 4898; x_wconf 80' lang='grc' dir='ltr'>αὐτῶν</span> 
     </span>
    </p>
   </div>
   <div class='ocr_carea' id='block_1_54' title="bbox 344 4931 2011 5010">
    <p class='ocr_par' dir='ltr' id='par_1_54' title="bbox 344 4931 2011 5010">
     <span class='ocr_line' id='line_1_54' title="bbox 344 4931 2011 5010; baseline -0.008 -13"><span class='ocrx_word' id='word_1_418' title='bbox 344 4936 994 5010; x_wconf 80' lang='grc' dir='ltr'>ώδίνωνάσπαζόμενος.</span> <span class='ocrx_word' id='word_1_419' title='bbox 1034 4938 1170 4991; x_wconf 89' lang='grc' dir='ltr'>Ποία</span> <span class='ocrx_word' id='word_1_420' title='bbox 1212 4936 1342 5010; x_wconf 90' lang='grc' dir='ltr'>γάρ,</span> <span class='ocrx_word' id='word_1_421' title='bbox 1385 4935 1506 4988; x_wconf 84' lang='grc' dir='ltr'>εἰπέ</span> <span class='ocrx_word' id='word_1_422' title='bbox 1550 4951 1660 5004; x_wconf 89' lang='grc' dir='ltr'>μοι,</span> <span class='ocrx_word' id='word_1_423' title='bbox 1704 4931 1864 5002; x_wconf 83' lang='grc' dir='ltr'>γυνὴ,</span> <span class='ocrx_word' id='word_1_424' title='bbox 1906 4931 2011 4986; x_wconf 77' lang='grc' dir='ltr'>κᾶν</span> 
     </span>
    </p>
   </div>
   <div class='ocr_carea' id='block_1_55' title="bbox 346 5018 2009 5100">
    <p class='ocr_par' dir='ltr' id='par_1_55' title="bbox 346 5018 2009 5100">
     <span class='ocr_line' id='line_1_55' title="bbox 346 5018 2009 5100; baseline -0.007 -15"><span class='ocrx_word' id='word_1_425' title='bbox 346 5031 603 5085; x_wconf 85' lang='grc' dir='ltr'>ἀπάντων</span> <span class='ocrx_word' id='word_1_426' title='bbox 646 5027 946 5100; x_wconf 87' lang='grc' dir='ltr'>ἀνθρώπων</span> <span class='ocrx_word' id='word_1_427' title='bbox 987 5025 1300 5096; x_wconf 84' lang='grc' dir='ltr'>πτωχοτέρα</span> <span class='ocrx_word' id='word_1_428' title='bbox 1340 5018 1395 5097; x_wconf 80' lang='grc' dir='ltr'>ᾖ,</span> <span class='ocrx_word' id='word_1_429' title='bbox 1424 5021 1529 5076; x_wconf 75' lang='grc' dir='ltr'>κᾶν</span> <span class='ocrx_word' id='word_1_430' title='bbox 1565 5022 2009 5092; x_wconf 84' lang='grc' dir='ltr'>αύτοπροσαῖτις,</span> 
     </span>
    </p>
   </div>
   <div class='ocr_carea' id='block_1_56' title="bbox 344 5106 2008 5186">
    <p class='ocr_par' dir='ltr' id='par_1_56' title="bbox 344 5106 2008 5186">
     <span class='ocr_line' id='line_1_56' title="bbox 344 5106 2008 5186; baseline -0.007 -16"><span class='ocrx_word' id='word_1_431' title='bbox 344 5118 449 5170; x_wconf 76' lang='grc' dir='ltr'>οὐκ</span> <span class='ocrx_word' id='word_1_432' title='bbox 495 5116 608 5186; x_wconf 76' lang='grc' dir='ltr'>ἔχει</span> <span class='ocrx_word' id='word_1_433' title='bbox 652 5112 839 5184; x_wconf 82' lang='grc' dir='ltr'>κλίνην</span> <span class='ocrx_word' id='word_1_434' title='bbox 880 5112 1021 5166; x_wconf 84' lang='grc' dir='ltr'>ὥστε</span> <span class='ocrx_word' id='word_1_435' title='bbox 1071 5112 1131 5166; x_wconf 81' lang='grc' dir='ltr'>τὸ</span> <span class='ocrx_word' id='word_1_436' title='bbox 1175 5109 1368 5181; x_wconf 80' lang='grc' dir='ltr'>τεχθὲν</span> <span class='ocrx_word' id='word_1_437' title='bbox 1411 5107 1620 5162; x_wconf 83' lang='grc' dir='ltr'>παιδίον</span> <span class='ocrx_word' id='word_1_438' title='bbox 1655 5106 2008 5171; x_wconf 78' lang='grc' dir='ltr'>κατακλῖναις</span> 
     </span>
    </p>
   </div>
   <div class='ocr_carea' id='block_1_57' title="bbox 358 5194 2010 5270">
    <p class='ocr_par' dir='ltr' id='par_1_57' title="bbox 358 5194 2010 5270">
     <span class='ocr_line' id='line_1_57' title="bbox 358 5194 2010 5270; baseline -0.007 -12"><span class='ocrx_word' id='word_1_439' title='bbox 358 5204 499 5258; x_wconf 82' lang='grc' dir='ltr'>Ἀλλ’</span> <span class='ocrx_word' id='word_1_440' title='bbox 527 5202 690 5267; x_wconf 78' lang='grc' dir='ltr'>αὐτὸς</span> <span class='ocrx_word' id='word_1_441' title='bbox 722 5202 843 5256; x_wconf 85' lang='grc' dir='ltr'>ούδέ</span> <span class='ocrx_word' id='word_1_442' title='bbox 886 5202 944 5254; x_wconf 80' lang='grc' dir='ltr'>ἐν</span> <span class='ocrx_word' id='word_1_443' title='bbox 994 5200 1144 5270; x_wconf 83' lang='grc' dir='ltr'>κλίνῃ</span> <span class='ocrx_word' id='word_1_444' title='bbox 1183 5196 1548 5259; x_wconf 85' lang='grc' dir='ltr'>κατεκλίνετο,</span> <span class='ocrx_word' id='word_1_445' title='bbox 1594 5194 1709 5248; x_wconf 85' lang='grc' dir='ltr'>ἀλλ’</span> <span class='ocrx_word' id='word_1_446' title='bbox 1739 5195 1796 5246; x_wconf 87' lang='grc' dir='ltr'>ἐν</span> <span class='ocrx_word' id='word_1_447' title='bbox 1836 5195 2010 5265; x_wconf 83' lang='grc' dir='ltr'>φάτνῃ</span> 
     </span>
    </p>
   </div>
   <div class='ocr_carea' id='block_1_58' title="bbox 345 5280 2012 5359">
    <p class='ocr_par' dir='ltr' id='par_1_58' title="bbox 345 5280 2012 5359">
     <span class='ocr_line' id='line_1_58' title="bbox 345 5280 2012 5359; baseline -0.008 -13"><span class='ocrx_word' id='word_1_448' title='bbox 345 5290 535 5354; x_wconf 80' lang='grc' dir='ltr'>ἀπλῶς</span> <span class='ocrx_word' id='word_1_449' title='bbox 567 5290 663 5343; x_wconf 79' lang='grc' dir='ltr'>καὶ</span> <span class='ocrx_word' id='word_1_450' title='bbox 688 5288 765 5352; x_wconf 84' lang='grc' dir='ltr'>ὡς</span> <span class='ocrx_word' id='word_1_451' title='bbox 804 5287 982 5359; x_wconf 67' lang='grc' dir='ltr'>ἔτυχε,</span> <span class='ocrx_word' id='word_1_452' title='bbox 1018 5286 1112 5339; x_wconf 77' lang='grc' dir='ltr'>καὶ</span> <span class='ocrx_word' id='word_1_453' title='bbox 1141 5288 1198 5338; x_wconf 81' lang='grc' dir='ltr'>ἐν</span> <span class='ocrx_word' id='word_1_454' title='bbox 1241 5282 1449 5353; x_wconf 79' lang='grc' dir='ltr'>καλύϐῃ</span> <span class='ocrx_word' id='word_1_455' title='bbox 1484 5280 1578 5335; x_wconf 76' lang='grc' dir='ltr'>καὶ</span> <span class='ocrx_word' id='word_1_456' title='bbox 1608 5282 1709 5335; x_wconf 87' lang='grc' dir='ltr'>ούκ</span> <span class='ocrx_word' id='word_1_457' title='bbox 1747 5283 1805 5334; x_wconf 79' lang='grc' dir='ltr'>ἐν</span> <span class='ocrx_word' id='word_1_458' title='bbox 1844 5297 2012 5334; x_wconf 77' lang='grc' dir='ltr'>καταο</span> 
     </span>
    </p>
   </div>
   <div class='ocr_carea' id='block_1_59' title="bbox 343 5365 2012 5450">
    <p class='ocr_par' dir='ltr' id='par_1_59' title="bbox 343 5365 2012 5450">
     <span class='ocr_line' id='line_1_59' title="bbox 343 5365 2012 5450; baseline -0.008 -18"><span class='ocrx_word' id='word_1_459' title='bbox 343 5379 567 5450; x_wconf 86' lang='grc' dir='ltr'>λύματι.</span> <span class='ocrx_word' id='word_1_460' title='bbox 605 5373 845 5429; x_wconf 85' lang='grc' dir='ltr'>Τοιαῦτα</span> <span class='ocrx_word' id='word_1_461' title='bbox 868 5375 967 5444; x_wconf 86' lang='grc' dir='ltr'>τῆς</span> <span class='ocrx_word' id='word_1_462' title='bbox 1000 5372 1202 5425; x_wconf 86' lang='grc' dir='ltr'>εἰσόδου</span> <span class='ocrx_word' id='word_1_463' title='bbox 1242 5368 1406 5424; x_wconf 82' lang='grc' dir='ltr'>αὑτοῦ</span> <span class='ocrx_word' id='word_1_464' title='bbox 1439 5368 1506 5421; x_wconf 84' lang='grc' dir='ltr'>τά</span> <span class='ocrx_word' id='word_1_465' title='bbox 1551 5366 1829 5439; x_wconf 85' lang='grc' dir='ltr'>προοίμια,</span> <span class='ocrx_word' id='word_1_466' title='bbox 1871 5365 2012 5418; x_wconf 82' lang='grc' dir='ltr'>οῦτω</span> 
     </span>
    </p>
   </div>
   <div class='ocr_carea' id='block_1_60' title="bbox 345 5451 2012 5536">
    <p class='ocr_par' dir='ltr' id='par_1_60' title="bbox 345 5451 2012 5536">
     <span class='ocr_line' id='line_1_60' title="bbox 345 5451 2012 5536; baseline -0.01 -17"><span class='ocrx_word' id='word_1_467' title='bbox 345 5464 575 5536; x_wconf 86' lang='grc' dir='ltr'>λαμπρά</span> <span class='ocrx_word' id='word_1_468' title='bbox 619 5464 713 5516; x_wconf 71' lang='grc' dir='ltr'>καὶ</span> <span class='ocrx_word' id='word_1_469' title='bbox 748 5460 1051 5533; x_wconf 81' lang='grc' dir='ltr'>περιφανῆ·</span> <span class='ocrx_word' id='word_1_470' title='bbox 1103 5457 1304 5511; x_wconf 77' lang='grc' dir='ltr'>εἴσοδον</span> <span class='ocrx_word' id='word_1_471' title='bbox 1348 5455 1405 5509; x_wconf 81' lang='grc' dir='ltr'>δὲ</span> <span class='ocrx_word' id='word_1_472' title='bbox 1449 5455 1578 5508; x_wconf 82' lang='grc' dir='ltr'>ὅταν</span> <span class='ocrx_word' id='word_1_473' title='bbox 1624 5451 1894 5523; x_wconf 76' lang='grc' dir='ltr'>ἀκούσης,</span> <span class='ocrx_word' id='word_1_474' title='bbox 1938 5452 2012 5521; x_wconf 79' lang='grc' dir='ltr'>μὴ</span> 
     </span>
    </p>
   </div>
   <div class='ocr_carea' id='block_1_61' title="bbox 345 5537 2009 5620">
    <p class='ocr_par' dir='ltr' id='par_1_61' title="bbox 345 5537 2009 5620">
     <span class='ocr_line' id='line_1_61' title="bbox 345 5537 2009 5620; baseline -0.011 -12"><span class='ocrx_word' id='word_1_475' title='bbox 345 5553 518 5607; x_wconf 82' lang='grc' dir='ltr'>τόπου</span> <span class='ocrx_word' id='word_1_476' title='bbox 533 5548 720 5620; x_wconf 87' lang='grc' dir='ltr'>νόμιζε</span> <span class='ocrx_word' id='word_1_477' title='bbox 757 5546 1071 5618; x_wconf 87' lang='grc' dir='ltr'>μετάϐασιν,</span> <span class='ocrx_word' id='word_1_478' title='bbox 1097 5543 1211 5598; x_wconf 81' lang='grc' dir='ltr'>ἀλλ’</span> <span class='ocrx_word' id='word_1_479' title='bbox 1239 5542 1549 5612; x_wconf 87' lang='grc' dir='ltr'>οἰκονομίας</span> <span class='ocrx_word' id='word_1_480' title='bbox 1584 5537 2009 5607; x_wconf 82' lang='grc' dir='ltr'>συγκατάϐασιν.</span> 
     </span>
    </p>
   </div>
   <div class='ocr_carea' id='block_1_62' title="bbox 411 5623 2014 5707">
    <p class='ocr_par' dir='ltr' id='par_1_62' title="bbox 411 5623 2014 5707">
     <span class='ocr_line' id='line_1_62' title="bbox 411 5623 2014 5707; baseline -0.007 -22"><span class='ocrx_word' id='word_1_481' title='bbox 411 5634 630 5707; x_wconf 51' lang='grc' dir='ltr'>’μείζω</span> <span class='ocrx_word' id='word_1_482' title='bbox 654 5635 736 5683; x_wconf 79' lang='grc' dir='ltr'>καί</span> <span class='ocrx_word' id='word_1_483' title='bbox 757 5631 1054 5684; x_wconf 72' lang='lat' dir='ltr'>omitteretur</span> <span class='ocrx_word' id='word_1_484' title='bbox 1072 5636 1155 5680; x_wconf 73' lang='lat' dir='ltr'>aut</span> <span class='ocrx_word' id='word_1_485' title='bbox 1176 5626 1470 5680; x_wconf 76' lang='lat' dir='ltr'>scriberetur</span> <span class='ocrx_word' id='word_1_486' title='bbox 1494 5626 1575 5675; x_wconf 79' lang='grc' dir='ltr'>καὶ</span> <span class='ocrx_word' id='word_1_487' title='bbox 1601 5624 1741 5680; x_wconf 78' lang='grc' dir='ltr'>αὐτὸς</span> <span class='ocrx_word' id='word_1_488' title='bbox 1763 5623 1829 5684; x_wconf 80' lang='grc' dir='ltr'>ἐν,</span> <span class='ocrx_word' id='word_1_489' title='bbox 1853 5625 2014 5686; x_wconf 76' lang='lat' dir='ltr'>inquit</span> 
     </span>
    </p>
   </div>
   <div class='ocr_carea' id='block_1_63' title="bbox 352 5697 904 5811">
    <p class='ocr_par' dir='ltr' id='par_1_63' title="bbox 352 5697 904 5811">
     <span class='ocr_line' id='line_1_63' title="bbox 352 5697 644 5748; baseline -0.017 0"><span class='ocrx_word' id='word_1_490' title='bbox 352 5697 644 5748; x_wconf 62' lang='lat' dir='ltr'>Ihllha&#39;ius.</span> 
     </span>
     <span class='ocr_line' id='line_1_64' title="bbox 412 5751 904 5811; baseline -0.008 -5"><span class='ocrx_word' id='word_1_491' title='bbox 412 5762 503 5795; x_wconf 59' lang='grc' dir='ltr'><em>η’</em></span> <span class='ocrx_word' id='word_1_492' title='bbox 532 5758 686 5806; x_wconf 67' lang='lat' dir='ltr'>Deest</span> <span class='ocrx_word' id='word_1_493' title='bbox 709 5751 904 5811; x_wconf 80' lang='lat' dir='ltr'>aliquid.</span> 
     </span>
    </p>
   </div>
   <div class='ocr_carea' id='block_1_64' title="bbox 992 308 2014 395">
    <p class='ocr_par' dir='ltr' id='par_1_64' title="bbox 992 308 2014 395">
     <span class='ocr_line' id='line_1_65' title="bbox 992 308 2014 395; baseline 0.006 -31"><span class='ocrx_word' id='word_1_494' title='bbox 992 309 1103 366; x_wconf 74' lang='lat' dir='ltr'>VIII</span> <span class='ocrx_word' id='word_1_495' title='bbox 1125 309 1444 395; x_wconf 60' lang='grc' dir='ltr'>ιιοιιιυΑ.</span> <span class='ocrx_word' id='word_1_496' title='bbox 1472 308 1720 368; x_wconf 66' lang='lat' dir='ltr'>llABlTA</span> <span class='ocrx_word' id='word_1_497' title='bbox 1760 312 2014 384; x_wconf 69' lang='grc' dir='ltr'>Ροετρῑ</span> 
     </span>
    </p>
   </div>
   <div class='ocr_carea' id='block_1_65' title="bbox 2161 308 3110 395">
    <p class='ocr_par' dir='ltr' id='par_1_65' title="bbox 2167 316 3110 383">
     <span class='ocr_line' id='line_1_66' title="bbox 2167 316 3110 383; baseline -0.001 -8"><span class='ocrx_word' id='word_1_498' title='bbox 2167 317 2579 378; x_wconf 70' lang='lat' dir='ltr'>PRESBYTER</span> <span class='ocrx_word' id='word_1_499' title='bbox 2613 316 2914 383; x_wconf 78' lang='lat' dir='ltr'>GOTIIUS.</span> <span class='ocrx_word' id='word_1_500' title='bbox 2954 316 3110 377; x_wconf 71' lang='grc' dir='ltr'>[ιτς.</span> 
     </span>
    </p>
   </div>
   <div class='ocr_carea' id='block_1_66' title="bbox 3645 317 3767 380">
    <p class='ocr_par' dir='ltr' id='par_1_66' title="bbox 3645 317 3767 380">
     <span class='ocr_line' id='line_1_67' title="bbox 3645 317 3767 380; baseline -0.016 -8"><span class='ocrx_word' id='word_1_501' title='bbox 3645 317 3767 380; x_wconf 63' lang='lat' dir='ltr'>mw</span> 
     </span>
    </p>
   </div>
   <div class='ocr_carea' id='block_1_67' title="bbox 2161 431 3767 505">
    <p class='ocr_par' dir='ltr' id='par_1_67' title="bbox 2161 431 3767 505">
     <span class='ocr_line' id='line_1_68' title="bbox 2161 431 3767 505; baseline -0.003 -18"><span class='ocrx_word' id='word_1_502' title='bbox 2161 441 2229 503; x_wconf 88' lang='grc' dir='ltr'>γ’.</span> <span class='ocrx_word' id='word_1_503' title='bbox 2252 434 2361 490; x_wconf 73' lang='grc' dir='ltr'>Καὶ</span> <span class='ocrx_word' id='word_1_504' title='bbox 2384 433 2490 505; x_wconf 84' lang='grc' dir='ltr'>γάρ</span> <span class='ocrx_word' id='word_1_505' title='bbox 2512 435 2540 486; x_wconf 87' lang='grc' dir='ltr'>ό</span> <span class='ocrx_word' id='word_1_506' title='bbox 2564 432 2771 496; x_wconf 82' lang='grc' dir='ltr'>Παῦλος</span> <span class='ocrx_word' id='word_1_507' title='bbox 2790 433 2915 485; x_wconf 82' lang='grc' dir='ltr'>ὅταν</span> <span class='ocrx_word' id='word_1_508' title='bbox 2934 431 3088 504; x_wconf 83' lang='grc' dir='ltr'>λέγῃ,</span> <span class='ocrx_word' id='word_1_509' title='bbox 3116 432 3398 493; x_wconf 68' lang='grc' dir='ltr'>’Ὅταν-δὲ</span> <span class='ocrx_word' id='word_1_510' title='bbox 3422 434 3609 494; x_wconf 66' lang='grc' dir='ltr'>πάλιν</span> <span class='ocrx_word' id='word_1_511' title='bbox 3627 442 3767 497; x_wconf 31' lang='grc' dir='ltr'>εισοι</span> 
     </span>
    </p>
   </div>
   <div class='ocr_carea' id='block_1_68' title="bbox 2087 518 3750 596">
    <p class='ocr_par' dir='ltr' id='par_1_68' title="bbox 2087 518 3750 596">
     <span class='ocr_line' id='line_1_69' title="bbox 2087 518 3750 596; baseline 0.001 -21"><span class='ocrx_word' id='word_1_512' title='bbox 2087 522 2278 591; x_wconf 74' lang='grc' dir='ltr'>ἀγάγῃ</span> <span class='ocrx_word' id='word_1_513' title='bbox 2308 521 2413 574; x_wconf 84' lang='grc' dir='ltr'>τὸν</span> <span class='ocrx_word' id='word_1_514' title='bbox 2440 521 2813 588; x_wconf 76' lang='grc' dir='ltr'>πρωτότοκον</span> <span class='ocrx_word' id='word_1_515' title='bbox 2843 521 2928 586; x_wconf 81' lang='grc' dir='ltr'>είς</span> <span class='ocrx_word' id='word_1_516' title='bbox 2950 518 3063 591; x_wconf 77' lang='grc' dir='ltr'>τὴν</span> <span class='ocrx_word' id='word_1_517' title='bbox 3089 520 3466 591; x_wconf 77' lang='grc' dir='ltr'>οἰκουμένην,</span> <span class='ocrx_word' id='word_1_518' title='bbox 3491 525 3588 596; x_wconf 81' lang='grc' dir='ltr'>τὴν</span> <span class='ocrx_word' id='word_1_519' title='bbox 3608 526 3750 579; x_wconf 78' lang='grc' dir='ltr'>οἰκοο</span> 
     </span>
    </p>
   </div>
   <div class='ocr_carea' id='block_1_69' title="bbox 2087 605 3749 681">
    <p class='ocr_par' dir='ltr' id='par_1_69' title="bbox 2087 605 3749 681">
     <span class='ocr_line' id='line_1_70' title="bbox 2087 605 3749 681; baseline 0 -17"><span class='ocrx_word' id='word_1_520' title='bbox 2087 608 2279 679; x_wconf 88' lang='grc' dir='ltr'>νομίαν</span> <span class='ocrx_word' id='word_1_521' title='bbox 2300 610 2432 679; x_wconf 79' lang='grc' dir='ltr'>ἡμῖν</span> <span class='ocrx_word' id='word_1_522' title='bbox 2455 606 2806 676; x_wconf 84' lang='grc' dir='ltr'>ἀπαγγέλλει·</span> <span class='ocrx_word' id='word_1_523' title='bbox 2842 605 2870 658; x_wconf 86' lang='grc' dir='ltr'>ὁ</span> <span class='ocrx_word' id='word_1_524' title='bbox 2895 605 3004 678; x_wconf 82' lang='grc' dir='ltr'>γάρ</span> <span class='ocrx_word' id='word_1_525' title='bbox 3034 608 3304 678; x_wconf 82' lang='grc' dir='ltr'>πανταχοῦ</span> <span class='ocrx_word' id='word_1_526' title='bbox 3331 609 3540 681; x_wconf 87' lang='grc' dir='ltr'>παρὼν,</span> <span class='ocrx_word' id='word_1_527' title='bbox 3568 613 3662 667; x_wconf 75' lang='grc' dir='ltr'>καὶ</span> <span class='ocrx_word' id='word_1_528' title='bbox 3682 613 3749 665; x_wconf 77' lang='grc' dir='ltr'>τα</span> 
     </span>
    </p>
   </div>
   <div class='ocr_carea' id='block_1_70' title="bbox 2088 692 3753 769">
    <p class='ocr_par' dir='ltr' id='par_1_70' title="bbox 2088 692 3753 769">
     <span class='ocr_line' id='line_1_71' title="bbox 2088 692 3753 769; baseline 0.002 -20"><span class='ocrx_word' id='word_1_529' title='bbox 2088 696 2268 749; x_wconf 82' lang='grc' dir='ltr'>πάντα</span> <span class='ocrx_word' id='word_1_530' title='bbox 2292 695 2532 765; x_wconf 83' lang='grc' dir='ltr'>πληρῶν,</span> <span class='ocrx_word' id='word_1_531' title='bbox 2569 692 2670 746; x_wconf 90' lang='grc' dir='ltr'>ποῦ</span> <span class='ocrx_word' id='word_1_532' title='bbox 2700 693 2766 746; x_wconf 77' lang='grc' dir='ltr'>ἂν</span> <span class='ocrx_word' id='word_1_533' title='bbox 2793 692 3055 761; x_wconf 87' lang='grc' dir='ltr'>είσέλθοι;</span> <span class='ocrx_word' id='word_1_534' title='bbox 3084 693 3217 749; x_wconf 84' lang='grc' dir='ltr'>ἀλλά</span> <span class='ocrx_word' id='word_1_535' title='bbox 3253 694 3348 766; x_wconf 81' lang='grc' dir='ltr'>τὴν</span> <span class='ocrx_word' id='word_1_536' title='bbox 3375 695 3462 750; x_wconf 81' lang='grc' dir='ltr'>διά</span> <span class='ocrx_word' id='word_1_537' title='bbox 3491 697 3589 769; x_wconf 84' lang='grc' dir='ltr'>τῆς</span> <span class='ocrx_word' id='word_1_538' title='bbox 3611 701 3753 752; x_wconf 75' lang='grc' dir='ltr'>οἰκοο</span> 
     </span>
    </p>
   </div>
   <div class='ocr_carea' id='block_1_71' title="bbox 2088 779 3752 854">
    <p class='ocr_par' dir='ltr' id='par_1_71' title="bbox 2088 779 3752 854">
     <span class='ocr_line' id='line_1_72' title="bbox 2088 779 3752 854; baseline 0 -19"><span class='ocrx_word' id='word_1_539' title='bbox 2088 782 2281 854; x_wconf 88' lang='grc' dir='ltr'>νομίας</span> <span class='ocrx_word' id='word_1_540' title='bbox 2303 781 2605 853; x_wconf 80' lang='grc' dir='ltr'>φανέρωσιν</span> <span class='ocrx_word' id='word_1_541' title='bbox 2627 779 2797 844; x_wconf 74' lang='grc' dir='ltr'>οὕτως</span> <span class='ocrx_word' id='word_1_542' title='bbox 2821 779 3098 836; x_wconf 87' lang='grc' dir='ltr'>ἐκάλεσεν.</span> <span class='ocrx_word' id='word_1_543' title='bbox 3130 779 3323 835; x_wconf 77' lang='grc' dir='ltr'>Είσιὼν</span> <span class='ocrx_word' id='word_1_544' title='bbox 3350 782 3529 835; x_wconf 86' lang='grc' dir='ltr'>τοίνυν</span> <span class='ocrx_word' id='word_1_545' title='bbox 3552 784 3632 846; x_wconf 87' lang='grc' dir='ltr'>εἰς</span> <span class='ocrx_word' id='word_1_546' title='bbox 3656 783 3752 853; x_wconf 83' lang='grc' dir='ltr'>τὴν</span> 
     </span>
    </p>
   </div>
   <div class='ocr_carea' id='block_1_72' title="bbox 2088 865 3754 941">
    <p class='ocr_par' dir='ltr' id='par_1_72' title="bbox 2088 865 3754 941">
     <span class='ocr_line' id='line_1_73' title="bbox 2088 865 3754 941; baseline 0 -18"><span class='ocrx_word' id='word_1_547' title='bbox 2088 869 2430 940; x_wconf 82' lang='grc' dir='ltr'>οἰκουμένην,</span> <span class='ocrx_word' id='word_1_548' title='bbox 2464 868 2598 940; x_wconf 89' lang='grc' dir='ltr'>μετά</span> <span class='ocrx_word' id='word_1_549' title='bbox 2624 866 2877 923; x_wconf 81' lang='grc' dir='ltr'>ταπεινοῦ</span> <span class='ocrx_word' id='word_1_550' title='bbox 2906 865 2997 922; x_wconf 91' lang='grc' dir='ltr'>τοῦ</span> <span class='ocrx_word' id='word_1_551' title='bbox 3028 869 3304 939; x_wconf 83' lang='grc' dir='ltr'>σχήματος</span> <span class='ocrx_word' id='word_1_552' title='bbox 3328 869 3522 941; x_wconf 71' lang='grc' dir='ltr'>εἰσῄει,</span> <span class='ocrx_word' id='word_1_553' title='bbox 3545 871 3636 923; x_wconf 77' lang='grc' dir='ltr'>τὸν</span> <span class='ocrx_word' id='word_1_554' title='bbox 3660 870 3754 923; x_wconf 81' lang='grc' dir='ltr'>τῦο</span> 
     </span>
    </p>
   </div>
   <div class='ocr_carea' id='block_1_73' title="bbox 2090 952 3753 1027">
    <p class='ocr_par' dir='ltr' id='par_1_73' title="bbox 2090 952 3753 1027">
     <span class='ocr_line' id='line_1_74' title="bbox 2090 952 3753 1027; baseline -0.001 -19"><span class='ocrx_word' id='word_1_555' title='bbox 2090 973 2188 1024; x_wconf 86' lang='grc' dir='ltr'>φον</span> <span class='ocrx_word' id='word_1_556' title='bbox 2221 953 2571 1022; x_wconf 85' lang='grc' dir='ltr'>καταπατῶν,</span> <span class='ocrx_word' id='word_1_557' title='bbox 2593 952 2691 1025; x_wconf 77' lang='grc' dir='ltr'>τὴν</span> <span class='ocrx_word' id='word_1_558' title='bbox 2729 954 2982 1008; x_wconf 82' lang='grc' dir='ltr'>ἀπόνοιαν</span> <span class='ocrx_word' id='word_1_559' title='bbox 3014 954 3408 1018; x_wconf 81' lang='grc' dir='ltr'>καταστέλλων,</span> <span class='ocrx_word' id='word_1_560' title='bbox 3442 958 3753 1027; x_wconf 74' lang='grc' dir='ltr'>μετριάζειν</span> 
     </span>
    </p>
   </div>
   <div class='ocr_carea' id='block_1_74' title="bbox 2090 1040 3752 1113">
    <p class='ocr_par' dir='ltr' id='par_1_74' title="bbox 2090 1040 3752 1113">
     <span class='ocr_line' id='line_1_75' title="bbox 2090 1040 3752 1113; baseline -0.001 -17"><span class='ocrx_word' id='word_1_561' title='bbox 2090 1043 2330 1104; x_wconf 75' lang='grc' dir='ltr'>ἅπαντας</span> <span class='ocrx_word' id='word_1_562' title='bbox 2355 1040 2576 1105; x_wconf 88' lang='grc' dir='ltr'>πείθων,</span> <span class='ocrx_word' id='word_1_563' title='bbox 2607 1042 2681 1112; x_wconf 82' lang='grc' dir='ltr'>μὴ</span> <span class='ocrx_word' id='word_1_564' title='bbox 2705 1040 2988 1113; x_wconf 79' lang='grc' dir='ltr'>ἀτιμάζειν</span> <span class='ocrx_word' id='word_1_565' title='bbox 3018 1041 3206 1096; x_wconf 87' lang='grc' dir='ltr'>πενίαν</span> <span class='ocrx_word' id='word_1_566' title='bbox 3234 1043 3372 1113; x_wconf 77' lang='grc' dir='ltr'>μήτε</span> <span class='ocrx_word' id='word_1_567' title='bbox 3399 1044 3752 1110; x_wconf 78' lang='grc' dir='ltr'>ἐξευτελίζειν</span> 
     </span>
    </p>
   </div>
   <div class='ocr_carea' id='block_1_75' title="bbox 2088 1116 3750 1202">
    <p class='ocr_par' dir='ltr' id='par_1_75' title="bbox 2088 1116 3750 1202">
     <span class='ocr_line' id='line_1_76' title="bbox 2088 1116 3750 1202; baseline -0.002 -17"><span class='ocrx_word' id='word_1_568' title='bbox 2088 1130 2382 1200; x_wconf 85' lang='grc' dir='ltr'>πτωχείαν,</span> <span class='ocrx_word' id='word_1_569' title='bbox 2426 1129 2500 1201; x_wconf 81' lang='grc' dir='ltr'>μὴ</span> <span class='ocrx_word' id='word_1_570' title='bbox 2530 1129 2811 1201; x_wconf 86' lang='grc' dir='ltr'>κεχηνέναι</span> <span class='ocrx_word' id='word_1_571' title='bbox 2848 1129 2981 1200; x_wconf 75' lang='grc' dir='ltr'>πρὸς</span> <span class='ocrx_word' id='word_1_572' title='bbox 3023 1128 3268 1195; x_wconf 90' lang='grc' dir='ltr'>πλοῦτον,</span> <span class='ocrx_word' id='word_1_573' title='bbox 3304 1130 3379 1202; x_wconf 81' lang='grc' dir='ltr'>μὴ</span> <span class='ocrx_word' id='word_1_574' title='bbox 3420 1116 3563 1202; x_wconf 81' lang='grc' dir='ltr'>μέγα</span> <span class='ocrx_word' id='word_1_575' title='bbox 3595 1132 3750 1201; x_wconf 84' lang='grc' dir='ltr'>νομί-</span> 
     </span>
    </p>
   </div>
   <div class='ocr_carea' id='block_1_76' title="bbox 2089 1213 3754 1287">
    <p class='ocr_par' dir='ltr' id='par_1_76' title="bbox 2089 1213 3754 1287">
     <span class='ocr_line' id='line_1_77' title="bbox 2089 1213 3754 1287; baseline 0.002 -19"><span class='ocrx_word' id='word_1_576' title='bbox 2089 1214 2200 1282; x_wconf 89' lang='grc' dir='ltr'>ζειν</span> <span class='ocrx_word' id='word_1_577' title='bbox 2237 1213 2370 1270; x_wconf 79' lang='grc' dir='ltr'>εἶναι</span> <span class='ocrx_word' id='word_1_578' title='bbox 2403 1219 2503 1287; x_wconf 80' lang='grc' dir='ltr'>τὴν</span> <span class='ocrx_word' id='word_1_579' title='bbox 2543 1213 2840 1285; x_wconf 82' lang='grc' dir='ltr'>φαντασίαν</span> <span class='ocrx_word' id='word_1_580' title='bbox 2878 1215 2978 1285; x_wconf 84' lang='grc' dir='ltr'>τὴν</span> <span class='ocrx_word' id='word_1_581' title='bbox 3020 1214 3386 1287; x_wconf 88' lang='grc' dir='ltr'>ἀνθρωπίνην,</span> <span class='ocrx_word' id='word_1_582' title='bbox 3419 1217 3554 1271; x_wconf 87' lang='grc' dir='ltr'>ἀλλά</span> <span class='ocrx_word' id='word_1_583' title='bbox 3597 1220 3754 1281; x_wconf 79' lang='grc' dir='ltr'>σκιᾶς</span> 
     </span>
    </p>
   </div>
   <div class='ocr_carea' id='block_1_77' title="bbox 2091 1298 3752 1373">
    <p class='ocr_par' dir='ltr' id='par_1_77' title="bbox 2091 1298 3752 1373">
     <span class='ocr_line' id='line_1_78' title="bbox 2091 1298 3752 1373; baseline -0.001 -18"><span class='ocrx_word' id='word_1_584' title='bbox 2091 1299 2239 1373; x_wconf 75' lang='grc'>[575]</span> <span class='ocrx_word' id='word_1_585' title='bbox 2289 1299 2705 1373; x_wconf 87' lang='grc' dir='ltr'>ἀδρανεστέραν,</span> <span class='ocrx_word' id='word_1_586' title='bbox 2745 1299 2841 1352; x_wconf 71' lang='grc' dir='ltr'>καὶ</span> <span class='ocrx_word' id='word_1_587' title='bbox 2887 1298 3100 1369; x_wconf 84' lang='grc' dir='ltr'>φύλλων</span> <span class='ocrx_word' id='word_1_588' title='bbox 3158 1299 3561 1372; x_wconf 82' lang='grc' dir='ltr'>εὐτελεστέραν,</span> <span class='ocrx_word' id='word_1_589' title='bbox 3610 1299 3752 1372; x_wconf 70' lang='lat' dir='ltr'>[ml]</span> 
     </span>
    </p>
   </div>
   <div class='ocr_carea' id='block_1_78' title="bbox 2087 1384 3752 1459">
    <p class='ocr_par' dir='ltr' id='par_1_78' title="bbox 2087 1384 3752 1459">
     <span class='ocr_line' id='line_1_79' title="bbox 2087 1384 3752 1459; baseline -0.001 -20"><span class='ocrx_word' id='word_1_590' title='bbox 2087 1387 2378 1458; x_wconf 80' lang='grc' dir='ltr'>ὀνειράτων</span> <span class='ocrx_word' id='word_1_591' title='bbox 2414 1385 2844 1458; x_wconf 87' lang='grc' dir='ltr'>ἀπατηλοτέραν.</span> <span class='ocrx_word' id='word_1_592' title='bbox 2890 1384 3160 1439; x_wconf 81' lang='grc' dir='ltr'>Εἰσελθὼν</span> <span class='ocrx_word' id='word_1_593' title='bbox 3212 1386 3411 1453; x_wconf 84' lang='grc' dir='ltr'>τοίνυν,</span> <span class='ocrx_word' id='word_1_594' title='bbox 3447 1386 3752 1459; x_wconf 82' lang='grc' dir='ltr'>βαρϐάρους</span> 
     </span>
    </p>
   </div>
   <div class='ocr_carea' id='block_1_79' title="bbox 2087 1472 3757 1546">
    <p class='ocr_par' dir='ltr' id='par_1_79' title="bbox 2087 1472 3757 1546">
     <span class='ocr_line' id='line_1_80' title="bbox 2087 1472 3757 1546; baseline 0 -20"><span class='ocrx_word' id='word_1_595' title='bbox 2087 1474 2334 1537; x_wconf 84' lang='grc' dir='ltr'>ἐκάλεσε,</span> <span class='ocrx_word' id='word_1_596' title='bbox 2358 1475 2450 1529; x_wconf 69' lang='grc' dir='ltr'>καὶ</span> <span class='ocrx_word' id='word_1_597' title='bbox 2478 1472 2784 1546; x_wconf 88' lang='grc' dir='ltr'>βαρϐάρους</span> <span class='ocrx_word' id='word_1_598' title='bbox 2807 1472 2906 1543; x_wconf 82' lang='grc' dir='ltr'>οὐχ</span> <span class='ocrx_word' id='word_1_599' title='bbox 2931 1472 3114 1536; x_wconf 87' lang='grc' dir='ltr'>ἀπλῶς</span> <span class='ocrx_word' id='word_1_600' title='bbox 3144 1472 3471 1544; x_wconf 86' lang='grc' dir='ltr'>βαρϐάρους,</span> <span class='ocrx_word' id='word_1_601' title='bbox 3498 1474 3633 1527; x_wconf 85' lang='grc' dir='ltr'>ἀλλά</span> <span class='ocrx_word' id='word_1_602' title='bbox 3661 1475 3757 1529; x_wconf 71' lang='grc' dir='ltr'>καὶ</span> 
     </span>
    </p>
   </div>
   <div class='ocr_carea' id='block_1_80' title="bbox 2091 1556 3754 1632">
    <p class='ocr_par' dir='ltr' id='par_1_80' title="bbox 2091 1556 3754 1632">
     <span class='ocr_line' id='line_1_81' title="bbox 2091 1556 3754 1632; baseline -0.001 -19"><span class='ocrx_word' id='word_1_603' title='bbox 2091 1561 2319 1630; x_wconf 82' lang='grc' dir='ltr'>μάγους,</span> <span class='ocrx_word' id='word_1_604' title='bbox 2375 1561 2433 1614; x_wconf 71' lang='grc' dir='ltr'>τὸ</span> <span class='ocrx_word' id='word_1_605' title='bbox 2475 1559 2862 1631; x_wconf 80' lang='grc' dir='ltr'>ἐπιτεταμένον</span> <span class='ocrx_word' id='word_1_606' title='bbox 2899 1561 2995 1631; x_wconf 86' lang='grc' dir='ltr'>τῆς</span> <span class='ocrx_word' id='word_1_607' title='bbox 3030 1560 3287 1623; x_wconf 86' lang='grc' dir='ltr'>ἀσεϐείας</span> <span class='ocrx_word' id='word_1_608' title='bbox 3331 1556 3488 1623; x_wconf 76' lang='grc' dir='ltr'>εἶδος.</span> <span class='ocrx_word' id='word_1_609' title='bbox 3538 1561 3754 1632; x_wconf 71' lang='grc' dir='ltr'>Ἐπειδὴ</span> 
     </span>
    </p>
   </div>
   <div class='ocr_carea' id='block_1_81' title="bbox 2088 1645 3757 1720">
    <p class='ocr_par' dir='ltr' id='par_1_81' title="bbox 2088 1645 3757 1720">
     <span class='ocr_line' id='line_1_82' title="bbox 2088 1645 3757 1720; baseline -0.002 -20"><span class='ocrx_word' id='word_1_610' title='bbox 2088 1647 2198 1719; x_wconf 81' lang='grc' dir='ltr'>γὰρ</span> <span class='ocrx_word' id='word_1_611' title='bbox 2243 1650 2311 1701; x_wconf 69' lang='grc' dir='ltr'>τά</span> <span class='ocrx_word' id='word_1_612' title='bbox 2355 1648 2453 1720; x_wconf 88' lang='grc' dir='ltr'>τῆς</span> <span class='ocrx_word' id='word_1_613' title='bbox 2501 1648 2824 1719; x_wconf 81' lang='grc' dir='ltr'>οἰκουμένης</span> <span class='ocrx_word' id='word_1_614' title='bbox 2877 1645 3091 1701; x_wconf 77' lang='grc' dir='ltr'>ἅπαντα</span> <span class='ocrx_word' id='word_1_615' title='bbox 3135 1646 3321 1711; x_wconf 89' lang='grc' dir='ltr'>κακῶς</span> <span class='ocrx_word' id='word_1_616' title='bbox 3367 1647 3614 1710; x_wconf 82' lang='grc' dir='ltr'>διέκειτο,</span> <span class='ocrx_word' id='word_1_617' title='bbox 3664 1647 3757 1698; x_wconf 72' lang='grc' dir='ltr'>καὶ</span> 
     </span>
    </p>
   </div>
   <div class='ocr_carea' id='block_1_82' title="bbox 2089 1734 3754 1807">
    <p class='ocr_par' dir='ltr' id='par_1_82' title="bbox 2089 1734 3754 1807">
     <span class='ocr_line' id='line_1_83' title="bbox 2089 1734 3754 1807; baseline -0.001 -19"><span class='ocrx_word' id='word_1_618' title='bbox 2089 1734 2311 1788; x_wconf 82' lang='grc' dir='ltr'>ἀσέϐεια</span> <span class='ocrx_word' id='word_1_619' title='bbox 2361 1734 2632 1805; x_wconf 85' lang='grc' dir='ltr'>πανταχοῦ</span> <span class='ocrx_word' id='word_1_620' title='bbox 2693 1735 2933 1807; x_wconf 85' lang='grc' dir='ltr'>ἐκράτει,</span> <span class='ocrx_word' id='word_1_621' title='bbox 2993 1736 3085 1789; x_wconf 77' lang='grc' dir='ltr'>καὶ</span> <span class='ocrx_word' id='word_1_622' title='bbox 3148 1738 3341 1788; x_wconf 81' lang='grc' dir='ltr'>κνίσσα</span> <span class='ocrx_word' id='word_1_623' title='bbox 3393 1736 3485 1788; x_wconf 73' lang='grc' dir='ltr'>καὶ</span> <span class='ocrx_word' id='word_1_624' title='bbox 3530 1734 3754 1795; x_wconf 71' lang='grc' dir='ltr'>καπνὸς,</span> 
     </span>
    </p>
   </div>
   <div class='ocr_carea' id='block_1_83' title="bbox 2090 1821 3756 1895">
    <p class='ocr_par' dir='ltr' id='par_1_83' title="bbox 2090 1821 3756 1895">
     <span class='ocr_line' id='line_1_84' title="bbox 2090 1821 3756 1895; baseline 0 -21"><span class='ocrx_word' id='word_1_625' title='bbox 2090 1824 2184 1876; x_wconf 69' lang='grc' dir='ltr'>καὶ</span> <span class='ocrx_word' id='word_1_626' title='bbox 2223 1821 2345 1876; x_wconf 73' lang='grc' dir='ltr'>οὔτε</span> <span class='ocrx_word' id='word_1_627' title='bbox 2380 1823 2542 1894; x_wconf 86' lang='grc' dir='ltr'>νόμος</span> <span class='ocrx_word' id='word_1_628' title='bbox 2589 1823 2791 1894; x_wconf 78' lang='grc' dir='ltr'>ἴσχυεν,</span> <span class='ocrx_word' id='word_1_629' title='bbox 2838 1822 2959 1877; x_wconf 77' lang='grc' dir='ltr'>οὔτε</span> <span class='ocrx_word' id='word_1_630' title='bbox 3007 1823 3281 1895; x_wconf 83' lang='grc' dir='ltr'>προφῆται</span> <span class='ocrx_word' id='word_1_631' title='bbox 3318 1822 3652 1893; x_wconf 84' lang='grc' dir='ltr'>διώρθωσαν,</span> <span class='ocrx_word' id='word_1_632' title='bbox 3695 1823 3756 1875; x_wconf 84' lang='grc' dir='ltr'>ού</span> 
     </span>
    </p>
   </div>
   <div class='ocr_carea' id='block_1_84' title="bbox 2091 1907 3754 1986">
    <p class='ocr_par' dir='ltr' id='par_1_84' title="bbox 2091 1907 3754 1986">
     <span class='ocr_line' id='line_1_85' title="bbox 2091 1907 3754 1986; baseline 0 -26"><span class='ocrx_word' id='word_1_633' title='bbox 2091 1909 2439 1981; x_wconf 74' lang='grc' dir='ltr'>παραινέσεις</span> <span class='ocrx_word' id='word_1_634' title='bbox 2482 1908 2790 1986; x_wconf 82' lang='grc' dir='ltr'>ὠφέλησαν,</span> <span class='ocrx_word' id='word_1_635' title='bbox 2819 1909 2881 1961; x_wconf 91' lang='grc' dir='ltr'>ού</span> <span class='ocrx_word' id='word_1_636' title='bbox 2909 1907 3183 1981; x_wconf 82' lang='grc' dir='ltr'>θαύματα,</span> <span class='ocrx_word' id='word_1_637' title='bbox 3219 1908 3280 1961; x_wconf 89' lang='lat' dir='ltr'><em>o6</em></span> <span class='ocrx_word' id='word_1_638' title='bbox 3315 1908 3553 1972; x_wconf 83' lang='grc' dir='ltr'>κόλασις,</span> <span class='ocrx_word' id='word_1_639' title='bbox 3579 1908 3638 1960; x_wconf 90' lang='grc' dir='ltr'>ού</span> <span class='ocrx_word' id='word_1_640' title='bbox 3675 1926 3754 1960; x_wconf 79' lang='grc' dir='ltr'>τι·</span> 
     </span>
    </p>
   </div>
   <div class='ocr_carea' id='block_1_85' title="bbox 2095 1994 3759 2068">
    <p class='ocr_par' dir='ltr' id='par_1_85' title="bbox 2095 1994 3759 2068">
     <span class='ocr_line' id='line_1_86' title="bbox 2095 1994 3759 2068; baseline -0.001 -19"><span class='ocrx_word' id='word_1_641' title='bbox 2095 1996 2317 2067; x_wconf 87' lang='grc' dir='ltr'>μωρίαι,</span> <span class='ocrx_word' id='word_1_642' title='bbox 2346 1996 2440 2049; x_wconf 74' lang='grc' dir='ltr'>καὶ</span> <span class='ocrx_word' id='word_1_643' title='bbox 2464 1997 2497 2067; x_wconf 82' lang='grc' dir='ltr'><strong>ἡ</strong></span> <span class='ocrx_word' id='word_1_644' title='bbox 2524 1996 2594 2068; x_wconf 86' lang='grc' dir='ltr'>γῆ</span> <span class='ocrx_word' id='word_1_645' title='bbox 2622 1994 2677 2049; x_wconf 82' lang='grc' dir='ltr'>δὲ</span> <span class='ocrx_word' id='word_1_646' title='bbox 2702 1994 3059 2064; x_wconf 87' lang='grc' dir='ltr'>ἀνθρωπίνοις</span> <span class='ocrx_word' id='word_1_647' title='bbox 3083 1995 3308 2065; x_wconf 82' lang='grc' dir='ltr'>αῖμασιν</span> <span class='ocrx_word' id='word_1_648' title='bbox 3331 1994 3638 2065; x_wconf 87' lang='grc' dir='ltr'>ἐμολύνετο,</span> <span class='ocrx_word' id='word_1_649' title='bbox 3664 1997 3759 2048; x_wconf 75' lang='grc' dir='ltr'>καὶ</span> 
     </span>
    </p>
   </div>
   <div class='ocr_carea' id='block_1_86' title="bbox 2091 2078 3756 2154">
    <p class='ocr_par' dir='ltr' id='par_1_86' title="bbox 2091 2078 3756 2154">
     <span class='ocr_line' id='line_1_87' title="bbox 2091 2078 3756 2154; baseline -0.013 -2"><span class='ocrx_word' id='word_1_650' title='bbox 2091 2084 2125 2152; x_wconf 71' lang='grc' dir='ltr'>ἡ</span> <span class='ocrx_word' id='word_1_651' title='bbox 2169 2082 2328 2152; x_wconf 66' lang='grc' dir='ltr'>φύσις</span> <span class='ocrx_word' id='word_1_652' title='bbox 2363 2082 2500 2154; x_wconf 67' lang='grc' dir='ltr'>αὑτὴ</span> <span class='ocrx_word' id='word_1_653' title='bbox 2528 2084 2792 2150; x_wconf 75' lang='grc' dir='ltr'>ἠγνοεῖτο·</span> <span class='ocrx_word' id='word_1_654' title='bbox 2814 2078 3096 2136; x_wconf 35' lang='grc' dir='ltr'>ῊΕθυσαν</span> <span class='ocrx_word' id='word_1_655' title='bbox 3124 2081 3231 2151; x_wconf 72' lang='grc' dir='ltr'>γὰρ</span> <span class='ocrx_word' id='word_1_656' title='bbox 3265 2080 3408 2147; x_wconf 84' lang='grc' dir='ltr'>τοὺς</span> <span class='ocrx_word' id='word_1_657' title='bbox 3439 2080 3608 2147; x_wconf 80' lang='grc' dir='ltr'>υἱοὺς</span> <span class='ocrx_word' id='word_1_658' title='bbox 3645 2083 3756 2135; x_wconf 82' lang='grc' dir='ltr'>αὺ-</span> 
     </span>
    </p>
   </div>
   <div class='ocr_carea' id='block_1_87' title="bbox 2090 2167 3759 2239">
    <p class='ocr_par' dir='ltr' id='par_1_87' title="bbox 2090 2167 3759 2239">
     <span class='ocr_line' id='line_1_88' title="bbox 2090 2167 3759 2239; baseline -0.002 -14"><span class='ocrx_word' id='word_1_659' title='bbox 2090 2170 2210 2225; x_wconf 83' lang='grc' dir='ltr'>τῶν</span> <span class='ocrx_word' id='word_1_660' title='bbox 2235 2170 2334 2224; x_wconf 77' lang='grc' dir='ltr'>καὶ</span> <span class='ocrx_word' id='word_1_661' title='bbox 2360 2169 2467 2237; x_wconf 84' lang='grc' dir='ltr'>τὰς</span> <span class='ocrx_word' id='word_1_662' title='bbox 2505 2169 2829 2239; x_wconf 76' lang='grc' dir='ltr'>θυγατέρας</span> <span class='ocrx_word' id='word_1_663' title='bbox 2861 2169 2984 2236; x_wconf 84' lang='grc' dir='ltr'>τοῖς</span> <span class='ocrx_word' id='word_1_664' title='bbox 3023 2168 3370 2239; x_wconf 77' lang='grc' dir='ltr'>δαιμονίοις·</span> <span class='ocrx_word' id='word_1_665' title='bbox 3402 2167 3759 2239; x_wconf 78' lang='grc' dir='ltr'>θυσιαστήρια</span> 
     </span>
    </p>
   </div>
   <div class='ocr_carea' id='block_1_88' title="bbox 2093 2254 3759 2328">
    <p class='ocr_par' dir='ltr' id='par_1_88' title="bbox 2093 2254 3759 2328">
     <span class='ocr_line' id='line_1_89' title="bbox 2093 2254 3759 2328; baseline -0.002 -17"><span class='ocrx_word' id='word_1_666' title='bbox 2093 2258 2522 2322; x_wconf 83' lang='grc' dir='ltr'>κατεσκάπτετο,</span> <span class='ocrx_word' id='word_1_667' title='bbox 2568 2256 2844 2328; x_wconf 76' lang='grc' dir='ltr'>προφῆται</span> <span class='ocrx_word' id='word_1_668' title='bbox 2881 2254 3197 2328; x_wconf 81' lang='grc' dir='ltr'>ἀνῃροῦντο,</span> <span class='ocrx_word' id='word_1_669' title='bbox 3238 2255 3331 2308; x_wconf 71' lang='grc' dir='ltr'>καὶ</span> <span class='ocrx_word' id='word_1_670' title='bbox 3376 2256 3406 2307; x_wconf 87' lang='grc' dir='ltr'><strong>ὁ</strong></span> <span class='ocrx_word' id='word_1_671' title='bbox 3452 2255 3552 2325; x_wconf 80' lang='grc' dir='ltr'>τῆς</span> <span class='ocrx_word' id='word_1_672' title='bbox 3602 2256 3759 2307; x_wconf 76' lang='grc' dir='ltr'>εὐσε-</span> 
     </span>
    </p>
   </div>
   <div class='ocr_carea' id='block_1_89' title="bbox 2092 2339 3760 2414">
    <p class='ocr_par' dir='ltr' id='par_1_89' title="bbox 2092 2339 3760 2414">
     <span class='ocr_line' id='line_1_90' title="bbox 2092 2339 3760 2414; baseline -0.002 -19"><span class='ocrx_word' id='word_1_673' title='bbox 2092 2343 2242 2408; x_wconf 86' lang='grc' dir='ltr'>ϐείας</span> <span class='ocrx_word' id='word_1_674' title='bbox 2270 2342 2394 2407; x_wconf 73' lang='grc' dir='ltr'>ναὸς</span> <span class='ocrx_word' id='word_1_675' title='bbox 2418 2340 2656 2414; x_wconf 86' lang='grc' dir='ltr'>ἐρείπιον</span> <span class='ocrx_word' id='word_1_676' title='bbox 2680 2341 2886 2410; x_wconf 88' lang='grc' dir='ltr'>ἐγίνετο</span> <span class='ocrx_word' id='word_1_677' title='bbox 2909 2343 3003 2396; x_wconf 74' lang='grc' dir='ltr'>καὶ</span> <span class='ocrx_word' id='word_1_678' title='bbox 3024 2341 3256 2394; x_wconf 87' lang='grc' dir='ltr'>εἰδώλων</span> <span class='ocrx_word' id='word_1_679' title='bbox 3279 2339 3642 2410; x_wconf 88' lang='grc' dir='ltr'>καταγώγιον,</span> <span class='ocrx_word' id='word_1_680' title='bbox 3666 2342 3760 2394; x_wconf 75' lang='grc' dir='ltr'>καὶ</span> 
     </span>
    </p>
   </div>
   <div class='ocr_carea' id='block_1_90' title="bbox 2092 2428 3757 2502">
    <p class='ocr_par' dir='ltr' id='par_1_90' title="bbox 2092 2428 3757 2502">
     <span class='ocr_line' id='line_1_91' title="bbox 2092 2428 3757 2502; baseline -0.001 -19"><span class='ocrx_word' id='word_1_681' title='bbox 2092 2431 2121 2483; x_wconf 91' lang='lat'>6</span> <span class='ocrx_word' id='word_1_682' title='bbox 2149 2431 2318 2502; x_wconf 86' lang='grc' dir='ltr'>δῆμος</span> <span class='ocrx_word' id='word_1_683' title='bbox 2345 2432 2374 2484; x_wconf 89' lang='grc' dir='ltr'>ό</span> <span class='ocrx_word' id='word_1_684' title='bbox 2403 2428 2702 2501; x_wconf 73' lang='grc' dir='ltr'>παραχθεὶς</span> <span class='ocrx_word' id='word_1_685' title='bbox 2731 2430 2808 2492; x_wconf 87' lang='grc' dir='ltr'>εἰς</span> <span class='ocrx_word' id='word_1_686' title='bbox 2835 2429 2996 2500; x_wconf 89' lang='grc' dir='ltr'>μέσον</span> <span class='ocrx_word' id='word_1_687' title='bbox 3023 2428 3163 2483; x_wconf 84' lang='grc' dir='ltr'>ὥστε</span> <span class='ocrx_word' id='word_1_688' title='bbox 3194 2428 3483 2483; x_wconf 88' lang='grc' dir='ltr'>παιδεῦσαι</span> <span class='ocrx_word' id='word_1_689' title='bbox 3519 2429 3757 2498; x_wconf 74' lang='grc' dir='ltr'>ἐτέρους,</span> 
     </span>
    </p>
   </div>
   <div class='ocr_carea' id='block_1_91' title="bbox 2095 2514 3762 2589">
    <p class='ocr_par' dir='ltr' id='par_1_91' title="bbox 2095 2514 3762 2589">
     <span class='ocr_line' id='line_1_92' title="bbox 2095 2514 3762 2589; baseline -0.002 -18"><span class='ocrx_word' id='word_1_690' title='bbox 2095 2516 2442 2589; x_wconf 81' lang='grc' dir='ltr'>βλασφημίας</span> <span class='ocrx_word' id='word_1_691' title='bbox 2461 2517 2640 2579; x_wconf 82' lang='grc' dir='ltr'>ἀλλοις</span> <span class='ocrx_word' id='word_1_692' title='bbox 2666 2515 2921 2579; x_wconf 83' lang='grc' dir='ltr'>ὑπόθεσις</span> <span class='ocrx_word' id='word_1_693' title='bbox 2943 2516 3169 2584; x_wconf 80' lang='grc' dir='ltr'>ἐγίνετο·</span> <span class='ocrx_word' id='word_1_694' title='bbox 3197 2514 3273 2570; x_wconf 78' lang='grc' dir='ltr'>Τὸ</span> <span class='ocrx_word' id='word_1_695' title='bbox 3306 2514 3415 2587; x_wconf 80' lang='grc' dir='ltr'>γάρ</span> <span class='ocrx_word' id='word_1_696' title='bbox 3442 2514 3629 2585; x_wconf 78' lang='grc' dir='ltr'>ὄνομά</span> <span class='ocrx_word' id='word_1_697' title='bbox 3641 2532 3762 2584; x_wconf 86' lang='grc' dir='ltr'>μου</span> 
     </span>
    </p>
   </div>
   <div class='ocr_carea' id='block_1_92' title="bbox 2093 2601 3763 2674">
    <p class='ocr_par' dir='ltr' id='par_1_92' title="bbox 2093 2601 3763 2674">
     <span class='ocr_line' id='line_1_93' title="bbox 2093 2601 3763 2674; baseline 0.001 -18"><span class='ocrx_word' id='word_1_698' title='bbox 2093 2603 2171 2657; x_wconf 85' lang='grc' dir='ltr'>δι’</span> <span class='ocrx_word' id='word_1_699' title='bbox 2210 2602 2367 2674; x_wconf 81' lang='grc' dir='ltr'>ὑμᾶς</span> <span class='ocrx_word' id='word_1_700' title='bbox 2417 2601 2888 2672; x_wconf 67' lang='grc' dir='ltr'>βλασφημεῖται,</span> <span class='ocrx_word' id='word_1_701' title='bbox 2929 2603 3112 2674; x_wconf 75' lang='grc' dir='ltr'>φησὶν,</span> <span class='ocrx_word' id='word_1_702' title='bbox 3140 2603 3209 2657; x_wconf 87' lang='grc' dir='ltr'>ἐν</span> <span class='ocrx_word' id='word_1_703' title='bbox 3248 2602 3372 2669; x_wconf 83' lang='grc' dir='ltr'>τοῖς</span> <span class='ocrx_word' id='word_1_704' title='bbox 3403 2602 3624 2658; x_wconf 74' lang='grc' dir='ltr'>ἔθνεσι·</span> <span class='ocrx_word' id='word_1_705' title='bbox 3668 2604 3763 2657; x_wconf 79' lang='grc' dir='ltr'>καὶ</span> 
     </span>
    </p>
   </div>
   <div class='ocr_carea' id='block_1_93' title="bbox 2095 2689 3759 2762">
    <p class='ocr_par' dir='ltr' id='par_1_93' title="bbox 2095 2689 3759 2762">
     <span class='ocr_line' id='line_1_94' title="bbox 2095 2689 3759 2762; baseline -0.001 -17"><span class='ocrx_word' id='word_1_706' title='bbox 2095 2690 2276 2746; x_wconf 86' lang='grc' dir='ltr'>θυσίαι</span> <span class='ocrx_word' id='word_1_707' title='bbox 2305 2690 2593 2762; x_wconf 81' lang='grc' dir='ltr'>ἠλέγχοντο</span> <span class='ocrx_word' id='word_1_708' title='bbox 2617 2690 2711 2744; x_wconf 77' lang='grc' dir='ltr'>καὶ</span> <span class='ocrx_word' id='word_1_709' title='bbox 2737 2690 2918 2760; x_wconf 77' lang='grc' dir='ltr'>ἑορταὶ</span> <span class='ocrx_word' id='word_1_710' title='bbox 2949 2690 3045 2743; x_wconf 77' lang='grc' dir='ltr'>καί</span> <span class='ocrx_word' id='word_1_711' title='bbox 3070 2689 3349 2761; x_wconf 82' lang='grc' dir='ltr'>νεομηνίαι</span> <span class='ocrx_word' id='word_1_712' title='bbox 3375 2690 3469 2744; x_wconf 79' lang='grc' dir='ltr'>καὶ</span> <span class='ocrx_word' id='word_1_713' title='bbox 3493 2689 3759 2751; x_wconf 85' lang='grc' dir='ltr'>σάϐϐατα,</span> 
     </span>
    </p>
   </div>
   <div class='ocr_carea' id='block_1_94' title="bbox 2096 2772 3764 2849">
    <p class='ocr_par' dir='ltr' id='par_1_94' title="bbox 2096 2772 3764 2849">
     <span class='ocr_line' id='line_1_95' title="bbox 2096 2772 3764 2849; baseline -0.002 -18"><span class='ocrx_word' id='word_1_714' title='bbox 2096 2779 2191 2833; x_wconf 74' lang='grc' dir='ltr'>καὶ</span> <span class='ocrx_word' id='word_1_715' title='bbox 2224 2777 2285 2831; x_wconf 83' lang='grc' dir='ltr'>τὺ</span> <span class='ocrx_word' id='word_1_716' title='bbox 2324 2777 2509 2830; x_wconf 82' lang='grc' dir='ltr'>λοιπὸν</span> <span class='ocrx_word' id='word_1_717' title='bbox 2550 2777 2648 2847; x_wconf 88' lang='grc' dir='ltr'>τῆς</span> <span class='ocrx_word' id='word_1_718' title='bbox 2689 2776 2939 2847; x_wconf 83' lang='grc' dir='ltr'>λατρείας</span> <span class='ocrx_word' id='word_1_719' title='bbox 2982 2772 3119 2840; x_wconf 72' lang='grc' dir='ltr'>εἶδος</span> <span class='ocrx_word' id='word_1_720' title='bbox 3171 2775 3513 2849; x_wconf 79' lang='grc' dir='ltr'>ἐξεϐέϐλητο,</span> <span class='ocrx_word' id='word_1_721' title='bbox 3561 2777 3764 2848; x_wconf 86' lang='grc' dir='ltr'>ἀρετῆς</span> 
     </span>
    </p>
   </div>
   <div class='ocr_carea' id='block_1_95' title="bbox 2097 2862 3760 2936">
    <p class='ocr_par' dir='ltr' id='par_1_95' title="bbox 2097 2862 3760 2936">
     <span class='ocr_line' id='line_1_96' title="bbox 2097 2862 3760 2936; baseline -0.002 -18"><span class='ocrx_word' id='word_1_722' title='bbox 2097 2864 2492 2936; x_wconf 81' lang='grc' dir='ltr'>ἀμελουμένης,</span> <span class='ocrx_word' id='word_1_723' title='bbox 2521 2865 2613 2917; x_wconf 77' lang='grc' dir='ltr'>καὶ</span> <span class='ocrx_word' id='word_1_724' title='bbox 2636 2863 2789 2935; x_wconf 76' lang='grc' dir='ltr'>φωνὴ</span> <span class='ocrx_word' id='word_1_725' title='bbox 2808 2863 3011 2918; x_wconf 85' lang='grc' dir='ltr'>ἀνωθεν</span> <span class='ocrx_word' id='word_1_726' title='bbox 3039 2862 3132 2917; x_wconf 88' lang='grc' dir='ltr'>τοῦ</span> <span class='ocrx_word' id='word_1_727' title='bbox 3152 2863 3284 2917; x_wconf 82' lang='grc' dir='ltr'>Θεοῦ</span> <span class='ocrx_word' id='word_1_728' title='bbox 3312 2863 3760 2935; x_wconf 88' lang='grc' dir='ltr'>κατηγοροῦντος,</span> 
     </span>
    </p>
   </div>
   <div class='ocr_carea' id='block_1_96' title="bbox 2097 2950 3763 3024">
    <p class='ocr_par' dir='ltr' id='par_1_96' title="bbox 2097 2950 3763 3024">
     <span class='ocr_line' id='line_1_97' title="bbox 2097 2950 3763 3024; baseline -0.002 -17"><span class='ocrx_word' id='word_1_729' title='bbox 2097 2952 2190 3007; x_wconf 77' lang='grc' dir='ltr'>καὶ</span> <span class='ocrx_word' id='word_1_730' title='bbox 2222 2954 2395 3023; x_wconf 79' lang='grc' dir='ltr'>φωναὶ</span> <span class='ocrx_word' id='word_1_731' title='bbox 2423 2951 2663 3007; x_wconf 84' lang='grc' dir='ltr'>κάτωθεν</span> <span class='ocrx_word' id='word_1_732' title='bbox 2692 2951 2801 3005; x_wconf 89' lang='grc' dir='ltr'>τῶν</span> <span class='ocrx_word' id='word_1_733' title='bbox 2828 2950 3117 3022; x_wconf 81' lang='grc' dir='ltr'>προφητῶν</span> <span class='ocrx_word' id='word_1_734' title='bbox 3138 2952 3495 3024; x_wconf 75' lang='grc' dir='ltr'>ὀδυρομένων,</span> <span class='ocrx_word' id='word_1_735' title='bbox 3529 2953 3622 3006; x_wconf 72' lang='grc' dir='ltr'>καὶ</span> <span class='ocrx_word' id='word_1_736' title='bbox 3651 2969 3763 3021; x_wconf 81' lang='grc' dir='ltr'>φω-</span> 
     </span>
    </p>
   </div>
   <div class='ocr_carea' id='block_1_97' title="bbox 2097 3039 3765 3111">
    <p class='ocr_par' dir='ltr' id='par_1_97' title="bbox 2097 3039 3765 3111">
     <span class='ocr_line' id='line_1_98' title="bbox 2097 3039 3765 3111; baseline -0.002 -16"><span class='ocrx_word' id='word_1_737' title='bbox 2097 3042 2185 3095; x_wconf 76' lang='grc' dir='ltr'>ναὶ</span> <span class='ocrx_word' id='word_1_738' title='bbox 2207 3039 2558 3111; x_wconf 86' lang='grc' dir='ltr'>πανταχόθεν,</span> <span class='ocrx_word' id='word_1_739' title='bbox 2582 3039 2688 3094; x_wconf 87' lang='grc' dir='ltr'>τῶν</span> <span class='ocrx_word' id='word_1_740' title='bbox 2714 3039 3051 3111; x_wconf 87' lang='grc' dir='ltr'>πραγμάτων</span> <span class='ocrx_word' id='word_1_741' title='bbox 3071 3039 3254 3103; x_wconf 84' lang='grc' dir='ltr'>κακῶς</span> <span class='ocrx_word' id='word_1_742' title='bbox 3275 3039 3651 3110; x_wconf 80' lang='grc' dir='ltr'>διακειμένων,</span> <span class='ocrx_word' id='word_1_743' title='bbox 3670 3039 3765 3092; x_wconf 75' lang='grc' dir='ltr'>καὶ</span> 
     </span>
    </p>
   </div>
   <div class='ocr_carea' id='block_1_98' title="bbox 2097 3125 3762 3202">
    <p class='ocr_par' dir='ltr' id='par_1_98' title="bbox 2097 3125 3762 3202">
     <span class='ocr_line' id='line_1_99' title="bbox 2097 3125 3762 3202; baseline -0.004 -17"><span class='ocrx_word' id='word_1_744' title='bbox 2097 3131 2266 3202; x_wconf 83' lang='grc' dir='ltr'>πολλὴ</span> <span class='ocrx_word' id='word_1_745' title='bbox 2297 3133 2395 3200; x_wconf 76' lang='grc' dir='ltr'>τῆς</span> <span class='ocrx_word' id='word_1_746' title='bbox 2429 3130 2623 3192; x_wconf 87' lang='grc' dir='ltr'>κακίας</span> <span class='ocrx_word' id='word_1_747' title='bbox 2657 3130 2690 3200; x_wconf 78' lang='grc' dir='ltr'>ἡ</span> <span class='ocrx_word' id='word_1_748' title='bbox 2722 3129 2970 3200; x_wconf 89' lang='grc' dir='ltr'>δύναμις,</span> <span class='ocrx_word' id='word_1_749' title='bbox 3017 3129 3111 3181; x_wconf 74' lang='grc' dir='ltr'>καὶ</span> <span class='ocrx_word' id='word_1_750' title='bbox 3147 3130 3322 3200; x_wconf 85' lang='grc' dir='ltr'>πυκνή</span> <span class='ocrx_word' id='word_1_751' title='bbox 3354 3146 3438 3192; x_wconf 89' lang='grc' dir='ltr'>τις</span> <span class='ocrx_word' id='word_1_752' title='bbox 3469 3125 3538 3199; x_wconf 80' lang='grc' dir='ltr'>ῆν</span> <span class='ocrx_word' id='word_1_753' title='bbox 3565 3127 3762 3197; x_wconf 87' lang='grc' dir='ltr'>νεφέλη</span> 
     </span>
    </p>
   </div>
   <div class='ocr_carea' id='block_1_99' title="bbox 2099 3214 3768 3288">
    <p class='ocr_par' dir='ltr' id='par_1_99' title="bbox 2099 3214 3768 3288">
     <span class='ocr_line' id='line_1_100' title="bbox 2099 3214 3768 3288; baseline -0.003 -16"><span class='ocrx_word' id='word_1_754' title='bbox 2099 3218 2193 3273; x_wconf 75' lang='grc' dir='ltr'>καὶ</span> <span class='ocrx_word' id='word_1_755' title='bbox 2224 3216 2410 3288; x_wconf 85' lang='grc' dir='ltr'>βαθεῖα</span> <span class='ocrx_word' id='word_1_756' title='bbox 2438 3216 2553 3282; x_wconf 80' lang='grc' dir='ltr'>νὺξ,</span> <span class='ocrx_word' id='word_1_757' title='bbox 2592 3218 2685 3270; x_wconf 76' lang='grc' dir='ltr'>καὶ</span> <span class='ocrx_word' id='word_1_758' title='bbox 2712 3218 2770 3270; x_wconf 85' lang='grc' dir='ltr'>ἐν</span> <span class='ocrx_word' id='word_1_759' title='bbox 2811 3216 3092 3288; x_wconf 72' lang='grc' dir='ltr'>παρρησίᾳ</span> <span class='ocrx_word' id='word_1_760' title='bbox 3125 3216 3193 3268; x_wconf 87' lang='grc' dir='ltr'>τά</span> <span class='ocrx_word' id='word_1_761' title='bbox 3228 3217 3326 3287; x_wconf 79' lang='grc' dir='ltr'>τῆς</span> <span class='ocrx_word' id='word_1_762' title='bbox 3356 3214 3639 3286; x_wconf 89' lang='grc' dir='ltr'>πονηρίας,</span> <span class='ocrx_word' id='word_1_763' title='bbox 3670 3215 3768 3267; x_wconf 72' lang='grc' dir='ltr'>καὶ</span> 
     </span>
    </p>
   </div>
   <div class='ocr_carea' id='block_1_100' title="bbox 2097 3301 3766 3377">
    <p class='ocr_par' dir='ltr' id='par_1_100' title="bbox 2097 3301 3766 3377">
     <span class='ocr_line' id='line_1_101' title="bbox 2097 3301 3766 3377; baseline -0.005 -18"><span class='ocrx_word' id='word_1_764' title='bbox 2097 3310 2167 3359; x_wconf 85' lang='grc' dir='ltr'>τά</span> <span class='ocrx_word' id='word_1_765' title='bbox 2189 3309 2289 3376; x_wconf 85' lang='grc' dir='ltr'>τῆς</span> <span class='ocrx_word' id='word_1_766' title='bbox 2308 3304 2507 3377; x_wconf 84' lang='grc' dir='ltr'>ἀρετῆς</span> <span class='ocrx_word' id='word_1_767' title='bbox 2530 3302 2792 3367; x_wconf 84' lang='grc' dir='ltr'>ἐκποδὼν,</span> <span class='ocrx_word' id='word_1_768' title='bbox 2815 3304 2911 3357; x_wconf 71' lang='grc' dir='ltr'>καὶ</span> <span class='ocrx_word' id='word_1_769' title='bbox 2931 3305 2959 3357; x_wconf 90' lang='grc' dir='ltr'>ό</span> <span class='ocrx_word' id='word_1_770' title='bbox 2979 3303 3184 3376; x_wconf 86' lang='grc' dir='ltr'>χειμὼν</span> <span class='ocrx_word' id='word_1_771' title='bbox 3207 3305 3287 3367; x_wconf 89' lang='grc' dir='ltr'>εἰς</span> <span class='ocrx_word' id='word_1_772' title='bbox 3313 3302 3444 3373; x_wconf 80' lang='grc' dir='ltr'>ὕψος</span> <span class='ocrx_word' id='word_1_773' title='bbox 3466 3303 3651 3373; x_wconf 71' lang='grc' dir='ltr'>ἤρετο,</span> <span class='ocrx_word' id='word_1_774' title='bbox 3671 3301 3766 3353; x_wconf 70' lang='grc' dir='ltr'>καὶ</span> 
     </span>
    </p>
   </div>
   <div class='ocr_carea' id='block_1_101' title="bbox 2098 3387 3764 3463">
    <p class='ocr_par' dir='ltr' id='par_1_101' title="bbox 2098 3387 3764 3463">
     <span class='ocr_line' id='line_1_102' title="bbox 2098 3387 3764 3463; baseline -0.004 -17"><span class='ocrx_word' id='word_1_775' title='bbox 2098 3392 2166 3446; x_wconf 88' lang='grc' dir='ltr'>τά</span> <span class='ocrx_word' id='word_1_776' title='bbox 2207 3392 2424 3463; x_wconf 88' lang='grc' dir='ltr'>κύματα</span> <span class='ocrx_word' id='word_1_777' title='bbox 2455 3391 2748 3462; x_wconf 80' lang='grc' dir='ltr'>ἐπάλληλα,</span> <span class='ocrx_word' id='word_1_778' title='bbox 2781 3392 2874 3444; x_wconf 75' lang='grc' dir='ltr'>καὶ</span> <span class='ocrx_word' id='word_1_779' title='bbox 2913 3391 3151 3459; x_wconf 85' lang='grc' dir='ltr'>ναυάγια</span> <span class='ocrx_word' id='word_1_780' title='bbox 3191 3389 3372 3443; x_wconf 87' lang='grc' dir='ltr'>πυκνά</span> <span class='ocrx_word' id='word_1_781' title='bbox 3415 3389 3509 3442; x_wconf 73' lang='grc' dir='ltr'>καὶ</span> <span class='ocrx_word' id='word_1_782' title='bbox 3543 3387 3764 3457; x_wconf 84' lang='grc' dir='ltr'>συνεχῆ,</span> 
     </span>
    </p>
   </div>
   <div class='ocr_carea' id='block_1_102' title="bbox 2100 3474 3765 3550">
    <p class='ocr_par' dir='ltr' id='par_1_102' title="bbox 2100 3474 3765 3550">
     <span class='ocr_line' id='line_1_103' title="bbox 2100 3474 3765 3550; baseline -0.004 -16"><span class='ocrx_word' id='word_1_783' title='bbox 2100 3481 2195 3534; x_wconf 76' lang='grc' dir='ltr'>καὶ</span> <span class='ocrx_word' id='word_1_784' title='bbox 2220 3482 2416 3543; x_wconf 69' lang='grc' dir='ltr'>πάντες</span> <span class='ocrx_word' id='word_1_785' title='bbox 2441 3474 2580 3550; x_wconf 81' lang='grc' dir='ltr'>ἦσαν</span> <span class='ocrx_word' id='word_1_786' title='bbox 2610 3478 2948 3550; x_wconf 85' lang='grc' dir='ltr'>ὑποϐρύχιοι,</span> <span class='ocrx_word' id='word_1_787' title='bbox 2981 3478 3074 3532; x_wconf 72' lang='grc' dir='ltr'>καὶ</span> <span class='ocrx_word' id='word_1_788' title='bbox 3105 3478 3225 3531; x_wconf 74' lang='grc' dir='ltr'>οὐδὲ</span> <span class='ocrx_word' id='word_1_789' title='bbox 3258 3476 3584 3546; x_wconf 78' lang='grc' dir='ltr'>κυϐερνήτου</span> <span class='ocrx_word' id='word_1_790' title='bbox 3614 3477 3765 3546; x_wconf 72' lang='grc' dir='ltr'>φωνὴ</span> 
     </span>
    </p>
   </div>
   <div class='ocr_carea' id='block_1_103' title="bbox 2102 3564 3768 3638">
    <p class='ocr_par' dir='ltr' id='par_1_103' title="bbox 2102 3564 3768 3638">
     <span class='ocr_line' id='line_1_104' title="bbox 2102 3564 3768 3638; baseline -0.002 -17"><span class='ocrx_word' id='word_1_791' title='bbox 2102 3568 2347 3638; x_wconf 79' lang='grc' dir='ltr'>ἠκούετο,</span> <span class='ocrx_word' id='word_1_792' title='bbox 2380 3566 2501 3620; x_wconf 74' lang='grc' dir='ltr'>οὔτε</span> <span class='ocrx_word' id='word_1_793' title='bbox 2547 3566 2756 3619; x_wconf 83' lang='grc' dir='ltr'>ναυτῶν</span> <span class='ocrx_word' id='word_1_794' title='bbox 2796 3565 2980 3636; x_wconf 74' lang='grc' dir='ltr'>ἴσχυσε</span> <span class='ocrx_word' id='word_1_795' title='bbox 3022 3565 3205 3636; x_wconf 86' lang='grc' dir='ltr'>τέχνη,</span> <span class='ocrx_word' id='word_1_796' title='bbox 3241 3564 3355 3618; x_wconf 77' lang='grc' dir='ltr'>ἀλλ’</span> <span class='ocrx_word' id='word_1_797' title='bbox 3380 3564 3672 3632; x_wconf 80' lang='grc' dir='ltr'>ἐπεκράτει</span> <span class='ocrx_word' id='word_1_798' title='bbox 3697 3565 3768 3617; x_wconf 81' lang='grc' dir='ltr'>τά</span> 
     </span>
    </p>
   </div>
   <div class='ocr_carea' id='block_1_104' title="bbox 2103 3645 3767 3725">
    <p class='ocr_par' dir='ltr' id='par_1_104' title="bbox 2103 3645 3767 3725">
     <span class='ocr_line' id='line_1_105' title="bbox 2103 3645 3767 3725; baseline -0.003 -17"><span class='ocrx_word' id='word_1_799' title='bbox 2103 3653 2313 3725; x_wconf 83' lang='grc' dir='ltr'>πονηρά</span> <span class='ocrx_word' id='word_1_800' title='bbox 2334 3653 2637 3723; x_wconf 87' lang='grc' dir='ltr'>πνεύματα,</span> <span class='ocrx_word' id='word_1_801' title='bbox 2663 3652 2757 3705; x_wconf 79' lang='grc' dir='ltr'>καὶ</span> <span class='ocrx_word' id='word_1_802' title='bbox 2790 3651 3013 3721; x_wconf 81' lang='grc' dir='ltr'>οὐδεμία</span> <span class='ocrx_word' id='word_1_803' title='bbox 3044 3649 3314 3721; x_wconf 87' lang='grc' dir='ltr'>σωτηρίας</span> <span class='ocrx_word' id='word_1_804' title='bbox 3339 3645 3406 3721; x_wconf 79' lang='grc' dir='ltr'>ἦν</span> <span class='ocrx_word' id='word_1_805' title='bbox 3436 3649 3609 3712; x_wconf 76' lang='grc' dir='ltr'>ἐλπὶς,</span> <span class='ocrx_word' id='word_1_806' title='bbox 3643 3649 3767 3703; x_wconf 68' lang='grc' dir='ltr'>οὐδὲ</span> 
     </span>
    </p>
   </div>
   <div class='ocr_carea' id='block_1_105' title="bbox 2102 3736 3769 3813">
    <p class='ocr_par' dir='ltr' id='par_1_105' title="bbox 2102 3736 3769 3813">
     <span class='ocr_line' id='line_1_106' title="bbox 2102 3736 3769 3813; baseline -0.004 -18"><span class='ocrx_word' id='word_1_807' title='bbox 2102 3741 2476 3813; x_wconf 84' lang='grc' dir='ltr'>παρακαλέσαι</span> <span class='ocrx_word' id='word_1_808' title='bbox 2516 3757 2602 3803; x_wconf 88' lang='grc' dir='ltr'>τις</span> <span class='ocrx_word' id='word_1_809' title='bbox 2644 3739 2734 3793; x_wconf 85' lang='grc' dir='ltr'>τὸν</span> <span class='ocrx_word' id='word_1_810' title='bbox 2776 3739 2909 3791; x_wconf 75' lang='grc' dir='ltr'>Θεὸν</span> <span class='ocrx_word' id='word_1_811' title='bbox 2954 3738 3173 3807; x_wconf 87' lang='grc' dir='ltr'>ἐτόλμα·</span> <span class='ocrx_word' id='word_1_812' title='bbox 3206 3737 3323 3802; x_wconf 85' lang='grc' dir='ltr'>πῶς</span> <span class='ocrx_word' id='word_1_813' title='bbox 3353 3736 3482 3809; x_wconf 81' lang='grc' dir='ltr'>γὰρ,</span> <span class='ocrx_word' id='word_1_814' title='bbox 3518 3736 3627 3789; x_wconf 89' lang='grc' dir='ltr'>τῶν</span> <span class='ocrx_word' id='word_1_815' title='bbox 3670 3737 3769 3807; x_wconf 79' lang='grc' dir='ltr'>μὲν</span> 
     </span>
    </p>
   </div>
   <div class='ocr_carea' id='block_1_106' title="bbox 2103 3823 3767 3902">
    <p class='ocr_par' dir='ltr' id='par_1_106' title="bbox 2103 3823 3767 3902">
     <span class='ocr_line' id='line_1_107' title="bbox 2103 3823 3767 3902; baseline -0.004 -18"><span class='ocrx_word' id='word_1_816' title='bbox 2103 3830 2395 3902; x_wconf 81' lang='grc' dir='ltr'>προφητῶν</span> <span class='ocrx_word' id='word_1_817' title='bbox 2445 3826 2911 3899; x_wconf 79' lang='grc' dir='ltr'>κατηγορούντων,</span> <span class='ocrx_word' id='word_1_818' title='bbox 2951 3825 3061 3879; x_wconf 90' lang='grc' dir='ltr'>τῶν</span> <span class='ocrx_word' id='word_1_819' title='bbox 3113 3825 3170 3879; x_wconf 81' lang='grc' dir='ltr'>δὲ</span> <span class='ocrx_word' id='word_1_820' title='bbox 3205 3825 3451 3894; x_wconf 82' lang='grc' dir='ltr'>ἀγγέλων</span> <span class='ocrx_word' id='word_1_821' title='bbox 3498 3825 3607 3876; x_wconf 88' lang='grc' dir='ltr'>τῶν</span> <span class='ocrx_word' id='word_1_822' title='bbox 3646 3823 3767 3877; x_wconf 76' lang='grc' dir='ltr'>καθ’</span> 
     </span>
    </p>
   </div>
   <div class='ocr_carea' id='block_1_107' title="bbox 2103 3911 3770 3982">
    <p class='ocr_par' dir='ltr' id='par_1_107' title="bbox 2103 3911 3770 3982">
     <span class='ocr_line' id='line_1_108' title="bbox 2103 3911 3770 3982; baseline -0.004 -12"><span class='ocrx_word' id='word_1_823' title='bbox 2103 3918 2332 3970; x_wconf 76' lang='grc' dir='ltr'>ἕκαστον</span> <span class='ocrx_word' id='word_1_824' title='bbox 2357 3916 2510 3980; x_wconf 80' lang='grc' dir='ltr'>ἔθνος</span> <span class='ocrx_word' id='word_1_825' title='bbox 2539 3912 2971 3969; x_wconf 85' lang='grc' dir='ltr'>ἐπιστατούντων</span> <span class='ocrx_word' id='word_1_826' title='bbox 2999 3911 3519 3982; x_wconf 80' lang='grc' dir='ltr'>ἐγκαλυπτομένων;</span> <span class='ocrx_word' id='word_1_827' title='bbox 3552 3911 3643 3965; x_wconf 63' lang='grc' dir='ltr'>τὴν</span> <span class='ocrx_word' id='word_1_828' title='bbox 3673 3911 3770 3979; x_wconf 80' lang='grc' dir='ltr'>δη-</span> 
     </span>
    </p>
   </div>
   <div class='ocr_carea' id='block_1_108' title="bbox 2107 3998 3771 4076">
    <p class='ocr_par' dir='ltr' id='par_1_108' title="bbox 2107 3998 3771 4076">
     <span class='ocr_line' id='line_1_109' title="bbox 2107 3998 3771 4076; baseline -0.003 -20"><span class='ocrx_word' id='word_1_829' title='bbox 2107 4004 2362 4076; x_wconf 84' lang='grc' dir='ltr'>μιουργὸν</span> <span class='ocrx_word' id='word_1_830' title='bbox 2399 4003 2494 4058; x_wconf 89' lang='grc' dir='ltr'>τοῦ</span> <span class='ocrx_word' id='word_1_831' title='bbox 2521 4002 2719 4065; x_wconf 75' lang='grc' dir='ltr'>παντὸς</span> <span class='ocrx_word' id='word_1_832' title='bbox 2747 4004 2775 4056; x_wconf 86' lang='grc' dir='ltr'><strong>ὁ</strong></span> <span class='ocrx_word' id='word_1_833' title='bbox 2809 4001 2999 4072; x_wconf 82' lang='grc' dir='ltr'>καιρὸς</span> <span class='ocrx_word' id='word_1_834' title='bbox 3034 4000 3216 4054; x_wconf 83' lang='grc' dir='ltr'>ἐκάλει</span> <span class='ocrx_word' id='word_1_835' title='bbox 3247 3999 3452 4065; x_wconf 68' lang='grc' dir='ltr'>λοιπὸν,</span> <span class='ocrx_word' id='word_1_836' title='bbox 3486 3998 3647 4053; x_wconf 69' lang='grc' dir='ltr'>αὑτὸν</span> <span class='ocrx_word' id='word_1_837' title='bbox 3678 3999 3771 4051; x_wconf 74' lang='grc' dir='ltr'>τὸν</span> 
     </span>
    </p>
   </div>
   <div class='ocr_carea' id='block_1_109' title="bbox 2107 4086 3767 4162">
    <p class='ocr_par' dir='ltr' id='par_1_109' title="bbox 2107 4086 3767 4162">
     <span class='ocr_line' id='line_1_110' title="bbox 2107 4086 3767 4162; baseline -0.002 -18"><span class='ocrx_word' id='word_1_838' title='bbox 2107 4091 2347 4162; x_wconf 74' lang='grc' dir='ltr'>πλάστην</span> <span class='ocrx_word' id='word_1_839' title='bbox 2382 4091 2474 4144; x_wconf 70' lang='grc' dir='ltr'>τὸν</span> <span class='ocrx_word' id='word_1_840' title='bbox 2514 4089 2610 4143; x_wconf 67' lang='grc' dir='ltr'>καί⁷</span> <span class='ocrx_word' id='word_1_841' title='bbox 2653 4090 2710 4156; x_wconf 84' lang='grc' dir='ltr'>ἐξ</span> <span class='ocrx_word' id='word_1_842' title='bbox 2758 4089 2932 4161; x_wconf 84' lang='grc' dir='ltr'>ἀρχῆς</span> <span class='ocrx_word' id='word_1_843' title='bbox 2973 4087 3035 4140; x_wconf 79' lang='grc' dir='ltr'>τὸ</span> <span class='ocrx_word' id='word_1_844' title='bbox 3068 4086 3225 4157; x_wconf 88' lang='grc' dir='ltr'>γένος</span> <span class='ocrx_word' id='word_1_845' title='bbox 3260 4087 3417 4157; x_wconf 83' lang='grc' dir='ltr'>ἡμῶν</span> <span class='ocrx_word' id='word_1_846' title='bbox 3448 4088 3767 4158; x_wconf 75' lang='grc' dir='ltr'>ποιήσαντα.</span> 
     </span>
    </p>
   </div>
   <div class='ocr_carea' id='block_1_110' title="bbox 2116 4175 3773 4249">
    <p class='ocr_par' dir='ltr' id='par_1_110' title="bbox 2116 4175 3773 4249">
     <span class='ocr_line' id='line_1_111' title="bbox 2116 4175 3773 4249; baseline -0.004 -16"><span class='ocrx_word' id='word_1_847' title='bbox 2116 4180 2270 4233; x_wconf 68' lang='grc' dir='ltr'>Ἐπεὶ</span> <span class='ocrx_word' id='word_1_848' title='bbox 2299 4175 2391 4233; x_wconf 81' lang='grc' dir='ltr'>οὗν</span> <span class='ocrx_word' id='word_1_849' title='bbox 2419 4179 2775 4249; x_wconf 87' lang='grc' dir='ltr'>χαλεπωτάτη</span> <span class='ocrx_word' id='word_1_850' title='bbox 2806 4179 2840 4249; x_wconf 84' lang='grc' dir='ltr'><strong>ἡ</strong></span> <span class='ocrx_word' id='word_1_851' title='bbox 2866 4177 3038 4241; x_wconf 88' lang='grc' dir='ltr'>νόσος,</span> <span class='ocrx_word' id='word_1_852' title='bbox 3071 4176 3305 4247; x_wconf 86' lang='grc' dir='ltr'>μάλιστα</span> <span class='ocrx_word' id='word_1_853' title='bbox 3333 4176 3390 4229; x_wconf 77' lang='grc' dir='ltr'>δὲ</span> <span class='ocrx_word' id='word_1_854' title='bbox 3427 4176 3486 4243; x_wconf 75' lang='grc' dir='ltr'>ἐξ</span> <span class='ocrx_word' id='word_1_855' title='bbox 3517 4176 3773 4237; x_wconf 82' lang='grc' dir='ltr'>ἀπονοίας</span> 
     </span>
    </p>
   </div>
   <div class='ocr_carea' id='block_1_111' title="bbox 2107 4261 3775 4337">
    <p class='ocr_par' dir='ltr' id='par_1_111' title="bbox 2107 4261 3775 4337">
     <span class='ocr_line' id='line_1_112' title="bbox 2107 4261 3775 4337; baseline -0.003 -18"><span class='ocrx_word' id='word_1_856' title='bbox 2107 4267 2199 4319; x_wconf 75' lang='grc' dir='ltr'>καὶ</span> <span class='ocrx_word' id='word_1_857' title='bbox 2229 4266 2541 4331; x_wconf 74' lang='grc' dir='ltr'>ἀλαζονείας</span> <span class='ocrx_word' id='word_1_858' title='bbox 2568 4266 2705 4337; x_wconf 77' lang='grc' dir='ltr'>αὕτη</span> <span class='ocrx_word' id='word_1_859' title='bbox 2731 4264 2945 4336; x_wconf 86' lang='grc' dir='ltr'>ἐτέχθη,</span> <span class='ocrx_word' id='word_1_860' title='bbox 2996 4265 3092 4317; x_wconf 80' lang='grc' dir='ltr'>καί</span> <span class='ocrx_word' id='word_1_861' title='bbox 3133 4265 3166 4335; x_wconf 82' lang='grc' dir='ltr'><strong>ὴ</strong></span> <span class='ocrx_word' id='word_1_862' title='bbox 3208 4263 3351 4335; x_wconf 84' lang='grc' dir='ltr'>ἀρχὴ</span> <span class='ocrx_word' id='word_1_863' title='bbox 3390 4264 3483 4318; x_wconf 78' lang='grc' dir='ltr'>καὶ</span> <span class='ocrx_word' id='word_1_864' title='bbox 3524 4261 3594 4316; x_wconf 83' lang='grc' dir='ltr'>τά</span> <span class='ocrx_word' id='word_1_865' title='bbox 3633 4262 3775 4334; x_wconf 87' lang='grc' dir='ltr'>μέσα</span> 
     </span>
    </p>
   </div>
   <div class='ocr_carea' id='block_1_112' title="bbox 2106 4348 3775 4423">
    <p class='ocr_par' dir='ltr' id='par_1_112' title="bbox 2106 4348 3775 4423">
     <span class='ocr_line' id='line_1_113' title="bbox 2106 4348 3775 4423; baseline -0.004 -18"><span class='ocrx_word' id='word_1_866' title='bbox 2106 4353 2199 4405; x_wconf 66' lang='grc' dir='ltr'>καὶ</span> <span class='ocrx_word' id='word_1_867' title='bbox 2229 4351 2297 4404; x_wconf 87' lang='grc' dir='ltr'>τά</span> <span class='ocrx_word' id='word_1_868' title='bbox 2322 4352 2449 4423; x_wconf 81' lang='grc' dir='ltr'>τέλη</span> <span class='ocrx_word' id='word_1_869' title='bbox 2488 4350 2597 4405; x_wconf 89' lang='grc' dir='ltr'>τῶν</span> <span class='ocrx_word' id='word_1_870' title='bbox 2623 4351 2965 4423; x_wconf 87' lang='grc' dir='ltr'>πραγμάτων</span> <span class='ocrx_word' id='word_1_871' title='bbox 2990 4348 3341 4422; x_wconf 82' lang='grc' dir='ltr'>διεφθείρετο·</span> <span class='ocrx_word' id='word_1_872' title='bbox 3373 4349 3544 4420; x_wconf 75' lang='grc' dir='ltr'>ἥλατο</span> <span class='ocrx_word' id='word_1_873' title='bbox 3571 4348 3636 4402; x_wconf 90' lang='grc' dir='ltr'>ἐκ</span> <span class='ocrx_word' id='word_1_874' title='bbox 3665 4349 3775 4401; x_wconf 86' lang='grc' dir='ltr'>τῶν</span> 
     </span>
    </p>
   </div>
   <div class='ocr_carea' id='block_1_113' title="bbox 2108 4433 3774 4511">
    <p class='ocr_par' dir='ltr' id='par_1_113' title="bbox 2108 4433 3774 4511">
     <span class='ocr_line' id='line_1_114' title="bbox 2108 4433 3774 4511; baseline -0.002 -19"><span class='ocrx_word' id='word_1_875' title='bbox 2108 4439 2311 4511; x_wconf 87' lang='grc' dir='ltr'>θρόνων</span> <span class='ocrx_word' id='word_1_876' title='bbox 2350 4439 2461 4492; x_wconf 89' lang='grc' dir='ltr'>τῶν</span> <span class='ocrx_word' id='word_1_877' title='bbox 2503 4438 2803 4509; x_wconf 87' lang='grc' dir='ltr'>πατρικῶν,</span> <span class='ocrx_word' id='word_1_878' title='bbox 2850 4438 2944 4492; x_wconf 76' lang='grc' dir='ltr'>καὶ</span> <span class='ocrx_word' id='word_1_879' title='bbox 2988 4439 3068 4503; x_wconf 89' lang='grc' dir='ltr'>εἰς</span> <span class='ocrx_word' id='word_1_880' title='bbox 3106 4436 3204 4510; x_wconf 77' lang='grc' dir='ltr'>τὴν</span> <span class='ocrx_word' id='word_1_881' title='bbox 3249 4436 3356 4506; x_wconf 89' lang='grc' dir='ltr'>γῆν</span> <span class='ocrx_word' id='word_1_882' title='bbox 3399 4433 3581 4507; x_wconf 74' lang='grc' dir='ltr'>ἦλθεν.</span> <span class='ocrx_word' id='word_1_883' title='bbox 3617 4436 3689 4489; x_wconf 84' lang='grc' dir='ltr'>Τὸ</span> <span class='ocrx_word' id='word_1_884' title='bbox 3716 4436 3774 4489; x_wconf 77' lang='grc' dir='ltr'>δὲ</span> 
     </span>
    </p>
   </div>
   <div class='ocr_carea' id='block_1_114' title="bbox 2105 4521 3773 4597">
    <p class='ocr_par' dir='ltr' id='par_1_114' title="bbox 2105 4521 3773 4597">
     <span class='ocr_line' id='line_1_115' title="bbox 2105 4521 3773 4597; baseline -0.004 -18"><span class='ocrx_word' id='word_1_885' title='bbox 2105 4526 2271 4597; x_wconf 76' lang='grc' dir='ltr'>ἥλατο</span> <span class='ocrx_word' id='word_1_886' title='bbox 2293 4525 2452 4579; x_wconf 89' lang='grc' dir='ltr'>πάλιν</span> <span class='ocrx_word' id='word_1_887' title='bbox 2475 4526 2605 4579; x_wconf 84' lang='grc' dir='ltr'>ὅταν</span> <span class='ocrx_word' id='word_1_888' title='bbox 2638 4524 2897 4596; x_wconf 82' lang='grc' dir='ltr'>ἀκούσῃς,</span> <span class='ocrx_word' id='word_1_889' title='bbox 2930 4524 3003 4597; x_wconf 82' lang='grc' dir='ltr'>μὴ</span> <span class='ocrx_word' id='word_1_890' title='bbox 3034 4523 3331 4595; x_wconf 87' lang='grc' dir='ltr'>μετάϐασιν</span> <span class='ocrx_word' id='word_1_891' title='bbox 3368 4523 3533 4575; x_wconf 87' lang='grc' dir='ltr'>τόπου</span> <span class='ocrx_word' id='word_1_892' title='bbox 3564 4521 3773 4591; x_wconf 79' lang='grc' dir='ltr'>νόμιζε,</span> 
     </span>
    </p>
   </div>
   <div class='ocr_carea' id='block_1_115' title="bbox 2113 4606 3776 4684">
    <p class='ocr_par' dir='ltr' id='par_1_115' title="bbox 2113 4606 3776 4684">
     <span class='ocr_line' id='line_1_116' title="bbox 2113 4606 3776 4684; baseline -0.011 -18"><span class='ocrx_word' id='word_1_893' title='bbox 2113 4613 2186 4684; x_wconf 77' lang='grc' dir='ltr'>μὴ</span> <span class='ocrx_word' id='word_1_894' title='bbox 2209 4614 2487 4684; x_wconf 85' lang='grc' dir='ltr'>ἐρήμωσιν</span> <span class='ocrx_word' id='word_1_895' title='bbox 2507 4611 2772 4683; x_wconf 79' lang='grc' dir='ltr'>οὐρανῶν·</span> <span class='ocrx_word' id='word_1_896' title='bbox 2800 4611 3022 4684; x_wconf 79' lang='grc' dir='ltr'>καὶγὰρ</span> <span class='ocrx_word' id='word_1_897' title='bbox 3049 4612 3108 4664; x_wconf 86' lang='grc' dir='ltr'>ἐν</span> <span class='ocrx_word' id='word_1_898' title='bbox 3134 4612 3199 4681; x_wconf 77' lang='grc' dir='ltr'>τῇ</span> <span class='ocrx_word' id='word_1_899' title='bbox 3222 4610 3405 4680; x_wconf 76' lang='grc' dir='ltr'>μήτρᾳ</span> <span class='ocrx_word' id='word_1_900' title='bbox 3433 4606 3507 4661; x_wconf 83' lang='grc' dir='ltr'>ὢν</span> <span class='ocrx_word' id='word_1_901' title='bbox 3531 4610 3598 4678; x_wconf 74' lang='grc' dir='ltr'>τῇ</span> <span class='ocrx_word' id='word_1_902' title='bbox 3634 4623 3776 4676; x_wconf 79' lang='grc' dir='ltr'>παρ-</span> 
     </span>
    </p>
   </div>
   <div class='ocr_carea' id='block_1_116' title="bbox 2110 4694 3775 4774">
    <p class='ocr_par' dir='ltr' id='par_1_116' title="bbox 2110 4694 3775 4774">
     <span class='ocr_line' id='line_1_117' title="bbox 2110 4694 3775 4774; baseline -0.005 -18"><span class='ocrx_word' id='word_1_903' title='bbox 2110 4703 2316 4774; x_wconf 79' lang='grc' dir='ltr'>θενικῇ.</span> <span class='ocrx_word' id='word_1_904' title='bbox 2351 4703 2486 4774; x_wconf 82' lang='grc' dir='ltr'>μετά</span> <span class='ocrx_word' id='word_1_905' title='bbox 2520 4702 2613 4755; x_wconf 90' lang='grc' dir='ltr'>τοῦ</span> <span class='ocrx_word' id='word_1_906' title='bbox 2651 4699 2863 4773; x_wconf 81' lang='grc' dir='ltr'>Πατρός</span> <span class='ocrx_word' id='word_1_907' title='bbox 2891 4696 2980 4771; x_wconf 81' lang='grc' dir='ltr'>ἦν·</span> <span class='ocrx_word' id='word_1_908' title='bbox 3016 4700 3076 4753; x_wconf 83' lang='grc' dir='ltr'>τὸ</span> <span class='ocrx_word' id='word_1_909' title='bbox 3102 4700 3159 4752; x_wconf 83' lang='grc' dir='ltr'>δέ</span> <span class='ocrx_word' id='word_1_910' title='bbox 3190 4696 3309 4758; x_wconf 85' lang='grc' dir='ltr'>πῶς</span> <span class='ocrx_word' id='word_1_911' title='bbox 3336 4695 3409 4767; x_wconf 80' lang='grc' dir='ltr'>μὴ</span> <span class='ocrx_word' id='word_1_912' title='bbox 3436 4694 3587 4767; x_wconf 78' lang='grc' dir='ltr'>ζήτει</span> <span class='ocrx_word' id='word_1_913' title='bbox 3638 4694 3775 4765; x_wconf 79' lang='grc' dir='ltr'>μηδέ</span> 
     </span>
    </p>
   </div>
   <div class='ocr_carea' id='block_1_117' title="bbox 2109 4783 3773 4860">
    <p class='ocr_par' dir='ltr' id='par_1_117' title="bbox 2109 4783 3773 4860">
     <span class='ocr_line' id='line_1_118' title="bbox 2109 4783 3773 4860; baseline -0.007 -16"><span class='ocrx_word' id='word_1_914' title='bbox 2109 4790 2338 4853; x_wconf 77' lang='grc' dir='ltr'>εὐθύνας</span> <span class='ocrx_word' id='word_1_915' title='bbox 2381 4790 2618 4844; x_wconf 84' lang='grc' dir='ltr'>ἀπαίτει·</span> <span class='ocrx_word' id='word_1_916' title='bbox 2656 4789 2915 4860; x_wconf 75' lang='grc' dir='ltr'>ὅτανγὰρ</span> <span class='ocrx_word' id='word_1_917' title='bbox 2942 4791 2970 4842; x_wconf 86' lang='grc' dir='ltr'><strong>ὁ</strong></span> <span class='ocrx_word' id='word_1_918' title='bbox 2999 4787 3131 4850; x_wconf 78' lang='grc' dir='ltr'>Θεὸς</span> <span class='ocrx_word' id='word_1_919' title='bbox 3171 4783 3490 4856; x_wconf 81' lang='grc' dir='ltr'>ἐργάζηται,</span> <span class='ocrx_word' id='word_1_920' title='bbox 3532 4783 3773 4844; x_wconf 81' lang='grc' dir='ltr'>πίστεως</span> 
     </span>
    </p>
   </div>
   <div class='ocr_carea' id='block_1_118' title="bbox 2109 4867 3775 4953">
    <p class='ocr_par' dir='ltr' id='par_1_118' title="bbox 2109 4867 3775 4953">
     <span class='ocr_line' id='line_1_119' title="bbox 2109 4867 3775 4953; baseline -0.008 -18"><span class='ocrx_word' id='word_1_921' title='bbox 2109 4882 2267 4953; x_wconf 88' lang='grc' dir='ltr'>χρεία</span> <span class='ocrx_word' id='word_1_922' title='bbox 2311 4879 2477 4951; x_wconf 90' lang='grc' dir='ltr'>μόνης</span> <span class='ocrx_word' id='word_1_923' title='bbox 2515 4879 2609 4932; x_wconf 70' lang='grc' dir='ltr'>καὶ</span> <span class='ocrx_word' id='word_1_924' title='bbox 2631 4876 3081 4946; x_wconf 85' lang='grc' dir='ltr'>συγκαταθέσεως</span> <span class='ocrx_word' id='word_1_925' title='bbox 3104 4874 3198 4927; x_wconf 68' lang='grc' dir='ltr'>καὶ</span> <span class='ocrx_word' id='word_1_926' title='bbox 3225 4871 3532 4943; x_wconf 88' lang='grc' dir='ltr'>ὁμολογίας.</span> <span class='ocrx_word' id='word_1_927' title='bbox 3573 4867 3775 4923; x_wconf 83' lang='grc' dir='ltr'>Ἐλθὼν</span> 
     </span>
    </p>
   </div>
   <div class='ocr_carea' id='block_1_119' title="bbox 2109 4958 3771 5034">
    <p class='ocr_par' dir='ltr' id='par_1_119' title="bbox 2109 4958 3771 5034">
     <span class='ocr_line' id='line_1_120' title="bbox 2109 4958 3771 5034; baseline -0.008 -11"><span class='ocrx_word' id='word_1_928' title='bbox 2109 4969 2286 5023; x_wconf 86' lang='grc' dir='ltr'>τοίνυν</span> <span class='ocrx_word' id='word_1_929' title='bbox 2324 4969 2418 5022; x_wconf 68' lang='grc' dir='ltr'>καὶ</span> <span class='ocrx_word' id='word_1_930' title='bbox 2450 4966 2572 5020; x_wconf 86' lang='grc' dir='ltr'>ἰδὼν</span> <span class='ocrx_word' id='word_1_931' title='bbox 2603 4966 2696 5019; x_wconf 78' lang='grc' dir='ltr'>τὸν</span> <span class='ocrx_word' id='word_1_932' title='bbox 2724 4965 2998 5034; x_wconf 87' lang='grc' dir='ltr'>κάμνοντα</span> <span class='ocrx_word' id='word_1_933' title='bbox 3039 4962 3131 5015; x_wconf 74' lang='grc' dir='ltr'>ἐπὶ</span> <span class='ocrx_word' id='word_1_934' title='bbox 3167 4960 3352 5028; x_wconf 89' lang='grc' dir='ltr'>κλίνης</span> <span class='ocrx_word' id='word_1_935' title='bbox 3386 4958 3634 5029; x_wconf 86' lang='grc' dir='ltr'>κείμενον</span> <span class='ocrx_word' id='word_1_936' title='bbox 3675 4958 3771 5010; x_wconf 72' lang='grc' dir='ltr'>καὶ</span> 
     </span>
    </p>
   </div>
   <div class='ocr_carea' id='block_1_120' title="bbox 2110 5045 3774 5125">
    <p class='ocr_par' dir='ltr' id='par_1_120' title="bbox 2110 5045 3774 5125">
     <span class='ocr_line' id='line_1_121' title="bbox 2110 5045 3774 5125; baseline -0.009 -15"><span class='ocrx_word' id='word_1_937' title='bbox 2110 5053 2534 5125; x_wconf 88' lang='grc' dir='ltr'>ἀπεγνωσμένον</span> <span class='ocrx_word' id='word_1_938' title='bbox 2569 5053 2863 5123; x_wconf 87' lang='grc' dir='ltr'>(κάμνοντα</span> <span class='ocrx_word' id='word_1_939' title='bbox 2899 5050 2956 5103; x_wconf 76' lang='grc' dir='ltr'>δὲ</span> <span class='ocrx_word' id='word_1_940' title='bbox 2986 5049 3112 5102; x_wconf 84' lang='grc' dir='ltr'>ὅταν</span> <span class='ocrx_word' id='word_1_941' title='bbox 3144 5047 3303 5111; x_wconf 85' lang='grc' dir='ltr'>είπω,</span> <span class='ocrx_word' id='word_1_942' title='bbox 3336 5045 3396 5097; x_wconf 74' lang='grc' dir='ltr'>τὸ</span> <span class='ocrx_word' id='word_1_943' title='bbox 3435 5045 3589 5113; x_wconf 84' lang='grc' dir='ltr'>γένος</span> <span class='ocrx_word' id='word_1_944' title='bbox 3631 5045 3774 5115; x_wconf 76' lang='grc' dir='ltr'>φημὶ</span> 
     </span>
    </p>
   </div>
   <div class='ocr_carea' id='block_1_121' title="bbox 2108 5131 3777 5214">
    <p class='ocr_par' dir='ltr' id='par_1_121' title="bbox 2108 5131 3777 5214">
     <span class='ocr_line' id='line_1_122' title="bbox 2108 5131 3777 5214; baseline -0.006 -19"><span class='ocrx_word' id='word_1_945' title='bbox 2108 5142 2169 5195; x_wconf 73' lang='grc' dir='ltr'>τὸ</span> <span class='ocrx_word' id='word_1_946' title='bbox 2193 5140 2548 5214; x_wconf 86' lang='grc' dir='ltr'>ἀνθρώπινον,</span> <span class='ocrx_word' id='word_1_947' title='bbox 2575 5140 2675 5192; x_wconf 82' lang='grc' dir='ltr'>ούκ</span> <span class='ocrx_word' id='word_1_948' title='bbox 2696 5139 2788 5192; x_wconf 73' lang='grc' dir='ltr'>ἐπὶ</span> <span class='ocrx_word' id='word_1_949' title='bbox 2821 5137 3005 5207; x_wconf 85' lang='grc' dir='ltr'>κλίνης</span> <span class='ocrx_word' id='word_1_950' title='bbox 3028 5133 3299 5205; x_wconf 87' lang='grc' dir='ltr'>τοιαύτης,</span> <span class='ocrx_word' id='word_1_951' title='bbox 3324 5132 3437 5186; x_wconf 76' lang='grc' dir='ltr'>ἀλλ’</span> <span class='ocrx_word' id='word_1_952' title='bbox 3463 5133 3557 5185; x_wconf 69' lang='grc' dir='ltr'>ἐπὶ</span> <span class='ocrx_word' id='word_1_953' title='bbox 3587 5131 3777 5201; x_wconf 85' lang='grc' dir='ltr'>κλίνης</span> 
     </span>
    </p>
   </div>
   <div class='ocr_carea' id='block_1_122' title="bbox 2108 5219 3776 5298">
    <p class='ocr_par' dir='ltr' id='par_1_122' title="bbox 2108 5219 3776 5298">
     <span class='ocr_line' id='line_1_123' title="bbox 2108 5219 3776 5298; baseline -0.005 -17"><span class='ocrx_word' id='word_1_954' title='bbox 2108 5227 2210 5298; x_wconf 81' lang='grc' dir='ltr'>τῆς</span> <span class='ocrx_word' id='word_1_955' title='bbox 2229 5225 2534 5298; x_wconf 85' lang='grc' dir='ltr'>πονηρίας),</span> <span class='ocrx_word' id='word_1_956' title='bbox 2555 5224 2658 5278; x_wconf 83' lang='grc' dir='ltr'>ύπὺ</span> <span class='ocrx_word' id='word_1_957' title='bbox 2682 5223 2879 5294; x_wconf 83' lang='grc' dir='ltr'>ἰατρῶν</span> <span class='ocrx_word' id='word_1_958' title='bbox 2912 5219 3488 5291; x_wconf 85' lang='grc' dir='ltr'>ἐγκαταλελειμμένον,</span> <span class='ocrx_word' id='word_1_959' title='bbox 3524 5219 3632 5273; x_wconf 81' lang='grc' dir='ltr'>ὑπὸ</span> <span class='ocrx_word' id='word_1_960' title='bbox 3669 5236 3776 5272; x_wconf 78' lang='grc' dir='ltr'>πασ·</span> 
     </span>
    </p>
   </div>
   <div class='ocr_carea' id='block_1_123' title="bbox 2110 5302 3778 5380">
    <p class='ocr_par' dir='ltr' id='par_1_123' title="bbox 2110 5302 3778 5380">
     <span class='ocr_line' id='line_1_124' title="bbox 2110 5302 3778 5380; baseline -0.007 -17"><span class='ocrx_word' id='word_1_961' title='bbox 2110 5310 2219 5363; x_wconf 85' lang='grc' dir='ltr'>θῶν</span> <span class='ocrx_word' id='word_1_962' title='bbox 2246 5306 2717 5380; x_wconf 85' lang='grc' dir='ltr'>πολιορκούμενον,</span> <span class='ocrx_word' id='word_1_963' title='bbox 2763 5305 2867 5359; x_wconf 78' lang='grc' dir='ltr'>ὑπὸ</span> <span class='ocrx_word' id='word_1_964' title='bbox 2907 5306 3006 5375; x_wconf 86' lang='grc' dir='ltr'>τῆς</span> <span class='ocrx_word' id='word_1_965' title='bbox 3040 5305 3196 5358; x_wconf 90' lang='grc' dir='ltr'>νόσου</span> <span class='ocrx_word' id='word_1_966' title='bbox 3240 5302 3631 5374; x_wconf 86' lang='grc' dir='ltr'>κρατούμενον.</span> <span class='ocrx_word' id='word_1_967' title='bbox 3669 5304 3778 5359; x_wconf 80' lang='grc' dir='ltr'>πᾶν</span> 
     </span>
    </p>
   </div>
   <div class='ocr_carea' id='block_1_124' title="bbox 2111 5389 3778 5469">
    <p class='ocr_par' dir='ltr' id='par_1_124' title="bbox 2111 5389 3778 5469">
     <span class='ocr_line' id='line_1_125' title="bbox 2111 5389 3778 5469; baseline -0.005 -20"><span class='ocrx_word' id='word_1_968' title='bbox 2111 5393 2248 5460; x_wconf 76' lang='grc' dir='ltr'>εἶδος</span> <span class='ocrx_word' id='word_1_969' title='bbox 2286 5395 2713 5469; x_wconf 76' lang='grc' dir='ltr'>άρρωττήματος</span> <span class='ocrx_word' id='word_1_970' title='bbox 2751 5393 2831 5456; x_wconf 90' lang='grc' dir='ltr'>εἰς</span> <span class='ocrx_word' id='word_1_971' title='bbox 2880 5393 2979 5461; x_wconf 80' lang='grc' dir='ltr'>τὴν</span> <span class='ocrx_word' id='word_1_972' title='bbox 3029 5390 3375 5462; x_wconf 86' lang='grc' dir='ltr'>ἀνθρωπίνην</span> <span class='ocrx_word' id='word_1_973' title='bbox 3417 5389 3778 5460; x_wconf 71' lang='grc' dir='ltr'>κατασκῆψαν</span> 
     </span>
    </p>
   </div>
   <div class='ocr_carea' id='block_1_125' title="bbox 2113 5477 3778 5553">
    <p class='ocr_par' dir='ltr' id='par_1_125' title="bbox 2113 5477 3778 5553">
     <span class='ocr_line' id='line_1_126' title="bbox 2113 5477 3778 5553; baseline -0.003 -18"><span class='ocrx_word' id='word_1_974' title='bbox 2113 5483 2292 5553; x_wconf 90' lang='grc' dir='ltr'>φύσιν,</span> <span class='ocrx_word' id='word_1_975' title='bbox 2325 5482 2418 5535; x_wconf 74' lang='grc' dir='ltr'>καὶ</span> <span class='ocrx_word' id='word_1_976' title='bbox 2438 5481 2596 5533; x_wconf 71' lang='grc' dir='ltr'>αὑτὸν</span> <span class='ocrx_word' id='word_1_977' title='bbox 2625 5478 2816 5534; x_wconf 80' lang='grc' dir='ltr'>ἑαυτοῦ</span> <span class='ocrx_word' id='word_1_978' title='bbox 2842 5478 3028 5532; x_wconf 77' lang='grc' dir='ltr'>λοιπὸν</span> <span class='ocrx_word' id='word_1_979' title='bbox 3057 5478 3415 5546; x_wconf 85' lang='grc' dir='ltr'>ἀπεγνωκότα</span> <span class='ocrx_word' id='word_1_980' title='bbox 3444 5477 3534 5531; x_wconf 79' lang='grc' dir='ltr'>τὸν</span> <span class='ocrx_word' id='word_1_981' title='bbox 3566 5477 3778 5549; x_wconf 79' lang='grc' dir='ltr'>ἀνθρω-</span> 
     </span>
    </p>
   </div>
   <div class='ocr_carea' id='block_1_126' title="bbox 2113 5555 3777 5628">
    <p class='ocr_par' dir='ltr' id='par_1_126' title="bbox 2113 5555 3777 5628">
     <span class='ocr_line' id='line_1_127' title="bbox 2113 5555 3777 5628; baseline -0.004 -13"><span class='ocrx_word' id='word_1_982' title='bbox 2113 5579 2233 5623; x_wconf 86' lang='grc' dir='ltr'>πον,</span> <span class='ocrx_word' id='word_1_983' title='bbox 2269 5559 2362 5613; x_wconf 78' lang='grc' dir='ltr'>καὶ</span> <span class='ocrx_word' id='word_1_984' title='bbox 2385 5558 2474 5611; x_wconf 75' lang='grc' dir='ltr'>τὸν</span> <span class='ocrx_word' id='word_1_985' title='bbox 2500 5556 2776 5627; x_wconf 87' lang='grc' dir='ltr'>δεδομένον</span> <span class='ocrx_word' id='word_1_986' title='bbox 2806 5557 2988 5627; x_wconf 85' lang='grc' dir='ltr'>ἰατρὸν</span> <span class='ocrx_word' id='word_1_987' title='bbox 3022 5556 3130 5610; x_wconf 87' lang='grc' dir='ltr'>τῶν</span> <span class='ocrx_word' id='word_1_988' title='bbox 3159 5555 3331 5610; x_wconf 82' lang='grc' dir='ltr'>ἐλκῶν</span> <span class='ocrx_word' id='word_1_989' title='bbox 3356 5557 3662 5628; x_wconf 87' lang='grc' dir='ltr'>κατήγορον</span> <span class='ocrx_word' id='word_1_990' title='bbox 3690 5573 3777 5625; x_wconf 90' lang='grc' dir='ltr'>γι-</span> 
     </span>
    </p>
   </div>
   <div class='ocr_carea' id='block_1_127' title="bbox 2100 5641 3780 5716">
    <p class='ocr_par' dir='ltr' id='par_1_127' title="bbox 2100 5641 3780 5716">
     <span class='ocr_line' id='line_1_128' title="bbox 2100 5641 3780 5716; baseline -0.002 -16"><span class='ocrx_word' id='word_1_991' title='bbox 2100 5648 2333 5716; x_wconf 81' lang='grc' dir='ltr'>νόμενον</span> <span class='ocrx_word' id='word_1_992' title='bbox 2360 5644 2572 5715; x_wconf 84' lang='grc' dir='ltr'>πικρὸν,</span> <span class='ocrx_word' id='word_1_993' title='bbox 2596 5643 2685 5698; x_wconf 83' lang='grc' dir='ltr'>τὸν</span> <span class='ocrx_word' id='word_1_994' title='bbox 2710 5644 2872 5716; x_wconf 84' lang='grc' dir='ltr'>νόμον</span> <span class='ocrx_word' id='word_1_995' title='bbox 2908 5644 3071 5712; x_wconf 86' lang='grc' dir='ltr'>λέγω,</span> <span class='ocrx_word' id='word_1_996' title='bbox 3106 5646 3198 5698; x_wconf 77' lang='grc' dir='ltr'>καὶ</span> <span class='ocrx_word' id='word_1_997' title='bbox 3224 5641 3455 5708; x_wconf 74' lang='grc' dir='ltr'>αὔξοντα</span> <span class='ocrx_word' id='word_1_998' title='bbox 3482 5644 3550 5696; x_wconf 62' lang='grc' dir='ltr'>τὰ</span> <span class='ocrx_word' id='word_1_999' title='bbox 3582 5644 3780 5712; x_wconf 75' lang='grc' dir='ltr'>ἐγκλήο</span> 
     </span>
    </p>
   </div>
   <div class='ocr_carea' id='block_1_128' title="bbox 2120 5729 3779 5806">
    <p class='ocr_par' dir='ltr' id='par_1_128' title="bbox 2120 5729 3779 5806">
     <span class='ocr_line' id='line_1_129' title="bbox 2120 5729 3779 5806; baseline -0.002 -18"><span class='ocrx_word' id='word_1_1000' title='bbox 2120 5753 2283 5806; x_wconf 88' lang='grc' dir='ltr'>ματα,</span> <span class='ocrx_word' id='word_1_1001' title='bbox 2322 5733 2412 5786; x_wconf 73' lang='grc' dir='ltr'>καὶ</span> <span class='ocrx_word' id='word_1_1002' title='bbox 2449 5730 2653 5802; x_wconf 80' lang='grc' dir='ltr'>μείζονι</span> <span class='ocrx_word' id='word_1_1003' title='bbox 2675 5732 2798 5805; x_wconf 78' lang='grc' dir='ltr'>δίκῃ</span> <span class='ocrx_word' id='word_1_1004' title='bbox 2828 5733 3080 5788; x_wconf 86' lang='grc' dir='ltr'>ποιοῦντα</span> <span class='ocrx_word' id='word_1_1005' title='bbox 3120 5732 3409 5787; x_wconf 61' lang='grc' dir='ltr'>ὃπεύθυνον</span> <span class='ocrx_word' id='word_1_1006' title='bbox 3449 5732 3537 5785; x_wconf 74' lang='grc' dir='ltr'>τὸν</span> <span class='ocrx_word' id='word_1_1007' title='bbox 3567 5729 3779 5804; x_wconf 74' lang='grc' dir='ltr'>ἄνθρωο</span> 
     </span>
    </p>
   </div>
  </div>
