  <div class='ocr_page' id='page_1' title='image "/cluster/home/n/w/nwhite01/storage/ocr_20150623/63/mdp.39015008641394/398.png"; bbox 0 0 3966 6160; ppageno 0'>
   <div class='ocr_carea' id='block_1_1' title="bbox 437 416 543 498">
    <p class='ocr_par' dir='ltr' id='par_1_1' title="bbox 437 416 543 498">
     <span class='ocr_line' id='line_1_1' title="bbox 437 416 543 498; baseline -0.075 0"><span class='ocrx_word' id='word_1_1' title='bbox 437 416 543 498; x_wconf 66' lang='lat' dir='ltr'><strong>sos</strong></span> 
     </span>
    </p>
   </div>
   <div class='ocr_carea' id='block_1_2' title="bbox 433 532 2019 627">
    <p class='ocr_par' dir='ltr' id='par_1_2' title="bbox 433 532 2019 627">
     <span class='ocr_line' id='line_1_2' title="bbox 433 532 2019 627; baseline -0.008 -15"><span class='ocrx_word' id='word_1_2' title='bbox 433 554 571 612; x_wconf 86' lang='lat' dir='ltr'><strong>sisse</strong></span> <span class='ocrx_word' id='word_1_3' title='bbox 591 597 605 621; x_wconf 88' lang='lat'><strong>,</strong></span> <span class='ocrx_word' id='word_1_4' title='bbox 650 552 930 627; x_wconf 87' lang='lat' dir='ltr'><strong>ipsumque</strong></span> <span class='ocrx_word' id='word_1_5' title='bbox 956 532 1228 608; x_wconf 79' lang='lat' dir='ltr'><strong>hominem</strong></span> <span class='ocrx_word' id='word_1_6' title='bbox 1259 550 1327 606; x_wconf 88' lang='lat' dir='ltr'><strong>de</strong></span> <span class='ocrx_word' id='word_1_7' title='bbox 1355 566 1414 605; x_wconf 91' lang='lat' dir='ltr'><strong>se</strong></span> <span class='ocrx_word' id='word_1_8' title='bbox 1438 546 1814 618; x_wconf 80' lang='lat' dir='ltr'><strong>desperantem</strong></span> <span class='ocrx_word' id='word_1_9' title='bbox 1841 587 1856 612; x_wconf 91' lang='lat'><strong>,</strong></span> <span class='ocrx_word' id='word_1_10' title='bbox 1904 534 2019 600; x_wconf 84' lang='lat' dir='ltr'><strong>me-</strong></span> 
     </span>
    </p>
   </div>
   <div class='ocr_carea' id='block_1_3' title="bbox 431 636 2012 716">
    <p class='ocr_par' dir='ltr' id='par_1_3' title="bbox 431 636 2012 716">
     <span class='ocr_line' id='line_1_3' title="bbox 431 636 2012 716; baseline -0.008 -15"><span class='ocrx_word' id='word_1_11' title='bbox 431 646 611 703; x_wconf 90' lang='lat' dir='ltr'><strong>dicum</strong></span> <span class='ocrx_word' id='word_1_12' title='bbox 641 660 792 713; x_wconf 88' lang='lat' dir='ltr'><strong>vero,</strong></span> <span class='ocrx_word' id='word_1_13' title='bbox 817 643 1086 716; x_wconf 81' lang='lat' dir='ltr'><strong>qui-datus</strong></span> <span class='ocrx_word' id='word_1_14' title='bbox 1112 643 1213 713; x_wconf 89' lang='lat' dir='ltr'><strong>ipsi</strong></span> <span class='ocrx_word' id='word_1_15' title='bbox 1244 640 1420 696; x_wconf 78' lang='lat' dir='ltr'><strong>fuerat</strong></span> <span class='ocrx_word' id='word_1_16' title='bbox 1449 639 1516 693; x_wconf 91' lang='lat' dir='ltr'><strong>ad</strong></span> <span class='ocrx_word' id='word_1_17' title='bbox 1540 640 1720 694; x_wconf 91' lang='lat' dir='ltr'><strong>ulcera</strong></span> <span class='ocrx_word' id='word_1_18' title='bbox 1749 636 2012 704; x_wconf 85' lang='lat' dir='ltr'><strong>curanda,</strong></span> 
     </span>
    </p>
   </div>
   <div class='ocr_carea' id='block_1_4' title="bbox 432 728 2021 802">
    <p class='ocr_par' dir='ltr' id='par_1_4' title="bbox 432 728 2021 802">
     <span class='ocr_line' id='line_1_4' title="bbox 432 728 2021 802; baseline -0.009 -8"><span class='ocrx_word' id='word_1_19' title='bbox 432 746 799 794; x_wconf 58' lang='lat' dir='ltr'><strong>accusatorem</strong></span> <span class='ocrx_word' id='word_1_20' title='bbox 849 736 1088 801; x_wconf 84' lang='lat' dir='ltr'><strong>malum,</strong></span> <span class='ocrx_word' id='word_1_21' title='bbox 1158 733 1330 802; x_wconf 87' lang='lat' dir='ltr'><strong>legem</strong></span> <span class='ocrx_word' id='word_1_22' title='bbox 1389 730 1544 798; x_wconf 85' lang='lat' dir='ltr'><strong>dico,</strong></span> <span class='ocrx_word' id='word_1_23' title='bbox 1592 728 1843 785; x_wconf 76' lang='lat' dir='ltr'><strong>edoctum</strong></span> <span class='ocrx_word' id='word_1_24' title='bbox 1900 740 2021 783; x_wconf 85' lang='lat' dir='ltr'><strong>esse</strong></span> 
     </span>
    </p>
   </div>
   <div class='ocr_carea' id='block_1_5' title="bbox 429 821 2019 901">
    <p class='ocr_par' dir='ltr' id='par_1_5' title="bbox 429 821 2019 901">
     <span class='ocr_line' id='line_1_5' title="bbox 429 821 2019 901; baseline -0.006 -16"><span class='ocrx_word' id='word_1_25' title='bbox 429 830 654 885; x_wconf 87' lang='lat' dir='ltr'><strong>crimina</strong></span> <span class='ocrx_word' id='word_1_26' title='bbox 685 838 971 901; x_wconf 85' lang='lat' dir='ltr'><strong>augentem</strong></span> <span class='ocrx_word' id='word_1_27' title='bbox 997 868 1012 893; x_wconf 93' lang='lat'><strong>,</strong></span> <span class='ocrx_word' id='word_1_28' title='bbox 1046 836 1102 882; x_wconf 91' lang='lat' dir='ltr'><strong>et</strong></span> <span class='ocrx_word' id='word_1_29' title='bbox 1130 825 1401 880; x_wconf 84' lang='lat' dir='ltr'><strong>hominem</strong></span> <span class='ocrx_word' id='word_1_30' title='bbox 1430 822 1618 895; x_wconf 83' lang='lat' dir='ltr'><strong>majori</strong></span> <span class='ocrx_word' id='word_1_31' title='bbox 1649 838 1820 893; x_wconf 62' lang='lat' dir='ltr'><strong>postue</strong></span> <span class='ocrx_word' id='word_1_32' title='bbox 1845 821 2019 877; x_wconf 88' lang='lat' dir='ltr'><strong>obuo-</strong></span> 
     </span>
    </p>
   </div>
   <div class='ocr_carea' id='block_1_6' title="bbox 435 915 2020 988">
    <p class='ocr_par' dir='ltr' id='par_1_6' title="bbox 435 915 2020 988">
     <span class='ocr_line' id='line_1_6' title="bbox 435 915 2020 988; baseline -0.006 -11"><span class='ocrx_word' id='word_1_33' title='bbox 435 920 577 978; x_wconf 70' lang='grc' dir='ltr'>κίιιιιι</span> <span class='ocrx_word' id='word_1_34' title='bbox 610 921 893 977; x_wconf 73' lang='lat' dir='ltr'><strong>facientem</strong></span> <span class='ocrx_word' id='word_1_35' title='bbox 916 961 932 987; x_wconf 91' lang='lat'><strong>,</strong></span> <span class='ocrx_word' id='word_1_36' title='bbox 983 928 1038 975; x_wconf 89' lang='lat' dir='ltr'><strong>et</strong></span> <span class='ocrx_word' id='word_1_37' title='bbox 1073 917 1247 973; x_wconf 89' lang='lat' dir='ltr'><strong>morbi</strong></span> <span class='ocrx_word' id='word_1_38' title='bbox 1274 915 1614 988; x_wconf 83' lang='lat' dir='ltr'><strong>tyrannidem</strong></span> <span class='ocrx_word' id='word_1_39' title='bbox 1649 915 2020 983; x_wconf 86' lang='lat' dir='ltr'><strong>malorumque</strong></span> 
     </span>
    </p>
   </div>
   <div class='ocr_carea' id='block_1_7' title="bbox 437 1006 2018 1082">
    <p class='ocr_par' dir='ltr' id='par_1_7' title="bbox 437 1006 2018 1082">
     <span class='ocr_line' id='line_1_7' title="bbox 437 1006 2018 1082; baseline -0.007 -12"><span class='ocrx_word' id='word_1_40' title='bbox 437 1015 862 1082; x_wconf 78' lang='lat' dir='ltr'><strong>exsuperantiam</strong></span> <span class='ocrx_word' id='word_1_41' title='bbox 901 1011 1335 1076; x_wconf 83' lang='lat' dir='ltr'><strong>considerasset;</strong></span> <span class='ocrx_word' id='word_1_42' title='bbox 1382 1025 1504 1079; x_wconf 77' lang='lat' dir='ltr'><strong>qute</strong></span> <span class='ocrx_word' id='word_1_43' title='bbox 1544 1008 1815 1064; x_wconf 89' lang='lat' dir='ltr'><strong>neminem</strong></span> <span class='ocrx_word' id='word_1_44' title='bbox 1855 1006 2018 1061; x_wconf 88' lang='lat' dir='ltr'><strong>alium</strong></span> 
     </span>
    </p>
   </div>
   <div class='ocr_carea' id='block_1_8' title="bbox 435 1099 2017 1176">
    <p class='ocr_par' dir='ltr' id='par_1_8' title="bbox 435 1099 2017 1176">
     <span class='ocr_line' id='line_1_8' title="bbox 435 1099 2017 1176; baseline -0.005 -16"><span class='ocrx_word' id='word_1_45' title='bbox 435 1104 788 1176; x_wconf 80' lang='lat' dir='ltr'><strong>postularent,</strong></span> <span class='ocrx_word' id='word_1_46' title='bbox 810 1120 970 1176; x_wconf 90' lang='lat' dir='ltr'><strong>quam</strong></span> <span class='ocrx_word' id='word_1_47' title='bbox 998 1118 1121 1159; x_wconf 91' lang='lat' dir='ltr'><strong>eum</strong></span> <span class='ocrx_word' id='word_1_48' title='bbox 1151 1103 1240 1173; x_wconf 90' lang='lat' dir='ltr'><strong>qui</strong></span> <span class='ocrx_word' id='word_1_49' title='bbox 1266 1115 1365 1157; x_wconf 92' lang='lat' dir='ltr'><strong>nos</strong></span> <span class='ocrx_word' id='word_1_50' title='bbox 1392 1101 1460 1156; x_wconf 87' lang='lat' dir='ltr'><strong>ab</strong></span> <span class='ocrx_word' id='word_1_51' title='bbox 1484 1100 1635 1155; x_wconf 89' lang='lat' dir='ltr'><strong>initio</strong></span> <span class='ocrx_word' id='word_1_52' title='bbox 1660 1099 2017 1155; x_wconf 72' lang='lat' dir='ltr'><strong>condiderat:</strong></span> 
     </span>
    </p>
   </div>
   <div class='ocr_carea' id='block_1_9' title="bbox 434 1190 2021 1266">
    <p class='ocr_par' dir='ltr' id='par_1_9' title="bbox 434 1190 2021 1266">
     <span class='ocr_line' id='line_1_9' title="bbox 434 1190 2021 1266; baseline -0.004 -15"><span class='ocrx_word' id='word_1_53' title='bbox 434 1195 555 1251; x_wconf 90' lang='lat' dir='ltr'><strong>vide</strong></span> <span class='ocrx_word' id='word_1_54' title='bbox 580 1196 707 1266; x_wconf 89' lang='lat' dir='ltr'><strong>quid</strong></span> <span class='ocrx_word' id='word_1_55' title='bbox 741 1195 898 1250; x_wconf 87' lang='lat' dir='ltr'><strong>faciat</strong></span> <span class='ocrx_word' id='word_1_56' title='bbox 928 1212 943 1250; x_wconf 91' lang='lat'><strong>:</strong></span> <span class='ocrx_word' id='word_1_57' title='bbox 974 1202 1161 1249; x_wconf 85' lang='lat' dir='ltr'><strong>natura</strong></span> <span class='ocrx_word' id='word_1_58' title='bbox 1190 1204 1371 1249; x_wconf 86' lang='lat' dir='ltr'><strong>nostra</strong></span> <span class='ocrx_word' id='word_1_59' title='bbox 1400 1190 1638 1247; x_wconf 88' lang='lat' dir='ltr'><strong>induitur</strong></span> <span class='ocrx_word' id='word_1_60' title='bbox 1668 1190 1936 1246; x_wconf 86' lang='lat' dir='ltr'><strong>infirmata</strong></span> <span class='ocrx_word' id='word_1_61' title='bbox 1963 1194 2021 1245; x_wconf 82' lang='lat' dir='ltr'><strong>et</strong></span> 
     </span>
    </p>
   </div>
   <div class='ocr_carea' id='block_1_10' title="bbox 433 1279 2019 1357">
    <p class='ocr_par' dir='ltr' id='par_1_10' title="bbox 433 1279 2019 1357">
     <span class='ocr_line' id='line_1_10' title="bbox 433 1279 2019 1357; baseline -0.004 -15"><span class='ocrx_word' id='word_1_62' title='bbox 433 1287 660 1350; x_wconf 79' lang='lat' dir='ltr'><strong>devicta,</strong></span> <span class='ocrx_word' id='word_1_63' title='bbox 687 1295 747 1341; x_wconf 91' lang='lat' dir='ltr'><strong>ut</strong></span> <span class='ocrx_word' id='word_1_64' title='bbox 773 1302 868 1357; x_wconf 89' lang='lat' dir='ltr'><strong>per</strong></span> <span class='ocrx_word' id='word_1_65' title='bbox 896 1286 1041 1341; x_wconf 89' lang='lat' dir='ltr'><strong>illam</strong></span> <span class='ocrx_word' id='word_1_66' title='bbox 1074 1292 1335 1356; x_wconf 87' lang='lat' dir='ltr'><strong>pugnaret</strong></span> <span class='ocrx_word' id='word_1_67' title='bbox 1378 1293 1431 1339; x_wconf 88' lang='lat' dir='ltr'><strong>et</strong></span> <span class='ocrx_word' id='word_1_68' title='bbox 1473 1289 1724 1344; x_wconf 82' lang='lat' dir='ltr'><strong>certaret,</strong></span> <span class='ocrx_word' id='word_1_69' title='bbox 1754 1290 1915 1353; x_wconf 88' lang='lat' dir='ltr'><strong>atque</strong></span> <span class='ocrx_word' id='word_1_70' title='bbox 1951 1279 2019 1336; x_wconf 88' lang='lat' dir='ltr'><strong>ab</strong></span> 
     </span>
    </p>
   </div>
   <div class='ocr_carea' id='block_1_11' title="bbox 437 1365 2017 1447">
    <p class='ocr_par' dir='ltr' id='par_1_11' title="bbox 437 1365 2017 1447">
     <span class='ocr_line' id='line_1_11' title="bbox 437 1365 2017 1447; baseline -0.004 -16"><span class='ocrx_word' id='word_1_71' title='bbox 437 1378 552 1447; x_wconf 89' lang='lat' dir='ltr'><strong>ipso</strong></span> <span class='ocrx_word' id='word_1_72' title='bbox 597 1376 777 1431; x_wconf 89' lang='lat' dir='ltr'><strong>limine</strong></span> <span class='ocrx_word' id='word_1_73' title='bbox 829 1386 886 1431; x_wconf 89' lang='lat' dir='ltr'><strong>et</strong></span> <span class='ocrx_word' id='word_1_74' title='bbox 934 1376 1157 1431; x_wconf 78' lang='lat' dir='ltr'><strong>exordio</strong></span> <span class='ocrx_word' id='word_1_75' title='bbox 1196 1365 1527 1445; x_wconf 63' lang='lat' dir='ltr'><strong>arrogantia:</strong></span> <span class='ocrx_word' id='word_1_76' title='bbox 1581 1382 1829 1426; x_wconf 86' lang='lat' dir='ltr'><strong>naturam</strong></span> <span class='ocrx_word' id='word_1_77' title='bbox 1877 1370 2017 1425; x_wconf 67' lang='grc' dir='ltr'><strong>ηαξ.</strong></span> 
     </span>
    </p>
   </div>
   <div class='ocr_carea' id='block_1_12' title="bbox 435 1461 2015 1537">
    <p class='ocr_par' dir='ltr' id='par_1_12' title="bbox 435 1461 2015 1537">
     <span class='ocr_line' id='line_1_12' title="bbox 435 1461 2015 1537; baseline -0.005 -12"><span class='ocrx_word' id='word_1_78' title='bbox 435 1468 572 1525; x_wconf 88' lang='lat' dir='ltr'><strong>citus</strong></span> <span class='ocrx_word' id='word_1_79' title='bbox 611 1467 812 1533; x_wconf 90' lang='lat' dir='ltr'><strong>evellit,</strong></span> <span class='ocrx_word' id='word_1_80' title='bbox 854 1482 973 1537; x_wconf 70' lang='lat' dir='ltr'><strong>qua:</strong></span> <span class='ocrx_word' id='word_1_81' title='bbox 1015 1467 1279 1521; x_wconf 89' lang='lat' dir='ltr'><strong>malorum</strong></span> <span class='ocrx_word' id='word_1_82' title='bbox 1321 1465 1563 1520; x_wconf 89' lang='lat' dir='ltr'><strong>oumium</strong></span> <span class='ocrx_word' id='word_1_83' title='bbox 1594 1476 1754 1518; x_wconf 88' lang='lat' dir='ltr'><strong>causa</strong></span> <span class='ocrx_word' id='word_1_84' title='bbox 1796 1461 2015 1517; x_wconf 88' lang='lat' dir='ltr'><strong>fuerat:</strong></span> 
     </span>
    </p>
   </div>
   <div class='ocr_carea' id='block_1_13' title="bbox 437 1553 2021 1625">
    <p class='ocr_par' dir='ltr' id='par_1_13' title="bbox 437 1553 2021 1625">
     <span class='ocr_line' id='line_1_13' title="bbox 437 1553 2021 1625; baseline -0.004 -12"><span class='ocrx_word' id='word_1_85' title='bbox 437 1576 557 1614; x_wconf 89' lang='lat' dir='ltr'><strong>nam</strong></span> <span class='ocrx_word' id='word_1_86' title='bbox 587 1561 700 1614; x_wconf 81' lang='lat' dir='ltr'><strong>inec</strong></span> <span class='ocrx_word' id='word_1_87' title='bbox 725 1558 998 1615; x_wconf 89' lang='lat' dir='ltr'><strong>diabolum</strong></span> <span class='ocrx_word' id='word_1_88' title='bbox 1030 1598 1045 1625; x_wconf 93' lang='lat'><strong>,</strong></span> <span class='ocrx_word' id='word_1_89' title='bbox 1087 1573 1208 1613; x_wconf 92' lang='lat' dir='ltr'><strong>cum</strong></span> <span class='ocrx_word' id='word_1_90' title='bbox 1241 1556 1490 1611; x_wconf 78' lang='lat' dir='ltr'><strong>diabolus</strong></span> <span class='ocrx_word' id='word_1_91' title='bbox 1534 1570 1641 1609; x_wconf 88' lang='lat' dir='ltr'><strong>non</strong></span> <span class='ocrx_word' id='word_1_92' title='bbox 1675 1562 1859 1618; x_wconf 84' lang='lat' dir='ltr'><strong>esset,</strong></span> <span class='ocrx_word' id='word_1_93' title='bbox 1902 1553 2021 1608; x_wconf 88' lang='lat' dir='ltr'><strong>dia-</strong></span> 
     </span>
    </p>
   </div>
   <div class='ocr_carea' id='block_1_14' title="bbox 434 1644 2019 1717">
    <p class='ocr_par' dir='ltr' id='par_1_14' title="bbox 434 1644 2019 1717">
     <span class='ocr_line' id='line_1_14' title="bbox 434 1644 2019 1717; baseline -0.004 -11"><span class='ocrx_word' id='word_1_94' title='bbox 434 1652 612 1706; x_wconf 89' lang='lat' dir='ltr'><strong>bolum</strong></span> <span class='ocrx_word' id='word_1_95' title='bbox 639 1650 817 1706; x_wconf 81' lang='lat' dir='ltr'><strong>effecit</strong></span> <span class='ocrx_word' id='word_1_96' title='bbox 841 1692 856 1717; x_wconf 92' lang='lat'><strong>,</strong></span> <span class='ocrx_word' id='word_1_97' title='bbox 892 1659 950 1705; x_wconf 92' lang='lat' dir='ltr'><strong>ut</strong></span> <span class='ocrx_word' id='word_1_98' title='bbox 975 1651 1213 1705; x_wconf 89' lang='lat' dir='ltr'><strong>declarat</strong></span> <span class='ocrx_word' id='word_1_99' title='bbox 1242 1649 1440 1704; x_wconf 73' lang='lat' dir='ltr'><strong>l‘aulus</strong></span> <span class='ocrx_word' id='word_1_100' title='bbox 1468 1649 1656 1702; x_wconf 89' lang='lat' dir='ltr'><strong>dicens</strong></span> <span class='ocrx_word' id='word_1_101' title='bbox 1688 1662 1704 1700; x_wconf 87' lang='lat'><strong>:</strong></span> <span class='ocrx_word' id='word_1_102' title='bbox 1738 1644 1861 1700; x_wconf 87' lang='lat' dir='ltr'><strong>Non</strong></span> <span class='ocrx_word' id='word_1_103' title='bbox 1897 1661 2019 1700; x_wconf 78' lang='lat' dir='ltr'><strong>uso-</strong></span> 
     </span>
    </p>
   </div>
   <div class='ocr_carea' id='block_1_15' title="bbox 434 1737 2020 1814">
    <p class='ocr_par' dir='ltr' id='par_1_15' title="bbox 434 1737 2020 1814">
     <span class='ocr_line' id='line_1_15' title="bbox 434 1737 2020 1814; baseline -0.002 -20"><span class='ocrx_word' id='word_1_104' title='bbox 434 1750 646 1814; x_wconf 71' lang='lat' dir='ltr'><strong>phytttm</strong></span> <span class='ocrx_word' id='word_1_105' title='bbox 671 1785 688 1808; x_wconf 93' lang='lat'><strong>,</strong></span> <span class='ocrx_word' id='word_1_106' title='bbox 716 1760 779 1797; x_wconf 86' lang='lat' dir='ltr'><strong>ne</strong></span> <span class='ocrx_word' id='word_1_107' title='bbox 815 1744 866 1797; x_wconf 89' lang='lat' dir='ltr'><strong>in</strong></span> <span class='ocrx_word' id='word_1_108' title='bbox 894 1742 1183 1812; x_wconf 78' lang='lat' dir='ltr'><strong>superbiam</strong></span> <span class='ocrx_word' id='word_1_109' title='bbox 1209 1740 1372 1795; x_wconf 78' lang='lat' dir='ltr'><strong>elatus</strong></span> <span class='ocrx_word' id='word_1_110' title='bbox 1399 1782 1413 1805; x_wconf 87' lang='lat'><strong>,</strong></span> <span class='ocrx_word' id='word_1_111' title='bbox 1446 1740 1500 1794; x_wconf 85' lang='lat' dir='ltr'><strong>in</strong></span> <span class='ocrx_word' id='word_1_112' title='bbox 1532 1739 1793 1811; x_wconf 80' lang='lat' dir='ltr'><strong>judicium</strong></span> <span class='ocrx_word' id='word_1_113' title='bbox 1827 1737 2020 1793; x_wconf 73' lang='lat' dir='ltr'><strong>incidat</strong></span> 
     </span>
    </p>
   </div>
   <div class='ocr_carea' id='block_1_16' title="bbox 432 1830 2018 1907">
    <p class='ocr_par' dir='ltr' id='par_1_16' title="bbox 432 1830 2018 1907">
     <span class='ocr_line' id='line_1_16' title="bbox 432 1830 2018 1907; baseline -0.001 -21"><span class='ocrx_word' id='word_1_114' title='bbox 432 1835 625 1888; x_wconf 75' lang='lat' dir='ltr'><strong>diaboli</strong></span> <span class='ocrx_word' id='word_1_115' title='bbox 650 1833 672 1907; x_wconf 91' lang='lat'><strong>(</strong></span> <span class='ocrx_word' id='word_1_116' title='bbox 696 1836 745 1889; x_wconf 80' lang='grc' dir='ltr'>ι.</span> <span class='ocrx_word' id='word_1_117' title='bbox 789 1833 921 1889; x_wconf 85' lang='lat' dir='ltr'><strong>Tim.</strong></span> <span class='ocrx_word' id='word_1_118' title='bbox 965 1835 1017 1888; x_wconf 78' lang='lat'><strong>5.</strong></span> <span class='ocrx_word' id='word_1_119' title='bbox 1051 1833 1143 1906; x_wconf 86' lang='lat'><strong>6).</strong></span> <span class='ocrx_word' id='word_1_120' title='bbox 1188 1833 1298 1888; x_wconf 84' lang='lat' dir='ltr'><strong>line</strong></span> <span class='ocrx_word' id='word_1_121' title='bbox 1348 1832 1614 1887; x_wconf 77' lang='lat' dir='ltr'><strong>Adamum</strong></span> <span class='ocrx_word' id='word_1_122' title='bbox 1662 1847 1726 1887; x_wconf 76' lang='lat' dir='ltr'><strong>ex</strong></span> <span class='ocrx_word' id='word_1_123' title='bbox 1772 1830 2018 1901; x_wconf 81' lang='lat' dir='ltr'><strong>paradiso</strong></span> 
     </span>
    </p>
   </div>
   <div class='ocr_carea' id='block_1_17' title="bbox 430 1919 2013 1994">
    <p class='ocr_par' dir='ltr' id='par_1_17' title="bbox 430 1919 2013 1994">
     <span class='ocr_line' id='line_1_17' title="bbox 430 1919 2013 1994; baseline -0.003 -15"><span class='ocrx_word' id='word_1_124' title='bbox 430 1926 589 1992; x_wconf 59' lang='lat' dir='ltr'><strong>eiecit</strong></span> <span class='ocrx_word' id='word_1_125' title='bbox 619 1943 632 1979; x_wconf 91' lang='lat'>:</span> <span class='ocrx_word' id='word_1_126' title='bbox 659 1925 781 1994; x_wconf 84' lang='lat' dir='ltr'><strong>quia</strong></span> <span class='ocrx_word' id='word_1_127' title='bbox 814 1926 958 1979; x_wconf 80' lang='lat' dir='ltr'><strong>enim</strong></span> <span class='ocrx_word' id='word_1_128' title='bbox 982 1924 1208 1988; x_wconf 86' lang='lat' dir='ltr'><strong>audivit,</strong></span> <span class='ocrx_word' id='word_1_129' title='bbox 1241 1921 1399 1977; x_wconf 75' lang='lat' dir='ltr'><strong>Erilis</strong></span> <span class='ocrx_word' id='word_1_130' title='bbox 1421 1923 1555 1976; x_wconf 85' lang='lat' dir='ltr'><strong>sicut</strong></span> <span class='ocrx_word' id='word_1_131' title='bbox 1582 1922 1654 1974; x_wconf 78' lang='lat' dir='ltr'><strong>dii</strong></span> <span class='ocrx_word' id='word_1_132' title='bbox 1678 1919 1828 1991; x_wconf 82' lang='lat' dir='ltr'><strong>(Gen.</strong></span> <span class='ocrx_word' id='word_1_133' title='bbox 1849 1921 1903 1975; x_wconf 76' lang='lat'><strong>5.</strong></span> <span class='ocrx_word' id='word_1_134' title='bbox 1934 1920 2013 1991; x_wconf 82' lang='lat'><strong>5);</strong></span> 
     </span>
    </p>
   </div>
   <div class='ocr_carea' id='block_1_18' title="bbox 432 2012 2017 2086">
    <p class='ocr_par' dir='ltr' id='par_1_18' title="bbox 432 2012 2017 2086">
     <span class='ocr_line' id='line_1_18' title="bbox 432 2012 2017 2086; baseline -0.003 -17"><span class='ocrx_word' id='word_1_135' title='bbox 432 2014 531 2071; x_wconf 86' lang='lat' dir='ltr'><strong>hac</strong></span> <span class='ocrx_word' id='word_1_136' title='bbox 555 2032 648 2086; x_wconf 90' lang='lat' dir='ltr'><strong>spe</strong></span> <span class='ocrx_word' id='word_1_137' title='bbox 674 2015 952 2086; x_wconf 80' lang='lat' dir='ltr'><strong>deceptus,</strong></span> <span class='ocrx_word' id='word_1_138' title='bbox 978 2016 1153 2070; x_wconf 86' lang='lat' dir='ltr'><strong>arbori</strong></span> <span class='ocrx_word' id='word_1_139' title='bbox 1183 2028 1398 2068; x_wconf 89' lang='lat' dir='ltr'><strong>manum</strong></span> <span class='ocrx_word' id='word_1_140' title='bbox 1424 2013 1681 2077; x_wconf 83' lang='lat' dir='ltr'><strong>admovit,</strong></span> <span class='ocrx_word' id='word_1_141' title='bbox 1707 2012 1876 2080; x_wconf 81' lang='lat' dir='ltr'><strong>legem</strong></span> <span class='ocrx_word' id='word_1_142' title='bbox 1902 2012 2017 2065; x_wconf 88' lang='lat' dir='ltr'><strong>cal-</strong></span> 
     </span>
    </p>
   </div>
   <div class='ocr_carea' id='block_1_19' title="bbox 431 2103 2017 2179">
    <p class='ocr_par' dir='ltr' id='par_1_19' title="bbox 431 2103 2017 2179">
     <span class='ocr_line' id='line_1_19' title="bbox 431 2103 2017 2179; baseline -0.005 -13"><span class='ocrx_word' id='word_1_143' title='bbox 431 2111 589 2174; x_wconf 86' lang='lat' dir='ltr'><strong>cavit,</strong></span> <span class='ocrx_word' id='word_1_144' title='bbox 614 2119 666 2165; x_wconf 91' lang='lat' dir='ltr'><strong>et</strong></span> <span class='ocrx_word' id='word_1_145' title='bbox 693 2114 1017 2179; x_wconf 59' lang='lat' dir='ltr'><strong>praeceptum</strong></span> <span class='ocrx_word' id='word_1_146' title='bbox 1036 2119 1401 2179; x_wconf 81' lang='lat' dir='ltr'><strong>tr.msgressus</strong></span> <span class='ocrx_word' id='word_1_147' title='bbox 1422 2114 1524 2160; x_wconf 90' lang='lat' dir='ltr'><strong>est.</strong></span> <span class='ocrx_word' id='word_1_148' title='bbox 1548 2105 1670 2160; x_wconf 88' lang='lat' dir='ltr'><strong>Ideo</strong></span> <span class='ocrx_word' id='word_1_149' title='bbox 1690 2106 1851 2160; x_wconf 89' lang='lat' dir='ltr'><strong>etiam</strong></span> <span class='ocrx_word' id='word_1_150' title='bbox 1879 2103 2017 2158; x_wconf 84' lang='lat' dir='ltr'><strong>Deus</strong></span> 
     </span>
    </p>
   </div>
   <div class='ocr_carea' id='block_1_20' title="bbox 430 2200 2015 2274">
    <p class='ocr_par' dir='ltr' id='par_1_20' title="bbox 430 2200 2015 2274">
     <span class='ocr_line' id='line_1_20' title="bbox 430 2200 2015 2274; baseline -0.001 -18"><span class='ocrx_word' id='word_1_151' title='bbox 430 2214 814 2274; x_wconf 71' lang='lat' dir='ltr'><strong>congruentem</strong></span> <span class='ocrx_word' id='word_1_152' title='bbox 830 2205 1037 2259; x_wconf 84' lang='lat' dir='ltr'><strong>vulneri</strong></span> <span class='ocrx_word' id='word_1_153' title='bbox 1054 2203 1335 2274; x_wconf 78' lang='lat' dir='ltr'><strong>apparavit</strong></span> <span class='ocrx_word' id='word_1_154' title='bbox 1351 2202 1688 2258; x_wconf 86' lang='lat' dir='ltr'><strong>medicinam.</strong></span> <span class='ocrx_word' id='word_1_155' title='bbox 1712 2200 2015 2258; x_wconf 89' lang='lat' dir='ltr'><strong>Sicuteuim</strong></span> 
     </span>
    </p>
   </div>
   <div class='ocr_carea' id='block_1_21' title="bbox 430 2294 2011 2366">
    <p class='ocr_par' dir='ltr' id='par_1_21' title="bbox 430 2294 2011 2366">
     <span class='ocr_line' id='line_1_21' title="bbox 430 2294 2011 2366; baseline -0.003 -16"><span class='ocrx_word' id='word_1_156' title='bbox 430 2297 483 2350; x_wconf 91' lang='lat' dir='ltr'><strong>iu</strong></span> <span class='ocrx_word' id='word_1_157' title='bbox 512 2295 830 2366; x_wconf 81' lang='lat' dir='ltr'><strong>corporibus</strong></span> <span class='ocrx_word' id='word_1_158' title='bbox 853 2295 1121 2351; x_wconf 87' lang='lat' dir='ltr'><strong>contraria</strong></span> <span class='ocrx_word' id='word_1_159' title='bbox 1148 2295 1435 2349; x_wconf 87' lang='lat' dir='ltr'><strong>contrariis</strong></span> <span class='ocrx_word' id='word_1_160' title='bbox 1459 2294 1723 2349; x_wconf 83' lang='lat' dir='ltr'><strong>medelam</strong></span> <span class='ocrx_word' id='word_1_161' title='bbox 1747 2294 1977 2349; x_wconf 73' lang='lat' dir='ltr'><strong>alterum</strong></span> <span class='ocrx_word' id='word_1_162' title='bbox 1993 2332 2011 2360; x_wconf 93' lang='lat'><strong>,</strong></span> 
     </span>
    </p>
   </div>
   <div class='ocr_carea' id='block_1_22' title="bbox 430 2386 2009 2459">
    <p class='ocr_par' dir='ltr' id='par_1_22' title="bbox 430 2386 2009 2459">
     <span class='ocr_line' id='line_1_22' title="bbox 430 2386 2009 2459; baseline 0.001 -18"><span class='ocrx_word' id='word_1_163' title='bbox 430 2398 489 2441; x_wconf 89' lang='lat' dir='ltr'><strong>ut</strong></span> <span class='ocrx_word' id='word_1_164' title='bbox 528 2388 679 2442; x_wconf 90' lang='lat' dir='ltr'><strong>aiunt</strong></span> <span class='ocrx_word' id='word_1_165' title='bbox 708 2387 924 2453; x_wconf 91' lang='lat' dir='ltr'><strong>medici,</strong></span> <span class='ocrx_word' id='word_1_166' title='bbox 977 2397 1031 2443; x_wconf 91' lang='lat' dir='ltr'><strong>et</strong></span> <span class='ocrx_word' id='word_1_167' title='bbox 1076 2387 1219 2458; x_wconf 88' lang='lat' dir='ltr'><strong>quod</strong></span> <span class='ocrx_word' id='word_1_168' title='bbox 1248 2386 1491 2459; x_wconf 79' lang='lat' dir='ltr'><strong>frigidius</strong></span> <span class='ocrx_word' id='word_1_169' title='bbox 1530 2397 1614 2443; x_wconf 89' lang='lat' dir='ltr'><strong>est</strong></span> <span class='ocrx_word' id='word_1_170' title='bbox 1640 2387 1824 2443; x_wconf 87' lang='lat' dir='ltr'><strong>calore</strong></span> <span class='ocrx_word' id='word_1_171' title='bbox 1865 2386 2009 2442; x_wconf 86' lang='lat' dir='ltr'><strong>fove-</strong></span> 
     </span>
    </p>
   </div>
   <div class='ocr_carea' id='block_1_23' title="bbox 429 2481 2013 2553">
    <p class='ocr_par' dir='ltr' id='par_1_23' title="bbox 429 2481 2013 2553">
     <span class='ocr_line' id='line_1_23' title="bbox 429 2481 2013 2553; baseline 0 -16"><span class='ocrx_word' id='word_1_172' title='bbox 429 2496 569 2548; x_wconf 88' lang='lat' dir='ltr'><strong>mus,</strong></span> <span class='ocrx_word' id='word_1_173' title='bbox 596 2481 848 2553; x_wconf 83' lang='lat' dir='ltr'><strong>quodque</strong></span> <span class='ocrx_word' id='word_1_174' title='bbox 873 2482 1205 2537; x_wconf 79' lang='lat' dir='ltr'><strong>exsiccatum</strong></span> <span class='ocrx_word' id='word_1_175' title='bbox 1254 2481 1474 2536; x_wconf 88' lang='lat' dir='ltr'><strong>lutmido</strong></span> <span class='ocrx_word' id='word_1_176' title='bbox 1512 2490 1874 2552; x_wconf 87' lang='lat' dir='ltr'><strong>temperamus</strong></span> <span class='ocrx_word' id='word_1_177' title='bbox 1898 2498 1912 2535; x_wconf 90' lang='lat'>:</span> <span class='ocrx_word' id='word_1_178' title='bbox 1935 2481 2013 2537; x_wconf 93' lang='lat' dir='ltr'><strong>sic</strong></span> 
     </span>
    </p>
   </div>
   <div class='ocr_carea' id='block_1_24' title="bbox 429 2574 2011 2645">
    <p class='ocr_par' dir='ltr' id='par_1_24' title="bbox 429 2574 2011 2645">
     <span class='ocr_line' id='line_1_24' title="bbox 429 2574 2011 2645; baseline -0.002 -15"><span class='ocrx_word' id='word_1_179' title='bbox 429 2577 588 2630; x_wconf 89' lang='lat' dir='ltr'><strong>ctiam</strong></span> <span class='ocrx_word' id='word_1_180' title='bbox 635 2575 776 2631; x_wconf 90' lang='lat' dir='ltr'><strong>Deus</strong></span> <span class='ocrx_word' id='word_1_181' title='bbox 819 2574 871 2630; x_wconf 94' lang='lat' dir='ltr'><strong>iu</strong></span> <span class='ocrx_word' id='word_1_182' title='bbox 915 2576 1109 2631; x_wconf 78' lang='lat' dir='ltr'><strong>anima:</strong></span> <span class='ocrx_word' id='word_1_183' title='bbox 1134 2576 1468 2645; x_wconf 82' lang='lat' dir='ltr'><strong>passionibus</strong></span> <span class='ocrx_word' id='word_1_184' title='bbox 1511 2575 1654 2630; x_wconf 88' lang='lat' dir='ltr'><strong>fecit.</strong></span> <span class='ocrx_word' id='word_1_185' title='bbox 1689 2574 1822 2642; x_wconf 86' lang='lat' dir='ltr'><strong>Quia</strong></span> <span class='ocrx_word' id='word_1_186' title='bbox 1864 2574 2011 2631; x_wconf 89' lang='lat' dir='ltr'><strong>enim</strong></span> 
     </span>
    </p>
   </div>
   <div class='ocr_carea' id='block_1_25' title="bbox 427 2667 2011 2739">
    <p class='ocr_par' dir='ltr' id='par_1_25' title="bbox 427 2667 2011 2739">
     <span class='ocr_line' id='line_1_25' title="bbox 427 2667 2011 2739; baseline 0 -17"><span class='ocrx_word' id='word_1_187' title='bbox 427 2669 729 2736; x_wconf 80' lang='lat' dir='ltr'><strong>arrogantia</strong></span> <span class='ocrx_word' id='word_1_188' title='bbox 775 2669 942 2739; x_wconf 88' lang='lat' dir='ltr'><strong>ipsam</strong></span> <span class='ocrx_word' id='word_1_189' title='bbox 979 2668 1238 2725; x_wconf 74' lang='lat' dir='ltr'><strong>elferehat</strong></span> <span class='ocrx_word' id='word_1_190' title='bbox 1285 2679 1340 2723; x_wconf 92' lang='lat' dir='ltr'><strong>et</strong></span> <span class='ocrx_word' id='word_1_191' title='bbox 1379 2667 1634 2737; x_wconf 83' lang='lat' dir='ltr'><strong>inﬂabat,</strong></span> <span class='ocrx_word' id='word_1_192' title='bbox 1665 2668 2011 2739; x_wconf 87' lang='lat' dir='ltr'><strong>pharmacum</strong></span> 
     </span>
    </p>
   </div>
   <div class='ocr_carea' id='block_1_26' title="bbox 425 2759 2013 2829">
    <p class='ocr_par' dir='ltr' id='par_1_26' title="bbox 425 2759 2013 2829">
     <span class='ocr_line' id='line_1_26' title="bbox 425 2759 2013 2829; baseline 0.001 -18"><span class='ocrx_word' id='word_1_193' title='bbox 425 2759 677 2829; x_wconf 82' lang='lat' dir='ltr'><strong>app05ttit</strong></span> <span class='ocrx_word' id='word_1_194' title='bbox 725 2759 863 2829; x_wconf 91' lang='lat' dir='ltr'><strong>quod</strong></span> <span class='ocrx_word' id='word_1_195' title='bbox 894 2759 1076 2815; x_wconf 82' lang='lat' dir='ltr'><strong>flatum</strong></span> <span class='ocrx_word' id='word_1_196' title='bbox 1119 2759 1461 2815; x_wconf 83' lang='lat' dir='ltr'><strong>contraheret</strong></span> <span class='ocrx_word' id='word_1_197' title='bbox 1508 2768 1560 2814; x_wconf 92' lang='lat' dir='ltr'><strong>et</strong></span> <span class='ocrx_word' id='word_1_198' title='bbox 1604 2769 1865 2814; x_wconf 77' lang='lat' dir='ltr'><strong>tumorem</strong></span> <span class='ocrx_word' id='word_1_199' title='bbox 1911 2774 2013 2812; x_wconf 80' lang='lat' dir='ltr'><strong>au-</strong></span> 
     </span>
    </p>
   </div>
   <div class='ocr_carea' id='block_1_27' title="bbox 426 2851 2011 2923">
    <p class='ocr_par' dir='ltr' id='par_1_27' title="bbox 426 2851 2011 2923">
     <span class='ocr_line' id='line_1_27' title="bbox 426 2851 2011 2923; baseline 0.001 -18"><span class='ocrx_word' id='word_1_200' title='bbox 426 2853 610 2907; x_wconf 86' lang='lat' dir='ltr'><strong>ferret.</strong></span> <span class='ocrx_word' id='word_1_201' title='bbox 634 2851 784 2920; x_wconf 83' lang='lat' dir='ltr'><strong>Quod</strong></span> <span class='ocrx_word' id='word_1_202' title='bbox 800 2867 930 2908; x_wconf 86' lang='lat' dir='ltr'><strong>vero</strong></span> <span class='ocrx_word' id='word_1_203' title='bbox 951 2851 1294 2922; x_wconf 86' lang='lat' dir='ltr'><strong>pharmacum</strong></span> <span class='ocrx_word' id='word_1_204' title='bbox 1316 2852 1340 2905; x_wconf 72' lang='grc' dir='ltr'><strong>’ἒ</strong></span> <span class='ocrx_word' id='word_1_205' title='bbox 1370 2853 1592 2907; x_wconf 85' lang='lat' dir='ltr'><strong>Mortem</strong></span> <span class='ocrx_word' id='word_1_206' title='bbox 1620 2853 1769 2923; x_wconf 90' lang='lat' dir='ltr'><strong>quasi</strong></span> <span class='ocrx_word' id='word_1_207' title='bbox 1800 2868 2011 2908; x_wconf 86' lang='lat' dir='ltr'><strong>murum</strong></span> 
     </span>
    </p>
   </div>
   <div class='ocr_carea' id='block_1_28' title="bbox 427 2943 2011 3013">
    <p class='ocr_par' dir='ltr' id='par_1_28' title="bbox 427 2943 2011 3013">
     <span class='ocr_line' id='line_1_28' title="bbox 427 2943 2011 3013; baseline 0.002 -16"><span class='ocrx_word' id='word_1_208' title='bbox 427 2943 527 3013; x_wconf 84' lang='lat' dir='ltr'><strong>ipsi</strong></span> <span class='ocrx_word' id='word_1_209' title='bbox 561 2958 861 3013; x_wconf 88' lang='lat' dir='ltr'><strong>opponens.</strong></span> <span class='ocrx_word' id='word_1_210' title='bbox 898 2944 1021 2999; x_wconf 89' lang='lat' dir='ltr'><strong>Ideo</strong></span> <span class='ocrx_word' id='word_1_211' title='bbox 1065 2960 1171 2998; x_wconf 90' lang='lat' dir='ltr'><strong>non</strong></span> <span class='ocrx_word' id='word_1_212' title='bbox 1200 2954 1406 2999; x_wconf 89' lang='lat' dir='ltr'><strong>tantum</strong></span> <span class='ocrx_word' id='word_1_213' title='bbox 1436 2945 1660 3000; x_wconf 65' lang='lat' dir='ltr'><strong>n&#39;iortale</strong></span> <span class='ocrx_word' id='word_1_214' title='bbox 1715 2944 1843 3003; x_wconf 89' lang='lat' dir='ltr'><strong>fecit</strong></span> <span class='ocrx_word' id='word_1_215' title='bbox 1885 2959 2011 3002; x_wconf 84' lang='lat' dir='ltr'><strong>cor-</strong></span> 
     </span>
    </p>
   </div>
   <div class='ocr_carea' id='block_1_29' title="bbox 427 3034 2012 3105">
    <p class='ocr_par' dir='ltr' id='par_1_29' title="bbox 427 3034 2012 3105">
     <span class='ocr_line' id='line_1_29' title="bbox 427 3034 2012 3105; baseline 0.004 -18"><span class='ocrx_word' id='word_1_216' title='bbox 427 3050 547 3104; x_wconf 87' lang='lat' dir='ltr'><strong>pus,</strong></span> <span class='ocrx_word' id='word_1_217' title='bbox 595 3034 691 3090; x_wconf 83' lang='lat' dir='ltr'><strong>Sed</strong></span> <span class='ocrx_word' id='word_1_218' title='bbox 728 3035 887 3091; x_wconf 89' lang='lat' dir='ltr'><strong>etiam</strong></span> <span class='ocrx_word' id='word_1_219' title='bbox 920 3044 978 3090; x_wconf 94' lang='lat' dir='ltr'><strong>ut</strong></span> <span class='ocrx_word' id='word_1_220' title='bbox 1016 3046 1453 3105; x_wconf 84' lang='lat' dir='ltr'><strong>corrumperetur</strong></span> <span class='ocrx_word' id='word_1_221' title='bbox 1479 3035 1674 3099; x_wconf 77' lang='lat' dir='ltr'><strong>effecit,</strong></span> <span class='ocrx_word' id='word_1_222' title='bbox 1721 3047 1778 3091; x_wconf 90' lang='lat' dir='ltr'><strong>ut</strong></span> <span class='ocrx_word' id='word_1_223' title='bbox 1819 3039 2012 3094; x_wconf 85' lang='lat' dir='ltr'><strong>misce-</strong></span> 
     </span>
    </p>
   </div>
   <div class='ocr_carea' id='block_1_30' title="bbox 426 3126 2010 3199">
    <p class='ocr_par' dir='ltr' id='par_1_30' title="bbox 426 3126 2010 3199">
     <span class='ocr_line' id='line_1_30' title="bbox 426 3126 2010 3199; baseline 0.003 -19"><span class='ocrx_word' id='word_1_224' title='bbox 426 3135 594 3192; x_wconf 91' lang='lat' dir='ltr'><strong>retur,</strong></span> <span class='ocrx_word' id='word_1_225' title='bbox 652 3134 709 3181; x_wconf 93' lang='lat' dir='ltr'><strong>ut</strong></span> <span class='ocrx_word' id='word_1_226' title='bbox 762 3128 1022 3182; x_wconf 82' lang='lat' dir='ltr'><strong>vermium</strong></span> <span class='ocrx_word' id='word_1_227' title='bbox 1073 3126 1251 3184; x_wconf 89' lang='lat' dir='ltr'><strong>fontes</strong></span> <span class='ocrx_word' id='word_1_228' title='bbox 1298 3129 1588 3191; x_wconf 85' lang='lat' dir='ltr'><strong>emitteret,</strong></span> <span class='ocrx_word' id='word_1_229' title='bbox 1624 3139 1784 3199; x_wconf 85' lang='lat' dir='ltr'><strong>atque</strong></span> <span class='ocrx_word' id='word_1_230' title='bbox 1822 3131 1873 3185; x_wconf 92' lang='lat' dir='ltr'><strong>in</strong></span> <span class='ocrx_word' id='word_1_231' title='bbox 1920 3145 2010 3185; x_wconf 87' lang='lat' dir='ltr'><strong>sa-</strong></span> 
     </span>
    </p>
   </div>
   <div class='ocr_carea' id='block_1_31' title="bbox 426 3218 2010 3292">
    <p class='ocr_par' dir='ltr' id='par_1_31' title="bbox 426 3218 2010 3292">
     <span class='ocr_line' id='line_1_31' title="bbox 426 3218 2010 3292; baseline 0.004 -20"><span class='ocrx_word' id='word_1_232' title='bbox 426 3219 568 3272; x_wconf 81' lang='lat' dir='ltr'><strong>niem</strong></span> <span class='ocrx_word' id='word_1_233' title='bbox 609 3218 1018 3287; x_wconf 81' lang='lat' dir='ltr'><strong>dissolveretur,</strong></span> <span class='ocrx_word' id='word_1_234' title='bbox 1061 3221 1357 3291; x_wconf 74' lang='lat' dir='ltr'><strong>loetorcque</strong></span> <span class='ocrx_word' id='word_1_235' title='bbox 1403 3221 1755 3292; x_wconf 81' lang='lat' dir='ltr'><strong>impleretur;</strong></span> <span class='ocrx_word' id='word_1_236' title='bbox 1788 3224 2010 3278; x_wconf 79' lang='lat' dir='ltr'><strong>Immiti-</strong></span> 
     </span>
    </p>
   </div>
   <div class='ocr_carea' id='block_1_32' title="bbox 425 3309 2010 3384">
    <p class='ocr_par' dir='ltr' id='par_1_32' title="bbox 425 3309 2010 3384">
     <span class='ocr_line' id='line_1_32' title="bbox 425 3309 2010 3384; baseline 0.004 -21"><span class='ocrx_word' id='word_1_237' title='bbox 425 3310 551 3363; x_wconf 77' lang='lat' dir='ltr'><strong>tatis</strong></span> <span class='ocrx_word' id='word_1_238' title='bbox 574 3309 913 3364; x_wconf 85' lang='lat' dir='ltr'><strong>futulamenta</strong></span> <span class='ocrx_word' id='word_1_239' title='bbox 946 3327 1146 3380; x_wconf 89' lang='lat' dir='ltr'><strong>ponens</strong></span> <span class='ocrx_word' id='word_1_240' title='bbox 1198 3329 1296 3367; x_wconf 88' lang='lat' dir='ltr'><strong>nec</strong></span> <span class='ocrx_word' id='word_1_241' title='bbox 1336 3329 1585 3384; x_wconf 78' lang='lat' dir='ltr'><strong>umquam</strong></span> <span class='ocrx_word' id='word_1_242' title='bbox 1613 3315 1692 3368; x_wconf 88' lang='lat' dir='ltr'><strong>vel</strong></span> <span class='ocrx_word' id='word_1_243' title='bbox 1723 3314 2010 3371; x_wconf 90' lang='lat' dir='ltr'><strong>admodum</strong></span> 
     </span>
    </p>
   </div>
   <div class='ocr_carea' id='block_1_33' title="bbox 424 3404 2012 3477">
    <p class='ocr_par' dir='ltr' id='par_1_33' title="bbox 424 3404 2012 3477">
     <span class='ocr_line' id='line_1_33' title="bbox 424 3404 2012 3477; baseline 0.004 -20"><span class='ocrx_word' id='word_1_244' title='bbox 424 3411 763 3473; x_wconf 81' lang='lat' dir='ltr'><strong>arrogantem</strong></span> <span class='ocrx_word' id='word_1_245' title='bbox 808 3404 990 3459; x_wconf 85' lang='lat' dir='ltr'><strong>siuens</strong></span> <span class='ocrx_word' id='word_1_246' title='bbox 1029 3406 1195 3460; x_wconf 90' lang='lat' dir='ltr'><strong>altum</strong></span> <span class='ocrx_word' id='word_1_247' title='bbox 1232 3406 1299 3461; x_wconf 92' lang='lat' dir='ltr'><strong>de</strong></span> <span class='ocrx_word' id='word_1_248' title='bbox 1341 3423 1400 3462; x_wconf 90' lang='lat' dir='ltr'><strong>se</strong></span> <span class='ocrx_word' id='word_1_249' title='bbox 1443 3423 1651 3477; x_wconf 83' lang='lat' dir='ltr'><strong>sapere.</strong></span> <span class='ocrx_word' id='word_1_250' title='bbox 1693 3408 1829 3477; x_wconf 86' lang='lat' dir='ltr'><strong>Quid</strong></span> <span class='ocrx_word' id='word_1_251' title='bbox 1870 3409 2012 3464; x_wconf 91' lang='lat' dir='ltr'><strong>enim</strong></span> 
     </span>
    </p>
   </div>
   <div class='ocr_carea' id='block_1_34' title="bbox 428 3495 2014 3570">
    <p class='ocr_par' dir='ltr' id='par_1_34' title="bbox 428 3495 2014 3570">
     <span class='ocr_line' id='line_1_34' title="bbox 428 3495 2014 3570; baseline 0.004 -21"><span class='ocrx_word' id='word_1_252' title='bbox 428 3496 663 3551; x_wconf 71' lang='lat' dir='ltr'><strong>fmtidius</strong></span> <span class='ocrx_word' id='word_1_253' title='bbox 728 3495 963 3552; x_wconf 87' lang='lat' dir='ltr'><strong>humano</strong></span> <span class='ocrx_word' id='word_1_254' title='bbox 1038 3497 1337 3554; x_wconf 84' lang='lat' dir='ltr'><strong>cadavere?</strong></span> <span class='ocrx_word' id='word_1_255' title='bbox 1419 3498 1548 3570; x_wconf 88' lang='lat' dir='ltr'><strong>quid</strong></span> <span class='ocrx_word' id='word_1_256' title='bbox 1624 3499 1780 3555; x_wconf 86' lang='lat' dir='ltr'><strong>vilius</strong></span> <span class='ocrx_word' id='word_1_257' title='bbox 1868 3514 2014 3555; x_wconf 86' lang='lat' dir='ltr'><strong>mor-</strong></span> 
     </span>
    </p>
   </div>
   <div class='ocr_carea' id='block_1_35' title="bbox 428 3589 569 3642">
    <p class='ocr_par' dir='ltr' id='par_1_35' title="bbox 428 3589 569 3642">
     <span class='ocr_line' id='line_1_35' title="bbox 428 3589 569 3642; baseline 0 -1"><span class='ocrx_word' id='word_1_258' title='bbox 428 3597 521 3642; x_wconf 86' lang='lat' dir='ltr'><strong>tuo</strong></span> <span class='ocrx_word' id='word_1_259' title='bbox 546 3589 569 3641; x_wconf 86' lang='lat'><strong>?</strong></span> 
     </span>
    </p>
   </div>
   <div class='ocr_carea' id='block_1_36' title="bbox 498 3668 2021 3761">
    <p class='ocr_par' dir='ltr' id='par_1_36' title="bbox 498 3668 2021 3761">
     <span class='ocr_line' id='line_1_36' title="bbox 498 3668 2021 3761; baseline 0.003 -22"><span class='ocrx_word' id='word_1_260' title='bbox 498 3686 552 3739; x_wconf 69' lang='grc'><strong>4.</strong></span> <span class='ocrx_word' id='word_1_261' title='bbox 583 3684 689 3740; x_wconf 89' lang='lat' dir='ltr'><strong>Sed</strong></span> <span class='ocrx_word' id='word_1_262' title='bbox 722 3701 787 3740; x_wconf 89' lang='lat' dir='ltr'><strong>ne</strong></span> <span class='ocrx_word' id='word_1_263' title='bbox 816 3680 962 3755; x_wconf 57' lang='lat' dir='ltr'><strong>a‘gre&#39;</strong></span> <span class='ocrx_word' id='word_1_264' title='bbox 989 3683 1151 3752; x_wconf 87' lang='lat' dir='ltr'><strong>feras,</strong></span> <span class='ocrx_word' id='word_1_265' title='bbox 1182 3668 1433 3749; x_wconf 83' lang='lat' dir='ltr'><strong>dilecte;</strong></span> <span class='ocrx_word' id='word_1_266' title='bbox 1463 3702 1649 3742; x_wconf 88' lang='lat' dir='ltr'><strong>verum</strong></span> <span class='ocrx_word' id='word_1_267' title='bbox 1678 3686 1765 3742; x_wconf 90' lang='lat' dir='ltr'><strong>hic</strong></span> <span class='ocrx_word' id='word_1_268' title='bbox 1794 3694 2021 3761; x_wconf 85' lang='lat' dir='ltr'><strong>quoque</strong></span> 
     </span>
    </p>
   </div>
   <div class='ocr_carea' id='block_1_37' title="bbox 434 3776 2021 3851">
    <p class='ocr_par' dir='ltr' id='par_1_37' title="bbox 434 3776 2021 3851">
     <span class='ocr_line' id='line_1_37' title="bbox 434 3776 2021 3851; baseline 0.003 -21"><span class='ocrx_word' id='word_1_269' title='bbox 434 3778 526 3831; x_wconf 83' lang='lat' dir='ltr'><strong>Dei</strong></span> <span class='ocrx_word' id='word_1_270' title='bbox 560 3776 946 3848; x_wconf 80' lang='lat' dir='ltr'><strong>providentiam</strong></span> <span class='ocrx_word' id='word_1_271' title='bbox 977 3777 1270 3847; x_wconf 85' lang='lat' dir='ltr'><strong>perpende.</strong></span> <span class='ocrx_word' id='word_1_272' title='bbox 1299 3777 1483 3849; x_wconf 86' lang='lat' dir='ltr'><strong>Neque</strong></span> <span class='ocrx_word' id='word_1_273' title='bbox 1509 3779 1651 3832; x_wconf 87' lang='lat' dir='ltr'><strong>enim</strong></span> <span class='ocrx_word' id='word_1_274' title='bbox 1683 3782 1726 3834; x_wconf 93' lang='lat' dir='ltr'><strong>is</strong></span> <span class='ocrx_word' id='word_1_275' title='bbox 1756 3782 1843 3851; x_wconf 85' lang='lat' dir='ltr'><strong>qui</strong></span> <span class='ocrx_word' id='word_1_276' title='bbox 1873 3797 2021 3835; x_wconf 87' lang='lat' dir='ltr'><strong>mor-</strong></span> 
     </span>
    </p>
   </div>
   <div class='ocr_carea' id='block_1_38' title="bbox 429 3869 2024 3940">
    <p class='ocr_par' dir='ltr' id='par_1_38' title="bbox 429 3869 2024 3940">
     <span class='ocr_line' id='line_1_38' title="bbox 429 3869 2024 3940; baseline 0.003 -18"><span class='ocrx_word' id='word_1_277' title='bbox 429 3881 550 3922; x_wconf 90' lang='lat' dir='ltr'><strong>tuus</strong></span> <span class='ocrx_word' id='word_1_278' title='bbox 578 3878 661 3923; x_wconf 92' lang='lat' dir='ltr'><strong>cst</strong></span> <span class='ocrx_word' id='word_1_279' title='bbox 710 3870 762 3923; x_wconf 91' lang='lat' dir='ltr'><strong>in</strong></span> <span class='ocrx_word' id='word_1_280' title='bbox 815 3869 1005 3923; x_wconf 88' lang='lat' dir='ltr'><strong>hormn</strong></span> <span class='ocrx_word' id='word_1_281' title='bbox 1046 3884 1269 3924; x_wconf 89' lang='lat' dir='ltr'><strong>sensum</strong></span> <span class='ocrx_word' id='word_1_282' title='bbox 1318 3870 1505 3924; x_wconf 86' lang='lat' dir='ltr'><strong>venit:</strong></span> <span class='ocrx_word' id='word_1_283' title='bbox 1536 3872 1624 3940; x_wconf 91' lang='lat' dir='ltr'><strong>qui</strong></span> <span class='ocrx_word' id='word_1_284' title='bbox 1663 3880 1841 3926; x_wconf 90' lang='lat' dir='ltr'><strong>autem</strong></span> <span class='ocrx_word' id='word_1_285' title='bbox 1894 3873 2024 3927; x_wconf 71' lang='lat' dir='ltr'><strong>vivit</strong></span> 
     </span>
    </p>
   </div>
   <div class='ocr_carea' id='block_1_39' title="bbox 430 3959 2018 4030">
    <p class='ocr_par' dir='ltr' id='par_1_39' title="bbox 430 3959 2018 4030">
     <span class='ocr_line' id='line_1_39' title="bbox 430 3959 2018 4030; baseline 0.003 -17"><span class='ocrx_word' id='word_1_286' title='bbox 430 3961 484 4013; x_wconf 91' lang='lat' dir='ltr'><strong>in</strong></span> <span class='ocrx_word' id='word_1_287' title='bbox 527 3961 703 4015; x_wconf 86' lang='lat' dir='ltr'><strong>alieno</strong></span> <span class='ocrx_word' id='word_1_288' title='bbox 753 3974 1004 4029; x_wconf 90' lang='lat' dir='ltr'><strong>corpore,</strong></span> <span class='ocrx_word' id='word_1_289' title='bbox 1049 3959 1413 4030; x_wconf 88' lang='lat' dir='ltr'><strong>philosophari</strong></span> <span class='ocrx_word' id='word_1_290' title='bbox 1461 3959 1638 4014; x_wconf 88' lang='lat' dir='ltr'><strong>discit.</strong></span> <span class='ocrx_word' id='word_1_291' title='bbox 1666 3961 2018 4028; x_wconf 86' lang='lat' dir='ltr'><strong>Quantumvis</strong></span> 
     </span>
    </p>
   </div>
   <div class='ocr_carea' id='block_1_40' title="bbox 428 4050 2019 4123">
    <p class='ocr_par' dir='ltr' id='par_1_40' title="bbox 428 4050 2019 4123">
     <span class='ocr_line' id='line_1_40' title="bbox 428 4050 2019 4123; baseline 0.003 -21"><span class='ocrx_word' id='word_1_292' title='bbox 428 4052 572 4103; x_wconf 89' lang='lat' dir='ltr'><strong>cnitn</strong></span> <span class='ocrx_word' id='word_1_293' title='bbox 608 4050 953 4121; x_wconf 88' lang='lat' dir='ltr'><strong>supercilium</strong></span> <span class='ocrx_word' id='word_1_294' title='bbox 984 4050 1196 4105; x_wconf 89' lang='lat' dir='ltr'><strong>attollat</strong></span> <span class='ocrx_word' id='word_1_295' title='bbox 1227 4064 1291 4105; x_wconf 91' lang='lat' dir='ltr'><strong>ac</strong></span> <span class='ocrx_word' id='word_1_296' title='bbox 1344 4065 1466 4106; x_wconf 91' lang='lat' dir='ltr'><strong>sese</strong></span> <span class='ocrx_word' id='word_1_297' title='bbox 1493 4051 1701 4115; x_wconf 75' lang='lat' dir='ltr'><strong>efferat,</strong></span> <span class='ocrx_word' id='word_1_298' title='bbox 1734 4052 1799 4107; x_wconf 90' lang='lat' dir='ltr'><strong>ad</strong></span> <span class='ocrx_word' id='word_1_299' title='bbox 1839 4053 2019 4123; x_wconf 86' lang='lat' dir='ltr'><strong>sepul-</strong></span> 
     </span>
    </p>
   </div>
   <div class='ocr_carea' id='block_1_41' title="bbox 428 4142 2018 4216">
    <p class='ocr_par' dir='ltr' id='par_1_41' title="bbox 428 4142 2018 4216">
     <span class='ocr_line' id='line_1_41' title="bbox 428 4142 2018 4216; baseline 0.002 -18"><span class='ocrx_word' id='word_1_300' title='bbox 428 4160 604 4210; x_wconf 88' lang='lat' dir='ltr'><strong>crum,</strong></span> <span class='ocrx_word' id='word_1_301' title='bbox 639 4144 859 4199; x_wconf 90' lang='lat' dir='ltr'><strong>veniens</strong></span> <span class='ocrx_word' id='word_1_302' title='bbox 891 4151 946 4199; x_wconf 91' lang='lat' dir='ltr'><strong>et</strong></span> <span class='ocrx_word' id='word_1_303' title='bbox 976 4142 1222 4199; x_wconf 75' lang='lat' dir='ltr'><strong>fmtorem</strong></span> <span class='ocrx_word' id='word_1_304' title='bbox 1269 4143 1532 4211; x_wconf 84' lang='lat' dir='ltr'><strong>sentiens,</strong></span> <span class='ocrx_word' id='word_1_305' title='bbox 1572 4145 1827 4212; x_wconf 89' lang='lat' dir='ltr'><strong>concidit,</strong></span> <span class='ocrx_word' id='word_1_306' title='bbox 1860 4155 2018 4216; x_wconf 89' lang='lat' dir='ltr'><strong>atque</strong></span> 
     </span>
    </p>
   </div>
   <div class='ocr_carea' id='block_1_42' title="bbox 428 4234 2017 4304">
    <p class='ocr_par' dir='ltr' id='par_1_42' title="bbox 428 4234 2017 4304">
     <span class='ocr_line' id='line_1_42' title="bbox 428 4234 2017 4304; baseline 0.004 -16"><span class='ocrx_word' id='word_1_307' title='bbox 428 4235 497 4289; x_wconf 89' lang='lat' dir='ltr'><strong>ad</strong></span> <span class='ocrx_word' id='word_1_308' title='bbox 529 4235 700 4304; x_wconf 90' lang='lat' dir='ltr'><strong>ipsum</strong></span> <span class='ocrx_word' id='word_1_309' title='bbox 728 4235 992 4290; x_wconf 89' lang='lat' dir='ltr'><strong>infernum</strong></span> <span class='ocrx_word' id='word_1_310' title='bbox 1017 4234 1313 4290; x_wconf 91' lang='lat' dir='ltr'><strong>descendit.</strong></span> <span class='ocrx_word' id='word_1_311' title='bbox 1355 4234 1422 4289; x_wconf 82' lang='lat' dir='ltr'><strong>Et</strong></span> <span class='ocrx_word' id='word_1_312' title='bbox 1451 4244 1508 4288; x_wconf 92' lang='lat' dir='ltr'><strong>ut</strong></span> <span class='ocrx_word' id='word_1_313' title='bbox 1540 4236 1716 4291; x_wconf 87' lang='lat' dir='ltr'><strong>discas</strong></span> <span class='ocrx_word' id='word_1_314' title='bbox 1754 4236 1856 4293; x_wconf 91' lang='lat' dir='ltr'><strong>hoc</strong></span> <span class='ocrx_word' id='word_1_315' title='bbox 1896 4238 2017 4294; x_wconf 89' lang='lat' dir='ltr'><strong>ideo</strong></span> 
     </span>
    </p>
   </div>
   <div class='ocr_carea' id='block_1_43' title="bbox 430 4327 2018 4399">
    <p class='ocr_par' dir='ltr' id='par_1_43' title="bbox 430 4327 2018 4399">
     <span class='ocr_line' id='line_1_43' title="bbox 430 4327 2018 4399; baseline 0.001 -16"><span class='ocrx_word' id='word_1_316' title='bbox 430 4331 501 4383; x_wconf 89' lang='lat' dir='ltr'><strong>ita</strong></span> <span class='ocrx_word' id='word_1_317' title='bbox 539 4329 733 4383; x_wconf 85' lang='lat' dir='ltr'><strong>factum</strong></span> <span class='ocrx_word' id='word_1_318' title='bbox 777 4344 932 4392; x_wconf 87' lang='lat' dir='ltr'><strong>esse,</strong></span> <span class='ocrx_word' id='word_1_319' title='bbox 966 4327 1082 4398; x_wconf 89' lang='lat' dir='ltr'><strong>ipso</strong></span> <span class='ocrx_word' id='word_1_320' title='bbox 1109 4338 1353 4382; x_wconf 90' lang='lat' dir='ltr'><strong>naturam</strong></span> <span class='ocrx_word' id='word_1_321' title='bbox 1405 4340 1640 4382; x_wconf 90' lang='lat' dir='ltr'><strong>nostram</strong></span> <span class='ocrx_word' id='word_1_322' title='bbox 1689 4344 1794 4384; x_wconf 89' lang='lat' dir='ltr'><strong>non</strong></span> <span class='ocrx_word' id='word_1_323' title='bbox 1841 4330 2018 4399; x_wconf 54' lang='lat' dir='ltr'><strong>desiti-</strong></span> 
     </span>
    </p>
   </div>
   <div class='ocr_carea' id='block_1_44' title="bbox 427 4419 2017 4489">
    <p class='ocr_par' dir='ltr' id='par_1_44' title="bbox 427 4419 2017 4489">
     <span class='ocr_line' id='line_1_44' title="bbox 427 4419 2017 4489; baseline 0.002 -15"><span class='ocrx_word' id='word_1_324' title='bbox 427 4422 625 4485; x_wconf 88' lang='lat' dir='ltr'><strong>cientc,</strong></span> <span class='ocrx_word' id='word_1_325' title='bbox 650 4420 743 4475; x_wconf 89' lang='lat' dir='ltr'><strong>sed</strong></span> <span class='ocrx_word' id='word_1_326' title='bbox 768 4419 928 4473; x_wconf 88' lang='lat' dir='ltr'><strong>animi</strong></span> <span class='ocrx_word' id='word_1_327' title='bbox 948 4420 1308 4489; x_wconf 86' lang='lat' dir='ltr'><strong>arrogantiam</strong></span> <span class='ocrx_word' id='word_1_328' title='bbox 1337 4419 1602 4485; x_wconf 85' lang='lat' dir='ltr'><strong>frenante,</strong></span> <span class='ocrx_word' id='word_1_329' title='bbox 1638 4419 2017 4489; x_wconf 84' lang='lat' dir='ltr'><strong>hominemque</strong></span> 
     </span>
    </p>
   </div>
   <div class='ocr_carea' id='block_1_45' title="bbox 430 4510 2017 4583">
    <p class='ocr_par' dir='ltr' id='par_1_45' title="bbox 430 4510 2017 4583">
     <span class='ocr_line' id='line_1_45' title="bbox 430 4510 2017 4583; baseline 0.002 -19"><span class='ocrx_word' id='word_1_330' title='bbox 430 4513 482 4565; x_wconf 92' lang='lat' dir='ltr'><strong>in</strong></span> <span class='ocrx_word' id='word_1_331' title='bbox 512 4522 769 4583; x_wconf 87' lang='lat' dir='ltr'><strong>perpetua</strong></span> <span class='ocrx_word' id='word_1_332' title='bbox 798 4511 1098 4565; x_wconf 85' lang='lat' dir='ltr'><strong>humilitate</strong></span> <span class='ocrx_word' id='word_1_333' title='bbox 1139 4510 1439 4574; x_wconf 89' lang='lat' dir='ltr'><strong>detinente,</strong></span> <span class='ocrx_word' id='word_1_334' title='bbox 1465 4514 1717 4581; x_wconf 88' lang='lat' dir='ltr'><strong>quoniatn</strong></span> <span class='ocrx_word' id='word_1_335' title='bbox 1749 4513 1816 4567; x_wconf 89' lang='lat' dir='ltr'><strong>ab</strong></span> <span class='ocrx_word' id='word_1_336' title='bbox 1861 4512 2017 4567; x_wconf 90' lang='lat' dir='ltr'><strong>initio</strong></span> 
     </span>
    </p>
   </div>
   <div class='ocr_carea' id='block_1_46' title="bbox 430 4604 2013 4676">
    <p class='ocr_par' dir='ltr' id='par_1_46' title="bbox 430 4604 2013 4676">
     <span class='ocr_line' id='line_1_46' title="bbox 430 4604 2013 4676; baseline 0 -15"><span class='ocrx_word' id='word_1_337' title='bbox 430 4608 555 4661; x_wconf 88' lang='lat' dir='ltr'><strong>inde</strong></span> <span class='ocrx_word' id='word_1_338' title='bbox 586 4615 862 4676; x_wconf 86' lang='lat' dir='ltr'><strong>peccatum</strong></span> <span class='ocrx_word' id='word_1_339' title='bbox 896 4613 1121 4659; x_wconf 87' lang='lat' dir='ltr'><strong>venerat</strong></span> <span class='ocrx_word' id='word_1_340' title='bbox 1150 4621 1162 4657; x_wconf 91' lang='lat'><strong>:</strong></span> <span class='ocrx_word' id='word_1_341' title='bbox 1195 4604 1320 4660; x_wconf 89' lang='lat' dir='ltr'><strong>audi</strong></span> <span class='ocrx_word' id='word_1_342' title='bbox 1347 4606 1472 4675; x_wconf 92' lang='lat' dir='ltr'><strong>quid</strong></span> <span class='ocrx_word' id='word_1_343' title='bbox 1503 4606 1643 4660; x_wconf 83' lang='lat' dir='ltr'><strong>dicat</strong></span> <span class='ocrx_word' id='word_1_344' title='bbox 1690 4606 1854 4662; x_wconf 87' lang='lat' dir='ltr'><strong>lsaias</strong></span> <span class='ocrx_word' id='word_1_345' title='bbox 1884 4621 2013 4676; x_wconf 76' lang='lat' dir='ltr'><strong>pro-</strong></span> 
     </span>
    </p>
   </div>
   <div class='ocr_carea' id='block_1_47' title="bbox 430 4697 2017 4770">
    <p class='ocr_par' dir='ltr' id='par_1_47' title="bbox 430 4697 2017 4770">
     <span class='ocr_line' id='line_1_47' title="bbox 430 4697 2017 4770; baseline 0.001 -18"><span class='ocrx_word' id='word_1_346' title='bbox 430 4700 629 4770; x_wconf 80' lang='lat' dir='ltr'><strong>pheta:</strong></span> <span class='ocrx_word' id='word_1_347' title='bbox 665 4698 929 4768; x_wconf 86' lang='lat' dir='ltr'><strong>Quomodo</strong></span> <span class='ocrx_word' id='word_1_348' title='bbox 973 4697 1155 4751; x_wconf 78' lang='lat' dir='ltr'><strong>cecidit</strong></span> <span class='ocrx_word' id='word_1_349' title='bbox 1206 4699 1269 4751; x_wconf 86' lang='lat' dir='ltr'><strong>de</strong></span> <span class='ocrx_word' id='word_1_350' title='bbox 1305 4700 1428 4752; x_wconf 79' lang='lat' dir='ltr'><strong>cwlo</strong></span> <span class='ocrx_word' id='word_1_351' title='bbox 1474 4699 1678 4769; x_wconf 79' lang='lat' dir='ltr'><strong>lucifer,</strong></span> <span class='ocrx_word' id='word_1_352' title='bbox 1734 4700 1820 4768; x_wconf 81' lang='lat' dir='ltr'><strong>qui</strong></span> <span class='ocrx_word' id='word_1_353' title='bbox 1869 4716 2017 4754; x_wconf 87' lang='lat' dir='ltr'><strong>mane</strong></span> 
     </span>
    </p>
   </div>
   <div class='ocr_carea' id='block_1_48' title="bbox 428 4787 2013 4862">
    <p class='ocr_par' dir='ltr' id='par_1_48' title="bbox 428 4787 2013 4862">
     <span class='ocr_line' id='line_1_48' title="bbox 428 4787 2013 4862; baseline 0 -17"><span class='ocrx_word' id='word_1_354' title='bbox 428 4793 682 4845; x_wconf 76' lang='lat' dir='ltr'><strong>oriebatur</strong></span> <span class='ocrx_word' id='word_1_355' title='bbox 710 4788 882 4862; x_wconf 84' lang='lat' dir='ltr'><strong>(Isai.</strong></span> <span class='ocrx_word' id='word_1_356' title='bbox 932 4788 1017 4843; x_wconf 70' lang='grc'><strong>14.</strong></span> <span class='ocrx_word' id='word_1_357' title='bbox 1052 4787 1121 4841; x_wconf 76' lang='grc'><strong>12</strong></span> <span class='ocrx_word' id='word_1_358' title='bbox 1153 4789 1208 4858; x_wconf 71' lang='grc' dir='ltr'><strong>γρ</strong></span> <span class='ocrx_word' id='word_1_359' title='bbox 1255 4804 1359 4843; x_wconf 90' lang='lat' dir='ltr'><strong>non</strong></span> <span class='ocrx_word' id='word_1_360' title='bbox 1402 4789 1471 4844; x_wconf 89' lang='lat' dir='ltr'><strong>de</strong></span> <span class='ocrx_word' id='word_1_361' title='bbox 1513 4788 1732 4843; x_wconf 85' lang='lat' dir='ltr'><strong>lucifero</strong></span> <span class='ocrx_word' id='word_1_362' title='bbox 1762 4790 2013 4859; x_wconf 83' lang='lat' dir='ltr'><strong>loquens;</strong></span> 
     </span>
    </p>
   </div>
   <div class='ocr_carea' id='block_1_49' title="bbox 430 4881 2015 4952">
    <p class='ocr_par' dir='ltr' id='par_1_49' title="bbox 430 4881 2015 4952">
     <span class='ocr_line' id='line_1_49' title="bbox 430 4881 2015 4952; baseline 0.001 -15"><span class='ocrx_word' id='word_1_363' title='bbox 430 4900 718 4952; x_wconf 81' lang='lat' dir='ltr'><strong>immquam</strong></span> <span class='ocrx_word' id='word_1_364' title='bbox 741 4883 882 4937; x_wconf 89' lang='lat' dir='ltr'><strong>enim</strong></span> <span class='ocrx_word' id='word_1_365' title='bbox 925 4882 1109 4935; x_wconf 84' lang='lat' dir='ltr'><strong>lucifer</strong></span> <span class='ocrx_word' id='word_1_366' title='bbox 1147 4881 1339 4935; x_wconf 82' lang='lat' dir='ltr'><strong>cecidit</strong></span> <span class='ocrx_word' id='word_1_367' title='bbox 1364 4898 1378 4948; x_wconf 90' lang='lat'><strong>;</strong></span> <span class='ocrx_word' id='word_1_368' title='bbox 1408 4881 1501 4936; x_wconf 92' lang='lat' dir='ltr'><strong>sed</strong></span> <span class='ocrx_word' id='word_1_369' title='bbox 1527 4882 1577 4935; x_wconf 91' lang='lat' dir='ltr'><strong>in</strong></span> <span class='ocrx_word' id='word_1_370' title='bbox 1603 4883 1737 4937; x_wconf 76' lang='lat' dir='ltr'><strong>ctelo</strong></span> <span class='ocrx_word' id='word_1_371' title='bbox 1766 4882 2015 4939; x_wconf 89' lang='lat' dir='ltr'><strong>fundatus</strong></span> 
     </span>
    </p>
   </div>
   <div class='ocr_carea' id='block_1_50' title="bbox 427 4973 2016 5043">
    <p class='ocr_par' dir='ltr' id='par_1_50' title="bbox 427 4973 2016 5043">
     <span class='ocr_line' id='line_1_50' title="bbox 427 4973 2016 5043; baseline 0 -13"><span class='ocrx_word' id='word_1_372' title='bbox 427 4977 734 5042; x_wconf 73' lang='lat' dir='ltr'><strong>iutixusque</strong></span> <span class='ocrx_word' id='word_1_373' title='bbox 763 4981 869 5036; x_wconf 84' lang='lat' dir='ltr'><strong>est,</strong></span> <span class='ocrx_word' id='word_1_374' title='bbox 912 4985 1174 5040; x_wconf 90' lang='lat' dir='ltr'><strong>suumque</strong></span> <span class='ocrx_word' id='word_1_375' title='bbox 1219 4982 1396 5026; x_wconf 89' lang='lat' dir='ltr'><strong>servat</strong></span> <span class='ocrx_word' id='word_1_376' title='bbox 1439 4986 1675 5026; x_wconf 89' lang='lat' dir='ltr'><strong>cursum.</strong></span> <span class='ocrx_word' id='word_1_377' title='bbox 1718 4973 1854 5039; x_wconf 87' lang='lat' dir='ltr'><strong>Quid</strong></span> <span class='ocrx_word' id='word_1_378' title='bbox 1888 4990 2016 5043; x_wconf 88' lang='lat' dir='ltr'><strong>ergo</strong></span> 
     </span>
    </p>
   </div>
   <div class='ocr_carea' id='block_1_51' title="bbox 426 5065 2013 5137">
    <p class='ocr_par' dir='ltr' id='par_1_51' title="bbox 426 5065 2013 5137">
     <span class='ocr_line' id='line_1_51' title="bbox 426 5065 2013 5137; baseline -0.001 -14"><span class='ocrx_word' id='word_1_379' title='bbox 426 5068 527 5123; x_wconf 83' lang='lat' dir='ltr'><strong>Sibi</strong></span> <span class='ocrx_word' id='word_1_380' title='bbox 552 5067 667 5123; x_wconf 86' lang='lat' dir='ltr'><strong>vult</strong></span> <span class='ocrx_word' id='word_1_381' title='bbox 684 5066 961 5137; x_wconf 87' lang='lat' dir='ltr'><strong>propheta,</strong></span> <span class='ocrx_word' id='word_1_382' title='bbox 986 5065 1249 5120; x_wconf 82' lang='lat' dir='ltr'><strong>cumdicit</strong></span> <span class='ocrx_word' id='word_1_383' title='bbox 1280 5084 1294 5119; x_wconf 89' lang='lat'><strong>:</strong></span> <span class='ocrx_word' id='word_1_384' title='bbox 1322 5065 1584 5132; x_wconf 83' lang='lat' dir='ltr'><strong>Quomodo</strong></span> <span class='ocrx_word' id='word_1_385' title='bbox 1603 5066 1779 5119; x_wconf 80' lang='lat' dir='ltr'><strong>cecidit</strong></span> <span class='ocrx_word' id='word_1_386' title='bbox 1799 5068 1862 5121; x_wconf 89' lang='lat' dir='ltr'><strong>de</strong></span> <span class='ocrx_word' id='word_1_387' title='bbox 1889 5066 2013 5121; x_wconf 76' lang='lat' dir='ltr'><strong>cwlo</strong></span> 
     </span>
    </p>
   </div>
   <div class='ocr_carea' id='block_1_52' title="bbox 425 5156 2013 5229">
    <p class='ocr_par' dir='ltr' id='par_1_52' title="bbox 425 5156 2013 5229">
     <span class='ocr_line' id='line_1_52' title="bbox 425 5156 2013 5229; baseline 0.001 -18"><span class='ocrx_word' id='word_1_388' title='bbox 425 5159 629 5228; x_wconf 77' lang='lat' dir='ltr'><strong>lucifer,</strong></span> <span class='ocrx_word' id='word_1_389' title='bbox 662 5159 749 5229; x_wconf 86' lang='lat' dir='ltr'><strong>qui</strong></span> <span class='ocrx_word' id='word_1_390' title='bbox 773 5174 921 5211; x_wconf 87' lang='lat' dir='ltr'><strong>mane</strong></span> <span class='ocrx_word' id='word_1_391' title='bbox 948 5156 1245 5210; x_wconf 84' lang='lat' dir='ltr'><strong>oriebatur?</strong></span> <span class='ocrx_word' id='word_1_392' title='bbox 1279 5156 1351 5210; x_wconf 88' lang='lat' dir='ltr'><strong>De</strong></span> <span class='ocrx_word' id='word_1_393' title='bbox 1375 5171 1497 5225; x_wconf 84' lang='lat' dir='ltr'><strong>rege</strong></span> <span class='ocrx_word' id='word_1_394' title='bbox 1517 5157 1742 5225; x_wconf 85' lang='lat' dir='ltr'><strong>quodam</strong></span> <span class='ocrx_word' id='word_1_395' title='bbox 1788 5158 2013 5213; x_wconf 80' lang='lat' dir='ltr'><strong>barbaro</strong></span> 
     </span>
    </p>
   </div>
   <div class='ocr_carea' id='block_1_53' title="bbox 429 5247 2013 5322">
    <p class='ocr_par' dir='ltr' id='par_1_53' title="bbox 429 5247 2013 5322">
     <span class='ocr_line' id='line_1_53' title="bbox 429 5247 2013 5322; baseline -0.001 -15"><span class='ocrx_word' id='word_1_396' title='bbox 429 5251 705 5322; x_wconf 86' lang='lat' dir='ltr'><strong>loquitur;</strong></span> <span class='ocrx_word' id='word_1_397' title='bbox 735 5249 1012 5305; x_wconf 88' lang='lat' dir='ltr'><strong>luciferum</strong></span> <span class='ocrx_word' id='word_1_398' title='bbox 1048 5258 1222 5302; x_wconf 90' lang='lat' dir='ltr'><strong>autem</strong></span> <span class='ocrx_word' id='word_1_399' title='bbox 1255 5256 1408 5301; x_wconf 78' lang='lat' dir='ltr'><strong>voCat</strong></span> <span class='ocrx_word' id='word_1_400' title='bbox 1459 5247 1603 5300; x_wconf 91' lang='lat' dir='ltr'><strong>illum</strong></span> <span class='ocrx_word' id='word_1_401' title='bbox 1643 5249 1711 5302; x_wconf 91' lang='lat' dir='ltr'><strong>ob</strong></span> <span class='ocrx_word' id='word_1_402' title='bbox 1760 5249 2013 5318; x_wconf 86' lang='lat' dir='ltr'><strong>splendo-</strong></span> 
     </span>
    </p>
   </div>
   <div class='ocr_carea' id='block_1_54' title="bbox 425 5339 2008 5413">
    <p class='ocr_par' dir='ltr' id='par_1_54' title="bbox 425 5339 2008 5413">
     <span class='ocr_line' id='line_1_54' title="bbox 425 5339 2008 5413; baseline 0 -17"><span class='ocrx_word' id='word_1_403' title='bbox 425 5359 566 5410; x_wconf 86' lang='lat' dir='ltr'><strong>rem,</strong></span> <span class='ocrx_word' id='word_1_404' title='bbox 597 5344 668 5397; x_wconf 88' lang='lat' dir='ltr'><strong>ob</strong></span> <span class='ocrx_word' id='word_1_405' title='bbox 693 5341 959 5406; x_wconf 85' lang='lat' dir='ltr'><strong>diadema,</strong></span> <span class='ocrx_word' id='word_1_406' title='bbox 990 5341 1058 5395; x_wconf 90' lang='lat' dir='ltr'><strong>oh</strong></span> <span class='ocrx_word' id='word_1_407' title='bbox 1092 5356 1399 5411; x_wconf 83' lang='lat' dir='ltr'><strong>purpuram,</strong></span> <span class='ocrx_word' id='word_1_408' title='bbox 1423 5339 1492 5392; x_wconf 89' lang='lat' dir='ltr'><strong>oh</strong></span> <span class='ocrx_word' id='word_1_409' title='bbox 1518 5340 1809 5394; x_wconf 74' lang='lat' dir='ltr'><strong>satellitum</strong></span> <span class='ocrx_word' id='word_1_410' title='bbox 1835 5343 2008 5413; x_wconf 88' lang='lat' dir='ltr'><strong>fulgo-</strong></span> 
     </span>
    </p>
   </div>
   <div class='ocr_carea' id='block_1_55' title="bbox 426 5429 2012 5499">
    <p class='ocr_par' dir='ltr' id='par_1_55' title="bbox 426 5429 2012 5499">
     <span class='ocr_line' id='line_1_55' title="bbox 426 5429 2012 5499; baseline -0.001 -11"><span class='ocrx_word' id='word_1_411' title='bbox 426 5450 563 5495; x_wconf 83' lang='lat' dir='ltr'><strong>rem,</strong></span> <span class='ocrx_word' id='word_1_412' title='bbox 595 5433 665 5487; x_wconf 89' lang='lat' dir='ltr'><strong>ob</strong></span> <span class='ocrx_word' id='word_1_413' title='bbox 691 5447 839 5486; x_wconf 89' lang='lat' dir='ltr'><strong>arma</strong></span> <span class='ocrx_word' id='word_1_414' title='bbox 890 5433 1109 5485; x_wconf 81' lang='lat' dir='ltr'><strong>nitentia</strong></span> <span class='ocrx_word' id='word_1_415' title='bbox 1158 5441 1213 5485; x_wconf 83' lang='lat' dir='ltr'><strong>et</strong></span> <span class='ocrx_word' id='word_1_416' title='bbox 1260 5445 1447 5483; x_wconf 85' lang='lat' dir='ltr'><strong>aurqu</strong></span> <span class='ocrx_word' id='word_1_417' title='bbox 1495 5429 1897 5499; x_wconf 87' lang='lat' dir='ltr'><strong>splendescens,</strong></span> <span class='ocrx_word' id='word_1_418' title='bbox 1942 5434 2012 5489; x_wconf 87' lang='lat' dir='ltr'><strong>ob</strong></span> 
     </span>
    </p>
   </div>
   <div class='ocr_carea' id='block_1_56' title="bbox 427 5520 2008 5591">
    <p class='ocr_par' dir='ltr' id='par_1_56' title="bbox 427 5520 2008 5591">
     <span class='ocr_line' id='line_1_56' title="bbox 427 5520 2008 5591; baseline -0.001 -12"><span class='ocrx_word' id='word_1_419' title='bbox 427 5526 640 5580; x_wconf 84' lang='lat' dir='ltr'><strong>lanceas</strong></span> <span class='ocrx_word' id='word_1_420' title='bbox 665 5532 849 5578; x_wconf 88' lang='lat' dir='ltr'><strong>acutas</strong></span> <span class='ocrx_word' id='word_1_421' title='bbox 878 5531 931 5576; x_wconf 86' lang='lat' dir='ltr'><strong>et</strong></span> <span class='ocrx_word' id='word_1_422' title='bbox 958 5520 1217 5591; x_wconf 75' lang='lat' dir='ltr'><strong>fulgorem</strong></span> <span class='ocrx_word' id='word_1_423' title='bbox 1261 5520 1568 5575; x_wconf 87' lang='lat' dir='ltr'><strong>cmittcntes</strong></span> <span class='ocrx_word' id='word_1_424' title='bbox 1599 5530 1654 5575; x_wconf 91' lang='lat' dir='ltr'><strong>et</strong></span> <span class='ocrx_word' id='word_1_425' title='bbox 1696 5520 1766 5574; x_wconf 92' lang='lat' dir='ltr'><strong>ob</strong></span> <span class='ocrx_word' id='word_1_426' title='bbox 1794 5537 2008 5578; x_wconf 88' lang='lat' dir='ltr'><strong>omnem</strong></span> 
     </span>
    </p>
   </div>
   <div class='ocr_carea' id='block_1_57' title="bbox 426 5614 2005 5685">
    <p class='ocr_par' dir='ltr' id='par_1_57' title="bbox 426 5614 2005 5685">
     <span class='ocr_line' id='line_1_57' title="bbox 426 5614 2005 5685; baseline 0.001 -15"><span class='ocrx_word' id='word_1_427' title='bbox 426 5619 589 5670; x_wconf 77' lang='lat' dir='ltr'><strong>alium</strong></span> <span class='ocrx_word' id='word_1_428' title='bbox 618 5617 834 5682; x_wconf 80' lang='lat' dir='ltr'><strong>fastum,</strong></span> <span class='ocrx_word' id='word_1_429' title='bbox 865 5615 1111 5685; x_wconf 88' lang='lat' dir='ltr'><strong>quodque</strong></span> <span class='ocrx_word' id='word_1_430' title='bbox 1137 5624 1325 5671; x_wconf 87' lang='lat' dir='ltr'><strong>cuncta</strong></span> <span class='ocrx_word' id='word_1_431' title='bbox 1368 5614 1578 5684; x_wconf 79' lang='lat' dir='ltr'><strong>diripiat</strong></span> <span class='ocrx_word' id='word_1_432' title='bbox 1606 5624 1660 5668; x_wconf 86' lang='lat' dir='ltr'><strong>et</strong></span> <span class='ocrx_word' id='word_1_433' title='bbox 1702 5616 2005 5684; x_wconf 77' lang='lat' dir='ltr'><strong>pepulctut&#39;.</strong></span> 
     </span>
    </p>
   </div>
   <div class='ocr_carea' id='block_1_58' title="bbox 427 5705 2011 5775">
    <p class='ocr_par' dir='ltr' id='par_1_58' title="bbox 427 5705 2011 5775">
     <span class='ocr_line' id='line_1_58' title="bbox 427 5705 2011 5775; baseline 0.003 -17"><span class='ocrx_word' id='word_1_434' title='bbox 427 5708 581 5773; x_wconf 73' lang='lat' dir='ltr'><strong>Quod</strong></span> <span class='ocrx_word' id='word_1_435' title='bbox 631 5708 775 5760; x_wconf 80' lang='lat' dir='ltr'><strong>enim</strong></span> <span class='ocrx_word' id='word_1_436' title='bbox 826 5724 930 5758; x_wconf 88' lang='lat' dir='ltr'><strong>non</strong></span> <span class='ocrx_word' id='word_1_437' title='bbox 985 5706 1052 5760; x_wconf 86' lang='lat' dir='ltr'><strong>de</strong></span> <span class='ocrx_word' id='word_1_438' title='bbox 1093 5706 1316 5760; x_wconf 79' lang='lat' dir='ltr'><strong>lucifero</strong></span> <span class='ocrx_word' id='word_1_439' title='bbox 1368 5705 1648 5775; x_wconf 80' lang='lat' dir='ltr'><strong>loquatur,</strong></span> <span class='ocrx_word' id='word_1_440' title='bbox 1697 5705 1791 5760; x_wconf 81' lang='lat' dir='ltr'><strong>sed</strong></span> <span class='ocrx_word' id='word_1_441' title='bbox 1843 5718 2011 5762; x_wconf 85' lang='lat' dir='ltr'><strong>mcta-</strong></span> 
     </span>
    </p>
   </div>
   <div class='ocr_carea' id='block_1_59' title="bbox 432 5799 2008 5869">
    <p class='ocr_par' dir='ltr' id='par_1_59' title="bbox 432 5799 2008 5869">
     <span class='ocr_line' id='line_1_59' title="bbox 432 5799 2008 5869; baseline 0.003 -19"><span class='ocrx_word' id='word_1_442' title='bbox 432 5801 651 5869; x_wconf 71' lang='lat' dir='ltr'><strong>phnrure</strong></span> <span class='ocrx_word' id='word_1_443' title='bbox 703 5801 969 5865; x_wconf 86' lang='lat' dir='ltr'><strong>loquatur,</strong></span> <span class='ocrx_word' id='word_1_444' title='bbox 1027 5799 1124 5853; x_wconf 89' lang='lat' dir='ltr'><strong>hoe</strong></span> <span class='ocrx_word' id='word_1_445' title='bbox 1178 5800 1348 5869; x_wconf 86' lang='lat' dir='ltr'><strong>palam</strong></span> <span class='ocrx_word' id='word_1_446' title='bbox 1379 5808 1480 5865; x_wconf 84' lang='lat' dir='ltr'><strong>cst,</strong></span> <span class='ocrx_word' id='word_1_447' title='bbox 1509 5815 1630 5853; x_wconf 87' lang='lat' dir='ltr'><strong>cum</strong></span> <span class='ocrx_word' id='word_1_448' title='bbox 1660 5799 1801 5854; x_wconf 91' lang='lat' dir='ltr'><strong>cnim</strong></span> <span class='ocrx_word' id='word_1_449' title='bbox 1844 5802 2008 5855; x_wconf 78' lang='lat' dir='ltr'><strong>dixis-</strong></span> 
     </span>
    </p>
   </div>
   <div class='ocr_carea' id='block_1_60' title="bbox 431 5891 2006 5963">
    <p class='ocr_par' dir='ltr' id='par_1_60' title="bbox 431 5891 2006 5963">
     <span class='ocr_line' id='line_1_60' title="bbox 431 5891 2006 5963; baseline 0.003 -18"><span class='ocrx_word' id='word_1_450' title='bbox 431 5904 543 5959; x_wconf 83' lang='lat' dir='ltr'><strong>set,</strong></span> <span class='ocrx_word' id='word_1_451' title='bbox 580 5891 841 5959; x_wconf 77' lang='lat' dir='ltr'><strong>Quomodo</strong></span> <span class='ocrx_word' id='word_1_452' title='bbox 869 5892 1044 5946; x_wconf 71' lang='lat' dir='ltr'><strong>occulit</strong></span> <span class='ocrx_word' id='word_1_453' title='bbox 1088 5892 1148 5946; x_wconf 81' lang='lat' dir='ltr'><strong>de</strong></span> <span class='ocrx_word' id='word_1_454' title='bbox 1189 5892 1308 5946; x_wconf 64' lang='lat' dir='ltr'><strong>culo</strong></span> <span class='ocrx_word' id='word_1_455' title='bbox 1340 5894 1518 5963; x_wconf 70' lang='lat' dir='ltr'><strong>lucifer</strong></span> <span class='ocrx_word' id='word_1_456' title='bbox 1541 5934 1554 5960; x_wconf 93' lang='lat'><strong>,</strong></span> <span class='ocrx_word' id='word_1_457' title='bbox 1584 5893 1667 5961; x_wconf 79' lang='lat' dir='ltr'><strong>qui</strong></span> <span class='ocrx_word' id='word_1_458' title='bbox 1698 5909 1843 5950; x_wconf 83' lang='lat' dir='ltr'><strong>mane</strong></span> <span class='ocrx_word' id='word_1_459' title='bbox 1880 5896 2006 5950; x_wconf 78' lang='lat' dir='ltr'><strong>orie-</strong></span> 
     </span>
    </p>
   </div>
   <div class='ocr_carea' id='block_1_61' title="bbox 998 414 3143 505">
    <p class='ocr_par' dir='ltr' id='par_1_61' title="bbox 998 414 3143 505">
     <span class='ocr_line' id='line_1_61' title="bbox 998 414 3143 505; baseline -0.002 -11"><span class='ocrx_word' id='word_1_460' title='bbox 998 437 1113 494; x_wconf 89' lang='lat' dir='ltr'><strong>vm</strong></span> <span class='ocrx_word' id='word_1_461' title='bbox 1152 436 1456 495; x_wconf 75' lang='lat' dir='ltr'><strong>HOMILIA.</strong></span> <span class='ocrx_word' id='word_1_462' title='bbox 1501 433 1753 490; x_wconf 73' lang='lat' dir='ltr'><strong>li.tB;T.\</strong></span> <span class='ocrx_word' id='word_1_463' title='bbox 1799 414 2167 501; x_wconf 69' lang='lat' dir='ltr'><strong>rosrou&#39;au</strong></span> <span class='ocrx_word' id='word_1_464' title='bbox 2209 432 2616 488; x_wconf 76' lang='lat' dir='ltr'><strong>PRESBYTER</strong></span> <span class='ocrx_word' id='word_1_465' title='bbox 2655 430 2946 505; x_wconf 74' lang='lat' dir='ltr'><strong>coruus,</strong></span> <span class='ocrx_word' id='word_1_466' title='bbox 2974 432 3143 492; x_wconf 74' lang='lat' dir='ltr'><strong>&#39;E&#39;rc.</strong></span> 
     </span>
    </p>
   </div>
   <div class='ocr_carea' id='block_1_62' title="bbox 3608 430 3713 495">
    <p class='ocr_par' dir='ltr' id='par_1_62' title="bbox 3608 430 3713 495">
     <span class='ocr_line' id='line_1_62' title="bbox 3608 430 3713 495; baseline 0.105 -10"><span class='ocrx_word' id='word_1_467' title='bbox 3608 430 3713 495; x_wconf 62' lang='lat'><strong>3.06</strong></span> 
     </span>
    </p>
   </div>
   <div class='ocr_carea' id='block_1_63' title="bbox 2124 545 3712 619">
    <p class='ocr_par' dir='ltr' id='par_1_63' title="bbox 2124 545 3712 619">
     <span class='ocr_line' id='line_1_63' title="bbox 2124 545 3712 619; baseline 0.007 -21"><span class='ocrx_word' id='word_1_468' title='bbox 2124 545 2292 611; x_wconf 80' lang='lat' dir='ltr'><strong>batur,</strong></span> <span class='ocrx_word' id='word_1_469' title='bbox 2333 546 2412 602; x_wconf 87' lang='lat' dir='ltr'><strong>sic</strong></span> <span class='ocrx_word' id='word_1_470' title='bbox 2447 548 2656 618; x_wconf 80' lang='lat' dir='ltr'><strong>pergit:</strong></span> <span class='ocrx_word' id='word_1_471' title='bbox 2688 548 2766 603; x_wconf 83' lang='lat' dir='ltr'><strong>Tu</strong></span> <span class='ocrx_word' id='word_1_472' title='bbox 2793 547 2962 604; x_wconf 79' lang='lat' dir='ltr'><strong>autem</strong></span> <span class='ocrx_word' id='word_1_473' title='bbox 3005 550 3179 605; x_wconf 74' lang='lat' dir='ltr'><strong>dixisti</strong></span> <span class='ocrx_word' id='word_1_474' title='bbox 3214 551 3269 605; x_wconf 84' lang='lat' dir='ltr'><strong>in</strong></span> <span class='ocrx_word' id='word_1_475' title='bbox 3312 552 3463 606; x_wconf 81' lang='lat' dir='ltr'><strong>corde</strong></span> <span class='ocrx_word' id='word_1_476' title='bbox 3508 561 3614 619; x_wconf 77' lang='lat' dir='ltr'><strong>tuo,</strong></span> <span class='ocrx_word' id='word_1_477' title='bbox 3646 553 3712 609; x_wconf 74' lang='lat' dir='ltr'><strong>tu</strong></span> 
     </span>
    </p>
   </div>
   <div class='ocr_carea' id='block_1_64' title="bbox 2123 637 3710 715">
    <p class='ocr_par' dir='ltr' id='par_1_64' title="bbox 2123 637 3710 715">
     <span class='ocr_line' id='line_1_64' title="bbox 2123 637 3710 715; baseline 0.006 -24"><span class='ocrx_word' id='word_1_478' title='bbox 2123 637 2305 693; x_wconf 71' lang='lat' dir='ltr'><strong>uelum</strong></span> <span class='ocrx_word' id='word_1_479' title='bbox 2346 641 2640 709; x_wconf 81' lang='lat' dir='ltr'><strong>ascendam,</strong></span> <span class='ocrx_word' id='word_1_480' title='bbox 2680 659 2836 712; x_wconf 79' lang='lat' dir='ltr'><strong>supra</strong></span> <span class='ocrx_word' id='word_1_481' title='bbox 2873 643 3048 698; x_wconf 74' lang='lat' dir='ltr'><strong>stellas</strong></span> <span class='ocrx_word' id='word_1_482' title='bbox 3087 644 3201 699; x_wconf 65' lang='lat' dir='ltr'><strong>caeli</strong></span> <span class='ocrx_word' id='word_1_483' title='bbox 3246 660 3443 715; x_wconf 66' lang='lat' dir='ltr'><strong>ponam</strong></span> <span class='ocrx_word' id='word_1_484' title='bbox 3471 646 3710 701; x_wconf 75' lang='lat' dir='ltr'><strong>thronum</strong></span> 
     </span>
    </p>
   </div>
   <div class='ocr_carea' id='block_1_65' title="bbox 2123 730 3709 806">
    <p class='ocr_par' dir='ltr' id='par_1_65' title="bbox 2123 730 3709 806">
     <span class='ocr_line' id='line_1_65' title="bbox 2123 730 3709 806; baseline 0.007 -25"><span class='ocrx_word' id='word_1_485' title='bbox 2123 738 2374 796; x_wconf 76' lang='lat' dir='ltr'><strong>meum,et</strong></span> <span class='ocrx_word' id='word_1_486' title='bbox 2387 730 2568 785; x_wconf 87' lang='lat' dir='ltr'><strong>similis</strong></span> <span class='ocrx_word' id='word_1_487' title='bbox 2582 749 2668 786; x_wconf 83' lang='lat' dir='ltr'><strong>ero</strong></span> <span class='ocrx_word' id='word_1_488' title='bbox 2690 733 3119 803; x_wconf 76' lang='lat' dir='ltr'><strong>AltissimoUsai.</strong></span> <span class='ocrx_word' id='word_1_489' title='bbox 3145 751 3192 789; x_wconf 82' lang='grc' dir='ltr'><strong>υ.</strong></span> <span class='ocrx_word' id='word_1_490' title='bbox 3222 735 3331 806; x_wconf 78' lang='grc'><strong>15).</strong></span> <span class='ocrx_word' id='word_1_491' title='bbox 3362 737 3513 805; x_wconf 80' lang='lat' dir='ltr'><strong>Quod</strong></span> <span class='ocrx_word' id='word_1_492' title='bbox 3531 747 3709 792; x_wconf 88' lang='lat' dir='ltr'><strong>autem</strong></span> 
     </span>
    </p>
   </div>
   <div class='ocr_carea' id='block_1_66' title="bbox 2122 820 3708 898">
    <p class='ocr_par' dir='ltr' id='par_1_66' title="bbox 2122 820 3708 898">
     <span class='ocr_line' id='line_1_66' title="bbox 2122 820 3708 898; baseline 0.004 -23"><span class='ocrx_word' id='word_1_493' title='bbox 2122 820 2275 877; x_wconf 83' lang='lat' dir='ltr'><strong>stella</strong></span> <span class='ocrx_word' id='word_1_494' title='bbox 2307 835 2407 876; x_wconf 90' lang='lat' dir='ltr'><strong>nec</strong></span> <span class='ocrx_word' id='word_1_495' title='bbox 2436 821 2814 893; x_wconf 83' lang='lat' dir='ltr'><strong>cogitationem</strong></span> <span class='ocrx_word' id='word_1_496' title='bbox 2857 839 2956 880; x_wconf 87' lang='lat' dir='ltr'><strong>nec</strong></span> <span class='ocrx_word' id='word_1_497' title='bbox 2988 838 3226 882; x_wconf 87' lang='lat' dir='ltr'><strong>mentem</strong></span> <span class='ocrx_word' id='word_1_498' title='bbox 3276 827 3490 892; x_wconf 85' lang='lat' dir='ltr'><strong>habeat,</strong></span> <span class='ocrx_word' id='word_1_499' title='bbox 3528 844 3708 898; x_wconf 84' lang='lat' dir='ltr'><strong>neque</strong></span> 
     </span>
    </p>
   </div>
   <div class='ocr_carea' id='block_1_67' title="bbox 2122 911 3708 990">
    <p class='ocr_par' dir='ltr' id='par_1_67' title="bbox 2122 911 3708 990">
     <span class='ocr_line' id='line_1_67' title="bbox 2122 911 3708 990; baseline 0.006 -23"><span class='ocrx_word' id='word_1_500' title='bbox 2122 911 2286 968; x_wconf 85' lang='lat' dir='ltr'><strong>verba</strong></span> <span class='ocrx_word' id='word_1_501' title='bbox 2343 914 2598 983; x_wconf 89' lang='lat' dir='ltr'><strong>proferat,</strong></span> <span class='ocrx_word' id='word_1_502' title='bbox 2629 916 2828 971; x_wconf 88' lang='lat' dir='ltr'><strong>nemini</strong></span> <span class='ocrx_word' id='word_1_503' title='bbox 2859 933 2968 973; x_wconf 87' lang='lat' dir='ltr'><strong>non</strong></span> <span class='ocrx_word' id='word_1_504' title='bbox 2996 928 3179 975; x_wconf 89' lang='lat' dir='ltr'><strong>notum</strong></span> <span class='ocrx_word' id='word_1_505' title='bbox 3205 928 3291 976; x_wconf 90' lang='lat' dir='ltr'><strong>est</strong></span> <span class='ocrx_word' id='word_1_506' title='bbox 3322 938 3335 975; x_wconf 88' lang='lat'><strong>:</strong></span> <span class='ocrx_word' id='word_1_507' title='bbox 3368 921 3463 976; x_wconf 89' lang='lat' dir='ltr'><strong>sed</strong></span> <span class='ocrx_word' id='word_1_508' title='bbox 3491 921 3558 976; x_wconf 89' lang='lat' dir='ltr'><strong>de</strong></span> <span class='ocrx_word' id='word_1_509' title='bbox 3582 936 3708 990; x_wconf 87' lang='lat' dir='ltr'><strong>rege</strong></span> 
     </span>
    </p>
   </div>
   <div class='ocr_carea' id='block_1_68' title="bbox 2122 1004 3704 1085">
    <p class='ocr_par' dir='ltr' id='par_1_68' title="bbox 2122 1004 3704 1085">
     <span class='ocr_line' id='line_1_68' title="bbox 2122 1004 3704 1085; baseline 0.006 -27"><span class='ocrx_word' id='word_1_510' title='bbox 2122 1004 2198 1059; x_wconf 91' lang='lat' dir='ltr'><strong>ait</strong></span> <span class='ocrx_word' id='word_1_511' title='bbox 2221 1006 2449 1077; x_wconf 90' lang='lat' dir='ltr'><strong>quodam</strong></span> <span class='ocrx_word' id='word_1_512' title='bbox 2463 1007 2797 1081; x_wconf 88' lang='lat' dir='ltr'><strong>blasphemo,</strong></span> <span class='ocrx_word' id='word_1_513' title='bbox 2833 1013 3132 1080; x_wconf 72' lang='lat' dir='ltr'><strong>arrogantia</strong></span> <span class='ocrx_word' id='word_1_514' title='bbox 3159 1024 3212 1068; x_wconf 88' lang='lat' dir='ltr'><strong>et</strong></span> <span class='ocrx_word' id='word_1_515' title='bbox 3237 1014 3492 1085; x_wconf 87' lang='lat' dir='ltr'><strong>jactantia</strong></span> <span class='ocrx_word' id='word_1_516' title='bbox 3525 1016 3704 1085; x_wconf 87' lang='lat' dir='ltr'><strong>pleno,</strong></span> 
     </span>
    </p>
   </div>
   <div class='ocr_carea' id='block_1_69' title="bbox 2122 1097 3708 1173">
    <p class='ocr_par' dir='ltr' id='par_1_69' title="bbox 2122 1097 3708 1173">
     <span class='ocr_line' id='line_1_69' title="bbox 2122 1097 3708 1173; baseline 0.007 -20"><span class='ocrx_word' id='word_1_517' title='bbox 2122 1097 2214 1170; x_wconf 89' lang='lat' dir='ltr'><strong>qui</strong></span> <span class='ocrx_word' id='word_1_518' title='bbox 2258 1114 2380 1155; x_wconf 89' lang='lat' dir='ltr'><strong>cum</strong></span> <span class='ocrx_word' id='word_1_519' title='bbox 2431 1098 2570 1157; x_wconf 87' lang='lat' dir='ltr'><strong>fastu</strong></span> <span class='ocrx_word' id='word_1_520' title='bbox 2611 1101 2869 1173; x_wconf 90' lang='lat' dir='ltr'><strong>loquitur.</strong></span> <span class='ocrx_word' id='word_1_521' title='bbox 2926 1103 3057 1171; x_wconf 85' lang='lat' dir='ltr'><strong>Quis</strong></span> <span class='ocrx_word' id='word_1_522' title='bbox 3095 1114 3273 1162; x_wconf 88' lang='lat' dir='ltr'><strong>autem</strong></span> <span class='ocrx_word' id='word_1_523' title='bbox 3332 1106 3422 1163; x_wconf 89' lang='lat' dir='ltr'><strong>ille</strong></span> <span class='ocrx_word' id='word_1_524' title='bbox 3461 1122 3557 1163; x_wconf 79' lang='lat' dir='ltr'><strong>res</strong></span> <span class='ocrx_word' id='word_1_525' title='bbox 3586 1109 3708 1163; x_wconf 80' lang='lat' dir='ltr'><strong>est?</strong></span> 
     </span>
    </p>
   </div>
   <div class='ocr_carea' id='block_1_70' title="bbox 2123 1191 3707 1263">
    <p class='ocr_par' dir='ltr' id='par_1_70' title="bbox 2123 1191 3707 1263">
     <span class='ocr_line' id='line_1_70' title="bbox 2123 1191 3707 1263; baseline 0.008 -16"><span class='ocrx_word' id='word_1_526' title='bbox 2123 1191 2235 1247; x_wconf 91' lang='lat' dir='ltr'><strong>Hoc</strong></span> <span class='ocrx_word' id='word_1_527' title='bbox 2264 1207 2544 1263; x_wconf 88' lang='lat' dir='ltr'><strong>possumus</strong></span> <span class='ocrx_word' id='word_1_528' title='bbox 2583 1193 3005 1252; x_wconf 84' lang='lat' dir='ltr'><strong>dicere:verum</strong></span> <span class='ocrx_word' id='word_1_529' title='bbox 3040 1206 3099 1252; x_wconf 95' lang='lat' dir='ltr'><strong>ut</strong></span> <span class='ocrx_word' id='word_1_530' title='bbox 3133 1214 3241 1254; x_wconf 88' lang='lat' dir='ltr'><strong>non</strong></span> <span class='ocrx_word' id='word_1_531' title='bbox 3280 1204 3456 1257; x_wconf 86' lang='lat' dir='ltr'><strong>omnia</strong></span> <span class='ocrx_word' id='word_1_532' title='bbox 3495 1217 3525 1256; x_wconf 84' lang='lat' dir='ltr'><strong>a</strong></span> <span class='ocrx_word' id='word_1_533' title='bbox 3551 1202 3707 1260; x_wconf 83' lang='lat' dir='ltr'><strong>nobis</strong></span> 
     </span>
    </p>
   </div>
   <div class='ocr_carea' id='block_1_71' title="bbox 2120 1281 3707 1364">
    <p class='ocr_par' dir='ltr' id='par_1_71' title="bbox 2120 1281 3707 1364">
     <span class='ocr_line' id='line_1_71' title="bbox 2120 1281 3707 1364; baseline 0.007 -26"><span class='ocrx_word' id='word_1_534' title='bbox 2120 1281 2358 1346; x_wconf 82' lang='lat' dir='ltr'><strong>discatis.</strong></span> <span class='ocrx_word' id='word_1_535' title='bbox 2386 1283 2481 1340; x_wconf 88' lang='lat' dir='ltr'><strong>sed</strong></span> <span class='ocrx_word' id='word_1_536' title='bbox 2506 1299 2603 1340; x_wconf 88' lang='lat' dir='ltr'><strong>vos</strong></span> <span class='ocrx_word' id='word_1_537' title='bbox 2630 1286 2731 1352; x_wconf 90' lang='lat' dir='ltr'><strong>ipsi</strong></span> <span class='ocrx_word' id='word_1_538' title='bbox 2770 1287 2935 1342; x_wconf 87' lang='lat' dir='ltr'><strong>etiam</strong></span> <span class='ocrx_word' id='word_1_539' title='bbox 2964 1288 3301 1346; x_wconf 81' lang='lat' dir='ltr'><strong>meditantes</strong></span> <span class='ocrx_word' id='word_1_540' title='bbox 3328 1302 3382 1346; x_wconf 91' lang='lat' dir='ltr'><strong>et</strong></span> <span class='ocrx_word' id='word_1_541' title='bbox 3420 1292 3707 1364; x_wconf 69' lang='lat' dir='ltr'><strong>vigilantes</strong></span> 
     </span>
    </p>
   </div>
   <div class='ocr_carea' id='block_1_72' title="bbox 2121 1375 3705 1455">
    <p class='ocr_par' dir='ltr' id='par_1_72' title="bbox 2121 1375 3705 1455">
     <span class='ocr_line' id='line_1_72' title="bbox 2121 1375 3705 1455; baseline 0.005 -23"><span class='ocrx_word' id='word_1_542' title='bbox 2121 1375 2315 1432; x_wconf 72' lang='lat' dir='ltr'><strong>divina:</strong></span> <span class='ocrx_word' id='word_1_543' title='bbox 2346 1375 2637 1448; x_wconf 66' lang='lat' dir='ltr'><strong>Scriptura;</strong></span> <span class='ocrx_word' id='word_1_544' title='bbox 2660 1376 2952 1434; x_wconf 85' lang='lat' dir='ltr'><strong>thesauros</strong></span> <span class='ocrx_word' id='word_1_545' title='bbox 2998 1382 3342 1448; x_wconf 85' lang='lat' dir='ltr'><strong>scrutemini,</strong></span> <span class='ocrx_word' id='word_1_546' title='bbox 3369 1381 3545 1439; x_wconf 82' lang='lat' dir='ltr'><strong>locum</strong></span> <span class='ocrx_word' id='word_1_547' title='bbox 3575 1400 3705 1455; x_wconf 84' lang='lat' dir='ltr'><strong>pro-</strong></span> 
     </span>
    </p>
   </div>
   <div class='ocr_carea' id='block_1_73' title="bbox 2123 1467 3709 1546">
    <p class='ocr_par' dir='ltr' id='par_1_73' title="bbox 2123 1467 3709 1546">
     <span class='ocr_line' id='line_1_73' title="bbox 2123 1467 3709 1546; baseline 0.008 -26"><span class='ocrx_word' id='word_1_548' title='bbox 2123 1467 2296 1539; x_wconf 75' lang='lat' dir='ltr'><strong>pheta:</strong></span> <span class='ocrx_word' id='word_1_549' title='bbox 2323 1469 2488 1536; x_wconf 87' lang='lat' dir='ltr'><strong>adite,</strong></span> <span class='ocrx_word' id='word_1_550' title='bbox 2520 1478 2575 1526; x_wconf 90' lang='lat' dir='ltr'><strong>et</strong></span> <span class='ocrx_word' id='word_1_551' title='bbox 2595 1470 2775 1526; x_wconf 89' lang='lat' dir='ltr'><strong>scietis</strong></span> <span class='ocrx_word' id='word_1_552' title='bbox 2799 1471 2918 1540; x_wconf 89' lang='lat' dir='ltr'><strong>quis</strong></span> <span class='ocrx_word' id='word_1_553' title='bbox 2960 1471 3032 1527; x_wconf 86' lang='lat' dir='ltr'><strong>sit</strong></span> <span class='ocrx_word' id='word_1_554' title='bbox 3066 1487 3191 1540; x_wconf 79' lang='lat' dir='ltr'><strong>rex,</strong></span> <span class='ocrx_word' id='word_1_555' title='bbox 3213 1472 3369 1544; x_wconf 84' lang='lat' dir='ltr'><strong>cujus</strong></span> <span class='ocrx_word' id='word_1_556' title='bbox 3394 1476 3603 1546; x_wconf 72' lang='lat' dir='ltr'><strong>populi,</strong></span> <span class='ocrx_word' id='word_1_557' title='bbox 3652 1487 3709 1533; x_wconf 88' lang='lat' dir='ltr'><strong>et</strong></span> 
     </span>
    </p>
   </div>
   <div class='ocr_carea' id='block_1_74' title="bbox 2119 1561 3708 1640">
    <p class='ocr_par' dir='ltr' id='par_1_74' title="bbox 2119 1561 3708 1640">
     <span class='ocr_line' id='line_1_74' title="bbox 2119 1561 3708 1640; baseline 0.008 -25"><span class='ocrx_word' id='word_1_558' title='bbox 2119 1561 2459 1632; x_wconf 88' lang='lat' dir='ltr'><strong>quandonam</strong></span> <span class='ocrx_word' id='word_1_559' title='bbox 2490 1563 2649 1618; x_wconf 87' lang='lat' dir='ltr'><strong>fuerit</strong></span> <span class='ocrx_word' id='word_1_560' title='bbox 2677 1579 2694 1617; x_wconf 88' lang='lat'><strong>:</strong></span> <span class='ocrx_word' id='word_1_561' title='bbox 2721 1578 2844 1618; x_wconf 89' lang='lat' dir='ltr'><strong>nam</strong></span> <span class='ocrx_word' id='word_1_562' title='bbox 2867 1567 2944 1618; x_wconf 91' lang='lat' dir='ltr'><strong>ait</strong></span> <span class='ocrx_word' id='word_1_563' title='bbox 2969 1565 3083 1630; x_wconf 89' lang='lat' dir='ltr'><strong>ille,</strong></span> <span class='ocrx_word' id='word_1_564' title='bbox 3116 1565 3199 1621; x_wconf 86' lang='lat' dir='ltr'><strong>Da</strong></span> <span class='ocrx_word' id='word_1_565' title='bbox 3225 1570 3448 1640; x_wconf 84' lang='lat' dir='ltr'><strong>sapienti</strong></span> <span class='ocrx_word' id='word_1_566' title='bbox 3483 1574 3708 1627; x_wconf 60' lang='lat' dir='ltr'><strong>occasiod</strong></span> 
     </span>
    </p>
   </div>
   <div class='ocr_carea' id='block_1_75' title="bbox 2120 1654 3703 1731">
    <p class='ocr_par' dir='ltr' id='par_1_75' title="bbox 2120 1654 3703 1731">
     <span class='ocr_line' id='line_1_75' title="bbox 2120 1654 3703 1731; baseline 0.008 -24"><span class='ocrx_word' id='word_1_567' title='bbox 2120 1662 2314 1717; x_wconf 87' lang='lat' dir='ltr'><strong>nem,et</strong></span> <span class='ocrx_word' id='word_1_568' title='bbox 2338 1654 2621 1724; x_wconf 79' lang='lat' dir='ltr'><strong>sapientior</strong></span> <span class='ocrx_word' id='word_1_569' title='bbox 2641 1656 2737 1711; x_wconf 85' lang='lat' dir='ltr'><strong>erit</strong></span> <span class='ocrx_word' id='word_1_570' title='bbox 2754 1655 2932 1728; x_wconf 84' lang='lat' dir='ltr'><strong>(Prov.</strong></span> <span class='ocrx_word' id='word_1_571' title='bbox 2958 1656 3013 1713; x_wconf 88' lang='lat'><strong>9.</strong></span> <span class='ocrx_word' id='word_1_572' title='bbox 3035 1656 3114 1730; x_wconf 87' lang='lat'><strong>9).</strong></span> <span class='ocrx_word' id='word_1_573' title='bbox 3137 1659 3267 1715; x_wconf 89' lang='lat' dir='ltr'><strong>Cum</strong></span> <span class='ocrx_word' id='word_1_574' title='bbox 3292 1660 3560 1731; x_wconf 83' lang='lat' dir='ltr'><strong>igiturhic</strong></span> <span class='ocrx_word' id='word_1_575' title='bbox 3588 1672 3703 1730; x_wconf 76' lang='lat' dir='ltr'><strong>rex;</strong></span> 
     </span>
    </p>
   </div>
   <div class='ocr_carea' id='block_1_76' title="bbox 2119 1746 3705 1816">
    <p class='ocr_par' dir='ltr' id='par_1_76' title="bbox 2119 1746 3705 1816">
     <span class='ocr_line' id='line_1_76' title="bbox 2119 1746 3705 1816; baseline 0.009 -18"><span class='ocrx_word' id='word_1_576' title='bbox 2119 1746 2210 1816; x_wconf 89' lang='lat' dir='ltr'><strong>qui</strong></span> <span class='ocrx_word' id='word_1_577' title='bbox 2239 1746 2552 1816; x_wconf 89' lang='lat' dir='ltr'><strong>splendidus</strong></span> <span class='ocrx_word' id='word_1_578' title='bbox 2580 1746 2755 1803; x_wconf 87' lang='lat' dir='ltr'><strong>fuerat</strong></span> <span class='ocrx_word' id='word_1_579' title='bbox 2773 1758 2829 1805; x_wconf 92' lang='lat' dir='ltr'><strong>et</strong></span> <span class='ocrx_word' id='word_1_580' title='bbox 2854 1750 3078 1806; x_wconf 86' lang='lat' dir='ltr'><strong>illustris</strong></span> <span class='ocrx_word' id='word_1_581' title='bbox 3101 1761 3157 1807; x_wconf 91' lang='lat' dir='ltr'><strong>et</strong></span> <span class='ocrx_word' id='word_1_582' title='bbox 3190 1753 3469 1811; x_wconf 89' lang='lat' dir='ltr'><strong>immensis</strong></span> <span class='ocrx_word' id='word_1_583' title='bbox 3503 1758 3705 1813; x_wconf 61' lang='lat' dir='ltr'><strong>instrud</strong></span> 
     </span>
    </p>
   </div>
   <div class='ocr_carea' id='block_1_77' title="bbox 2118 1838 3705 1921">
    <p class='ocr_par' dir='ltr' id='par_1_77' title="bbox 2118 1838 3705 1921">
     <span class='ocr_line' id='line_1_77' title="bbox 2118 1838 3705 1921; baseline 0.009 -29"><span class='ocrx_word' id='word_1_584' title='bbox 2118 1846 2239 1893; x_wconf 89' lang='lat' dir='ltr'><strong>ctus</strong></span> <span class='ocrx_word' id='word_1_585' title='bbox 2265 1838 2469 1894; x_wconf 87' lang='lat' dir='ltr'><strong>divitiis</strong></span> <span class='ocrx_word' id='word_1_586' title='bbox 2491 1882 2506 1905; x_wconf 93' lang='lat'><strong>,</strong></span> <span class='ocrx_word' id='word_1_587' title='bbox 2540 1849 2595 1896; x_wconf 89' lang='lat' dir='ltr'><strong>et</strong></span> <span class='ocrx_word' id='word_1_588' title='bbox 2622 1841 2809 1897; x_wconf 86' lang='lat' dir='ltr'><strong>orbem</strong></span> <span class='ocrx_word' id='word_1_589' title='bbox 2861 1851 3028 1898; x_wconf 90' lang='lat' dir='ltr'><strong>totum</strong></span> <span class='ocrx_word' id='word_1_590' title='bbox 3057 1843 3342 1913; x_wconf 85' lang='lat' dir='ltr'><strong>invaserat,</strong></span> <span class='ocrx_word' id='word_1_591' title='bbox 3385 1856 3440 1904; x_wconf 91' lang='lat' dir='ltr'><strong>et</strong></span> <span class='ocrx_word' id='word_1_592' title='bbox 3480 1865 3705 1921; x_wconf 79' lang='lat' dir='ltr'><strong>regnum</strong></span> 
     </span>
    </p>
   </div>
   <div class='ocr_carea' id='block_1_78' title="bbox 2118 1930 3702 2012">
    <p class='ocr_par' dir='ltr' id='par_1_78' title="bbox 2118 1930 3702 2012">
     <span class='ocr_line' id='line_1_78' title="bbox 2118 1930 3702 2012; baseline 0.008 -26"><span class='ocrx_word' id='word_1_593' title='bbox 2118 1930 2433 1986; x_wconf 83' lang='lat' dir='ltr'><strong>extenderat</strong></span> <span class='ocrx_word' id='word_1_594' title='bbox 2458 1946 2635 1999; x_wconf 89' lang='lat' dir='ltr'><strong>suum,</strong></span> <span class='ocrx_word' id='word_1_595' title='bbox 2668 1944 2897 2004; x_wconf 89' lang='lat' dir='ltr'><strong>repente</strong></span> <span class='ocrx_word' id='word_1_596' title='bbox 2932 1945 3120 2007; x_wconf 86' lang='lat' dir='ltr'><strong>raptus</strong></span> <span class='ocrx_word' id='word_1_597' title='bbox 3161 1948 3511 2012; x_wconf 88' lang='lat' dir='ltr'><strong>mortuusque</strong></span> <span class='ocrx_word' id='word_1_598' title='bbox 3537 1952 3702 2009; x_wconf 87' lang='lat' dir='ltr'><strong>esset,</strong></span> 
     </span>
    </p>
   </div>
   <div class='ocr_carea' id='block_1_79' title="bbox 2117 2021 3707 2097">
    <p class='ocr_par' dir='ltr' id='par_1_79' title="bbox 2117 2021 3707 2097">
     <span class='ocr_line' id='line_1_79' title="bbox 2117 2021 3707 2097; baseline 0.012 -21"><span class='ocrx_word' id='word_1_599' title='bbox 2117 2021 2259 2093; x_wconf 91' lang='lat' dir='ltr'><strong>quod</strong></span> <span class='ocrx_word' id='word_1_600' title='bbox 2282 2022 2436 2081; x_wconf 88' lang='lat' dir='ltr'><strong>scivit</strong></span> <span class='ocrx_word' id='word_1_601' title='bbox 2484 2025 2748 2097; x_wconf 84' lang='lat' dir='ltr'><strong>propheta</strong></span> <span class='ocrx_word' id='word_1_602' title='bbox 2789 2042 2973 2083; x_wconf 89' lang='lat' dir='ltr'><strong>rerum</strong></span> <span class='ocrx_word' id='word_1_603' title='bbox 3006 2029 3359 2090; x_wconf 83' lang='lat' dir='ltr'><strong>humanarum</strong></span> <span class='ocrx_word' id='word_1_604' title='bbox 3400 2036 3707 2094; x_wconf 79' lang='lat' dir='ltr'><strong>volubilita-</strong></span> 
     </span>
    </p>
   </div>
   <div class='ocr_carea' id='block_1_80' title="bbox 2119 2116 3705 2203">
    <p class='ocr_par' dir='ltr' id='par_1_80' title="bbox 2119 2116 3705 2203">
     <span class='ocr_line' id='line_1_80' title="bbox 2119 2116 3705 2203; baseline 0.012 -34"><span class='ocrx_word' id='word_1_605' title='bbox 2119 2122 2246 2182; x_wconf 88' lang='lat' dir='ltr'><strong>tem,</strong></span> <span class='ocrx_word' id='word_1_606' title='bbox 2277 2116 2431 2184; x_wconf 79' lang='lat' dir='ltr'><strong>dixit,</strong></span> <span class='ocrx_word' id='word_1_607' title='bbox 2460 2117 2725 2186; x_wconf 85' lang='lat' dir='ltr'><strong>Quomodo</strong></span> <span class='ocrx_word' id='word_1_608' title='bbox 2751 2122 2930 2177; x_wconf 83' lang='lat' dir='ltr'><strong>cecidit</strong></span> <span class='ocrx_word' id='word_1_609' title='bbox 2957 2122 3021 2179; x_wconf 82' lang='lat' dir='ltr'><strong>de</strong></span> <span class='ocrx_word' id='word_1_610' title='bbox 3047 2126 3172 2182; x_wconf 68' lang='lat' dir='ltr'><strong>caelo</strong></span> <span class='ocrx_word' id='word_1_611' title='bbox 3192 2127 3419 2200; x_wconf 74' lang='lat' dir='ltr'><strong>Lucifer,</strong></span> <span class='ocrx_word' id='word_1_612' title='bbox 3447 2132 3535 2203; x_wconf 82' lang='lat' dir='ltr'><strong>qui</strong></span> <span class='ocrx_word' id='word_1_613' title='bbox 3558 2149 3705 2189; x_wconf 76' lang='lat' dir='ltr'><strong>mane</strong></span> 
     </span>
    </p>
   </div>
   <div class='ocr_carea' id='block_1_81' title="bbox 2117 2205 3705 2287">
    <p class='ocr_par' dir='ltr' id='par_1_81' title="bbox 2117 2205 3705 2287">
     <span class='ocr_line' id='line_1_81' title="bbox 2117 2205 3705 2287; baseline 0.013 -27"><span class='ocrx_word' id='word_1_614' title='bbox 2117 2205 2408 2263; x_wconf 81' lang='lat' dir='ltr'><strong>oriebatur?</strong></span> <span class='ocrx_word' id='word_1_615' title='bbox 2428 2210 2517 2279; x_wconf 92' lang='lat' dir='ltr'><strong>qui</strong></span> <span class='ocrx_word' id='word_1_616' title='bbox 2539 2226 2695 2282; x_wconf 82' lang='lat' dir='ltr'><strong>reges</strong></span> <span class='ocrx_word' id='word_1_617' title='bbox 2717 2215 2975 2279; x_wconf 88' lang='lat' dir='ltr'><strong>concutit,</strong></span> <span class='ocrx_word' id='word_1_618' title='bbox 3001 2218 3091 2287; x_wconf 92' lang='lat' dir='ltr'><strong>qui</strong></span> <span class='ocrx_word' id='word_1_619' title='bbox 3115 2228 3283 2274; x_wconf 91' lang='lat' dir='ltr'><strong>totum</strong></span> <span class='ocrx_word' id='word_1_620' title='bbox 3312 2222 3496 2277; x_wconf 86' lang='lat' dir='ltr'><strong>orbem</strong></span> <span class='ocrx_word' id='word_1_621' title='bbox 3518 2223 3705 2280; x_wconf 57' lang='lat' dir='ltr'><strong>deseri</strong></span> 
     </span>
    </p>
   </div>
   <div class='ocr_carea' id='block_1_82' title="bbox 2119 2297 3707 2376">
    <p class='ocr_par' dir='ltr' id='par_1_82' title="bbox 2119 2297 3707 2376">
     <span class='ocr_line' id='line_1_82' title="bbox 2119 2297 3707 2376; baseline 0.011 -24"><span class='ocrx_word' id='word_1_622' title='bbox 2119 2303 2228 2352; x_wconf 88' lang='lat' dir='ltr'><strong>tum</strong></span> <span class='ocrx_word' id='word_1_623' title='bbox 2251 2297 2465 2356; x_wconf 85' lang='lat' dir='ltr'><strong>reddit?</strong></span> <span class='ocrx_word' id='word_1_624' title='bbox 2495 2300 3049 2375; x_wconf 56' lang='lat' dir='ltr'><strong>illumque-alloquens</strong></span> <span class='ocrx_word' id='word_1_625' title='bbox 3072 2318 3127 2363; x_wconf 89' lang='lat' dir='ltr'><strong>et</strong></span> <span class='ocrx_word' id='word_1_626' title='bbox 3153 2309 3455 2376; x_wconf 88' lang='lat' dir='ltr'><strong>traducens,</strong></span> <span class='ocrx_word' id='word_1_627' title='bbox 3482 2316 3556 2369; x_wconf 91' lang='lat' dir='ltr'><strong>ait</strong></span> <span class='ocrx_word' id='word_1_628' title='bbox 3584 2331 3599 2370; x_wconf 90' lang='lat'><strong>:</strong></span> <span class='ocrx_word' id='word_1_629' title='bbox 3625 2313 3707 2369; x_wconf 71' lang='lat' dir='ltr'><strong>Tit</strong></span> 
     </span>
    </p>
   </div>
   <div class='ocr_carea' id='block_1_83' title="bbox 2115 2391 3709 2467">
    <p class='ocr_par' dir='ltr' id='par_1_83' title="bbox 2115 2391 3709 2467">
     <span class='ocr_line' id='line_1_83' title="bbox 2115 2391 3709 2467; baseline 0.011 -24"><span class='ocrx_word' id='word_1_630' title='bbox 2115 2399 2284 2445; x_wconf 84' lang='lat' dir='ltr'><strong>autem</strong></span> <span class='ocrx_word' id='word_1_631' title='bbox 2311 2391 2507 2460; x_wconf 70' lang='lat' dir='ltr'><strong>dixisti,</strong></span> <span class='ocrx_word' id='word_1_632' title='bbox 2543 2393 2609 2449; x_wconf 85' lang='lat' dir='ltr'><strong>In</strong></span> <span class='ocrx_word' id='word_1_633' title='bbox 2657 2396 2839 2450; x_wconf 69' lang='lat' dir='ltr'><strong>calum</strong></span> <span class='ocrx_word' id='word_1_634' title='bbox 2870 2399 3163 2467; x_wconf 83' lang='lat' dir='ltr'><strong>ascendam,</strong></span> <span class='ocrx_word' id='word_1_635' title='bbox 3199 2418 3358 2466; x_wconf 85' lang='lat' dir='ltr'><strong>supra</strong></span> <span class='ocrx_word' id='word_1_636' title='bbox 3385 2402 3558 2458; x_wconf 84' lang='lat' dir='ltr'><strong>stellas</strong></span> <span class='ocrx_word' id='word_1_637' title='bbox 3590 2405 3709 2460; x_wconf 59' lang='grc' dir='ltr'><strong>ταἸὲ</strong></span> 
     </span>
    </p>
   </div>
   <div class='ocr_carea' id='block_1_84' title="bbox 2118 2482 3704 2554">
    <p class='ocr_par' dir='ltr' id='par_1_84' title="bbox 2118 2482 3704 2554">
     <span class='ocr_line' id='line_1_84' title="bbox 2118 2482 3704 2554; baseline 0.01 -19"><span class='ocrx_word' id='word_1_638' title='bbox 2118 2497 2301 2550; x_wconf 85' lang='lat' dir='ltr'><strong>ponam</strong></span> <span class='ocrx_word' id='word_1_639' title='bbox 2352 2482 2588 2538; x_wconf 84' lang='lat' dir='ltr'><strong>thronum</strong></span> <span class='ocrx_word' id='word_1_640' title='bbox 2629 2497 2881 2554; x_wconf 85' lang='lat' dir='ltr'><strong>mcum,et</strong></span> <span class='ocrx_word' id='word_1_641' title='bbox 2912 2489 3094 2546; x_wconf 87' lang='lat' dir='ltr'><strong>similis</strong></span> <span class='ocrx_word' id='word_1_642' title='bbox 3111 2507 3196 2546; x_wconf 85' lang='lat' dir='ltr'><strong>ero</strong></span> <span class='ocrx_word' id='word_1_643' title='bbox 3240 2492 3518 2549; x_wconf 75' lang='lat' dir='ltr'><strong>Altissimo.</strong></span> <span class='ocrx_word' id='word_1_644' title='bbox 3547 2494 3704 2553; x_wconf 85' lang='lat' dir='ltr'><strong>Numi</strong></span> 
     </span>
    </p>
   </div>
   <div class='ocr_carea' id='block_1_85' title="bbox 2115 2578 3705 2661">
    <p class='ocr_par' dir='ltr' id='par_1_85' title="bbox 2115 2578 3705 2661">
     <span class='ocr_line' id='line_1_85' title="bbox 2115 2578 3705 2661; baseline 0.009 -30"><span class='ocrx_word' id='word_1_645' title='bbox 2115 2585 2284 2631; x_wconf 72' lang='lat' dir='ltr'><strong>autem</strong></span> <span class='ocrx_word' id='word_1_646' title='bbox 2300 2578 2351 2631; x_wconf 90' lang='lat' dir='ltr'><strong>in</strong></span> <span class='ocrx_word' id='word_1_647' title='bbox 2368 2578 2623 2649; x_wconf 80' lang='lat' dir='ltr'><strong>infernum</strong></span> <span class='ocrx_word' id='word_1_648' title='bbox 2638 2580 2930 2651; x_wconf 85' lang='lat' dir='ltr'><strong>descendes,</strong></span> <span class='ocrx_word' id='word_1_649' title='bbox 2952 2584 3044 2638; x_wconf 88' lang='lat' dir='ltr'><strong>sub</strong></span> <span class='ocrx_word' id='word_1_650' title='bbox 3060 2593 3107 2640; x_wconf 84' lang='lat' dir='ltr'><strong>te</strong></span> <span class='ocrx_word' id='word_1_651' title='bbox 3122 2596 3345 2643; x_wconf 89' lang='lat' dir='ltr'><strong>sternent</strong></span> <span class='ocrx_word' id='word_1_652' title='bbox 3361 2592 3705 2661; x_wconf 72' lang='lat' dir='ltr'><strong>putredinem,</strong></span> 
     </span>
    </p>
   </div>
   <div class='ocr_carea' id='block_1_86' title="bbox 2113 2669 3698 2750">
    <p class='ocr_par' dir='ltr' id='par_1_86' title="bbox 2113 2669 3698 2750">
     <span class='ocr_line' id='line_1_86' title="bbox 2113 2669 3698 2750; baseline 0.011 -28"><span class='ocrx_word' id='word_1_653' title='bbox 2113 2676 2162 2722; x_wconf 86' lang='lat' dir='ltr'><strong>et</strong></span> <span class='ocrx_word' id='word_1_654' title='bbox 2176 2669 2541 2739; x_wconf 82' lang='lat' dir='ltr'><strong>operimentum</strong></span> <span class='ocrx_word' id='word_1_655' title='bbox 2562 2680 2701 2726; x_wconf 88' lang='lat' dir='ltr'><strong>tuum</strong></span> <span class='ocrx_word' id='word_1_656' title='bbox 2724 2675 2928 2729; x_wconf 83' lang='lat' dir='ltr'><strong>vermis.</strong></span> <span class='ocrx_word' id='word_1_657' title='bbox 2961 2675 3147 2733; x_wconf 85' lang='lat' dir='ltr'><strong>Viden’</strong></span> <span class='ocrx_word' id='word_1_658' title='bbox 3172 2681 3461 2750; x_wconf 90' lang='lat' dir='ltr'><strong>quomodo,</strong></span> <span class='ocrx_word' id='word_1_659' title='bbox 3483 2694 3539 2739; x_wconf 89' lang='lat' dir='ltr'><strong>ut</strong></span> <span class='ocrx_word' id='word_1_660' title='bbox 3565 2684 3698 2749; x_wconf 82' lang='lat' dir='ltr'><strong>dixi,</strong></span> 
     </span>
    </p>
   </div>
   <div class='ocr_carea' id='block_1_87' title="bbox 2115 2759 3698 2841">
    <p class='ocr_par' dir='ltr' id='par_1_87' title="bbox 2115 2759 3698 2841">
     <span class='ocr_line' id='line_1_87' title="bbox 2115 2759 3698 2841; baseline 0.012 -28"><span class='ocrx_word' id='word_1_661' title='bbox 2115 2759 2236 2814; x_wconf 91' lang='lat' dir='ltr'><strong>ideo</strong></span> <span class='ocrx_word' id='word_1_662' title='bbox 2257 2761 2417 2816; x_wconf 88' lang='lat' dir='ltr'><strong>talem</strong></span> <span class='ocrx_word' id='word_1_663' title='bbox 2444 2772 2646 2819; x_wconf 88' lang='lat' dir='ltr'><strong>sortem</strong></span> <span class='ocrx_word' id='word_1_664' title='bbox 2672 2780 2867 2837; x_wconf 91' lang='lat' dir='ltr'><strong>corpus</strong></span> <span class='ocrx_word' id='word_1_665' title='bbox 2903 2778 3148 2824; x_wconf 91' lang='lat' dir='ltr'><strong>nostrum</strong></span> <span class='ocrx_word' id='word_1_666' title='bbox 3173 2769 3375 2829; x_wconf 86' lang='lat' dir='ltr'><strong>habere</strong></span> <span class='ocrx_word' id='word_1_667' title='bbox 3402 2776 3698 2841; x_wconf 77' lang='lat' dir='ltr'><strong>constituit;</strong></span> 
     </span>
    </p>
   </div>
   <div class='ocr_carea' id='block_1_88' title="bbox 2114 2854 3700 2935">
    <p class='ocr_par' dir='ltr' id='par_1_88' title="bbox 2114 2854 3700 2935">
     <span class='ocr_line' id='line_1_88' title="bbox 2114 2854 3700 2935; baseline 0.011 -30"><span class='ocrx_word' id='word_1_668' title='bbox 2114 2858 2173 2906; x_wconf 91' lang='lat' dir='ltr'><strong>ut</strong></span> <span class='ocrx_word' id='word_1_669' title='bbox 2197 2854 2516 2925; x_wconf 78' lang='lat' dir='ltr'><strong>arrogantia-</strong></span> <span class='ocrx_word' id='word_1_670' title='bbox 2545 2855 2890 2926; x_wconf 88' lang='lat' dir='ltr'><strong>pharmacum</strong></span> <span class='ocrx_word' id='word_1_671' title='bbox 2927 2861 3113 2916; x_wconf 77' lang='lat' dir='ltr'><strong>esset?</strong></span> <span class='ocrx_word' id='word_1_672' title='bbox 3132 2861 3330 2918; x_wconf 81' lang='lat' dir='ltr'><strong>Videas</strong></span> <span class='ocrx_word' id='word_1_673' title='bbox 3356 2865 3517 2935; x_wconf 86' lang='lat' dir='ltr'><strong>igitur</strong></span> <span class='ocrx_word' id='word_1_674' title='bbox 3551 2867 3700 2923; x_wconf 89' lang='lat' dir='ltr'><strong>illum</strong></span> 
     </span>
    </p>
   </div>
   <div class='ocr_carea' id='block_1_89' title="bbox 2112 2947 3703 3023">
    <p class='ocr_par' dir='ltr' id='par_1_89' title="bbox 2112 2947 3703 3023">
     <span class='ocr_line' id='line_1_89' title="bbox 2112 2947 3703 3023; baseline 0.01 -24"><span class='ocrx_word' id='word_1_675' title='bbox 2112 2947 2413 3017; x_wconf 80' lang='lat' dir='ltr'><strong>arrogantia</strong></span> <span class='ocrx_word' id='word_1_676' title='bbox 2446 2947 2685 3017; x_wconf 85' lang='lat' dir='ltr'><strong>plenum,</strong></span> <span class='ocrx_word' id='word_1_677' title='bbox 2717 2950 2784 3005; x_wconf 89' lang='lat' dir='ltr'><strong>ab</strong></span> <span class='ocrx_word' id='word_1_678' title='bbox 2811 2951 2875 3006; x_wconf 88' lang='lat' dir='ltr'><strong>iis</strong></span> <span class='ocrx_word' id='word_1_679' title='bbox 2901 2967 3020 3022; x_wconf 69' lang='lat' dir='ltr'><strong>quae</strong></span> <span class='ocrx_word' id='word_1_680' title='bbox 3041 2963 3159 3023; x_wconf 91' lang='lat' dir='ltr'><strong>post</strong></span> <span class='ocrx_word' id='word_1_681' title='bbox 3189 2965 3416 3012; x_wconf 88' lang='lat' dir='ltr'><strong>mortem</strong></span> <span class='ocrx_word' id='word_1_682' title='bbox 3451 2959 3703 3015; x_wconf 89' lang='lat' dir='ltr'><strong>accidunt</strong></span> 
     </span>
    </p>
   </div>
   <div class='ocr_carea' id='block_1_90' title="bbox 2117 3037 3700 3117">
    <p class='ocr_par' dir='ltr' id='par_1_90' title="bbox 2117 3037 3700 3117">
     <span class='ocr_line' id='line_1_90' title="bbox 2117 3037 3700 3117; baseline 0.008 -25"><span class='ocrx_word' id='word_1_683' title='bbox 2117 3037 2268 3093; x_wconf 90' lang='lat' dir='ltr'><strong>illum</strong></span> <span class='ocrx_word' id='word_1_684' title='bbox 2299 3039 2499 3106; x_wconf 91' lang='lat' dir='ltr'><strong>erudit,</strong></span> <span class='ocrx_word' id='word_1_685' title='bbox 2527 3057 2738 3098; x_wconf 85' lang='lat' dir='ltr'><strong>vermes</strong></span> <span class='ocrx_word' id='word_1_686' title='bbox 2778 3059 3105 3113; x_wconf 89' lang='lat' dir='ltr'><strong>memorans,</strong></span> <span class='ocrx_word' id='word_1_687' title='bbox 3159 3046 3426 3114; x_wconf 61' lang='grc' dir='ltr'><strong>[αξιοι-ραι,</strong></span> <span class='ocrx_word' id='word_1_688' title='bbox 3461 3052 3700 3117; x_wconf 69' lang='lat' dir='ltr'><strong>saniem;</strong></span> 
     </span>
    </p>
   </div>
   <div class='ocr_carea' id='block_1_91' title="bbox 2115 3130 3706 3212">
    <p class='ocr_par' dir='ltr' id='par_1_91' title="bbox 2115 3130 3706 3212">
     <span class='ocr_line' id='line_1_91' title="bbox 2115 3130 3706 3212; baseline 0.009 -28"><span class='ocrx_word' id='word_1_689' title='bbox 2115 3139 2173 3186; x_wconf 91' lang='lat' dir='ltr'><strong>ut</strong></span> <span class='ocrx_word' id='word_1_690' title='bbox 2201 3130 2316 3186; x_wconf 83' lang='lat' dir='ltr'><strong>haec</strong></span> <span class='ocrx_word' id='word_1_691' title='bbox 2357 3133 2599 3204; x_wconf 87' lang='lat' dir='ltr'><strong>cogitans</strong></span> <span class='ocrx_word' id='word_1_692' title='bbox 2622 3137 2983 3206; x_wconf 83' lang='lat' dir='ltr'><strong>arrogantiam</strong></span> <span class='ocrx_word' id='word_1_693' title='bbox 3027 3137 3291 3206; x_wconf 88' lang='lat' dir='ltr'><strong>demittat,</strong></span> <span class='ocrx_word' id='word_1_694' title='bbox 3324 3156 3433 3196; x_wconf 90' lang='lat' dir='ltr'><strong>non</strong></span> <span class='ocrx_word' id='word_1_695' title='bbox 3460 3146 3706 3212; x_wconf 71' lang='lat' dir='ltr'><strong>prmscn-L</strong></span> 
     </span>
    </p>
   </div>
   <div class='ocr_carea' id='block_1_92' title="bbox 2114 3223 3703 3305">
    <p class='ocr_par' dir='ltr' id='par_1_92' title="bbox 2114 3223 3703 3305">
     <span class='ocr_line' id='line_1_92' title="bbox 2114 3223 3703 3305; baseline 0.009 -28"><span class='ocrx_word' id='word_1_696' title='bbox 2114 3223 2183 3277; x_wconf 89' lang='lat' dir='ltr'><strong>tia</strong></span> <span class='ocrx_word' id='word_1_697' title='bbox 2201 3224 2547 3281; x_wconf 87' lang='lat' dir='ltr'><strong>considerans</strong></span> <span class='ocrx_word' id='word_1_698' title='bbox 2563 3236 2616 3282; x_wconf 89' lang='lat' dir='ltr'><strong>et</strong></span> <span class='ocrx_word' id='word_1_699' title='bbox 2642 3226 2873 3295; x_wconf 82' lang='lat' dir='ltr'><strong>inﬂatus,</strong></span> <span class='ocrx_word' id='word_1_700' title='bbox 2892 3228 2985 3284; x_wconf 85' lang='lat' dir='ltr'><strong>sed</strong></span> <span class='ocrx_word' id='word_1_701' title='bbox 3011 3231 3346 3302; x_wconf 88' lang='lat' dir='ltr'><strong>perpendens</strong></span> <span class='ocrx_word' id='word_1_702' title='bbox 3362 3234 3450 3305; x_wconf 90' lang='lat' dir='ltr'><strong>qui</strong></span> <span class='ocrx_word' id='word_1_703' title='bbox 3465 3234 3566 3290; x_wconf 90' lang='lat' dir='ltr'><strong>sibi</strong></span> <span class='ocrx_word' id='word_1_704' title='bbox 3583 3236 3703 3292; x_wconf 87' lang='lat' dir='ltr'><strong>linis</strong></span> 
     </span>
    </p>
   </div>
   <div class='ocr_carea' id='block_1_93' title="bbox 2113 3314 3704 3400">
    <p class='ocr_par' dir='ltr' id='par_1_93' title="bbox 2113 3314 3704 3400">
     <span class='ocr_line' id='line_1_93' title="bbox 2113 3314 3704 3400; baseline 0.011 -31"><span class='ocrx_word' id='word_1_705' title='bbox 2113 3314 2317 3383; x_wconf 89' lang='lat' dir='ltr'><strong>instet,</strong></span> <span class='ocrx_word' id='word_1_706' title='bbox 2373 3332 2532 3387; x_wconf 86' lang='lat' dir='ltr'><strong>quam</strong></span> <span class='ocrx_word' id='word_1_707' title='bbox 2571 3329 2916 3389; x_wconf 90' lang='lat' dir='ltr'><strong>suscepturus</strong></span> <span class='ocrx_word' id='word_1_708' title='bbox 2950 3322 3023 3377; x_wconf 92' lang='lat' dir='ltr'><strong>sit</strong></span> <span class='ocrx_word' id='word_1_709' title='bbox 3061 3324 3434 3380; x_wconf 88' lang='lat' dir='ltr'><strong>mutationem.</strong></span> <span class='ocrx_word' id='word_1_710' title='bbox 3472 3326 3704 3400; x_wconf 75' lang='lat' dir='ltr'><strong>ideoque</strong></span> 
     </span>
    </p>
   </div>
   <div class='ocr_carea' id='block_1_94' title="bbox 2116 3408 3707 3485">
    <p class='ocr_par' dir='ltr' id='par_1_94' title="bbox 2116 3408 3707 3485">
     <span class='ocr_line' id='line_1_94' title="bbox 2116 3408 3707 3485; baseline 0.007 -23"><span class='ocrx_word' id='word_1_711' title='bbox 2116 3408 2365 3479; x_wconf 90' lang='lat' dir='ltr'><strong>passibile</strong></span> <span class='ocrx_word' id='word_1_712' title='bbox 2379 3424 2572 3480; x_wconf 87' lang='lat' dir='ltr'><strong>corpus</strong></span> <span class='ocrx_word' id='word_1_713' title='bbox 2595 3412 2769 3466; x_wconf 91' lang='lat' dir='ltr'><strong>sortiti</strong></span> <span class='ocrx_word' id='word_1_714' title='bbox 2791 3427 2997 3480; x_wconf 88' lang='lat' dir='ltr'><strong>sumus,</strong></span> <span class='ocrx_word' id='word_1_715' title='bbox 3014 3421 3070 3470; x_wconf 91' lang='lat' dir='ltr'><strong>et</strong></span> <span class='ocrx_word' id='word_1_716' title='bbox 3092 3423 3449 3485; x_wconf 84' lang='lat' dir='ltr'><strong>postmortem</strong></span> <span class='ocrx_word' id='word_1_717' title='bbox 3465 3419 3535 3473; x_wconf 87' lang='lat' dir='ltr'><strong>ita</strong></span> <span class='ocrx_word' id='word_1_718' title='bbox 3563 3419 3707 3473; x_wconf 66' lang='lat' dir='ltr'><strong>fasti-</strong></span> 
     </span>
    </p>
   </div>
   <div class='ocr_carea' id='block_1_95' title="bbox 2115 3499 3703 3571">
    <p class='ocr_par' dir='ltr' id='par_1_95' title="bbox 2115 3499 3703 3571">
     <span class='ocr_line' id='line_1_95' title="bbox 2115 3499 3703 3571; baseline 0.006 -16"><span class='ocrx_word' id='word_1_719' title='bbox 2115 3499 2263 3555; x_wconf 90' lang='lat' dir='ltr'><strong>dnm.</strong></span> <span class='ocrx_word' id='word_1_720' title='bbox 2288 3500 2344 3555; x_wconf 90' lang='lat' dir='ltr'><strong>Si</strong></span> <span class='ocrx_word' id='word_1_721' title='bbox 2372 3500 2534 3567; x_wconf 88' lang='lat' dir='ltr'><strong>enim,</strong></span> <span class='ocrx_word' id='word_1_722' title='bbox 2563 3517 2685 3557; x_wconf 86' lang='lat' dir='ltr'><strong>cum</strong></span> <span class='ocrx_word' id='word_1_723' title='bbox 2713 3503 2833 3558; x_wconf 88' lang='lat' dir='ltr'><strong>talis</strong></span> <span class='ocrx_word' id='word_1_724' title='bbox 2851 3511 2923 3559; x_wconf 90' lang='lat' dir='ltr'><strong>stt</strong></span> <span class='ocrx_word' id='word_1_725' title='bbox 2947 3514 3157 3571; x_wconf 87' lang='lat' dir='ltr'><strong>natura,</strong></span> <span class='ocrx_word' id='word_1_726' title='bbox 3188 3507 3442 3562; x_wconf 86' lang='lat' dir='ltr'><strong>insensati</strong></span> <span class='ocrx_word' id='word_1_727' title='bbox 3467 3510 3616 3564; x_wconf 84' lang='lat' dir='ltr'><strong>multi</strong></span> <span class='ocrx_word' id='word_1_728' title='bbox 3648 3512 3703 3566; x_wconf 83' lang='lat' dir='ltr'><strong>in</strong></span> 
     </span>
    </p>
   </div>
   <div class='ocr_carea' id='block_1_96' title="bbox 2118 3595 3705 3672">
    <p class='ocr_par' dir='ltr' id='par_1_96' title="bbox 2118 3595 3705 3672">
     <span class='ocr_line' id='line_1_96' title="bbox 2118 3595 3705 3672; baseline 0.006 -25"><span class='ocrx_word' id='word_1_729' title='bbox 2118 3601 2320 3647; x_wconf 86' lang='lat' dir='ltr'><strong>tantam</strong></span> <span class='ocrx_word' id='word_1_730' title='bbox 2349 3595 2707 3664; x_wconf 84' lang='lat' dir='ltr'><strong>arrogantiam</strong></span> <span class='ocrx_word' id='word_1_731' title='bbox 2736 3595 3092 3663; x_wconf 84' lang='lat' dir='ltr'><strong>devenerunt,</strong></span> <span class='ocrx_word' id='word_1_732' title='bbox 3124 3607 3182 3652; x_wconf 90' lang='lat' dir='ltr'><strong>ut</strong></span> <span class='ocrx_word' id='word_1_733' title='bbox 3214 3613 3273 3653; x_wconf 89' lang='lat' dir='ltr'><strong>se</strong></span> <span class='ocrx_word' id='word_1_734' title='bbox 3316 3599 3426 3655; x_wconf 91' lang='lat' dir='ltr'><strong>Deo</strong></span> <span class='ocrx_word' id='word_1_735' title='bbox 3467 3602 3705 3672; x_wconf 78' lang='lat' dir='ltr'><strong>:equalcs</strong></span> 
     </span>
    </p>
   </div>
   <div class='ocr_carea' id='block_1_97' title="bbox 2122 3683 3704 3758">
    <p class='ocr_par' dir='ltr' id='par_1_97' title="bbox 2122 3683 3704 3758">
     <span class='ocr_line' id='line_1_97' title="bbox 2122 3683 3704 3758; baseline 0.007 -20"><span class='ocrx_word' id='word_1_736' title='bbox 2122 3683 2556 3754; x_wconf 87' lang='lat' dir='ltr'><strong>imaginarentur,</strong></span> <span class='ocrx_word' id='word_1_737' title='bbox 2580 3696 2633 3739; x_wconf 91' lang='lat' dir='ltr'><strong>et</strong></span> <span class='ocrx_word' id='word_1_738' title='bbox 2662 3685 2728 3740; x_wconf 90' lang='lat' dir='ltr'><strong>ad</strong></span> <span class='ocrx_word' id='word_1_739' title='bbox 2754 3687 2942 3740; x_wconf 78' lang='lat' dir='ltr'><strong>cadum</strong></span> <span class='ocrx_word' id='word_1_740' title='bbox 2960 3703 3180 3757; x_wconf 83' lang='lat' dir='ltr'><strong>scopum</strong></span> <span class='ocrx_word' id='word_1_741' title='bbox 3206 3689 3577 3758; x_wconf 85' lang='lat' dir='ltr'><strong>intenderent;</strong></span> <span class='ocrx_word' id='word_1_742' title='bbox 3602 3694 3704 3748; x_wconf 85' lang='lat' dir='ltr'><strong>nisi</strong></span> 
     </span>
    </p>
   </div>
   <div class='ocr_carea' id='block_1_98' title="bbox 2124 3773 3708 3855">
    <p class='ocr_par' dir='ltr' id='par_1_98' title="bbox 2124 3773 3708 3855">
     <span class='ocr_line' id='line_1_98' title="bbox 2124 3773 3708 3855; baseline 0.007 -26"><span class='ocrx_word' id='word_1_743' title='bbox 2124 3773 2225 3830; x_wconf 89' lang='lat' dir='ltr'><strong>hoc</strong></span> <span class='ocrx_word' id='word_1_744' title='bbox 2239 3775 2592 3831; x_wconf 88' lang='lat' dir='ltr'><strong>retinerentur</strong></span> <span class='ocrx_word' id='word_1_745' title='bbox 2604 3775 2774 3843; x_wconf 91' lang='lat' dir='ltr'><strong>freno,</strong></span> <span class='ocrx_word' id='word_1_746' title='bbox 2790 3793 3020 3848; x_wconf 90' lang='lat' dir='ltr'><strong>quonam</strong></span> <span class='ocrx_word' id='word_1_747' title='bbox 3037 3780 3327 3851; x_wconf 90' lang='lat' dir='ltr'><strong>iniquitatis</strong></span> <span class='ocrx_word' id='word_1_748' title='bbox 3342 3798 3447 3838; x_wconf 89' lang='lat' dir='ltr'><strong>non</strong></span> <span class='ocrx_word' id='word_1_749' title='bbox 3459 3799 3708 3855; x_wconf 82' lang='lat' dir='ltr'><strong>erumpe-</strong></span> 
     </span>
    </p>
   </div>
   <div class='ocr_carea' id='block_1_99' title="bbox 2123 3865 3706 3936">
    <p class='ocr_par' dir='ltr' id='par_1_99' title="bbox 2123 3865 3706 3936">
     <span class='ocr_line' id='line_1_99' title="bbox 2123 3865 3706 3936; baseline 0.007 -16"><span class='ocrx_word' id='word_1_750' title='bbox 2123 3867 2276 3921; x_wconf 82' lang='lat' dir='ltr'><strong>rent?</strong></span> <span class='ocrx_word' id='word_1_751' title='bbox 2303 3865 2486 3936; x_wconf 88' lang='lat' dir='ltr'><strong>Neque</strong></span> <span class='ocrx_word' id='word_1_752' title='bbox 2530 3866 2616 3922; x_wconf 91' lang='lat' dir='ltr'><strong>hic</strong></span> <span class='ocrx_word' id='word_1_753' title='bbox 2665 3876 2868 3922; x_wconf 90' lang='lat' dir='ltr'><strong>tantum</strong></span> <span class='ocrx_word' id='word_1_754' title='bbox 2900 3885 2995 3924; x_wconf 81' lang='lat' dir='ltr'><strong>rex</strong></span> <span class='ocrx_word' id='word_1_755' title='bbox 3015 3909 3030 3934; x_wconf 90' lang='lat'><strong>,</strong></span> <span class='ocrx_word' id='word_1_756' title='bbox 3064 3871 3158 3926; x_wconf 87' lang='lat' dir='ltr'><strong>sed</strong></span> <span class='ocrx_word' id='word_1_757' title='bbox 3190 3883 3239 3927; x_wconf 89' lang='lat' dir='ltr'><strong>et</strong></span> <span class='ocrx_word' id='word_1_758' title='bbox 3270 3872 3407 3929; x_wconf 87' lang='lat' dir='ltr'><strong>alius</strong></span> <span class='ocrx_word' id='word_1_759' title='bbox 3438 3875 3706 3931; x_wconf 71' lang='lat' dir='ltr'><strong>invenitur</strong></span> 
     </span>
    </p>
   </div>
   <div class='ocr_carea' id='block_1_100' title="bbox 2123 3956 3711 4034">
    <p class='ocr_par' dir='ltr' id='par_1_100' title="bbox 2123 3956 3711 4034">
     <span class='ocr_line' id='line_1_100' title="bbox 2123 3956 3711 4034; baseline 0.008 -24"><span class='ocrx_word' id='word_1_760' title='bbox 2123 3956 2353 4027; x_wconf 88' lang='lat' dir='ltr'><strong>idipsum</strong></span> <span class='ocrx_word' id='word_1_761' title='bbox 2385 3956 2485 4013; x_wconf 90' lang='lat' dir='ltr'><strong>sibi</strong></span> <span class='ocrx_word' id='word_1_762' title='bbox 2532 3958 2759 4030; x_wconf 86' lang='lat' dir='ltr'><strong>ﬁngens,</strong></span> <span class='ocrx_word' id='word_1_763' title='bbox 2791 3976 2947 4030; x_wconf 86' lang='lat' dir='ltr'><strong>quem</strong></span> <span class='ocrx_word' id='word_1_764' title='bbox 3001 3961 3139 4018; x_wconf 90' lang='lat' dir='ltr'><strong>alius</strong></span> <span class='ocrx_word' id='word_1_765' title='bbox 3169 3965 3426 4034; x_wconf 87' lang='lat' dir='ltr'><strong>propheta</strong></span> <span class='ocrx_word' id='word_1_766' title='bbox 3460 3966 3711 4023; x_wconf 69' lang='lat' dir='ltr'><strong>Ezechiel</strong></span> 
     </span>
    </p>
   </div>
   <div class='ocr_carea' id='block_1_101' title="bbox 2121 4048 3787 4125">
    <p class='ocr_par' dir='ltr' id='par_1_101' title="bbox 2121 4048 3787 4125">
     <span class='ocr_line' id='line_1_101' title="bbox 2121 4048 3787 4125; baseline 0.005 -20"><span class='ocrx_word' id='word_1_767' title='bbox 2121 4048 2201 4105; x_wconf 84' lang='lat' dir='ltr'><strong>sic</strong></span> <span class='ocrx_word' id='word_1_768' title='bbox 2228 4048 2456 4105; x_wconf 84' lang='lat' dir='ltr'><strong>traducit</strong></span> <span class='ocrx_word' id='word_1_769' title='bbox 2489 4068 2503 4104; x_wconf 90' lang='lat'><strong>:</strong></span> <span class='ocrx_word' id='word_1_770' title='bbox 2533 4050 2612 4105; x_wconf 85' lang='lat' dir='ltr'><strong>Tu</strong></span> <span class='ocrx_word' id='word_1_771' title='bbox 2639 4061 2806 4106; x_wconf 86' lang='lat' dir='ltr'><strong>autem</strong></span> <span class='ocrx_word' id='word_1_772' title='bbox 2827 4053 3022 4121; x_wconf 67' lang='lat' dir='ltr'><strong>dixisti,</strong></span> <span class='ocrx_word' id='word_1_773' title='bbox 3067 4054 3207 4112; x_wconf 84' lang='lat' dir='ltr'><strong>Deus</strong></span> <span class='ocrx_word' id='word_1_774' title='bbox 3246 4073 3381 4125; x_wconf 86' lang='lat' dir='ltr'><strong>sum,</strong></span> <span class='ocrx_word' id='word_1_775' title='bbox 3409 4075 3509 4113; x_wconf 89' lang='lat' dir='ltr'><strong>non</strong></span> <span class='ocrx_word' id='word_1_776' title='bbox 3531 4060 3702 4124; x_wconf 73' lang='lat' dir='ltr'><strong>homo,</strong></span> <span class='ocrx_word' id='word_1_777' title='bbox 3786 4072 3787 4075; x_wconf 79' lang='lat'>‘</span> 
     </span>
    </p>
   </div>
   <div class='ocr_carea' id='block_1_102' title="bbox 2120 4141 3708 4225">
    <p class='ocr_par' dir='ltr' id='par_1_102' title="bbox 2120 4141 3708 4225">
     <span class='ocr_line' id='line_1_102' title="bbox 2120 4141 3708 4225; baseline 0.008 -30"><span class='ocrx_word' id='word_1_778' title='bbox 2120 4141 2353 4196; x_wconf 80' lang='lat' dir='ltr'><strong>habitans</strong></span> <span class='ocrx_word' id='word_1_779' title='bbox 2374 4143 2427 4196; x_wconf 85' lang='lat' dir='ltr'><strong>in</strong></span> <span class='ocrx_word' id='word_1_780' title='bbox 2463 4144 2616 4198; x_wconf 88' lang='lat' dir='ltr'><strong>corde</strong></span> <span class='ocrx_word' id='word_1_781' title='bbox 2644 4154 2830 4200; x_wconf 70' lang='lat' dir='ltr'><strong>terrae:</strong></span> <span class='ocrx_word' id='word_1_782' title='bbox 2848 4162 2916 4200; x_wconf 87' lang='lat' dir='ltr'><strong>an</strong></span> <span class='ocrx_word' id='word_1_783' title='bbox 2956 4146 3009 4200; x_wconf 85' lang='lat' dir='ltr'><strong>in</strong></span> <span class='ocrx_word' id='word_1_784' title='bbox 3036 4164 3193 4204; x_wconf 86' lang='lat' dir='ltr'><strong>manu</strong></span> <span class='ocrx_word' id='word_1_785' title='bbox 3218 4159 3266 4205; x_wconf 89' lang='lat' dir='ltr'><strong>te</strong></span> <span class='ocrx_word' id='word_1_786' title='bbox 3312 4152 3708 4225; x_wconf 69' lang='lat' dir='ltr'><strong>confodiendum</strong></span> 
     </span>
    </p>
   </div>
   <div class='ocr_carea' id='block_1_103' title="bbox 2123 4235 3711 4315">
    <p class='ocr_par' dir='ltr' id='par_1_103' title="bbox 2123 4235 3711 4315">
     <span class='ocr_line' id='line_1_103' title="bbox 2123 4235 3711 4315; baseline 0.008 -25"><span class='ocrx_word' id='word_1_787' title='bbox 2123 4237 2278 4304; x_wconf 84' lang='lat' dir='ltr'><strong>dices,</strong></span> <span class='ocrx_word' id='word_1_788' title='bbox 2307 4235 2448 4292; x_wconf 87' lang='lat' dir='ltr'><strong>Deus</strong></span> <span class='ocrx_word' id='word_1_789' title='bbox 2497 4255 2629 4305; x_wconf 86' lang='lat' dir='ltr'><strong>sum,</strong></span> <span class='ocrx_word' id='word_1_790' title='bbox 2659 4255 2763 4294; x_wconf 87' lang='lat' dir='ltr'><strong>non</strong></span> <span class='ocrx_word' id='word_1_791' title='bbox 2794 4240 2944 4295; x_wconf 82' lang='lat' dir='ltr'><strong>homo</strong></span> <span class='ocrx_word' id='word_1_792' title='bbox 2975 4239 3191 4315; x_wconf 80' lang='lat' dir='ltr'><strong>(Ezech.</strong></span> <span class='ocrx_word' id='word_1_793' title='bbox 3233 4241 3324 4299; x_wconf 69' lang='grc' dir='ltr'><strong>εει</strong></span> <span class='ocrx_word' id='word_1_794' title='bbox 3371 4245 3476 4315; x_wconf 72' lang='lat'><strong>2)?</strong></span> <span class='ocrx_word' id='word_1_795' title='bbox 3520 4245 3711 4302; x_wconf 77' lang='lat' dir='ltr'><strong>Vidcn‘</strong></span> 
     </span>
    </p>
   </div>
   <div class='ocr_carea' id='block_1_104' title="bbox 2118 4329 3705 4410">
    <p class='ocr_par' dir='ltr' id='par_1_104' title="bbox 2118 4329 3705 4410">
     <span class='ocr_line' id='line_1_104' title="bbox 2118 4329 3705 4410; baseline 0.008 -27"><span class='ocrx_word' id='word_1_796' title='bbox 2118 4329 2387 4400; x_wconf 90' lang='lat' dir='ltr'><strong>quomodo</strong></span> <span class='ocrx_word' id='word_1_797' title='bbox 2413 4329 2499 4385; x_wconf 91' lang='lat' dir='ltr'><strong>hic</strong></span> <span class='ocrx_word' id='word_1_798' title='bbox 2524 4332 2686 4387; x_wconf 90' lang='lat' dir='ltr'><strong>etiam</strong></span> <span class='ocrx_word' id='word_1_799' title='bbox 2699 4332 3073 4402; x_wconf 88' lang='lat' dir='ltr'><strong>subindicavit,</strong></span> <span class='ocrx_word' id='word_1_800' title='bbox 3098 4348 3326 4394; x_wconf 87' lang='lat' dir='ltr'><strong>mortem</strong></span> <span class='ocrx_word' id='word_1_801' title='bbox 3353 4338 3475 4394; x_wconf 91' lang='lat' dir='ltr'><strong>ideo</strong></span> <span class='ocrx_word' id='word_1_802' title='bbox 3492 4339 3705 4410; x_wconf 82' lang='lat' dir='ltr'><strong>ingres-</strong></span> 
     </span>
    </p>
   </div>
   <div class='ocr_carea' id='block_1_105' title="bbox 2117 4424 3705 4495">
    <p class='ocr_par' dir='ltr' id='par_1_105' title="bbox 2117 4424 3705 4495">
     <span class='ocr_line' id='line_1_105' title="bbox 2117 4424 3705 4495; baseline 0.007 -20"><span class='ocrx_word' id='word_1_803' title='bbox 2117 4435 2230 4475; x_wconf 91' lang='lat' dir='ltr'><strong>sam</strong></span> <span class='ocrx_word' id='word_1_804' title='bbox 2259 4434 2398 4485; x_wconf 89' lang='lat' dir='ltr'><strong>csse,</strong></span> <span class='ocrx_word' id='word_1_805' title='bbox 2424 4430 2484 4476; x_wconf 90' lang='lat' dir='ltr'><strong>ut</strong></span> <span class='ocrx_word' id='word_1_806' title='bbox 2497 4424 2854 4493; x_wconf 87' lang='lat' dir='ltr'><strong>arrogantiam</strong></span> <span class='ocrx_word' id='word_1_807' title='bbox 2876 4427 3254 4495; x_wconf 89' lang='lat' dir='ltr'><strong>comprimeret</strong></span> <span class='ocrx_word' id='word_1_808' title='bbox 3272 4437 3327 4484; x_wconf 90' lang='lat' dir='ltr'><strong>ut</strong></span> <span class='ocrx_word' id='word_1_809' title='bbox 3353 4430 3545 4485; x_wconf 72' lang='lat' dir='ltr'><strong>malum</strong></span> <span class='ocrx_word' id='word_1_810' title='bbox 3564 4432 3705 4486; x_wconf 89' lang='lat' dir='ltr'><strong>illam</strong></span> 
     </span>
    </p>
   </div>
   <div class='ocr_carea' id='block_1_106' title="bbox 2119 4513 3708 4591">
    <p class='ocr_par' dir='ltr' id='par_1_106' title="bbox 2119 4513 3708 4591">
     <span class='ocr_line' id='line_1_106' title="bbox 2119 4513 3708 4591; baseline 0.008 -25"><span class='ocrx_word' id='word_1_811' title='bbox 2119 4513 2522 4581; x_wconf 86' lang='lat' dir='ltr'><strong>cogitationem,</strong></span> <span class='ocrx_word' id='word_1_812' title='bbox 2555 4528 2712 4584; x_wconf 85' lang='lat' dir='ltr'><strong>quam</strong></span> <span class='ocrx_word' id='word_1_813' title='bbox 2760 4514 2828 4571; x_wconf 90' lang='lat' dir='ltr'><strong>ab</strong></span> <span class='ocrx_word' id='word_1_814' title='bbox 2854 4515 3006 4571; x_wconf 91' lang='lat' dir='ltr'><strong>initio</strong></span> <span class='ocrx_word' id='word_1_815' title='bbox 3045 4517 3097 4572; x_wconf 92' lang='lat' dir='ltr'><strong>in</strong></span> <span class='ocrx_word' id='word_1_816' title='bbox 3131 4519 3302 4588; x_wconf 90' lang='lat' dir='ltr'><strong>primo</strong></span> <span class='ocrx_word' id='word_1_817' title='bbox 3331 4533 3554 4591; x_wconf 80' lang='lat' dir='ltr'><strong>parente</strong></span> <span class='ocrx_word' id='word_1_818' title='bbox 3576 4524 3708 4578; x_wconf 80' lang='lat' dir='ltr'><strong>inse-</strong></span> 
     </span>
    </p>
   </div>
   <div class='ocr_carea' id='block_1_107' title="bbox 2120 4604 3703 4670">
    <p class='ocr_par' dir='ltr' id='par_1_107' title="bbox 2120 4604 3703 4670">
     <span class='ocr_line' id='line_1_107' title="bbox 2120 4604 3703 4670; baseline 0.006 -12"><span class='ocrx_word' id='word_1_819' title='bbox 2120 4605 2227 4658; x_wconf 88' lang='lat' dir='ltr'><strong>ruit</strong></span> <span class='ocrx_word' id='word_1_820' title='bbox 2255 4604 2516 4670; x_wconf 89' lang='lat' dir='ltr'><strong>diabolus,</strong></span> <span class='ocrx_word' id='word_1_821' title='bbox 2541 4605 2795 4662; x_wconf 89' lang='lat' dir='ltr'><strong>radicitus</strong></span> <span class='ocrx_word' id='word_1_822' title='bbox 2823 4608 3119 4664; x_wconf 88' lang='lat' dir='ltr'><strong>evelleret?</strong></span> <span class='ocrx_word' id='word_1_823' title='bbox 3159 4610 3366 4664; x_wconf 87' lang='lat' dir='ltr'><strong>Etenim</strong></span> <span class='ocrx_word' id='word_1_824' title='bbox 3409 4612 3703 4667; x_wconf 78' lang='lat' dir='ltr'><strong>idololatria</strong></span> 
     </span>
    </p>
   </div>
   <div class='ocr_carea' id='block_1_108' title="bbox 2120 4694 3704 4769">
    <p class='ocr_par' dir='ltr' id='par_1_108' title="bbox 2120 4694 3704 4769">
     <span class='ocr_line' id='line_1_108' title="bbox 2120 4694 3704 4769; baseline 0.004 -20"><span class='ocrx_word' id='word_1_825' title='bbox 2120 4710 2332 4766; x_wconf 85' lang='lat' dir='ltr'><strong>quoque</strong></span> <span class='ocrx_word' id='word_1_826' title='bbox 2371 4694 2501 4751; x_wconf 88' lang='lat' dir='ltr'><strong>hinc</strong></span> <span class='ocrx_word' id='word_1_827' title='bbox 2544 4705 2718 4752; x_wconf 88' lang='lat' dir='ltr'><strong>ortum</strong></span> <span class='ocrx_word' id='word_1_828' title='bbox 2749 4697 2954 4765; x_wconf 89' lang='lat' dir='ltr'><strong>habuit,</strong></span> <span class='ocrx_word' id='word_1_829' title='bbox 2995 4714 3115 4769; x_wconf 72' lang='lat' dir='ltr'><strong>qum</strong></span> <span class='ocrx_word' id='word_1_830' title='bbox 3146 4700 3501 4756; x_wconf 89' lang='lat' dir='ltr'><strong>humanorum</strong></span> <span class='ocrx_word' id='word_1_831' title='bbox 3534 4705 3704 4759; x_wconf 84' lang='lat' dir='ltr'><strong>malo-</strong></span> 
     </span>
    </p>
   </div>
   <div class='ocr_carea' id='block_1_109' title="bbox 2121 4788 3711 4861">
    <p class='ocr_par' dir='ltr' id='par_1_109' title="bbox 2121 4788 3711 4861">
     <span class='ocr_line' id='line_1_109' title="bbox 2121 4788 3711 4861; baseline 0.004 -19"><span class='ocrx_word' id='word_1_832' title='bbox 2121 4803 2240 4842; x_wconf 85' lang='lat' dir='ltr'><strong>rum</strong></span> <span class='ocrx_word' id='word_1_833' title='bbox 2269 4788 2535 4858; x_wconf 92' lang='lat' dir='ltr'><strong>colophon</strong></span> <span class='ocrx_word' id='word_1_834' title='bbox 2565 4799 2670 4857; x_wconf 91' lang='lat' dir='ltr'><strong>est,</strong></span> <span class='ocrx_word' id='word_1_835' title='bbox 2718 4790 2861 4860; x_wconf 86' lang='lat' dir='ltr'><strong>quod</strong></span> <span class='ocrx_word' id='word_1_836' title='bbox 2901 4791 3057 4846; x_wconf 91' lang='lat' dir='ltr'><strong>multi</strong></span> <span class='ocrx_word' id='word_1_837' title='bbox 3092 4793 3142 4846; x_wconf 90' lang='lat' dir='ltr'><strong>in</strong></span> <span class='ocrx_word' id='word_1_838' title='bbox 3169 4794 3526 4861; x_wconf 86' lang='lat' dir='ltr'><strong>arrOgautiam</strong></span> <span class='ocrx_word' id='word_1_839' title='bbox 3555 4794 3711 4861; x_wconf 72' lang='lat' dir='ltr'><strong>elati,</strong></span> 
     </span>
    </p>
   </div>
   <div class='ocr_carea' id='block_1_110' title="bbox 2118 4878 3702 4951">
    <p class='ocr_par' dir='ltr' id='par_1_110' title="bbox 2118 4878 3702 4951">
     <span class='ocr_line' id='line_1_110' title="bbox 2118 4878 3702 4951; baseline 0.004 -19"><span class='ocrx_word' id='word_1_840' title='bbox 2118 4878 2477 4948; x_wconf 64' lang='lat' dir='ltr'><strong>aequalitatem</strong></span> <span class='ocrx_word' id='word_1_841' title='bbox 2518 4895 2640 4934; x_wconf 93' lang='lat' dir='ltr'><strong>cum</strong></span> <span class='ocrx_word' id='word_1_842' title='bbox 2701 4880 2811 4936; x_wconf 90' lang='lat' dir='ltr'><strong>Deo</strong></span> <span class='ocrx_word' id='word_1_843' title='bbox 2866 4882 3259 4951; x_wconf 85' lang='lat' dir='ltr'><strong>concupierint.</strong></span> <span class='ocrx_word' id='word_1_844' title='bbox 3310 4880 3510 4937; x_wconf 89' lang='lat' dir='ltr'><strong>Omnes</strong></span> <span class='ocrx_word' id='word_1_845' title='bbox 3561 4884 3702 4938; x_wconf 87' lang='lat' dir='ltr'><strong>enim</strong></span> 
     </span>
    </p>
   </div>
   <div class='ocr_carea' id='block_1_111' title="bbox 2120 4970 3703 5040">
    <p class='ocr_par' dir='ltr' id='par_1_111' title="bbox 2120 4970 3703 5040">
     <span class='ocr_line' id='line_1_111' title="bbox 2120 4970 3703 5040; baseline 0.004 -18"><span class='ocrx_word' id='word_1_846' title='bbox 2120 4972 2208 5040; x_wconf 89' lang='lat' dir='ltr'><strong>qui</strong></span> <span class='ocrx_word' id='word_1_847' title='bbox 2257 4972 2397 5040; x_wconf 87' lang='lat' dir='ltr'><strong>apud</strong></span> <span class='ocrx_word' id='word_1_848' title='bbox 2437 4970 2656 5028; x_wconf 68' lang='grc' dir='ltr'><strong>ϐτιρεος</strong></span> <span class='ocrx_word' id='word_1_849' title='bbox 2706 4971 2780 5027; x_wconf 90' lang='lat' dir='ltr'><strong>dii</strong></span> <span class='ocrx_word' id='word_1_850' title='bbox 2833 4982 2975 5037; x_wconf 90' lang='lat' dir='ltr'><strong>sunt,</strong></span> <span class='ocrx_word' id='word_1_851' title='bbox 3025 4973 3094 5027; x_wconf 91' lang='lat' dir='ltr'><strong>ah</strong></span> <span class='ocrx_word' id='word_1_852' title='bbox 3135 4973 3448 5029; x_wconf 83' lang='lat' dir='ltr'><strong>hominibus</strong></span> <span class='ocrx_word' id='word_1_853' title='bbox 3491 4977 3703 5029; x_wconf 85' lang='lat' dir='ltr'><strong>conficti</strong></span> 
     </span>
    </p>
   </div>
   <div class='ocr_carea' id='block_1_112' title="bbox 2120 5062 3704 5136">
    <p class='ocr_par' dir='ltr' id='par_1_112' title="bbox 2120 5062 3704 5136">
     <span class='ocr_line' id='line_1_112' title="bbox 2120 5062 3704 5136; baseline 0.004 -21"><span class='ocrx_word' id='word_1_854' title='bbox 2120 5062 2267 5116; x_wconf 88' lang='lat' dir='ltr'><strong>fuere</strong></span> <span class='ocrx_word' id='word_1_855' title='bbox 2288 5081 2301 5115; x_wconf 91' lang='lat'><strong>:</strong></span> <span class='ocrx_word' id='word_1_856' title='bbox 2321 5063 2465 5133; x_wconf 90' lang='lat' dir='ltr'><strong>quod</strong></span> <span class='ocrx_word' id='word_1_857' title='bbox 2495 5079 2562 5119; x_wconf 90' lang='lat' dir='ltr'><strong>ne</strong></span> <span class='ocrx_word' id='word_1_858' title='bbox 2586 5065 2849 5128; x_wconf 88' lang='lat' dir='ltr'><strong>eveniret,</strong></span> <span class='ocrx_word' id='word_1_859' title='bbox 2875 5072 3101 5119; x_wconf 89' lang='lat' dir='ltr'><strong>mortem</strong></span> <span class='ocrx_word' id='word_1_860' title='bbox 3130 5065 3378 5134; x_wconf 90' lang='lat' dir='ltr'><strong>opposuit</strong></span> <span class='ocrx_word' id='word_1_861' title='bbox 3403 5066 3560 5131; x_wconf 87' lang='lat' dir='ltr'><strong>Deus,</strong></span> <span class='ocrx_word' id='word_1_862' title='bbox 3586 5084 3704 5136; x_wconf 68' lang='lat' dir='ltr'><strong>quae</strong></span> 
     </span>
    </p>
   </div>
   <div class='ocr_carea' id='block_1_113' title="bbox 2120 5149 3705 5225">
    <p class='ocr_par' dir='ltr' id='par_1_113' title="bbox 2120 5149 3705 5225">
     <span class='ocr_line' id='line_1_113' title="bbox 2120 5149 3705 5225; baseline 0.004 -20"><span class='ocrx_word' id='word_1_863' title='bbox 2120 5152 2480 5208; x_wconf 86' lang='lat' dir='ltr'><strong>infirmitatem</strong></span> <span class='ocrx_word' id='word_1_864' title='bbox 2497 5166 2698 5209; x_wconf 83' lang='lat' dir='ltr'><strong>naturae</strong></span> <span class='ocrx_word' id='word_1_865' title='bbox 2719 5149 3705 5225; x_wconf 83' lang='lat' dir='ltr'><strong>comprobant.ldeo-unigenitusFilius</strong></span> 
     </span>
    </p>
   </div>
   <div class='ocr_carea' id='block_1_114' title="bbox 2122 5246 3700 5320">
    <p class='ocr_par' dir='ltr' id='par_1_114' title="bbox 2122 5246 3700 5320">
     <span class='ocr_line' id='line_1_114' title="bbox 2122 5246 3700 5320; baseline 0.004 -20"><span class='ocrx_word' id='word_1_866' title='bbox 2122 5246 2239 5314; x_wconf 90' lang='lat' dir='ltr'><strong>Dei,</strong></span> <span class='ocrx_word' id='word_1_867' title='bbox 2262 5247 2621 5317; x_wconf 88' lang='lat' dir='ltr'><strong>arrogantiam</strong></span> <span class='ocrx_word' id='word_1_868' title='bbox 2649 5247 2955 5317; x_wconf 89' lang='lat' dir='ltr'><strong>deprimens</strong></span> <span class='ocrx_word' id='word_1_869' title='bbox 2978 5247 3100 5303; x_wconf 90' lang='lat' dir='ltr'><strong>talia</strong></span> <span class='ocrx_word' id='word_1_870' title='bbox 3143 5248 3417 5319; x_wconf 83' lang='lat' dir='ltr'><strong>ingressus</strong></span> <span class='ocrx_word' id='word_1_871' title='bbox 3444 5253 3700 5320; x_wconf 69' lang='lat' dir='ltr'><strong>prooemia</strong></span> 
     </span>
    </p>
   </div>
   <div class='ocr_carea' id='block_1_115' title="bbox 2119 5343 3706 5412">
    <p class='ocr_par' dir='ltr' id='par_1_115' title="bbox 2119 5343 3706 5412">
     <span class='ocr_line' id='line_1_115' title="bbox 2119 5343 3706 5412; baseline 0.002 -17"><span class='ocrx_word' id='word_1_872' title='bbox 2119 5343 2394 5412; x_wconf 85' lang='lat' dir='ltr'><strong>apparavit</strong></span> <span class='ocrx_word' id='word_1_873' title='bbox 2424 5349 2480 5395; x_wconf 90' lang='lat' dir='ltr'><strong>ut</strong></span> <span class='ocrx_word' id='word_1_874' title='bbox 2519 5350 2794 5411; x_wconf 89' lang='lat' dir='ltr'><strong>pateretur</strong></span> <span class='ocrx_word' id='word_1_875' title='bbox 2823 5343 3112 5412; x_wconf 80' lang='lat' dir='ltr'><strong>tugurium,</strong></span> <span class='ocrx_word' id='word_1_876' title='bbox 3158 5352 3545 5412; x_wconf 86' lang='lat' dir='ltr'><strong>paupertatem,</strong></span> <span class='ocrx_word' id='word_1_877' title='bbox 3591 5358 3706 5398; x_wconf 86' lang='lat' dir='ltr'><strong>ma-</strong></span> 
     </span>
    </p>
   </div>
   <div class='ocr_carea' id='block_1_116' title="bbox 2121 5432 3709 5503">
    <p class='ocr_par' dir='ltr' id='par_1_116' title="bbox 2121 5432 3709 5503">
     <span class='ocr_line' id='line_1_116' title="bbox 2121 5432 3709 5503; baseline 0.002 -16"><span class='ocrx_word' id='word_1_878' title='bbox 2121 5443 2253 5488; x_wconf 82' lang='lat' dir='ltr'><strong>trem</strong></span> <span class='ocrx_word' id='word_1_879' title='bbox 2284 5434 2495 5503; x_wconf 84' lang='lat' dir='ltr'><strong>inopem</strong></span> <span class='ocrx_word' id='word_1_880' title='bbox 2530 5449 2544 5486; x_wconf 91' lang='lat'><strong>:</strong></span> <span class='ocrx_word' id='word_1_881' title='bbox 2580 5447 2673 5500; x_wconf 88' lang='lat' dir='ltr'><strong>per</strong></span> <span class='ocrx_word' id='word_1_882' title='bbox 2708 5447 2869 5501; x_wconf 90' lang='lat' dir='ltr'><strong>opera</strong></span> <span class='ocrx_word' id='word_1_883' title='bbox 2900 5433 3148 5487; x_wconf 90' lang='lat' dir='ltr'><strong>omnibus</strong></span> <span class='ocrx_word' id='word_1_884' title='bbox 3187 5432 3420 5488; x_wconf 84' lang='lat' dir='ltr'><strong>suadens</strong></span> <span class='ocrx_word' id='word_1_885' title='bbox 3450 5442 3507 5488; x_wconf 86' lang='lat' dir='ltr'><strong>ut</strong></span> <span class='ocrx_word' id='word_1_886' title='bbox 3532 5436 3709 5489; x_wconf 65' lang='lat' dir='ltr'><strong>exica-</strong></span> 
     </span>
    </p>
   </div>
   <div class='ocr_carea' id='block_1_117' title="bbox 2119 5524 3706 5595">
    <p class='ocr_par' dir='ltr' id='par_1_117' title="bbox 2119 5524 3706 5595">
     <span class='ocr_line' id='line_1_117' title="bbox 2119 5524 3706 5595; baseline 0.002 -16"><span class='ocrx_word' id='word_1_887' title='bbox 2119 5534 2239 5580; x_wconf 89' lang='lat' dir='ltr'><strong>rent</strong></span> <span class='ocrx_word' id='word_1_888' title='bbox 2276 5526 2566 5578; x_wconf 86' lang='lat' dir='ltr'><strong>humanum</strong></span> <span class='ocrx_word' id='word_1_889' title='bbox 2614 5524 2804 5577; x_wconf 88' lang='lat' dir='ltr'><strong>fastum</strong></span> <span class='ocrx_word' id='word_1_890' title='bbox 2840 5533 2935 5578; x_wconf 86' lang='lat' dir='ltr'><strong>:et</strong></span> <span class='ocrx_word' id='word_1_891' title='bbox 2992 5538 3112 5578; x_wconf 90' lang='lat' dir='ltr'><strong>cum</strong></span> <span class='ocrx_word' id='word_1_892' title='bbox 3155 5524 3483 5593; x_wconf 85' lang='lat' dir='ltr'><strong>advenisset,</strong></span> <span class='ocrx_word' id='word_1_893' title='bbox 3531 5529 3706 5595; x_wconf 89' lang='lat' dir='ltr'><strong>primo</strong></span> 
     </span>
    </p>
   </div>
   <div class='ocr_carea' id='block_1_118' title="bbox 2119 5615 3701 5685">
    <p class='ocr_par' dir='ltr' id='par_1_118' title="bbox 2119 5615 3701 5685">
     <span class='ocr_line' id='line_1_118' title="bbox 2119 5615 3701 5685; baseline 0.002 -14"><span class='ocrx_word' id='word_1_894' title='bbox 2119 5616 2375 5671; x_wconf 88' lang='lat' dir='ltr'><strong>barbaros</strong></span> <span class='ocrx_word' id='word_1_895' title='bbox 2397 5624 2570 5669; x_wconf 86' lang='lat' dir='ltr'><strong>vocat.</strong></span> <span class='ocrx_word' id='word_1_896' title='bbox 2597 5616 2705 5670; x_wconf 89' lang='lat' dir='ltr'><strong>Cur</strong></span> <span class='ocrx_word' id='word_1_897' title='bbox 2731 5624 2785 5669; x_wconf 89' lang='lat' dir='ltr'><strong>et</strong></span> <span class='ocrx_word' id='word_1_898' title='bbox 2810 5630 2910 5685; x_wconf 87' lang='lat' dir='ltr'><strong>qua</strong></span> <span class='ocrx_word' id='word_1_899' title='bbox 2932 5615 2999 5669; x_wconf 91' lang='lat' dir='ltr'><strong>de</strong></span> <span class='ocrx_word' id='word_1_900' title='bbox 3019 5616 3216 5669; x_wconf 88' lang='lat' dir='ltr'><strong>causa?</strong></span> <span class='ocrx_word' id='word_1_901' title='bbox 3241 5616 3373 5684; x_wconf 86' lang='lat' dir='ltr'><strong>Quia</strong></span> <span class='ocrx_word' id='word_1_902' title='bbox 3416 5618 3553 5672; x_wconf 87' lang='lat' dir='ltr'><strong>male</strong></span> <span class='ocrx_word' id='word_1_903' title='bbox 3574 5619 3701 5674; x_wconf 72' lang='lat' dir='ltr'><strong>affe-</strong></span> 
     </span>
    </p>
   </div>
   <div class='ocr_carea' id='block_1_119' title="bbox 2118 5706 3697 5776">
    <p class='ocr_par' dir='ltr' id='par_1_119' title="bbox 2118 5706 3697 5776">
     <span class='ocr_line' id='line_1_119' title="bbox 2118 5706 3697 5776; baseline 0.003 -14"><span class='ocrx_word' id='word_1_904' title='bbox 2118 5719 2260 5762; x_wconf 90' lang='lat' dir='ltr'><strong>ctmu</strong></span> <span class='ocrx_word' id='word_1_905' title='bbox 2285 5717 2397 5760; x_wconf 87' lang='lat' dir='ltr'><strong>erat</strong></span> <span class='ocrx_word' id='word_1_906' title='bbox 2421 5707 2707 5760; x_wconf 89' lang='lat' dir='ltr'><strong>humanum</strong></span> <span class='ocrx_word' id='word_1_907' title='bbox 2726 5721 2895 5776; x_wconf 86' lang='lat' dir='ltr'><strong>genus</strong></span> <span class='ocrx_word' id='word_1_908' title='bbox 2921 5706 3129 5773; x_wconf 89' lang='lat' dir='ltr'><strong>(rursus</strong></span> <span class='ocrx_word' id='word_1_909' title='bbox 3151 5709 3292 5762; x_wconf 89' lang='lat' dir='ltr'><strong>enim</strong></span> <span class='ocrx_word' id='word_1_910' title='bbox 3317 5709 3562 5764; x_wconf 90' lang='lat' dir='ltr'><strong>eumdem</strong></span> <span class='ocrx_word' id='word_1_911' title='bbox 3610 5726 3697 5766; x_wconf 86' lang='lat' dir='ltr'><strong>re-</strong></span> 
     </span>
    </p>
   </div>
   <div class='ocr_carea' id='block_1_120' title="bbox 2119 5798 3700 5873">
    <p class='ocr_par' dir='ltr' id='par_1_120' title="bbox 2119 5798 3700 5873">
     <span class='ocr_line' id='line_1_120' title="bbox 2119 5798 3700 5873; baseline 0.003 -20"><span class='ocrx_word' id='word_1_912' title='bbox 2119 5814 2325 5854; x_wconf 83' lang='lat' dir='ltr'><strong>sumam</strong></span> <span class='ocrx_word' id='word_1_913' title='bbox 2350 5815 2423 5852; x_wconf 83' lang='lat' dir='ltr'><strong>SCl</strong></span> <span class='ocrx_word' id='word_1_914' title='bbox 2442 5798 2699 5868; x_wconf 82' lang='lat' dir='ltr'><strong>mouent),</strong></span> <span class='ocrx_word' id='word_1_915' title='bbox 2728 5809 2783 5852; x_wconf 83' lang='lat' dir='ltr'><strong>et</strong></span> <span class='ocrx_word' id='word_1_916' title='bbox 2810 5813 2999 5853; x_wconf 87' lang='lat' dir='ltr'><strong>omnes</strong></span> <span class='ocrx_word' id='word_1_917' title='bbox 3025 5798 3093 5854; x_wconf 88' lang='lat' dir='ltr'><strong>de</strong></span> <span class='ocrx_word' id='word_1_918' title='bbox 3123 5802 3294 5855; x_wconf 74' lang='lat' dir='ltr'><strong>salute</strong></span> <span class='ocrx_word' id='word_1_919' title='bbox 3322 5802 3700 5873; x_wconf 79' lang='lat' dir='ltr'><strong>chperaliant.</strong></span> 
     </span>
    </p>
   </div>
   <div class='ocr_carea' id='block_1_121' title="bbox 2117 5890 3696 5962">
    <p class='ocr_par' dir='ltr' id='par_1_121' title="bbox 2117 5890 3696 5962">
     <span class='ocr_line' id='line_1_121' title="bbox 2117 5890 3696 5962; baseline 0.001 -13"><span class='ocrx_word' id='word_1_920' title='bbox 2117 5894 2296 5952; x_wconf 79' lang='lat' dir='ltr'><strong>Primo</strong></span> <span class='ocrx_word' id='word_1_921' title='bbox 2321 5892 2517 5949; x_wconf 82' lang='lat' dir='ltr'><strong>diaboli</strong></span> <span class='ocrx_word' id='word_1_922' title='bbox 2530 5891 2818 5960; x_wconf 82' lang='lat' dir='ltr'><strong>acropoltm</strong></span> <span class='ocrx_word' id='word_1_923' title='bbox 2843 5898 2897 5947; x_wconf 83' lang='lat' dir='ltr'><strong>ct</strong></span> <span class='ocrx_word' id='word_1_924' title='bbox 2916 5890 3210 5948; x_wconf 86' lang='lat' dir='ltr'><strong>sortissitua</strong></span> <span class='ocrx_word' id='word_1_925' title='bbox 3232 5893 3504 5962; x_wconf 78' lang='lat' dir='ltr'><strong>rjusaruia</strong></span> <span class='ocrx_word' id='word_1_926' title='bbox 3533 5906 3696 5951; x_wconf 68' lang='lat' dir='ltr'><strong>trans-</strong></span> 
     </span>
    </p>
   </div>
  </div>
