3966 6160
324 393 422 450 5οἹ

324 517 452 581 fert,
506 521 565 570 ut
603 512 825 577 aliorum
866 523 1022 565 nemo
1065 509 1394 578 desperaret.
1438 503 1689 574 Alioquin
1733 501 1894 556 etiam

320 618 373 664 nt
401 606 568 664 Judaei
599 605 800 676 pudore
826 602 1146 663 afficiantur,
1165 600 1214 654 id
1245 596 1479 666 ﬁt,quod
1511 592 1610 666 ipSi
1635 592 1894 649 accedere

318 700 655 761 dubitarent;
682 695 882 749 bivero
905 694 1116 761 longam
1142 689 1625 761 peregrinationem
1654 701 1899 755 suscepe-

317 801 460 857 rant,
489 800 544 845 ut
576 791 722 844 illum
755 787 995 842 viderent
1031 799 1084 840 et
1115 784 1404 839 adorarent
1433 797 1444 833 :
1470 789 1524 834 et
1551 778 1897 834 circumeun-

316 893 398 936 tes
445 881 626 936 dicunt
653 923 666 944 ,
726 878 826 934 Ubi
873 887 946 932 est
985 886 1070 946 qui
1108 886 1255 930 natus
1313 883 1386 927 est
1437 870 1547 925 Rea:
1591 868 1900 924 Jtula'orum

315 973 528 1042 (Matth.
549 973 607 1027 9..
625 972 680 1039 2)
696 972 718 1010 ⁸³

387 1067 440 1120 5.
471 1064 573 1119 Cur
611 1063 841 1118 Christus
870 1061 1030 1131 primo
1054 1076 1084 1111 α
1114 1057 1274 1128 magis
1303 1053 1529 1110 barbaris
1551 1052 1894 1107 anmmtietur.

316 1158 480 1213 Stella
497 1173 606 1227 qua:
630 1157 789 1226 magis
815 1154 1075 1224 apparuit,
1094 1151 1215 1222 quid
1230 1160 1377 1204 esset.
1393 1149 1494 1203 Cur
1515 1146 1706 1200 Paulus
1719 1143 1896 1199 Timo-

315 1251 482 1304 theum
507 1247 894 1302 circumcideril.
923 1274 991 1285 —
1019 1243 1063 1298 0
1085 1256 1171 1297 res
1193 1239 1463 1295 mirabiles
1485 1247 1537 1294 et
1560 1239 1895 1306 inexspecta-

317 1352 383 1394 ta:
404 1342 418 1394 1
442 1356 536 1410 per
549 1339 828 1393 barbaram
852 1350 1034 1389 vocem
1053 1334 1278 1404 primam
1306 1329 1610 1400 unigenitus
1623 1327 1787 1381 Filius
1808 1326 1896 1380 llei

315 1431 566 1488 iuJudara
587 1426 1023 1500 prtedicaturatbi
1041 1423 1337 1494 prophetae,
1355 1419 1686 1492 patriarchae,
1703 1430 1750 1472 et
1770 1417 1897 1488 justi

315 1532 372 1578 et
391 1524 496 1589 lex,
524 1537 666 1585 arca,
691 1528 1094 1582 testamentum,
1111 1515 1392 1586 templum.
1411 1511 1755 1574 sacriﬁcium,
1781 1511 1898 1564 cul-

318 1625 427 1669 tus:
457 1613 598 1666 etilli
629 1609 946 1681 quidemqui
976 1609 1028 1662 111
1048 1605 1391 1662 hisinuutriti
1413 1611 1585 1669 erant,
1612 1617 1639 1655 a
1659 1599 1901 1656 barbaris

318 1704 491 1759 edocti
521 1702 834 1758 erudiuntur
863 1719 875 1754 :
908 1700 996 1770 qui
1027 1713 1155 1754 vero
1182 1697 1382 1750 nullum
1411 1709 1596 1748 eorum
1632 1691 1715 1746 vel
1749 1690 1899 1760 cogi-

319 1806 496 1852 taruut
517 1797 755 1868 quidem,
778 1795 1029 1850 doctores
1042 1793 1158 1850 luce
1175 1789 1543 1847 meditantittm
1567 1788 1896 1844 efﬁciuntur.

316 1888 442 1964 ideo
469 1889 751 1943 traducem
793 1887 914 1941 illos
945 1885 1204 1956 propheta
1235 1882 1399 1938 David
1429 1881 1643 1936 dicebat
1676 1897 1688 1933 :
1726 1880 1901 1944 Quare

315 1984 624 2050 fremuerunt
645 1987 834 2049 gentes,
860 1986 905 2032 et
924 1975 1102 2047 pepuli
1132 1975 1357 2029 meditati
1384 1982 1498 2027 sunt
1525 1971 1698 2025 inania
1721 1969 1897 2042 (Psal.

313 2073 369 2126 9..
398 2071 493 2142 l)?
520 2071 801 2140 Quomodo
829 2071 971 2125 enim
1003 2085 1136 2124 vana
1169 2077 1346 2124 mente
1368 2069 1482 2123 lucc
1508 2073 1898 2131 tractaverunt,

313 2166 403 2236 qui
435 2181 579 2231 eum,
608 2163 698 2234 qui
724 2179 753 2218 a
784 2162 1058 2233 prophetis
1083 2160 1427 2216 annuntiatus
1471 2170 1584 2215 erat
1612 2200 1628 2226 ,
1660 2171 1766 2213 non
1816 2173 1903 2214 re-

314 2257 618 2326 ceperunt?
647 2259 716 2312 At
743 2258 812 2311 ita
839 2271 945 2310 non
969 2255 1143 2325 magi;
1177 2253 1270 2307 sed
1303 2253 1396 2319 illi,
1427 2253 1613 2308 relicta
1649 2250 1819 2322 patria
1847 2259 1903 2306 et

314 2353 476 2408 domo
496 2361 552 2407 et
591 2351 777 2405 amicis
807 2357 861 2404 et
888 2348 1148 2419 cognatis,
1181 2361 1244 2401 ac
1283 2347 1440 2413 longa
1471 2353 1718 2414 suscepta
1750 2357 1904 2413 pere-

315 2443 636 2513 grinatione,
665 2441 716 2495 in
739 2439 973 2511 pericula
997 2454 1056 2493 se
1082 2437 1450 2508 conjecerunt.
1469 2435 1601 2491 Nam
1629 2436 1680 2489 in
1702 2437 1901 2505 regiam

319 2535 509 2590 urbem
541 2535 826 2588 venientes
851 2531 1249 2601 interrogabant
1281 2529 1369 2584 ubi
1413 2545 1508 2584 rex
1538 2538 1696 2584 natus
1725 2539 1899 2594 esset;

318 2639 426 2681 non
455 2624 594 2695 regis
621 2634 748 2678 tunc
777 2621 1049 2692 regnantis
1075 2622 1205 2676 iram
1228 2662 1244 2688 ,
1275 2635 1381 2675 non
1435 2619 1604 2690 plebis
1648 2619 1901 2673 insultum

318 2719 676 2790 suspicantes,
708 2734 814 2772 non
840 2717 988 2772 urbis
1016 2714 1256 2770 insidias.
1303 2714 1435 2782 Quia
1469 2713 1611 2769 enim
1647 2711 1904 2783 pratdiea-

321 2811 521 2868 tionem
548 2817 919 2878 susceperant,
946 2815 1000 2862 et
1019 2805 1322 2875 pltilOSOphi
1353 2813 1408 2859 et
1434 2813 1697 2874 martyres
1718 2803 1905 2857 viren-

320 2912 402 2957 tes
449 2901 627 2957 statim
682 2901 842 2963 ﬁunt,
896 2907 1122 2954 mortem
1171 2912 1286 2951 non
1332 2895 1617 2962 timentes,
1671 2894 1902 2964 pericula

322 2992 711 3063 despicientes,
743 3000 1059 3062 praesentem
1085 2990 1244 3044 vitam
1267 2995 1602 3058 spernentes,
1633 3001 1752 3040 cum
1775 2987 1904 3039 fidu-

320 3087 402 3139 cia
435 3083 785 3154 prmdicatttcs
813 3097 874 3136 ea
890 3098 1008 3153 qua:
1038 3079 1352 3145 didicerant,
1385 3078 1435 3132 itt
1461 3077 1636 3133 media
1670 3077 1820 3142 urbe,
1852 3076 1904 3130 itt

323 3179 501 3235 medio
517 3179 710 3250 populo
735 3187 916 3230 natum
939 3175 1336 3229 anuuntiantes.
1359 3171 1482 3226 Ideo
1506 3186 1732 3240 namque
1754 3169 1905 3222 stella

321 3275 638 3338 occultatur,
666 3281 722 3326 ut
741 3271 964 3325 dttctore
991 3283 1094 3320 non
1124 3274 1489 3334 comparente,
1515 3277 1544 3316 a
1567 3260 1767 3316 Iudaeis
1789 3259 1905 3314 edi-

324 3385 477 3424 scere
503 3373 843 3437 cogerentur;
867 3363 976 3417 ituo
997 3359 1173 3430 potius
1197 3355 1454 3412 discendo
1475 3353 1732 3409 docerent
1752 3353 1902 3407 illos:

325 3463 500 3516 locum
525 3460 670 3516 enint
692 3457 865 3513 solum
888 3463 1168 3524 quaerunt;
1197 3449 1338 3521 quod
1365 3456 1542 3502 autent
1566 3455 1720 3501 natus
1742 3452 1906 3509 esset,

328 3555 478 3624 prius
500 3551 820 3606 didicerant.
849 3546 954 3603 Sed
986 3545 1108 3600 vide
1141 3544 1234 3598 Dei
1263 3541 1598 3611 sapientiam,
1637 3536 1908 3608 quomodo

336 3648 459 3701 illos
484 3644 774 3699 vocaverit.
804 3639 918 3696 Non
952 3637 1263 3708 prephetam
1298 3634 1474 3696 misit,
1504 3647 1608 3686 non
1637 3631 1781 3684 enim
1810 3628 1908 3682 ad-

328 3737 632 3800 misissent;
677 3748 783 3788 non
813 3731 1149 3802 apostolum,
1180 3743 1284 3782 non
1323 3725 1466 3779 enitn
1512 3722 1908 3784 attendissent;

329 3842 436 3880 non
463 3829 776 3893 scripturas,
806 3837 911 3874 non
935 3819 1078 3873 enim
1105 3815 1379 3870 sciebant:
1410 3811 1504 3865 sed
1533 3825 1563 3864 a
1594 3809 1754 3862 rebus
1778 3807 1908 3876 ipsis

328 3917 703 3978 familiaribus,
741 3916 792 3968 in
824 3912 976 3982 queis
1006 3908 1247 3964 inntttriti
1277 3915 1452 3966 erant,
1488 3904 1606 3956 illos
1632 3901 1700 3955 ab
1725 3914 1910 3954 errore

321 4011 565 4083 abducit.
603 4009 736 4074 Quia
765 4006 908 4060 enim
957 4001 1095 4072 magi
1139 4008 1323 4064 erant,
1355 4006 1410 4052 et
1439 3997 1579 4050 circa
1623 3993 1802 4048 stellas
1825 4007 1913 4045 ars

331 4104 564 4169 ipsorum
609 4097 941 4157 versabatur,
973 4092 1128 4147 stella
1171 4097 1428 4160 apparet,
1472 4088 1616 4156 ipsos
1660 4100 1688 4138 a
1720 4083 1914 4137 ﬁnibus

331 4193 443 4246 suis
471 4189 819 4250 abs-trahens;
851 4185 1000 4239 stella
1027 4198 1131 4237 non
1154 4196 1258 4235 una
1289 4195 1356 4236 ex
1392 4179 1455 4232 iis
1485 4191 1616 4247 quas
1646 4175 1909 4239 videmus,

332 4286 425 4340 sed
457 4284 633 4337 divina
673 4279 913 4350 quaedam
946 4286 999 4331 et
1026 4274 1305 4329 invisibilis
1331 4271 1504 4326 virtus
1531 4271 1583 4323 111
1606 4267 1774 4322 stella:
1795 4280 1917 4336 spe.

332 4377 468 4429 rictu
501 4369 872 4426 transformata
902 4385 914 4422 :
949 4367 1111 4423 trahit
1143 4374 1320 4419 autem
1352 4363 1468 4415 illo;
1499 4361 1649 4413 stella
1684 4398 1699 4424 ,
1733 4366 1787 4409 ttt
1818 4357 1913 4409 ab-

333 4467 492 4520 ducat
541 4462 659 4515 illos
712 4459 965 4526 deinceps
1007 4473 1036 4511 a
1085 4456 1359 4509 stellarum
1407 4450 1812 4520 speculatione,
1864 4456 1911 4500 e!

333 4555 636 4624 astrologia:
669 4549 1004 4624 tyrannidem
1035 4547 1227 4602 solvat.
1271 4545 1360 4600 Sic
1404 4554 1459 4596 et
1513 4541 1705 4596 Paulus
1753 4539 1914 4598 fet-it.

335 4647 616 4702 Duutinum
666 4658 820 4698 suum
870 4641 1116 4702 imitans;
1165 4653 1283 4692 nam
1324 4636 1430 4694 ait.
1481 4632 1772 4686 lutitutores
1821 4631 1918 4682 mei

335 4751 508 4801 estote,
537 4740 663 4792 sicut
690 4746 735 4790 et
761 4751 853 4808 ego
882 4732 1073 4788 Christi
1103 4731 1120 4802 (
1146 4731 1194 4786 l.
1228 4727 1347 4782 Cor.
1379 4727 1429 4780 4-.
1465 4726 1498 4779 6
1523 4727 1559 4794 ).
1592 4724 1740 4778 Sicut
1770 4722 1914 4776 enim

336 4832 594 4889 Dominus
615 4830 732 4897 ejus
756 4842 938 4895 magos
961 4837 1178 4883 vocans,
1205 4819 1376 4874 stella:
1403 4817 1634 4885 speciem
1669 4814 1831 4873 misit,
1861 4822 1917 4864 111

335 4942 448 4980 retu
477 4930 786 4980 consuetam
814 4925 1187 4989 agnoscentes,
1214 4910 1369 4965 facile
1396 4911 1840 4977 obsequerentur,
1869 4914 1922 4958 et

336 5017 617 5072 venientes
662 5013 936 5067 stellarum
983 5007 1268 5063 Dominum
1314 5001 1580 5061 viderent,
1632 5009 1684 5050 et
1735 4998 1920 5051 relicta

339 5110 426 5162 illa
459 5107 714 5162 servitute
738 5145 752 5170 ,
782 5119 841 5158 se
873 5101 995 5154 huic
1021 5095 1258 5153 dominio
1285 5091 1575 5147 subderent
1605 5107 1617 5140 :
1644 5087 1720 5141 sic
1751 5097 1804 5140 et
1835 5087 1924 5140 ille

339 5191 806 5257 circumcisionem
853 5193 1190 5256 sublaturus,
1219 5204 1338 5242 cum
1387 5182 1796 5238 circumcisione
1827 5180 1922 5234 Ti-

343 5293 615 5349 tnotheum
669 5289 832 5343 misit.
877 5287 1010 5356 Quia
1052 5284 1196 5339 enim
1238 5278 1404 5336 Judaei
1453 5278 1598 5330 illum
1647 5273 1918 5342 excepturi

354 5395 538 5449 erant,
567 5383 677 5452 ipse
707 5397 834 5435 vero
863 5379 1000 5432 [ilius
1025 5383 1140 5430 erat
1165 5372 1361 5429 Judma:
1391 5368 1558 5422 fidelis
1581 5408 1594 5430 ,
1632 5365 1795 5435 patris
1827 5381 1925 5418 au-

357 5488 464 5528 tem
495 5474 726 5544 gentilis,
761 5472 984 5539 ideoque
1015 5465 1385 5537 prmptttiatus,
1421 5456 1752 5514 Cll'cunlcldll
1782 5472 1923 5519 eum,

349 5567 671 5632 piscatorum
702 5577 851 5616 more
875 5573 1038 5627 agens
1062 5575 1075 5613 :
1101 5558 1154 5612 hi
1183 5555 1323 5611 enim
1351 5566 1562 5623 quoque
1587 5552 1801 5632 hamum
1834 5563 1931 5602 uu—

352 5661 476 5708 dtutt
508 5672 610 5709 non
647 5653 886 5720 iujieiuut
912 5653 963 5704 itt
996 5663 1141 5704 turre
1171 5646 1266 5702 sed
1314 5660 1472 5700 carne
1503 5644 1678 5710 ipsum
1706 5641 1933 5694 circum.

350 5747 498 5799 dant.
531 5749 610 5800 Sit
636 5762 762 5813 ergo
804 5759 948 5796 mare
980 5745 1253 5810 Syuagnga
1277 5779 1291 5802 ,
1319 5736 1486 5791 Judmi
1534 5749 1664 5788 vero
1709 5727 1884 5800 pisces
1915 5772 1930 5795 ,

356 5837 541 5889 hamus
569 5835 902 5897 Timotheus,
934 5830 1272 5885 circumcisio
1301 5845 1424 5881 care
1458 5828 1672 5881 hamum
1702 5826 1925 5878 circum-

1021 393 1079 449 S.
1119 389 1398 450 JOANNIS
1433 380 1908 444 01111150510111
1951 379 2267 444 ARCHIEP.
2307 383 2839 446 CONSTANTINOP.

3467 391 3560 449 508

2007 498 2166 568 dans,
2199 502 2434 572 piscator
2478 512 2654 559 autem
2701 503 2896 560 Paulus
2925 521 2938 558 :
2969 502 3190 558 hamum
3220 517 3343 574 ergo
3367 503 3489 572 jaeit
3516 509 3564 564 in

2004 604 2154 647 mare
2177 635 2192 659 ,
2226 593 2321 649 sed
2351 609 2458 648 non
2490 595 2721 660 nudum;
2754 593 3120 662 Timotheum,
3153 609 3273 650 cum
3301 598 3567 652 circumci-

2003 683 2181 750 sione,
2212 693 2266 738 et
2316 699 2420 740 non
2473 686 2868 756 pra‘putiatutu.
2915 686 2970 741 Si
3017 683 3160 740 enim
3211 667 3565 758 prajttttiatum

2004 775 2255 838 misisset,
2281 777 2455 846 pisces
2476 778 2824 848 aufugissent.
2847 777 3064 832 bammn
3087 778 3326 834 videntes
3347 778 3564 832 nudum:

2005 865 2124 919 ideo
2166 867 2312 922 illum
2358 869 2528 922 munit
2573 869 3004 934 circumcisione,
3037 877 3231 924 utrem
3273 879 3566 924 consuetam

2005 959 2269 1026 videntes,
2307 971 2653 1017 accurrerent
2697 962 2771 1016 ad
2821 961 3055 1032 praedam
3078 1005 3093 1026 ,
3122 970 3176 1016 et
3205 977 3272 1017 ne
3303 962 3389 1016 ille
3428 977 3570 1018 acce-

2003 1052 2192 1108 dentes
2219 1069 2326 1124 prac
2347 1063 2492 1109 metu
2516 1053 2752 1124 fugaret;
2783 1055 2876 1108 sed
2901 1070 2998 1125 per
3021 1054 3476 1109 circumcisionem
3499 1053 3568 1108 illi

2003 1144 2414 1213 attraherentur,
2465 1157 2520 1201 et
2571 1145 2834 1202 doctrina:
2881 1146 3046 1202 verbo
3089 1145 3488 1201 retinerentur:
3521 1155 3573 1204 ut

2004 1237 2164 1293 etiam
2215 1237 2414 1292 factuut
2446 1248 2548 1294 est.
2606 1238 2881 1309 ingressus
2927 1238 3068 1292 enini
3118 1248 3175 1293 et
3216 1237 3570 1305 circumcisus,

2003 1331 2467 1385 circumcisionem
2499 1331 2682 1386 solvit.
2715 1331 2779 1386 111
2810 1339 2936 1385 sunt
2958 1330 3102 1384 enim
3128 1330 3439 1385 oeconomia:
3469 1344 3574 1384 mo-

2003 1424 2054 1476 di
2081 1441 2093 1477 :
2125 1425 2295 1493 primo
2319 1423 2405 1478 illa
2431 1437 2552 1479 sese
2574 1432 2914 1492 atlemperat,
2959 1433 3015 1478 et
3041 1432 3165 1477 tunc
3192 1420 3376 1476 trahit.
3423 1419 3509 1476 Sic
3525 1430 3576 1475 et

2002 1516 2249 1570 Christus
2293 1517 2417 1572 fecit
2465 1516 2724 1572 barbaros
2771 1529 2989 1569 vocans.
3039 1514 3174 1570 Nam
3225 1525 3286 1569 ut
3343 1514 3577 1568 homines

2006 1621 2203 1660 rorans
2239 1607 2510 1662 hominem
2543 1607 2716 1662 induit
2740 1617 2792 1660 et
2819 1605 3120 1661 secundum
3150 1604 3385 1675 speciem
3417 1613 3468 1659 et
3492 1619 3575 1658 se-

2005 1698 2239 1752 cundum
2265 1708 2508 1753 naturam
2533 1716 2546 1752 :
2571 1698 2648 1752 sic
2679 1711 2864 1768 magos
2890 1711 3108 1762 vorans,
3138 1694 3457 1750 invisibilem
3482 1695 3576 1747 vir-

2007 1798 2172 1845 tutem
2198 1790 2248 1843 in
2265 1789 2436 1844 stella:
2455 1790 2690 1858 speciem
2711 1789 2952 1844 mutavit.
2973 1786 3125 1855 Quod
3143 1785 3288 1842 enim
3312 1802 3416 1840 nott
3432 1784 3576 1840 stella

2005 1880 2466 1935 esset'exaliarum
2494 1879 2767 1934 stellarum
2813 1894 3040 1934 numero
3063 1918 3080 1944 ,
3123 1893 3188 1932 ex
3233 1892 3396 1932 cursu
3421 1875 3577 1930 disce.

2004 1970 2120 2026 Non
2143 1971 2284 2025 enim
2314 1970 2383 2025 ab
2401 1971 2610 2026 oriente
2635 1969 2700 2024 ad
2729 1969 3063 2024 occidentem
3093 1967 3368 2033 currebat,
3403 1966 3491 2020 sed
3518 1965 3580 2017 ab

2006 2063 2370 2134 septentrione
2413 2063 2480 2117 ad
2525 2062 2838 2127 meridiem;
2874 2061 2944 2116 ita
2974 2059 3116 2115 enim
3151 2060 3434 2115 Palaestina
3464 2073 3581 2128 erga

2006 2155 2280 2212 Persidem
2305 2154 2408 2208 sita
2435 2161 2520 2208 est
2544 2171 2558 2208 :
2587 2163 2644 2209 et
2671 2161 2896 2223 apparet
2923 2153 3011 2207 illa
3039 2167 3145 2208 non
3173 2161 3362 2214 noctu,
3391 2151 3482 2207 sed
3509 2151 3582 2204 111-

2009 2248 2182 2304 terdiu
2203 2289 2217 2312 ,
2247 2247 2388 2317 quod
2419 2246 2572 2302 stella
2605 2261 2709 2300 non
2737 2246 2864 2300 facit
2893 2262 2907 2300 :
2939 2244 3166 2314 ideoque
3195 2253 3247 2299 et
3291 2254 3511 2313 apparet
3535 2251 3586 2297 et

2006 2341 2324 2405 Occultatur,
2347 2338 2487 2409 quod
2505 2338 2664 2392 etiam
2686 2337 2858 2392 stella:
2885 2353 2988 2391 nou
3015 2336 3176 2391 fuerit
3200 2356 3214 2392 :
3240 2335 3587 2391 absconditur

2005 2444 2125 2484 eum
2155 2428 2545 2499 JerOsolymam
2571 2443 2630 2482 se
2658 2427 2999 2482 contulerunt
3020 2468 3034 2489 .
3065 2435 3120 2480 et
3165 2436 3401 2495 apparet
3443 2433 3584 2495 post-

2007 2536 2164 2589 quam
2192 2536 2220 2573 a
2251 2535 2378 2590 rege
2401 2519 2784 2574 discesserant.
2805 2516 2955 2574 Unde
2985 2516 3155 2586 palam
3177 2524 3270 2570 est.
3303 2516 3590 2586 intelligen-

2009 2621 2116 2666 tem
2146 2611 2309 2665 fuisse
2339 2610 2614 2675 virtutem,
2647 2625 2766 2679 qua:
2792 2607 2858 2663 ad
2885 2609 3033 2678 jussa
3065 2608 3396 2676 compluuda
3423 2609 3590 2663 omnia

2008 2703 2342 2759 observaret.
2373 2686 2554 2771 Neque
2579 2717 2708 2756 vero
2732 2701 2856 2754 inde
2879 2701 3052 2754 Solum
3078 2699 3127 2753 id
3157 2700 3342 2769 palam
3372 2711 3479 2766 est;
3502 2701 3587 2754 sed

2009 2798 2169 2853 etiam
2195 2796 2334 2866 quod
2356 2837 2372 2861 ,
2411 2811 2532 2850 cum
2564 2795 2805 2849 duxisset
2834 2793 2899 2848 ad
2933 2808 3171 2863 priesepe
3192 2835 3207 2857 ,
3242 2809 3360 2848 non
3389 2808 3453 2849 ex
3483 2793 3587 2847 alto

2007 2886 2309 2943 Ostenditur
2329 2886 2424 2951 eis,
2451 2885 2544 2941 sed
2573 2883 2707 2940 infra
2735 2883 3068 2939 descendens
3093 2885 3329 2950 steterit,
3357 2885 3442 2939 ubi
3479 2894 3588 2939 erat

2009 2995 2163 3050 puer,
2204 2993 2362 3048 snpra
2392 2978 2506 3047 ejus
2527 2987 2708 3046 caput,
2752 2987 2809 3029 ttt
2842 2976 2911 3030 ita
2941 2975 3116 3028 dicam
3141 2994 3154 3030 :
3176 2976 3224 3029 si
3269 2976 3414 3031 enim
3440 2975 3587 3029 stella

2010 3069 2221 3134 fuisset,
2248 3083 2353 3122 non
2384 3067 2559 3123 locum
2594 3077 2697 3121 tam
2725 3074 3009 3137 angustum
3038 3073 3094 3119 et
3131 3064 3588 3135 circumscriptum

2010 3161 2353 3216 ostendisset.
2377 3160 2537 3215 Scitis
2567 3161 2708 3214 euitn
2742 3160 2904 3228 probe
2932 3156 3072 3227 quod
3113 3156 3185 3210 ob
3219 3158 3443 3212 nimiam
3473 3157 3588 3209 alti-

2014 3255 2250 3310 tudinem
2269 3271 2334 3309 ne
2357 3253 2502 3308 urbis
2519 3251 2729 3322 quidem
2749 3252 2922 3306 locutu
2941 3249 3217 3319 assignare
3231 3249 3386 3304 stella
3411 3249 3590 3318 possit,

2013 3361 2187 3418 neque
2208 3346 2350 3400 clare
2380 3352 2555 3414 potest
2574 3342 2639 3398 ad
2670 3339 3110 3412 perpendiculum
3140 3339 3325 3410 dirigi,
3357 3350 3464 3392 tam
3490 3338 3591 3392 alte

2015 3437 2205 3508 pesita.
2237 3435 2330 3491 illa
2361 3451 2488 3488 vero
2521 3448 2742 3502 parvmn
2771 3434 2948 3486 locum
2978 3440 3030 3485 et
3060 3443 3308 3503 prmsepe
3333 3439 3592 3484 monstra-

2013 3527 2121 3591 vit,
2153 3541 2317 3597 prope
2343 3534 2502 3594 caput
2526 3525 2732 3593 posita;
2765 3532 2818 3576 et
2847 3537 2970 3576 eum
2995 3518 3366 3585 ostendisset,
3413 3519 3585 3572 statim

2014 3619 2274 3674 abscessit
2301 3636 2315 3672 :
2351 3617 2401 3671 id
2433 3615 2575 3687 quod
2606 3614 2774 3670 stellae
2803 3628 2908 3667 non
2933 3621 3066 3666 erat.

2087 3710 2138 3764 6.
2159 3709 2310 3777 Quod
2333 3708 2377 3762 si
2400 3707 2535 3778 magi
2554 3706 2755 3772 dicant,
2781 3703 3010 3757 Vidimus
3025 3701 3226 3756 stellam
3245 3702 3358 3768 eius
3387 3698 3593 3771 (Matth.

2002 3788 2067 3857 ’2.
2097 3801 2133 3856 2
2153 3802 2192 3870 ),
2221 3817 2286 3856 ex
2317 3809 2430 3855 arte
2454 3815 2547 3853 sua
2581 3794 2862 3868 loquentes
2885 3794 2936 3849 id
2963 3795 3168 3857 dicunt,
3201 3802 3394 3861 postea
3429 3802 3596 3846 tamen

2017 3897 2141 3951 illuc
2165 3894 2398 3960 deducti,
2427 3893 2494 3947 ab
2521 3906 2706 3947 errore
2729 3889 2938 3944 liberati
2966 3896 3107 3941 sunt.
3141 3885 3300 3952 Quod
3325 3885 3473 3940 enim
3494 3891 3597 3934 sta-

2018 3988 2110 4044 titn
2143 3997 2300 4058 atque
2327 3986 2536 4040 stellam
2566 3982 2817 4036 viderunt
2857 3979 2924 4032 ab
2970 3992 3154 4031 errore
3197 3975 3412 4030 liberati
3458 3973 3598 4035 sint,

2020 4083 2193 4153 palam
2223 4089 2306 4134 est
2334 4094 2399 4133 ex
2431 4093 2498 4132 eo
2527 4074 2667 4145 quod
2696 4070 3042 4127 adoraveriut
3074 4083 3303 4138 puerum
3339 4083 3354 4120 :
3387 4067 3432 4120 si
3464 4064 3599 4119 enim

2019 4175 2293 4240 vulgarent
2326 4170 2556 4238 aliquam
2588 4166 2795 4220 stellam
2826 4178 2944 4216 esse
2975 4161 3343 4232 putavisseut,
3372 4173 3477 4212 non
3507 4154 3598 4208 ad-

2019 4271 2282 4322 orassent.
2333 4260 2468 4326 Quid
2510 4259 2652 4312 enim
2694 4255 2980 4326 Sperabam
3011 4269 3040 4305 a
3073 4251 3300 4322 puerulo
3343 4247 3598 4308 extranei,

2020 4359 2239 4413 advena:
2285 4364 2337 4410 et
2365 4351 2612 4408 barbari?
2643 4347 2784 4402 unde
2827 4347 2965 4400 scite
2994 4350 3244 4414 poti-rant
3277 4344 3453 4412 ipsum
3487 4351 3602 4392 esse

2019 4451 2305 4511 victurum,
2334 4453 2387 4499 et
2413 4436 2672 4498 donorum
2707 4440 2877 4494 vicem
2914 4437 3246 4496 relaturum,
3295 4449 3419 4487 cum
3463 4441 3602 4484 tanto

2022 4542 2193 4609 Spatio
2237 4536 2531 4592 distarent?
2576 4530 2844 4603 quomodo
2889 4529 3182 4601 periculum
3233 4540 3474 4594 praesens
3501 4537 3600 4577 non

2025 4629 2414 4704 praecaveriut?
2444 4625 2712 4696 qttomndo
2764 4639 2868 4676 non
2918 4618 3268 4689 cogitaret-int
3312 4614 3600 4685 periculum

2024 4741 2144 4779 esse
2195 4739 2259 4777 uc
2309 4723 2422 4790 ipse
2462 4735 2527 4772 ex
2575 4719 2671 4770 hac
2701 4716 2804 4768 vita
2845 4713 3201 4781 abriperotur,
3256 4723 3396 4762 neve
3437 4706 3481 4760 is
3519 4700 3605 4772 qui

2026 4818 2278 4888 regnabat
2328 4815 2473 4868 illum
2529 4807 2837 4864 occideret?
2882 4804 3023 4873 quod
3076 4801 3287 4854 tandem
3348 4799 3489 4868 regis
3536 4795 3604 4847 si-

2029 4925 2187 4978 gnum
2247 4904 2528 4960 videbant?
2583 4917 2701 4970 qua:
2741 4897 2906 4950 atria?
2947 4909 3079 4964 quos
3122 4892 3421 4945 satellites?
3476 4899 3604 4956 quos

2028 4999 2302 5055 scutatos?
2348 5011 2505 5065 quem
2556 4988 3067 5055 famulatttm?quos
3113 4984 3334 5054 clypeos
3378 4975 3604 5032 aureos?

2029 5106 2161 5162 quas
2179 5089 2525 5155 anlas?queut
2551 5083 2920 5136 cunuchorum
2946 5082 3199 5148 gregem?
3224 5072 3369 5127 Nihil
3394 5072 3599 5132 horum,

2030 5183 2122 5238 sed
2169 5179 2436 5236 contraria
2484 5175 2663 5230 omnia
2689 5218 2698 5234 .
2732 5185 2996 5242 pnesepe,
3021 5167 3286 5236 tugurium
3315 5205 3331 5230 ,
3362 5163 3600 5216 diverso-

2033 5277 2191 5339 rium,
2212 5281 2432 5326 tnatrem
2457 5270 2690 5338 inopem,
2713 5272 3072 5333 paupertatem
3099 5271 3366 5326 magnam,
3384 5262 3600 5323 pannos.

2031 5337 2256 5423 Cuinatn
2300 5363 2456 5432 igitur
2487 5337 2779 5413 offerebant
2813 5370 3035 5416 aurum,
3069 5350 3188 5404 lhtts
3213 5358 3265 5400 et
3296 5337 3606 5416 myrrham?

2035 5473 2211 5512 annon
2245 5453 2582 5508 manifestum
2605 5458 2684 5502 est
2712 5447 2858 5514 ipsos
2893 5444 3003 5515 jam
3035 5442 3156 5495 ﬁdei
3197 5438 3296 5492 alis
3316 5437 3605 5489 instructos

2038 5551 2238 5607 fuisse?
2268 5549 2332 5603 Et
2362 5545 2526 5600 ruulta
2555 5551 2636 5595 est
2667 5539 2928 5594 donorum
2962 5532 3297 5589 excellentia.
3329 5541 3448 5596 quae
3478 5535 3606 5590 prm-

2041 5641 2326 5697 dicationis
2347 5637 2506 5692 etiam
2529 5632 2763 5701 speciem
2792 5627 3006 5682 referat.
3031 5625 3144 5679 Non
3165 5621 3304 5676 enim
3329 5607 3606 5684 rejicieuda

2038 5735 2127 5789 illa
2143 5728 2324 5799 opinio
2343 5736 2442 5789 est,
2465 5742 2581 5794 quax.
2601 5738 2693 5791 per
2709 5720 2921 5792 vulgum
2942 5708 3371 5786 spargitur,quod
3392 5719 3484 5774 per
3498 5703 3608 5754 thus

2050 5797 2213 5881 Deum
2241 5820 2653 5880 conﬁterentur,
2683 5827 2779 5881 per
2807 5825 2994 5864 aurum
3028 5822 3222 5874 regem,
3253 5810 3308 5854 et
3327 5797 3607 5864 patientem
