3966 6160
425 389 528 443 509

425 541 518 593 per
562 522 865 594 myrrham.
900 537 1017 589 qua:
1063 520 1387 590 sepulturam
1421 521 1728 576 ostenderet
1763 519 1872 592 (a);
1927 522 1996 575 ita

420 615 565 668 cnim
589 613 829 679 sepultus
868 622 949 666 est
979 629 991 665 :
1023 621 1078 664 et
1105 611 1218 665 Int‘c
1254 626 1347 680 per
1375 627 1436 664 ea
1468 627 1584 680 qua:
1616 611 1877 666 faciebant
1906 613 1999 679 illi,

423 704 869 774 pra-nuntiabant.
920 703 1033 757 Non
1085 719 1213 772 ergo
1243 705 1586 758 astronomia:
1620 705 1788 758 virtus
1815 714 1930 758 erat
1957 704 2008 758 id

422 798 564 868 quod
595 796 754 850 fiebat
772 838 786 858 ,
815 796 905 850 sed
937 796 1026 850 Dei
1055 796 1368 851 oeconomia-
1398 813 1410 848 :
1443 812 1614 865 neque
1635 796 1775 851 enim
1809 797 1852 851 is
1872 838 1887 861 ,
1916 795 2009 864 q‘ui

425 891 672 942 virtutem
714 889 969 942 docturus
1014 896 1234 942 venerat
1264 896 1319 940 ut
1360 887 1684 941 astronomia
1727 886 2009 942 inducere-

427 992 511 1035 tur
540 981 805 1035 eli'ecisset
833 997 847 1045 ;
877 980 970 1036 sed
1006 980 1149 1034 illam
1176 979 1463 1034 admodum
1493 981 1750 1043 eliminat,
1773 996 1893 1034 cum
1917 979 2011 1034 de-

427 1073 672 1126 terminat
702 1072 837 1125 intra
881 1071 1028 1136 illud,
1060 1071 1195 1124 velle
1219 1081 1271 1126 et
1301 1086 1408 1124 non
1437 1071 1594 1137 velle,
1623 1071 1760 1126 bona
1791 1081 1844 1124 et
1871 1072 2008 1126 mala

426 1165 708 1221 contineri.
740 1164 970 1234 Ideoque
997 1163 1292 1235 gehennam
1323 1164 1553 1218 minatus
1579 1173 1681 1230 est,
1709 1174 1762 1218 et
1787 1179 2009 1234 regnttm

429 1255 745 1326 praeparavit
774 1273 786 1309 :
821 1270 925 1309 non
973 1255 1036 1309 iis
1069 1255 1157 1324 qui
1187 1270 1250 1309 ex
1296 1255 1610 1310 necessitate
1634 1267 1872 1325 agerent,
1929 1256 2011 1310 vel

429 1361 655 1402 coronas
705 1347 1048 1416 praeparavit,
1089 1346 1174 1401 vel
1245 1345 1560 1415 supplicium
1618 1346 1848 1400 minatus
1892 1354 2010 1412 est;

430 1450 715 1507 utrumque
740 1437 881 1492 enim
909 1436 975 1492 ad
997 1453 1058 1492 ea
1081 1453 1198 1507 qua:
1221 1438 1274 1492 in
1299 1438 1571 1493 voluntate
1595 1447 1717 1492 sunt
1740 1438 1968 1506 pertinet
1994 1453 2008 1491 :

428 1544 537 1583 non
592 1528 735 1598 leges
780 1527 1061 1597 posuisset,
1121 1545 1226 1582 non
1280 1529 1478 1583 monita
1527 1528 1789 1592 dedisset,
1841 1543 2014 1598 neque

428 1629 574 1674 tanta
602 1620 836 1684 fecisset,
867 1620 911 1674 si
941 1621 1258 1676 necessitate
1285 1636 1452 1690 genus
1482 1621 1770 1674 humanum
1794 1620 2010 1689 ligatum

426 1720 609 1764 esset:
659 1711 754 1764 sed
785 1713 908 1780 quia
937 1711 1087 1765 liberi
1115 1726 1298 1764 smnus
1317 1720 1372 1766 et
1396 1709 2011 1778 liheriarhitriidomini,

428 1801 498 1854 ab
518 1801 723 1872 ignavia
770 1802 996 1870 improbi
1041 1801 1330 1866 eflicintur,
1355 1813 1410 1858 et
1429 1817 1460 1856 a
1484 1817 1611 1857 cura
1635 1803 2014 1872 diligentiaque

429 1891 555 1946 boni
577 1901 628 1947 et
659 1892 882 1948 modesti
905 1933 918 1956 .
947 1892 1199 1946 salutaria
1227 1893 1510 1961 pltartnaca
1537 1893 1604 1947 ad
1631 1893 1733 1947 hoc
1761 1893 2010 1949 (lucentia

427 1997 785 2056 apparaturtts
828 1985 915 2039 ille
942 1987 1104 2050 venit,
1135 1996 1278 2038 metu
1323 1985 1580 2054 gehenna:
1626 1994 1679 2038 et
1707 1985 1852 2055 regni
1895 2000 2013 2053 pro-

430 2075 686 2130 missione
711 2074 905 2130 inultos
932 2075 1226 2145 corrigens,
1253 2084 1306 2130 et
1334 2089 1428 2144 per
1455 2075 1602 2145 leges
1625 2074 2015 2145 philosophiam

430 2169 652 2223 docens.

505 2261 694 2314 Contra
736 2259 1195 2330 genethlialogimn.
1244 2290 1315 2299 —
1352 2258 1484 2328 Quia
1533 2260 1673 2316 enim
1715 2275 1885 2330 neque
1923 2274 2014 2328 ge-

435 2349 776 2419 nethlialogia
803 2360 908 2415 est,
943 2366 1114 2420 neque
1143 2360 1409 2405 astrorum
1439 2367 1630 2406 cursus
1675 2351 1905 2405 humana
1935 2351 2018 2404 di-

434 2442 638 2512 rigens,
674 2441 756 2496 vel
791 2443 906 2496 sine
935 2442 1328 2512 Scripturartnn
1359 2459 1460 2512 0pc
1484 2444 1553 2498 ab
1583 2443 1710 2512 ipsis
1739 2444 1895 2498 rebus
1922 2459 2017 2513 pa-

437 2532 544 2587 lam
565 2542 666 2588 est.
684 2532 738 2588 Si
755 2534 897 2588 enim
921 2533 1021 2587 sub
1044 2533 1336 2589 nativitatis
1360 2534 1466 2588 lato
1487 2545 1613 2589 sunt
1637 2550 1722 2589 res
1745 2535 2012 2601 humanae,

440 2643 540 2682 cur
566 2627 880 2682 verberibus
900 2627 1064 2683 caedis
1091 2643 1302 2682 scrvunt
1325 2628 1413 2697 qui
1441 2629 1643 2683 furatus
1667 2628 1781 2684 est?
1809 2643 1905 2683 cur
1929 2628 2025 2680 ad-

439 2720 666 2774 ulteram
697 2735 920 2775 uxorem
951 2721 1017 2775 ad
1055 2722 1336 2776 tribunalia
1367 2721 1581 2776 trahis?
1627 2737 1725 2777 cur
1767 2731 1817 2776 te
1863 2720 2024 2789 pudet

438 2825 570 2865 cum
599 2811 735 2864 mala
770 2813 1125 2882 perpetrasti?
1147 2813 1200 2867 Si
1223 2814 1365 2868 enim
1387 2829 1455 2868 ex
1485 2813 1806 2869 necessitate
1838 2828 2024 2880 pecca-

439 2909 553 2954 tum
579 2909 683 2966 est,
710 2916 805 2955 cur
820 2903 1155 2956 contumelia:
1181 2903 1339 2956 verba
1370 2918 1472 2956 non
1491 2904 1752 2964 sustines;
1782 2903 1874 2956 sed
1902 2917 2024 2958 eum

437 2991 564 3062 quis
590 3000 642 3046 te
671 3001 823 3045 vocat
848 2992 1166 3057 adultermn,
1197 3001 1287 3046 aut
1309 2986 1702 3066 fornicatum-nt,
1734 3004 1824 3046 aut
1852 2992 2026 3049 homi-

439 3081 616 3136 cidam
639 3122 652 3147 ,
706 3081 756 3136 id
784 3084 1159 3137 contumeliam
1187 3098 1306 3136 esse
1331 3082 1505 3137 dicis?
1543 3083 1595 3138 Si
1642 3087 1786 3138 enim
1829 3100 1934 3137 non
1961 3101 2026 3139 ex

443 3175 626 3229 animo
654 3182 744 3229 tuo
775 3184 1051 3245 peccatum
1083 3175 1280 3242 prodit,
1311 3191 1483 3245 neque
1511 3177 1664 3244 culpa
1694 3186 1774 3229 est
1804 3176 1854 3230 id
1883 3177 2026 3246 quod

442 3265 645 3321 factum
678 3276 778 3330 est,
820 3281 991 3335 neque
1019 3266 1333 3321 contumelia
1361 3268 1411 3320 id
1455 3269 1597 3337 qttod
1637 3268 1850 3322 dicitur.
1881 3268 2032 3323 Nunc

443 3367 623 3410 autent
654 3367 709 3412 et
736 3373 856 3412 cum
887 3357 955 3412 de
984 3357 1441 3426 cartcrisjudicas,
1475 3367 1668 3412 etcum
1691 3360 2032 3426 peccantibus

446 3467 556 3505 non
600 3450 864 3521 ignoscis,
887 3459 942 3503 et
975 3467 1095 3504 cunt
1147 3451 1361 3520 quando
1391 3451 1529 3506 male
1575 3452 1765 3506 fecisse
1795 3462 1844 3507 te
1875 3453 2035 3521 pudet

444 3553 506 3598 et
531 3544 695 3599 latere
734 3542 936 3609 studes,
965 3552 1018 3597 et
1043 3558 1138 3598 eos
1161 3545 1251 3613 qui
1281 3543 1333 3598 id
1359 3544 1449 3597 tibi
1481 3545 1734 3614 objiciunt
1754 3553 2034 3600 contume-

448 3637 614 3691 liosos
635 3651 755 3691 esse
779 3643 951 3705 putas,
983 3645 1037 3689 et
1060 3651 1152 3704 per
1177 3637 1353 3689 omnia
1379 3637 1492 3689 lucc
1511 3636 1804 3700 confiteris,
1856 3651 2036 3690 nuStra

451 3742 560 3780 non
607 3727 926 3780 necessitate
956 3727 1189 3796 alligari,
1234 3728 1326 3781 sed
1373 3725 1616 3782 libertate
1661 3728 1947 3780 honorari:
1977 3731 2038 3783 iis

449 3818 595 3872 enim
634 3817 723 3886 qui
771 3818 1089 3871 necessitate
1131 3816 1439 3871 detinentur
1481 3818 1760 3886 ignoscere
1815 3819 2037 3874 scimus.

451 3911 510 3964 Si
562 3910 704 3965 enim
746 3911 899 3980 quis,
951 3925 982 3964 a
1032 3911 1274 3964 daemone
1321 3925 1632 3981 possessus,
1685 3926 1782 3965 ιιος
1823 3927 2042 3979 percus-

452 4003 622 4068 serit,
677 4013 767 4058 attt
824 4012 1027 4058 vestem
1079 4003 1328 4068 δείδω-ἧι,
1391 4013 1482 4057 aut
1528 4004 1710 4073 plagas
1766 4005 2040 4070 intulerit;

455 4109 566 4148 non
597 4093 756 4148 modo
799 4095 972 4164 ipsum
1028 4109 1132 4148 non
1181 4095 1428 4165 punimus
1451 4136 1465 4157 ,
1497 4110 1669 4164 neque
1694 4095 1760 4149 ad
1785 4095 2041 4164 judicium

457 4185 741 4252 trahimus,
767 4186 860 4239 sed
891 4186 1051 4240 etiam
1076 4186 1193 4255 ejus
1220 4186 1539 4242 miserentur
1569 4188 1779 4258 ipsique
1813 4190 2045 4259 ignosci-

459 4291 598 4330 mus.
611 4275 824 4344 Quare?
840 4276 972 4342 Quia
996 4291 1101 4330 non
1123 4277 1339 4332 libertas
1357 4278 1586 4344 arbitrii,
1605 4279 1700 4334 sed
1720 4279 2046 4336 dientoniaca

459 4367 813 4424 necessitasid
826 4368 1019 4424 ell'ecit.
1033 4370 1370 4440 Quapmpter
1384 4408 1398 4432 ,
1413 4369 1459 4425 si
1472 4370 1574 4424 alia
1587 4385 1803 4440 quoque
1833 4382 2045 4440 peccata

459 4473 525 4513 ex
553 4459 642 4512 fati
672 4459 996 4514 necessitate
1023 4466 1220 4523 essent,
1275 4460 1403 4528 ipsis
1447 4461 1606 4514 etiam
1661 4477 1999 4530 parceremus
2033 4481 2046 4518 :

457 4550 586 4620 quia
627 4565 755 4604 vero
799 4550 1002 4605 scimus
1029 4565 1126 4604 nos
1175 4566 1279 4603 non
1312 4552 1361 4603 in
1391 4552 1707 4607 necessitate
1749 4569 1889 4618 esse,
1931 4554 2050 4608 ideo

461 4656 571 4694 non
594 4641 884 4710 parcimus,
914 4657 1018 4695 non
1046 4641 1248 4694 domini
1278 4641 1467 4705 servis,
1504 4658 1608 4695 non
1640 4643 1737 4697 viri
1765 4646 2047 4710 uxoribus,

462 4747 571 4786 non
597 4747 792 4786 uxores
812 4731 964 4796 viris,
985 4747 1090 4786 non
1118 4741 1294 4801 patres
1321 4733 1462 4797 filiis,
1490 4750 1594 4786 non
1623 4733 1871 4790 doctores
1893 4736 2049 4790 disci-

461 4823 630 4892 pulis,
661 4839 768 4877 non
799 4824 1070 4893 principes
1095 4824 1346 4890 subditis,
1372 4839 1476 4878 non
1509 4825 1840 4895 legislatores
1865 4825 1925 4879 iis
1953 4827 2041 4896 qui

526 4955 600 5016 (ιι)
636 4954 993 5019 Comment._in
1029 4955 1327 5018 Matthaaum,
1357 4965 1392 5008 t.
1418 4959 1477 5017 6,
1503 4957 1596 5007 col.
1621 4959 1730 5016 (itit,
1759 4959 1842 5019 litt,
1871 4961 1945 5008 il.
1974 4958 2048 5008 le-

458 5017 596 5084 gitur
620 5031 632 5065 :
656 5025 834 5084 _Hegem
855 5017 984 5067 enim
1005 5027 1337 5084 cognoscentes
1360 5033 1495 5084 eum,
1524 5020 1802 5084 propitiant
1817 5017 2050 5070 tumidum

457 5076 526 5142 él_
543 5076 800 5142 pretiosum
833 5076 1107 5142 sanctor-unt
1126 5116 1139 5136 ,
1165 5078 1257 5128 sibi
1279 5095 1454 5130 aurum
1477 5076 1733 5142 re'pmitum
1758 5083 2046 5132 obtulerunt.

460 5138 690 5205 phinum
710 5147 870 5205 autem
891 5149 935 5189 et
959 5140 1146 5205 adeste
1167 5141 1483 5205 auelligetttes
1510 5138 1803 5204 principimu
1827 5146 1930 5205 ejus
1945 5183 1956 5200 ,
1987 5146 2047 5194 lt-

461 5200 576 5268 bum'
608 5201 875 5268 obtulerunt
905 5204 1163 5268 adorent...
1189 5200 1462 5268 Hunnorum
1489 5200 1648 5253 (intem
1669 5200 1715 5254 et
1738 5200 2049 5268 temporalem

458 5263 567 5324 ejus
591 5263 905 5328 tmelh'gentes
928 5265 1244 5328 sepulturam,
1278 5267 1549 5317 obtulerunt
1573 5263 1839 5330 myrrham.

963 382 1067 436 \‘lll
1120 381 1417 451 llOilllJt,
1462 383 1709 438 llABlTA
1758 383 2116 448 POSTQUAM
2160 385 2559 443 PRESBYTER
2600 390 2894 459 GOTllUS,
2933 396 3090 453 ΕΠΖ.

3585 405 3682 460 Sili

2117 502 2261 570 leges
2280 504 2562 572 accipiunt;
2583 506 2675 560 sed
2698 509 2872 563 acerbi
2897 511 3208 568 delictorum
3235 520 3690 579 examinatoreset

2113 592 2352 647 vindices
2374 610 2587 650 smnus:
2615 600 2895 654 tribunalia
2923 603 3148 667 adimus,
3179 606 3356 677 plagas
3380 611 3684 681 inlligimus,

2114 683 2549 752 castigationibus
2579 689 2795 756 ntintnr,
2836 692 3071 764 nihilque
3102 713 3208 752 non
3240 701 3448 770 agimus
3477 715 3534 758 ut
3562 720 3684 760 ser-

2114 789 2235 826 vum
2265 791 2292 828 a
2324 779 2554 846 nequitia
2585 791 2637 834 et
2670 782 2836 835 lilium
2869 799 2900 838 a
2943 788 3142 842 malitia
3181 791 3499 850 eximamus.
3549 796 3692 862 Qua-

2116 875 2334 934 propter
2359 868 2484 934 ipsis
2512 881 2566 923 et
2596 872 2914 943 padagogos
2943 877 3269 936 instituimus
3291 925 3307 949 ,
3333 894 3388 938 et
3414 886 3479 940 ad
3527 891 3693 956 magi-

2115 965 2256 1009 stros
2283 959 2557 1050 mittentes
2589 964 2758 1018 ntinas
2786 965 3111 1024 intentantus
3137 1013 3152 1035 ,
3181 985 3234 1028 et
3279 978 3459 1046 plagas
3499 979 3694 1050 infligi-

2117 1063 2250 1141 ntus.
2285 1047 2413 1116 (iur,
2441 1062 2494 1106 et
2519 1069 2620 1123 qua
2647 1056 2713 1109 de
2739 1072 2922 1124 causa,
2953 1061 3037 1116 dic
3066 1064 3234 1120 mihi?
3266 1069 3310 1121 si
3337 1073 3478 1123 enim
3503 1047 3693 1141 ipsiex

2116 1137 2225 1231 fato
2254 1143 2600 1199 constitutum
2630 1148 2697 1200 sit
2728 1158 2785 1204 ιιι
2814 1152 2883 1205 sit
2917 1153 3211 1223 improbus,
3245 1161 3312 1214 ad
3341 1163 3467 1231 quid
3495 1137 3690 1222 auxilia

2115 1229 2217 1300 ipsi
2247 1239 2602 1301 prazstenlur?
2634 1239 2819 1295 Palam
2847 1259 2975 1312 ergo
2997 1257 3080 1301 est
3100 1263 3222 1302 eum
3247 1229 3695 1314 non—necessitate

2117 1322 2286 1393 ligari,
2322 1326 2416 1380 sed
2445 1331 2624 1385 omnia
2658 1333 2709 1385 iit
2738 1334 3101 1406 arbitrioejus
3133 1342 3232 1394 sita
3259 1359 3398 1399 esse.
3447 1348 3692 1420 Quapro~

2115 1425 2235 1484 pter
2253 1417 2446 1472 auxilia
2494 1420 2703 1488 damus,
2745 1433 2802 1480 et
2838 1426 2908 1481 ab
2955 1429 3161 1499 ignavia
3192 1433 3313 1490 illos
3360 1417 3694 1511 abducititus,

2115 1515 2274 1578 atque
2301 1510 2366 1564 ad
2395 1516 2641 1569 virtutem
2667 1520 3096 1588 amplectendam
3121 1526 3440 1584 inducimus.
3468 1532 3580 1587 Cur
3600 1510 3699 1589 au?

2118 1609 2226 1656 tem
2257 1603 2308 1657 itt
2327 1606 2460 1659 mari
2488 1609 2819 1680 navigamus,
2849 1621 3048 1669 terram
3069 1619 3314 1688 colimus,
3345 1623 3505 1679 urbes
3529 1627 3699 1681 sedili-

2117 1707 2319 1756 camus,
2363 1697 2584 1751 multant
2611 1700 2929 1761 adhibemus
2971 1723 3154 1762 curam
3194 1726 3315 1766 cum
3346 1715 3700 1779 infirntainur.

2112 1786 2372 1854 pecunias
2412 1787 2772 1858 impendimus
2791 1835 2804 1859 ,
2833 1797 3068 1853 medicos
3098 1817 3350 1860 vocamus
3369 1848 3384 1869 ,
3415 1808 3699 1878 pharmaca

2121 1890 2389 1943 paramus,
2402 1892 2642 1936 ventrem
2659 1884 3017 1952 moderantur,
3035 1900 3087 1944 et
3104 1896 3593 1964 concupiscentiam
3612 1919 3698 1958 ca-

2118 1969 2400 2036 Stigamus‘.’
2412 1970 2465 2023 Si
2484 1973 2648 2040 enim,
2667 1986 2722 2030 ut
2744 1985 2796 2030 tu
2810 1976 2963 2046 dicis,
2985 1980 3036 2034 in
3055 1983 3162 2038 fato
3175 1987 3336 2040 situm
3349 1998 3434 2043 est
3449 2000 3504 2045 et
3523 1995 3702 2049 vivere

2119 2065 2173 2155 et
2199 2060 2673 2155 tnori,superflu:e
2697 2079 2820 2124 sunt
2850 2075 3195 2142 pecuniarum
3235 2095 3505 2151 expensa,
3537 2101 3722 2155 super-

2120 2150 2210 2247 llui
2234 2152 2564 2247 medicorum
2595 2158 2886 2229 ingressus,
2916 2165 3182 2234 superflua
3201 2180 3286 2224 est
3309 2150 3559 2229 accurata
3583 2150 3701 2247 piti-

2121 2241 2360 2312 losopltia
2378 2261 2536 2315 quant
2559 2248 2753 2305 inﬁrmi
2771 2265 3004 2311 servant.
3023 2257 3174 2314 Nunc
3188 2272 3363 2317 autem
3389 2281 3483 2334 per
3503 2283 3566 2323 ea
3583 2241 3704 2338 qua

2121 2349 2308 2391 omnes
2324 2337 2543 2408 faciunt,
2563 2343 2847 2400 ostendunt
2861 2347 2992 2403 nihil
3011 2350 3198 2406 borum
3217 2370 3337 2410 esse
3352 2337 3701 2428 superfluunt;

2123 2431 2218 2486 sed
2249 2433 2526 2489 facessunt
2557 2453 2620 2491 ea
2651 2454 2772 2506 qua:
2801 2440 2867 2494 ad
2899 2441 3068 2495 fatum
3091 2455 3360 2513 spectant,
3386 2464 3563 2518 neque
3595 2452 3702 2506 ulla

2123 2526 2451 2581 necessitate
2482 2537 2670 2584 nostra
2700 2541 2984 2601 reguntur,
3019 2537 3203 2590 omnia
3233 2547 3416 2592 autem
3452 2541 3705 2598 libertate

2121 2611 2338 2668 arbitrii
2363 2614 2724 2673 honorantur.
2739 2621 2869 2685 Quae
2887 2633 3070 2678 autent
3091 2625 3340 2681 laborum
3363 2639 3419 2683 et
3439 2631 3704 2685 sudorum

2120 2716 2222 2772 pro
2257 2706 2462 2761 virtute
2487 2710 2818 2765 necessitas?
2843 2713 2888 2767 si
2922 2715 3067 2769 enim
3098 2732 3165 2771 ex
3200 2717 3312 2772 fato
3344 2722 3705 2776 constitutum

2120 2801 2205 2848 est
2232 2804 2292 2848 ut
2319 2797 2443 2865 quis
2469 2798 2541 2853 sit
2575 2800 2771 2866 bonus,
2809 2804 2920 2859 sive
2947 2807 3185 2862 dormiat
3218 2810 3332 2865 sive
3365 2823 3557 2867 stertat
3591 2813 3701 2877 illc,

2121 2883 2301 2940 bonus
2321 2887 2431 2943 erit
2457 2906 2470 2942 :
2498 2889 2609 2944 imo
2629 2908 2761 2946 vero
2790 2896 2952 2949 talem
2976 2896 3252 2954 hominem
3279 2901 3485 2955 bonum
3509 2917 3704 2955 vocare

2128 2981 2416 3045 convenit,
2443 2982 2534 3052 qui
2558 2998 2625 3038 ex
2659 2988 2982 3044 necessitate
3013 2991 3136 3046 talis
3163 2993 3252 3046 sit.
3285 2995 3421 3063 Quae
3452 3006 3532 3053 tot
3561 3000 3712 3053 labo-

2133 3089 2251 3128 rum
2283 3086 2335 3129 et
2359 3076 2617 3132 sudorum
2647 3082 2984 3136 necessitas?
3013 3085 3058 3138 si
3101 3087 3244 3140 enim
3289 3089 3380 3142 fati
3424 3094 3716 3146 necessitas

2133 3175 2237 3232 est,
2263 3174 2321 3220 ut
2345 3169 2464 3236 quis
2491 3171 2663 3228 malus
2687 3171 2756 3225 sit
2775 3211 2791 3234 ,
2821 3174 3030 3229 etiamsi
3061 3176 3261 3231 millies
3289 3195 3409 3234 sese
3442 3183 3716 3238 laboribus

2135 3258 2406 3312 excruciet
2427 3300 2442 3324 ,
2478 3261 2649 3314 malus
2689 3264 2793 3317 erit
2819 3281 2830 3315 :
2855 3265 2965 3320 into
2988 3283 3116 3321 vero
3150 3285 3324 3339 neque
3351 3271 3494 3326 hunc
3521 3275 3715 3328 malum

2135 3348 2316 3404 dicere
2340 3352 2611 3417 convenit,
2640 3355 2730 3422 qui
2758 3373 2786 3406 a
2819 3361 3141 3413 necessitate
3168 3361 3417 3428 pellatur.
3447 3364 3712 3430 Quemad-

2138 3440 2354 3494 modum
2373 3443 2515 3496 cnim
2533 3444 2621 3512 qui
2641 3444 2962 3500 darinoninm
2981 3448 3159 3512 habet,
3181 3452 3222 3504 si
3241 3455 3560 3506 contumelia
3583 3455 3719 3509 infe-

2139 3539 2223 3584 rat
2244 3531 2456 3600 (eodem
2474 3536 2616 3588 ettittt
2638 3551 2824 3590 rursus
2842 3547 2962 3591 utor
2975 3541 3264 3610 exemplo),
3285 3556 3390 3595 non
3414 3544 3563 3598 illum
3579 3545 3724 3599 dice-

2141 3638 2260 3676 mus
2290 3626 2737 3679 contumeliosutn
2762 3668 2776 3692 ,
2801 3643 2973 3696 neque
3016 3631 3319 3697 pntabnnus
3341 3634 3720 3689 contumeliam

2142 3713 2288 3767 illaitt
2311 3729 2431 3768 esse
2449 3716 2770 3782 convicium,
2789 3717 2881 3771 sed
2902 3719 2950 3771 id
2973 3734 3038 3773 ex
3055 3723 3371 3776 necessitate
3392 3722 3720 3778 daemoniaea

2145 3808 2338 3859 factum
2373 3826 2386 3861 :
2418 3808 2497 3861 sic
2525 3824 2624 3863 nec
2658 3808 2962 3878 improbum
2984 3853 3000 3877 ,
3033 3813 3076 3866 si
3107 3830 3135 3865 a
3183 3813 3294 3867 fato
3325 3825 3380 3868 et
3405 3816 3725 3871 necessitate

2147 3898 2396 3966 pellatur,
2415 3899 2713 3968 improbum
2744 3916 3014 3969 vocemus,
3040 3915 3097 3956 ut
3121 3919 3220 3959 nec
3245 3905 3439 3959 bonum
3459 3907 3725 3973 similiter,

2147 3991 2365 4044 bonum.
2401 3991 2510 4045 Nisi
2562 3994 2705 4046 enim
2753 3996 2930 4048 omnia
2976 3996 3054 4050 sic
3100 3997 3509 4066 constituamus,
3569 4011 3727 4053 crunt

2149 4085 2327 4137 omnia
2353 4083 2619 4149 confusio,
2640 4086 2990 4154 perturbatio,
3019 4103 3195 4142 rerum
3222 4090 3465 4154 eversio;
3500 4107 3600 4146 nec
3621 4093 3725 4145 vir-

2153 4187 2258 4242 tus,
2281 4193 2378 4230 nec
2394 4178 2592 4231 malitia
2613 4180 2855 4241 erit;non
2882 4189 3045 4243 artes,
3075 4196 3183 4234 non
3207 4181 3370 4251 leges,
3391 4184 3523 4236 nihil
3550 4183 3733 4254 hujus-

2150 4270 2574 4325 cemodi.Viden‘
2598 4286 2705 4340 quo
2728 4272 2906 4326 tendat
2933 4287 3057 4326 esca
3085 4273 3302 4338 diaboli,
3326 4284 3380 4329 et
3396 4277 3522 4346 quid
3545 4278 3729 4331 orbein

2155 4370 2310 4414 terra:
2328 4361 2535 4417 ellicere
2546 4364 2693 4427 velit,
2710 4372 2763 4418 et
2778 4364 2842 4417 ad
2860 4379 3020 4434 quem
3053 4366 3209 4418 tinent
3233 4367 3409 4420 omnia
3435 4369 3696 4422 adducere
3711 4373 3733 4422 ’ἒ

2157 4451 2278 4505 lla-c
2305 4461 2480 4506 autem
2510 4455 2687 4508 omnia
2710 4460 2942 4510 scientes
2964 4466 3023 4511 et
3047 4457 3128 4511 his
3155 4458 3302 4527 plura
3327 4460 3560 4528 (possein
3590 4461 3729 4514 enim

2155 4544 2317 4596 multa
2341 4544 2561 4607 addere,
2589 4546 2680 4599 sed
2702 4547 3130 4614 prudentioribus
3158 4553 3272 4603 lucc
3295 4551 3602 4616 sulliciant),
3628 4566 3727 4602 ne-

2155 4638 2377 4705 quitiam
2435 4638 2714 4706 fugiamus,
2767 4644 3013 4694 virtutem
3063 4641 3345 4710 eligantus,
3393 4652 3449 4693 ut
3477 4643 3736 4709 imprimis

2159 4731 2322 4783 Deum
2352 4732 2641 4800 propitium
2673 4733 2984 4797 habeamus,
3018 4733 3315 4800 deindeqne
3345 4748 3373 4784 a
3397 4735 3639 4800 gehenua
3667 4733 3730 4783 li—

2158 4823 2407 4877 berentnr
2425 4865 2440 4888 ,
2476 4835 2636 4894 atque
2662 4827 2875 4880 :eternis
2903 4828 3140 4880 fruamur
3167 4827 3317 4879 bouis
3343 4842 3354 4878 :
3381 4841 3499 4894 qua:
3533 4825 3728 4878 utinam

2160 4933 2257 4969 nos
2273 4933 2460 4970 omnes
2489 4934 2898 4984 Conseqttatnnr,
2927 4919 3093 4986 gratia
3114 4927 3167 4970 et
3187 4917 3508 4984 benzgtntate
3529 4915 3734 4967 Domini

2159 5008 2327 5062 nostri
2353 5007 2477 5061 Jesn
2498 5008 2716 5071 Christi,
2741 5025 2832 5077 per
2855 5025 3011 5077 qnetn
3039 5021 3092 5061 et
3113 5024 3350 5074 cumque
3369 5007 3505 5060 l’atri
3531 5005 3692 5073 gloria
3719 5044 3732 5066 ,

2160 5121 2258 5157 una
2281 5119 2400 5155 eum
2423 5103 2619 5170 Spiritu
2635 5114 2840 5168 sancto,
2875 5116 3013 5155 nunc
3038 5111 3092 5155 et
3119 5116 3348 5169 semper,
3379 5109 3430 5153 et
3457 5099 3508 5152 in
3536 5098 3729 5152 swcultt

2159 5197 2495 5249 saeculorum.
2524 5199 2711 5248 Amen.
