3966 6160
0 1899 64 1962 ττι

0 1967 65 2059 .d

466 423 557 482 ΒΗ
1199 407 1264 465 S.
1290 403 1568 465 JOANNIS
1594 393 2063 458 CllRYSOSTOMI
2099 391 2417 448 ARClllEP.
2444 387 2972 448 CONSTAN'I'INOP.
3609 399 3698 453 σιξ

1815 578 2159 642 ΗοιιιιιιΑ
2201 579 2320 643 IX.

477 744 724 811 Ejusdem
746 784 760 808 ,
793 740 931 811 quod
959 753 1060 792 non
1089 743 1319 806 oporteat
1347 730 1416 784 ad
1440 730 1627 784 circum
1655 725 1735 780 vel
1761 723 1829 778 ad
1853 722 2052 776 theatra

543 834 838 890 accudere.
870 829 939 884 Et
964 845 1082 883 cum
1109 826 1216 880 illis
1243 822 1522 877 molestiam
1547 829 1779 880 creasset,
1798 812 2054 868 deindein

540 935 788 982 conventu
811 921 1041 992 sequenti
1072 928 1184 989 post
1205 917 1355 970 illam
1389 912 1705 966 Dominieam
1729 951 1743 973 ,
1767 923 1883 960 cum
1927 921 2050 992 con-

546 1017 772 1072 cessisset
793 991 1032 1082 episcopo
1053 1009 1276 1070 cuidam,
1303 1005 1392 1076 qui
1413 1020 1476 1058 ex
1499 1000 1706 1057 Galatia
1731 1005 1932 1052 venerat
1955 991 2052 1065 (a),

540 1105 876 1164 eoneionandi
897 1101 1215 1176 facultatem,
1235 1107 1283 1152 et
1309 1098 1416 1166 ipse
1437 1094 1696 1156 tacuisset,
1719 1088 1938 1157 atquein
1959 1085 2055 1138 hee

543 1215 744 1272 quoque
772 1198 891 1253 illos
917 1193 1248 1262 olfendissct,
1293 1190 1428 1242 hanc
1469 1185 1647 1240 habuit
1697 1179 1960 1235 aemilium
2001 1177 2055 1272 in

543 1267 734 1364 Magna
758 1288 988 1352 ecclesia,
1016 1287 1071 1339 in
1094 1282 1228 1338 iilsnl
1259 1297 1279 1336 :
1306 1281 1468 1335 Pater
1497 1290 1649 1331 meus
1687 1287 1858 1342 usque
1896 1267 2060 1324 modo

545 1393 823 1454 operatur,
841 1388 908 1434 'et
934 1393 1036 1448 ego
1062 1388 1261 1446 operor
1288 1371 1470 1439 (aloen.
1497 1369 1551 1423 5.
1588 1365 1675 1435 17)
1707 1365 1807 1436 lb).

548 1449 601 1528 1.
631 1465 1179 1538 Constantinopolitaui
1203 1461 1426 1534 grauiter
1446 1455 1717 1525 increpati,
1746 1449 2054 1524 frequentio-

474 1585 558 1622 res
587 1566 654 1619 ad
683 1563 976 1618 concionem
1006 1557 1230 1612 veniunt.
1247 1583 1321 1595 —
1347 1551 1532 1621 Nuper
1558 1547 1714 1602 valde
1735 1560 1831 1598 vos
1858 1539 2059 1613 pupugi

477 1659 548 1712 de
576 1653 801 1709 theatris
817 1662 876 1705 et
905 1649 972 1703 de
1000 1644 1340 1718 equestribus
1370 1641 1508 1696 ludis
1533 1639 1762 1706 loquens
1793 1651 1809 1688 :
1837 1633 2063 1700 ideoque

478 1750 632 1804 lictor
657 1756 708 1800 et
735 1743 943 1798 exsulto
965 1738 1262 1795 secundum
1287 1732 1637 1805 apostolicam
1667 1741 1852 1784 vocem
1879 1723 2063 1780 dicen-

479 1851 590 1894 tem
621 1857 634 1890 :
661 1836 733 1890 Et
759 1835 873 1906 quis
901 1842 973 1887 est
998 1832 1088 1902 qui
1113 1846 1196 1883 me
1225 1828 1462 1896 lcti/icet,
1495 1824 1592 1877 nisi
1622 1822 1708 1890 qui
1735 1821 2063 1874 contristatur

479 1946 544 1985 ea:
571 1945 648 1982 ine
680 1927 754 1999 (2.
783 1921 1105 1991 Cor.2.2)l
1158 1919 1380 1974 Multum
1434 1916 1576 1972 enim
1626 1911 1780 1966 video
1829 1909 2062 1964 fructum

476 2039 544 2078 ex
578 2021 678 2075 hac
715 2017 932 2072 tristitia
977 2013 1266 2069 orientem.
1312 2009 1444 2064 Nam
1483 2017 1538 2062 et
1582 2006 1894 2076 pharmace,
1945 2014 2064 2069 qua:

481 2116 663 2170 ulcera
685 2119 896 2173 sanant,
924 2107 1073 2179 prius
1091 2106 1312 2160 vulnera
1337 2100 1605 2164 mordent,
1629 2107 1683 2152 et
1708 2106 1836 2151 tunc
1860 2112 1890 2148 a
1916 2093 2064 2147 sanie

477 2207 709 2259 liberant
737 2220 750 2256 :
777 2206 844 2254 ita
872 2207 926 2254 et
948 2211 1130 2252 sermo
1157 2195 1246 2264 qui
1273 2191 1572 2247 auditorem
1601 2187 1788 2258 pungit
1809 2228 1824 2252 ,
1849 2184 2066 2239 initium

476 2292 833 2350 correctionis
861 2288 1005 2343 facit.
1057 2285 1204 2342 Sicut
1242 2286 1388 2339 enim
1429 2283 1484 2337 in
1516 2279 1842 2350 corporibus
1871 2273 2068 2330 nostris

483 2401 612 2439 caro
660 2397 780 2452 qua:
827 2377 995 2434 semel
1039 2385 1282 2430 emortua
1326 2383 1432 2438 est,
1464 2387 1570 2425 non
1603 2371 1893 2425 sectionem
1915 2407 1930 2430 ,
1960 2381 2068 2419 non

482 2476 773 2544 pharmaca
790 2511 807 2534 ,
841 2484 945 2523 non
967 2467 1200 2522 cauteria
1223 2465 1415 2524 sentit;
1441 2463 1665 2530 ideoque
1685 2457 1896 2514 etiamsi
1921 2456 2071 2510 inuu-

483 2578 639 2620 snera
681 2561 1054 2622 adhibeantur,
1085 2571 1190 2610 non
1235 2553 1304 2608 ad
1346 2553 1626 2608 sanitatem
1665 2549 1840 2605 redire
1872 2555 2068 2617 potest,

487 2671 614 2712 cum
665 2651 958 2707 curationis
1009 2649 1216 2702 initium
1254 2654 1309 2701 et
1347 2643 1748 2698 fundamentum
1791 2638 2067 2703 amiserit;

489 2763 612 2818 qua:
638 2759 766 2801 vero
793 2743 958 2799 sentit
978 2751 1037 2796 .et
1067 2738 1266 2794 ferrum
1283 2747 1336 2792 et
1363 2737 1536 2806 ignem
1557 2745 1612 2790 et
1636 2735 1941 2804 pharmace,
1965 2731 2074 2784 cito

490 2841 559 2895 ad
591 2836 948 2894 valetudinem
973 2831 1232 2888 redierit:
1257 2831 1336 2884 sic
1358 2837 1413 2883 et
1440 2828 1492 2882 in
1521 2827 1819 2887 animabus,
1847 2839 1965 2893 qua:
1994 2823 2075 2876 in-

487 2931 725 2988 sensiles
754 2936 900 2990 sunt,
933 2941 1038 2981 non
1070 2923 1228 2978 facile
1257 2930 1566 2983 mutentur;
1595 2935 1715 2988 qua:
1741 2932 1872 2973 vero
1901 2916 2078 2972 sciunt

495 3035 552 3079 et
578 3021 780 3093 pudore
807 3017 948 3073 allici
966 3027 1035 3071 .et
1059 3014 1382 3071 erubescere
1406 3027 1469 3066 ac
1496 3011 1683 3066 dolore
1715 3010 1883 3080 premi
1915 3010 1967 3062 in
1998 3009 2080 3062 in-

493 3111 915 3183 crepationibus,
932 3106 1221 3161 maximum
1244 3103 1398 3158 nobis
1421 3102 1662 3172 prazbent
1677 3107 2073 3171 argumentum,

499 3203 640 3274 quod
670 3201 777 3257 cito
801 3217 832 3255 a
863 3198 1096 3268 nequitia
1123 3195 1399 3251 destiturae
1428 3194 1554 3248 sint.
1585 3193 1871 3263 Propterea
1894 3191 2082 3246 beatus

501 3297 713 3356 Paulus,
745 3306 865 3346 cum
897 3289 1008 3343 [nec
1035 3287 1214 3350 sciret,
1246 3299 1341 3341 eos
1378 3285 1467 3354 qui
1507 3282 1762 3338 dolebant
1793 3282 1948 3336 valde
1981 3297 2080 3350 ap-

503 3386 780 3458 probabat,
803 3383 982 3451 deque
1012 3381 1121 3434 illis
1148 3378 1465 3442 lmtabatur;
1505 3375 1573 3430 de
1605 3376 1670 3430 iis
1699 3390 1826 3428 vero
1855 3373 1945 3443 qui
1975 3388 2080 3426 non

505 3481 575 3534 ita
605 3475 780 3531 allecti
813 3481 988 3535 erant,
1017 3469 1338 3538 dt-Spcrahat
1365 3467 1549 3521 dicens
1573 3483 1584 3518 :
1613 3464 1712 3531 Qui
1743 3465 1886 3518 nullo
1915 3464 2087 3531 affecti

504 3572 682 3624 dolore
707 3564 1104 3621 seti-ediderunt
1133 3561 1466 3631 impudicitia
1486 3601 1502 3625 ,
1532 3560 1584 3611 in
1612 3558 1958 3627 operationem
1987 3559 2087 3611 int-

509 3659 770 3714 munditite
790 3655 973 3718 omnis,
997 3654 1049 3706 in
1076 3651 1344 3706 avaritiam
1367 3649 1583 3721 (Ep/tes.
1605 3649 1658 3703 4.
1685 3649 1797 3717 l9).
1821 3648 1922 3713 Qui
1946 3648 2088 3702 enim

507 3754 692 3807 dolere
740 3748 954 3809 nescit.
997 3743 1271 3816 quomodo
1315 3757 1569 3811 umquam
1617 3741 1937 3810 corrigatur,
1989 3740 2089 3794 nisi

513 3847 659 3914 prius
713 3842 843 3897 illud
894 3837 1176 3895 didicerit?
1223 3836 1486 3903 Quoniam
1531 3834 1696 3904 igitur
1722 3833 1823 3888 hoc
1875 3849 1904 3886 a
1943 3834 2094 3889 vobis

511 3948 656 3993 recte
677 3935 869 3988 factum
887 3939 991 3996 est,
1014 3929 1166 3982 valde
1190 3926 1510 3982 confidimus
1525 3937 1626 3994 pro
1646 3926 1867 3979 caritate
1889 3935 2060 3979 vestra
2082 3943 2094 3980 :

511 4029 558 4082 si
585 4026 728 4081 enim
759 4021 1048 4090 alloquium
1080 4034 1242 4072 unum
1273 4019 1342 4072 ita
1374 4033 1471 4072 vos
1497 4015 1802 4076 momordit,
1825 4026 1876 4070 et
1906 4016 1957 4069 in
1985 4025 2099 4069 tan-

518 4131 624 4173 tam
656 4117 982 4171 anxietatem
1014 4128 1108 4166 vos
1136 4111 1387 4178 coniecit,
1423 4117 1480 4163 ut
1503 4108 1684 4162 animo
1713 4107 2014 4163 delicerctis
2043 4117 2099 4162 et

521 4206 902 4269 turbaremini;
935 4203 1274 4257 manifestum
1306 4210 1390 4255 est
1417 4201 1562 4270 qttod
1591 4198 1830 4254 secunda
1863 4209 1917 4253 et
1945 4200 2099 4254 tertia

526 4299 728 4363 addita,
757 4299 825 4351 ab
863 4296 1008 4350 omni
1043 4294 1230 4348 morbo
1265 4307 1361 4347 vos
1404 4291 1668 4347 liberabit.
1719 4290 1786 4345 Et
1833 4299 1890 4343 ιιι
1929 4289 2102 4344 disca-

531 4395 601 4447 iis
627 4407 712 4444 me
739 4404 844 4443 non
875 4386 1026 4440 vobis
1053 4385 1358 4439 adulantem
1392 4383 1505 4438 haec
1529 4383 1737 4443 dicere,
1780 4398 1873 4451 per
1898 4397 1958 4434 ea
1986 4398 2104 4451 quae

525 4499 694 4554 nuper
712 4480 1028 4536 exhibuistis
1043 4478 1304 4532 dictorum
1321 4486 1623 4530 nostrorum
1649 4476 1925 4530 veritatem
1953 4477 2104 4530 testi—

527 4576 667 4630 licati
694 4574 841 4629 estis.
873 4569 1083 4626 Etenim
1111 4567 1202 4637 qui
1231 4568 1308 4621 sic
1339 4566 1598 4634 inerepati
1628 4564 1850 4620 fueratis
1872 4607 1885 4630 ,
1919 4576 1976 4620 ιιι
2003 4567 2105 4620 do-

526 4668 709 4734 leretis
733 4676 785 4720 et
813 4664 994 4717 animo
1041 4659 1364 4723 deliceretis,
1415 4657 1653 4727 proxima
1700 4657 1973 4712 Dominica
2034 4659 2102 4730 (c)

593 4779 664 4841 (ιι)
703 4777 822 4826 Erat
859 4782 972 4841 tunc
1002 4773 1240 4841 temporis
1265 4769 1502 4841 Leontius
1524 4770 1778 4841 episcopus
1811 4768 2106 4841 Galatarum.

530 4832 636 4902 llos
650 4832 827 4907 autem
845 4837 1057 4907 vigebat,
1083 4832 1274 4907 quando
1293 4834 1549 4894 eplSCOIlllS
1572 4832 1866 4893 peregrinus
1882 4833 2112 4882 advenie-

531 4897 631 4962 liat,
657 4903 702 4950 ei
725 4894 917 4962 capituli
931 4894 1120 4962 dicendi
1145 4894 1324 4962 facere.

597 4953 668 5025 (ὗ)
711 4953 997 5025 Necessario
1031 4957 1240 5025 legenda
1263 4961 1375 5025 sunt
1399 4967 1456 5025 ea
1479 4967 1588 5025 quae
1609 4953 1739 5025 circa
1764 4953 1890 5025 hunc
1921 4954 2112 5025 titulum

531 5014 741 5078 dis‘nims
772 5024 818 5070 in
844 5021 1040 5070 Muttito.
1067 5019 1272 5070 Multum
1297 5017 1466 5066 tribuit
1498 5014 1897 5065 Montel'aleonius
1925 5016 2000 5066 bis
2038 5019 2111 5078 in:

531 5088 748 5145 uicibus,
783 5083 1088 5145 crmliilitque
1125 5079 1248 5145 adeo
1282 5091 1369 5145 eos
1401 5077 1586 5145 additos
1608 5090 1720 5145 esse
1750 5091 1780 5125 ιι
1803 5080 2011 5145 quodam
2032 5077 2116 5138 qni

533 5138 579 5197 S.
617 5138 826 5206 (lectoris
863 5138 1507 5206 litteiji'ltwsisse_videretnr.
1541 5139 1654 5187 Meo
1675 5138 2112 5206 laterimnnqnam

535 5200 770 5270 ejusmodi
814 5205 935 5253 latro
972 5201 1452 5270 b:u_°barus_hzcr_oat,
1490 5214 1646 5270 apage
1673 5203 1684 5248 ε
1710 5200 1943 5263 Plerique
1985 5200 2114 5270 enim

535 5262 723 5330 iudices
755 5269 923 5330 harum
961 5265 1183 5330 undecim
1219 5262 1527 5330 humiliarqu
1555 5265 1618 5330 ita
1652 5271 1765 5310 sunt
1798 5262 2026 5330 corrupti,
2067 5271 2117 5312 ut

535 5323 630 5380 nec
667 5328 976 5392 grammatici
1009 5328 1130 5374 ratio
1161 5332 1367 5373 constet.
1413 5323 1460 5392 [ι]
1487 5324 1644 5392 etiam
1669 5325 1892 5372 ('OllVl'llll
1919 5326 1964 5392 in
1993 5326 2118 5374 hunc

538 5384 761 5449 indieétu.
800 5389 1026 5440 Breviter
1061 5401 1186 5441 nunc
1221 5394 1384 5449 contra
1420 5384 1554 5449 ludos
1579 5387 1826 5449 circenses
1855 5394 1906 5449 et
1930 5387 2118 5434 theatra

535 5446 768 5514 disliutat,
791 5451 917 5512 (lllOd
941 5449 1248 5514 copiosinsct
1268 5447 1610 5514 vehententius
1630 5447 1692 5514 ile
1716 5460 1769 5492 re
1790 5446 1961 5514 eadem
1984 5449 2119 5514 dire-

537 5507 682 5566 rat'iu
709 5507 873 5561 ultima
893 5507 1012 5560 ante
1032 5511 1155 5560 hanc
1180 5509 1390 5568 humilia,
1415 5523 1523 5571 qua:
1548 5509 1727 5569 legitur
1753 5516 1787 5556 t.
1814 5509 1860 5566 li,
1888 5507 1980 5556 col.
2006 5509 2117 5557 265.

537 5588 643 5623 ιιιιι.
670 5573 856 5623 Manu.

535 5588 643 5623 ειιιι.
672 5588 856 5623 ιιιΑττιι.

558 5589 998 5703 ειιῖὲ)ηέλιξὲἒῗξηφιίι
1011 5632 1300 5688 Matthteins,
1314 5632 1452 5703 istam
1471 5630 1532 5678 ult
1545 5628 1937 5703 i'tInauLhomiliam
1955 5630 2124 5703 habuit

540 5692 1080 5761 ξίιιιιξῃιοῖυυιιιὶιηοειιι
1113 5702 1275 5761 autem
1313 5693 1393 5761 hic
1422 5692 1635 5761 appellat
1671 5693 2120 5761 festum.paschalis.

547 5756 614 5805 lio
635 5757 715 5802 die
742 5756 998 5815 cpiscrquts
1022 5767 1082 5800 ex
1111 5753 1294 5815 Galatia
1321 5753 1486 5815 habuit
1507 5754 1805 5815 concionem.
1825 5753 1978 5802 Recte
2005 5769 2125 5814 ergo

545 5823 709 5863 contra
723 5811 1142 5861 Miuurfalconium
1163 5814 1329 5862 \iilcor
1347 5814 1568 5862 (locotsse
1583 5815 1719 5861 istam
1741 5813 1955 5861 ultimam
1971 5811 2122 5863 homi-

525 5874 640 5932 ltam
653 5873 840 5924 nottdie
856 5873 1215 5933 Uuminica,scd
1229 5875 1427 5923 sabbato
1445 5883 1582 5937 ante]
1603 5876 1740 5924 asella
1762 5890 1869 5925 l‘So'.‘
1886 5877 2108 5926 habitam.

2153 721 2302 776 illam
2333 723 2670 792 insequente,
2696 723 3030 793 splendidius
3071 726 3229 783 nobis
3271 726 3528 784 theatrum
3563 733 3697 788 exhi-

2152 813 2373 880 buistis,
2398 815 2819 870 numerosiorem
2843 825 3169 872 conventum
3189 827 3243 873 et
3267 818 3512 889 majorem
3537 822 3700 878 alacri-

2157 913 2360 969 tatem;
2391 920 2684 977 ornnesque
2710 909 2956 978 suspensi
2985 909 3150 964 eratis
3169 949 3185 973 ,
3218 909 3357 965 sicut
3395 909 3702 970 hirundinum

2159 998 2287 1067 pulli
2309 1012 2338 1050 a
2356 996 2483 1053 nido
2509 999 2826 1068 pendentes,
2844 1010 2900 1055 et
2920 1000 2987 1055 ad
3009 1001 3246 1072 linguam
3269 1011 3498 1058 nostram
3525 1004 3706 1060 inhian-

2156 1095 2262 1142 tes.
2287 1087 2488 1142 Deinde
2509 1090 2630 1158 quia
2665 1091 2813 1144 fratri
2838 1100 3048 1158 nostro,
3076 1092 3164 1161 qui
3187 1109 3252 1147 ex
3274 1092 3473 1149 Galatia
3495 1108 3708 1163 venerat,

2155 1192 2318 1246 quem
2346 1191 2403 1233 et
2433 1189 2649 1249 propter
2689 1181 2859 1250 ipsam
2911 1180 3168 1236 Ecclesia:
3215 1183 3384 1252 legem
3430 1187 3709 1256 peregrinos

2157 1269 2233 1323 ita
2262 1272 2534 1339 suscipere
2555 1272 2836 1340 jubcutem
2858 1315 2871 1337 ,
2903 1283 2956 1328 et
3001 1283 3222 1344 promer
3263 1276 3609 1330 venerandam
3635 1293 3710 1331 ca-

2157 1361 2345 1416 nitiem
2377 1361 2788 1423 lionorabamus.
2815 1365 2988 1419 locum
3019 1367 3280 1421 cessimus
3308 1375 3364 1421 ut
3391 1368 3712 1424 concionare-

2160 1461 2271 1517 tur,
2295 1454 2656 1510 occlamantes
2677 1455 3030 1522 recedebatis,
3054 1457 3287 1526 graviter
3311 1455 3558 1520 ferentes,
3581 1459 3713 1527 quasi

2160 1543 2270 1612 jam
2298 1543 2390 1598 diu
2416 1545 2554 1599 fatue
2602 1548 3000 1615 premeremini,
3043 1557 3098 1602 ct
3144 1547 3377 1618 linguam
3405 1559 3626 1604 nostram
3659 1553 3716 1604 ita

2163 1644 2437 1690 seearttem
2531 1646 2868 1707 exoptantes,
2919 1639 3060 1693 illam
3109 1654 3304 1712 nempe
3360 1641 3719 1708 increpantem,

2167 1737 2508 1797 pungentem,
2532 1728 2774 1783 dolorem
2795 1729 3129 1792 allerentem,
3161 1730 3390 1800 idipsum
3418 1730 3652 1786 facientes
3672 1749 3724 1786 ac

2165 1821 2210 1872 si
2232 1819 2492 1889 puerulus
2521 1821 2854 1887 verberatus,
2898 1822 3225 1893 int-repulus,
3253 1839 3320 1878 ne
3361 1823 3438 1877 sic
3463 1823 3660 1896 quidem
3699 1839 3724 1878 ιι

2167 1919 2337 1964 matre
2356 1910 2660 1976 absisteret,
2690 1911 2783 1966 sed
2817 1911 3031 1980 plorans
3058 1921 3397 1982 sequeretur,
3424 1914 3728 1969 vestimentis

2165 2001 2354 2054 matris
2369 2001 2436 2054 ah
2457 2003 2622 2057 latere
2647 2002 2878 2069 luerens,
2913 2012 2965 2057 et
2986 2017 3044 2057 se
3073 2004 3297 2058 trahens
3321 2013 3440 2074 post
3462 2003 3597 2058 illam
3625 2020 3726 2056 cmu

2164 2091 2651 2146 lamentationibus.
2673 2092 2959 2162 Propterea
2977 2095 3188 2148 exsulto
3207 2104 3259 2149 et
3280 2096 3457 2164 gestio
3481 2110 3582 2164 pra:
3604 2095 3732 2146 voltt—

2172 2191 2334 2251 ptate,
2362 2181 2680 2252 beatumque
2705 2199 2790 2238 me
2819 2199 2938 2238 esse
2966 2184 3199 2252 prmdico
3217 2186 3362 2240 inter
3392 2194 3468 2240 tot
3493 2194 3732 2238 amatores

2164 2273 2514 2337 concionans,
2553 2288 2648 2328 vos
2679 2274 2757 2327 sic
2787 2274 3081 2343 pendentes
3109 2274 3312 2330 habens
3342 2291 3376 2332 e
3407 2276 3575 2344 lingua
3612 2290 3730 2328 mea.

2173 2360 2285 2416 lloc
2313 2363 2442 2416 mihi
2470 2364 2618 2418 radio
2655 2365 2816 2419 solari
2847 2365 3055 2420 dulcius
3082 2374 3163 2420 est
3182 2408 3198 2430 ,
3225 2366 3334 2421 hoc
3378 2368 3495 2422 luce
3514 2367 3733 2427 suat-ius;

2169 2453 2276 2510 hoc
2293 2456 2396 2509 vita
2409 2467 2554 2512 certe
2570 2465 2673 2525 est,
2693 2467 2798 2512 tam
2819 2468 3002 2528 gratos
3020 2458 3214 2514 habere
3230 2460 3527 2524 auditores,
3545 2460 3626 2529 qui
3649 2473 3737 2512 nan

2175 2546 2336 2601 modo
2359 2547 2633 2616 plaudere,
2652 2547 2744 2602 sed
2769 2551 2930 2604 etiam
2952 2551 3146 2620 corrigi
3174 2553 3384 2617 volunt,
3403 2553 3491 2620 qui
3511 2552 3738 2620 increpati

2165 2653 2282 2692 non
2313 2638 2574 2702 resiliunt,
2598 2639 2692 2694 sed
2713 2639 2778 2693 ad
2805 2639 3169 2711 increpantem
3193 2642 3529 2713 confugiunt.
3548 2625 3666 2697 ideo
3699 2654 3745 2696 et

2171 2746 2278 2803 ego
2300 2749 2421 2788 cum
2453 2733 2642 2804 majori
2689 2734 2964 2792 alacritate
3006 2753 3101 2790 vos
3127 2737 3504 2808 alloquuturus
3533 2755 3674 2804 sum,
3701 2750 3747 2793 et

2181 2840 2350 2894 nuper
2373 2825 2635 2880 dictorum
2663 2827 2912 2896 reliquias
2938 2829 3243 2884 redditurus
3276 2830 3480 2898 hodie;
3527 2833 3747 2900 increpa-

2171 2917 2326 2970 rtione
2346 2931 2489 2972 nune
2503 2917 2740 2981 dimissa,
2754 2934 2819 2974 ne
2830 2935 3010 2975 rursus
3028 2920 3245 2991 ignaros
3266 2925 3563 2978 incusanda
3575 2923 3750 2978 studio-

2173 3007 2260 3062 sis
2275 3007 2525 3062 damnum
2545 3009 2827 3064 aﬂ‘eramus
2847 3052 2863 3077 ,
2896 3010 3021 3064 dum
3046 3020 3213 3066 totum
3233 3013 3566 3086 colloquium
3587 3015 3647 3069 ad
3675 3027 3753 3066 eos

2185 3100 2487 3170 arguendos
2506 3101 2856 3157 insumcmus.
2886 3102 3106 3157 Etiamsi
3126 3106 3265 3158 enim
3288 3107 3432 3160 nihil
3451 3123 3480 3160 a
3513 3105 3656 3160 nobis
3681 3105 3752 3158 di-

2187 3203 2421 3256 ceretur,
2453 3194 2503 3248 id
2532 3194 2674 3264 quod
2711 3195 2827 3250 heri
2855 3195 3080 3265 contigit
3124 3197 3254 3251 satis
3296 3207 3454 3254 esset
3481 3197 3544 3253 ad
3571 3213 3657 3252 eos
3680 3195 3754 3265 qui

2189 3301 2313 3355 erga
2342 3285 2751 3354 hippodromum
2780 3286 2989 3342 luerunt
3015 3297 3069 3342 et
3098 3289 3241 3343 rabie
3267 3289 3564 3356 ducuntur,
3590 3291 3651 3343 ab
3676 3289 3758 3342 hac

2192 3377 2562 3447 intempestiva
2591 3379 3026 3448 Concupiscenlia
3055 3380 3414 3436 avertendos.
3445 3382 3646 3436 Etenim
3672 3394 3761 3433 ete-

2197 3469 2293 3524 des
2323 3469 2374 3522 in
2408 3469 2760 3539 hippodromo
2787 3470 2901 3525 lteri
2933 3481 3137 3540 patrata
3174 3471 3273 3544 (a),
3302 3475 3568 3545 traguidia
3601 3472 3760 3526 urbem

2194 3569 2358 3616 totam
2393 3563 2649 3632 implevit,
2682 3562 2967 3616 mulierum
2999 3565 3194 3618 chorm
3224 3565 3672 3626 circumattraxit,
3701 3563 3765 3614 lo.

2170 3685 2172 3687 -
2197 3669 2313 3707 rum
2343 3655 2589 3707 lamentis
2614 3652 2792 3707 multis
2821 3645 3078 3722 replevit,
3103 3655 3228 3709 dum
3255 3656 3301 3709 is
3325 3658 3431 3727 qui
3475 3672 3505 3709 a
3550 3654 3767 3709 curribus

2197 3745 2268 3798 ita
2296 3744 2933 3798 tuiscrabiliterconcisns
2959 3753 3012 3799 et
3041 3745 3313 3814 disceptus
3357 3747 3554 3811 fuerat,
3573 3761 3662 3815 per
3675 3758 3768 3796 me.

2198 3833 2342 3889 ditnn
2385 3834 2633 3903 populum
2671 3834 3105 3903 gestarcturJlic
3133 3845 3188 3888 ιιι
3220 3838 3370 3902 novi,
3407 3838 3495 3905 qui
3543 3833 3768 3906 postridie

2199 3927 2463 3996 nuptiales
2509 3925 2782 3995 lampadas
2829 3940 3156 3980 aceensurus
3203 3938 3345 3995 crat,
3385 3944 3506 3982 cum
3553 3923 3765 3996 apparati

2204 4018 2420 4072 thalami
2451 4027 2651 4082 essent,
2686 4026 2736 4072 et
2768 4017 2948 4071 omnia
2979 4017 3041 4070 ad
3077 4017 3296 4085 iiuptias
3320 4020 3656 4078 concinnata,
3687 4015 3769 4068 sub

2205 4110 2454 4166 Praetoris
2479 4111 2686 4176 ordine,
2715 4111 2768 4164 in
2799 4110 2976 4164 stadio
3013 4110 3188 4164 locum
3225 4112 3458 4178 habens,
3501 4128 3618 4168 cum
3649 4108 3765 4163 ittlra

2205 4211 2463 4266 curreret,
2491 4201 2808 4256 instantibus
2831 4202 3028 4271 aurigis
3050 4210 3102 4256 et
3127 4212 3316 4257 mutuo
3342 4203 3770 4260 concertantibus,

2209 4293 2416 4347 medius
2445 4294 2770 4362 interceptus
2791 4335 2807 4358 ,
2841 4293 3126 4347 violentam
3162 4295 3308 4348 illaut
3355 4306 3413 4350 ct
3443 4293 3771 4350 miserabilem

2210 4395 2436 4439 mortem
2468 4384 2648 4450 subiit,
2679 4384 2854 4451 capite
2881 4393 2937 4438 et
2961 4385 3214 4438 extremis
3245 4387 3511 4440 membris
3529 4382 3770 4438 abscissis.

2281 4479 2334 4533 2.
2387 4479 2628 4533 Vidistin’
2659 4478 2992 4549 hippodromi
3021 4478 3290 4532 fructum?
3327 4481 3395 4534 Et
3416 4481 3542 4550 quid
3570 4477 3632 4531 ad
3660 4490 3742 4528 nos
3761 4511 3773 4532 ι

2213 4570 2422 4639 inquies
2446 4611 2461 4634 ,
2489 4571 2576 4639 qui
2607 4584 2819 4624 sursum
2849 4569 3135 4624 sedemus?
3164 4571 3241 4624 Ad
3272 4587 3369 4625 vos
3407 4572 3670 4626 maxime:
3694 4563 3774 4619 nisi

2211 4663 2353 4715 enim
2371 4679 2466 4716 vos
2481 4662 2832 4718 concurrendi
2848 4663 3076 4716 studimn
3093 4664 3528 4729 exeitaretis,illa
3549 4661 3674 4716 infra
3690 4671 3774 4710 non

2213 4755 2538 4810 eveniSsent.
2586 4754 2690 4808 Sed
2719 4770 2785 4809 ne
2813 4771 3000 4808 rursus
3029 4755 3395 4808 molestiorem
3441 4755 3655 4810 reddam
3682 4764 3776 4802 ser-

2217 4864 2427 4902 monem
2457 4858 2510 4900 et
2539 4848 2726 4902 vulnus
2755 4846 3000 4902 refricem
3033 4890 3046 4912 ,
3082 4847 3196 4902 luce
3224 4859 3422 4902 vestrze
3462 4845 3777 4902 conscientizc

2220 4942 2528 5011 relinquens
2553 4981 2566 5004 ,
2601 4956 2770 5008 nuper
2795 4939 3060 4994 dictorum
3091 4941 3344 5009 reliquias
3383 4942 3520 4996 dare
3547 4938 3777 4994 conabor.

2218 5033 2470 5098 Qua'nam
2497 5045 2627 5101 ergo
2652 5047 2819 5099 nuper
2846 5031 3191 5085 (lll'ellallllIS?
3212 5032 3510 5087 Narrabam
3538 5030 3779 5086 Christum

2222 5123 2623 5178 l'umlamentnm
2656 5123 2832 5176 vocari
2873 5124 2890 5193 (
2919 5124 2968 5178 l.
2995 5123 3115 5178 Cor.
3150 5125 3204 5179 3.
3239 5125 3297 5179 ll
3328 5126 3384 5193 ),
3419 5135 3474 5178 ut
3504 5125 3592 5192 qui
3623 5117 3781 5173 omnia

2222 5221 2398 5283 portet
2422 5253 2437 5278 ,
2461 5213 2720 5266 sustineat
2745 5223 2903 5282 atque
2926 5225 3095 5280 gestet
3122 5230 3133 5265 :
3160 5213 3262 5268 hoc
3283 5229 3428 5267 nunc
3454 5229 3519 5265 ex
3547 5213 3647 5264 alio
3673 5220 3782 5275 :zpo-

2223 5304 2414 5357 Stolico
2464 5303 2607 5355 dicto
2657 5303 3028 5357 detnonstrare
3076 5303 3197 5357 volo
3227 5323 3240 5358 :
3275 5304 3361 5357 hic
3398 5304 3545 5357 cnim
3583 5300 3667 5370 qui
3711 5295 3784 5348 illa

2223 5395 2376 5458 dixit,
2397 5394 2593 5448 diclmn
2612 5394 2738 5448 illud
2772 5395 3129 5463 interpretans
3149 5398 3254 5454 ait:
3280 5394 3380 5461 Qui
3404 5410 3523 5446 cum
3553 5394 3614 5446 sit
3637 5388 3785 5456 splen-

2225 5488 2322 5541 dor
2361 5488 2537 5549 gloria!
2581 5497 2625 5540 et
2672 5489 2836 5557 ﬁgura
2881 5487 3178 5541 substantia:
3217 5489 3357 5559 ejus,
3392 5497 3601 5556 portans
3639 5491 3784 5536 ουιηιη

2226 5578 2372 5633 νενίιο
2400 5581 2598 5631 virtutis
2623 5594 2746 5641 sum,
2772 5595 2860 5647 per
2879 5579 3099 5648 seipsnm
3121 5577 3475 5650 purgationem
3497 5575 3698 5644 faciens,
3715 5583 3782 5620 ιε·

2257 5751 2268 5763 ,
2291 5689 2363 5763 (ᾳ)
2388 5689 2516 5752 largo
2537 5689 2681 5763 etiam
2699 5689 2948 5763 Dominica
2958 5690 3202 5763 paschalis
3219 5691 3412 5760 luerunt
3429 5687 3526 5736 ludi
3547 5687 3781 5763 circense:

2231 5748 2414 5802 Etuletn
2441 5748 2586 5814 male
2612 5754 2759 5802 etiam
2781 5748 3070 5802 Antiocheni
3106 5754 3152 5801 in
3172 5751 3364 5814 jejunio
3383 5761 3567 5814 magno
3582 5748 3783 5814 impigr:-

2229 5795 2768 5924 ﬁliiﬁlii—Lausi."iiii.
2781 5795 3095 5878 ἑζῖὀῐῖῐῦὂ,
3107 5795 3240 5877 ἶδῖξ
3249 5795 3516 5874 ὃῖἶίίέἱῖ.
3547 5809 3588 5870 t,
3613 5795 3697 5856 cel.
3716 5795 3784 5850 δι.
