3966 6160
362 371 465 429 513

357 495 487 561 τῶν,
517 495 911 564 διαϐαστάζων.
938 500 1011 552 Οὐ
1038 498 1147 570 γὰρ
1175 499 1239 568 δὴ
1266 497 1427 568 μόνον
1452 498 1516 551 ἐκ
1537 498 1631 552 τοῦ
1662 500 1735 570 μὴ
1760 499 1912 563 ὄντος
1943 501 2021 563 είς

354 582 417 635 τὸ
453 579 587 636 εἶναι
622 586 837 639 ἅπαντα
871 588 1212 657 παρήγαγεν,
1254 585 1390 638 ἀλλὰ
1419 586 1513 638 κοιλ¹
1550 588 1856 656 γενομένων
1892 604 2023 659 προ·

356 671 465 721 νοεῖ
484 670 729 742 καθάπερ
757 672 785 724 6
813 672 1152 741 γεγεννηκὼς
1182 673 1344 725 αὐτὸν
1388 673 1593 741 Πατήρ.
1626 674 1716 725 Διὸ
1746 672 2023 726 καὶτοῦτο

351 752 525 824 δηλῶν
552 756 762 825 ἔλεγεν·
792 759 1078 828 ὈΠατήρ
1097 778 1217 828 μου
1237 759 1348 824 ἕως
1369 759 1498 827 ἄρτι
1517 755 1832 827 ἐργάζεται,
1860 759 2022 828 κάγὼ

350 839 677 910 ἐργάζομαι.
720 845 810 897 Διὸ
852 846 946 898 καὶ
979 845 1177 916 μᾶλλον
1207 846 1432 915 ἐζήτουν
1476 844 1639 897 αὐτὸν
1678 848 1726 899 οί
1771 847 2013 899 Ἰουδαῖοι

351 926 684 992 ἀποκτεῖναι,
717 932 778 985 οὐ
810 932 970 1003 μόνον
1007 935 1089 987 ὅτι
1118 932 1241 986 έλυε
1272 933 1332 985 :6
1356 932 1644 997 σάϐϐατον,
1679 933 1793 985 ἀλλ’
1821 933 1902 987 ὅτι
1925 936 2018 989 καὶ

350 1013 567 1087 Πατέρα
586 1018 752 1071 αὐτοῦ
779 1019 931 1088 ἔλεγε
955 1020 1046 1074 τὸν
1061 1020 1212 1085 Θεὸν,
1236 1020 1350 1073 ἴσον
1372 1021 1564 1073 ἐαυτὸν
1587 1021 1757 1074 ποιῶν
1778 1021 1854 1093 τῷ
1875 1022 2016 1094 Θεῷ.

420 1100 531 1154 Ποῦ
559 1103 709 1177 [584]
737 1106 832 1159 νῦν
860 1106 911 1159 οί
936 1105 1046 1160 τῶν
1088 1106 1379 1177 αἱρετικῶν
1408 1106 1596 1171 παῖδες
1615 1146 1629 1171 ,
1665 1109 1715 1161 οί
1747 1108 1887 1162 κατὰ
1918 1109 2018 1179 τῆς

349 1188 557 1245 ἑαυτῶν
587 1193 899 1263 μαινόμενοι
939 1194 1233 1265 σωτηρίας,
1266 1194 1360 1247 καὶ
1390 1194 1491 1265 τῆς
1523 1196 1765 1267 ἰσότητος
1790 1197 2016 1267 ἀποσχί-

350 1273 536 1340 ζοντες
577 1278 741 1331 αὐτὸν
787 1279 885 1349 τῆς
931 1279 1068 1351 πρὸς
1108 1280 1201 1334 τὸν
1253 1280 1511 1352 Πατέρα;
1545 1283 1892 1337 άκουέτωσαν
1919 1284 2016 1339 τοῦ

348 1363 731 1432 εὐαγγελιστοῦ
753 1365 852 1438 τὴν
871 1368 1056 1438 φωνήν
1077 1369 1226 1438 (ὅταν
1252 1368 1309 1422 δέ
1326 1370 1416 1424 τὸν
1441 1371 1831 1442 εὐαγγελιστὴν
1854 1373 2013 1439 είπω,

347 1449 440 1503 τὸν
484 1451 903 1526 Χριστὸν-λέγω
952 1456 1046 1509 τὸν
1100 1457 1351 1512 κινοῦντα
1396 1459 1563 1513 αὑτοῦ
1612 1459 1715 1530 τὴν
1759 1461 2013 1533 ψυχήν)·

348 1536 700 1594 άκουέτωσαν
724 1582 739 1606 ,
792 1543 885 1596 καὶ
939 1543 1399 1615 ἐντραπήτωσαν,
1461 1548 1557 1600 καὶ
1614 1548 2016 1603 παυσάσθωσαν

347 1623 569 1677 τοιαῦτα
593 1626 927 1698 μαινόμενοι.
961 1629 1070 1682 Καὶ
1096 1631 1203 1702 γὰρ
1227 1632 1277 1684 οί
1313 1632 1555 1687 Ἰουδαῖοι
1577 1633 1664 1687 διὰ
1678 1634 1838 1688 τοῦτο
1853 1636 2014 1689 αὑτὸν

346 1708 587 1775 ἐδίωκον,
641 1713 723 1766 ὅτι
771 1714 882 1768 τσον
919 1716 1112 1770 ἑαυτὸν
1164 1717 1355 1787 ἔλεγε·
1386 1720 1483 1773 καὶ
1519 1716 1666 1775 οῦτοι
1714 1722 1803 1776 διὰ
1852 1722 2012 1778 τοῦτο

345 1795 801 1867 ἁπαγχονίζονται
827 1843 842 1867 ,
886 1803 967 1856 ὅτι
997 1803 1201 1874 ταύτην
1243 1807 1586 1878 άναφέρομεν
1624 1809 1773 1881 αὐτῷ
1800 1810 1896 1882 τὴν
1924 1812 2014 1865 e6-
2042 1853 2077 1882 ι.

345 1884 557 1954 φημίαν
586 1887 716 1958 παρ’
748 1887 916 1941 αὐτοῦ
952 1890 1347 1956 παιδευθέντες.
1396 1894 1533 1948 Ἀλλ’
1557 1896 1657 1950 οὐκ
1689 1898 1875 1962 αὐτοῦ,
1910 1917 2014 1972 φη-

346 1970 449 2034 σὶν,
489 1972 611 2025 οὐδὲ
644 1973 738 2027 τοῦ
775 1976 1160 2046 εὐαγγελιστοῦ
1184 1978 1321 2050 αὕτη
1344 1982 1377 2052 ἡ
1403 1981 1582 2051 ψῆφος
1610 1980 1702 2055 ἦν,
1737 1984 1874 2039 ἀλλὰ
1903 1970 2011 2041 τῶν

355 2057 643 2114 Ἰουδαίων.
680 2061 935 2115 Μάλιστα
970 2064 1104 2132 μὲν,
1134 2065 1184 2117 εί
1219 2066 1311 2119 καὶ
1349 2068 1458 2121 τῶν
1490 2068 1760 2123 Ἰουδαίων
1792 2066 1883 2143 ἦν,
1916 2074 2012 2126 καὶ

340 2144 495 2200 τοῦτό
526 2165 618 2201 σου
649 2150 907 2219 μέγιστον
932 2151 1183 2224 ἔγκλημα
1210 2156 1306 2208 καὶ
1330 2157 1533 2227 ἐσχάτη
1564 2160 1897 2232 κατηγορία,
1927 2161 2010 2215 ὅτι

341 2232 487 2304 άπερ
526 2237 575 2288 οἱ
610 2236 926 2308 ἀγνώμονες
986 2240 1233 2295 Ἰουδαῖοι
1282 2243 1522 2296 συνεῖδον
1554 2245 1663 2298 ἀπὸ
1692 2246 1800 2301 τῶν
1833 2249 2012 2319 ῥημά-

340 2338 448 2374 των
500 2325 1053 2396 κατασκευαζόμενα,
1085 2327 1257 2382 ταῦτα
1301 2330 1463 2393 αὐτὸς
1513 2331 1866 2402 ἐθελοκωφῶν
1915 2337 2010 2407 οὐχ

339 2405 490 2475 ὁρᾷς.
534 2405 610 2459 Οὐ
663 2406 770 2479 γὰρ
810 2408 873 2479 δὴ
907 2410 1115 2464 οἴκοθεν
1153 2410 1292 2464 αὐτὰ
1325 2413 1564 2482 εἰσῆγον,
1595 2414 1709 2467 ἀλλ’
1747 2416 1840 2485 ἀφ’
1880 2411 1954 2471 ὧν
1978 2405 2011 2472 6

341 2490 577 2577 Χριστδς
619 2491 773 2560 ἔλεγε
822 2495 1267 2567 συλλογιζόμενος
1313 2499 1532 2563 αὐτούς.
1565 2502 1674 2554 Καὶ
1704 2501 1791 2557 ἴνα
1833 2505 2009 2577 μάθῃς

339 2576 422 2629 ὃτι
450 2576 570 2631 οὐδὲ
611 2577 880 2633 Ἰουδαίων
910 2583 1057 2635 ἐστὶν
1090 2586 1122 2653 ὴ
1154 2583 1298 2650 λέξις
1340 2584 1518 2655 αῦτη,
1549 2587 1686 2641 ἀλλὰ
1718 2589 1810 2642 τοῦ
1842 2576 2007 2661 εὐαγο

339 2662 589 2730 γελιστοῦ
620 2666 715 2719 καὶ
743 2666 923 2736 ψῆφος
956 2669 1049 2722 καὶ
1072 2670 1229 2740 ῥῆσις
1264 2675 1283 2740 (
1311 2672 1439 2726 ὃταν
1467 2673 1525 2726 δὲ
1553 2674 1692 2729 εἴπω
1717 2676 1811 2730 τοῦ
1843 2679 2007 2749 εὐαγ-

340 2750 611 2818 γελιστοῦ,
656 2753 750 2806 τοῦ
799 2755 1035 2827 Χριστοῦ
1086 2756 1229 2826 λέγω
1257 2758 1350 2811 τοῦ
1390 2759 1663 2826 κινοῦντος
1700 2763 1864 2818 αὑτοῦ
1906 2769 2008 2838 τὴν

338 2836 653 2910 διάνοιαν),
701 2840 839 2895 αὐτὰ
879 2847 948 2896 τά
982 2845 1204 2916 ῥήματα
1250 2846 1491 2911 ἐξέταζε.
1538 2849 1600 2902 '0
1638 2852 1839 2921 Πατήρ
1863 2836 2003 2922 μου.

338 2927 416 2979 Ού
444 2928 602 2979 παντί
631 2945 728 2981 που
751 2928 906 3000 δῆλον
926 2931 1018 2984 καὶ
1037 2931 1114 3001 τῷ
1136 2932 1337 3002 σφόδρα
1365 2936 1595 3007 ἀνοήτῳ,
1624 2937 1707 2990 ὅτι
1726 2938 1814 2993 διὰ
1845 2941 2002 2995 τοῦτο

341 3009 514 3079 εἷπεν,
565 3016 629 3068 '0
659 3016 860 3086 Πατήρ
882 3036 1025 3087 μου,
1054 3019 1141 3073 ἴνα
1167 3020 1295 3074 ίδιον
1332 3022 1495 3076 αὑτοῦ
1525 3025 1813 3100 ἁποφήνῃ;
1849 3028 1922 3080 T6
1948 3028 2006 3082 δέ

339 3103 638 3171 ἐπαγαγεῖν
687 3104 867 3168 πάλιν,
917 3104 1283 3176 Ἐργάζεται,
1326 3108 1489 3178 κάγὼ
1529 3109 1863 3180 ἐργάζομαι,
1895 3109 2007 3184 ἆρα

338 3187 440 3240 οῦκ
491 3187 713 3260 ἰσότητά
761 3190 878 3243 ἐστι
911 3193 1624 3261 κατασκευάζοντοςςϋύδέ
1672 3197 1781 3269 γάρ
1829 3193 2002 3262 εἶπεν,

343 3272 660 3346 Ἐργάζεται
670 3280 889 3348 ἐκεῖνος,
912 3279 1022 3351 ἐγὼ
1045 3279 1101 3332 δέ
1129 3280 1386 3351 ὑπουργῶ
1407 3278 1745 3354 ’Ἐργάζεται
1778 3286 2002 3353 ἐκεῖνος,

338 3362 450 3430 ἐγὼ
486 3362 544 3417 δέ
578 3363 961 3437 ύπηρετοῦμαι
984 3384 997 3397 ·
1031 3368 1430 3435 ἀλλ’,Ἐχεῖνος
1472 3372 1804 3443 ἐργάζεται,
1847 3375 2005 3444 κάγὼ

335 3449 661 3521 ἐργάζομαι.
707 3452 865 3525 Ὁρᾷς
892 3453 1009 3518 πῶς
1033 3455 1133 3508 οὐκ
1165 3455 1431 3510 Ἰουδαίων
1450 3452 1518 3529 ἦν
1553 3459 1841 3526 ἀπόφασις,
1871 3462 2005 3518 ἀλλὰ

336 3538 446 3590 τῶν
478 3539 689 3593 ἐκείνου
725 3541 984 3611 ῥημάτων
1019 3542 1332 3614 κατασκευὴ
1358 3543 1418 3597 τὸ
1448 3542 1738 3616 λεγόμενον
1762 3562 1778 3612 ;
1806 3548 1872 3602 Εί
1894 3549 2004 3621 γάρ

350 3625 617 3679 Ἰουδαίων
661 3622 729 3698 ἦν
772 3627 1163 3700 πεπλανημένη
1211 3646 1294 3694 τις
1329 3631 1554 3685 ὑπόνοια
1599 3633 1691 3686 καὶ
1720 3633 1900 3704 ψῆφος
1944 3636 2005 3691 :6

339 3710 452 3765 ἴσον
472 3713 636 3766 αὑτὸν
669 3717 840 3768 ποιεῖν
881 3715 957 3786 τῷ
983 3715 1122 3783 Θεῷ,
1158 3717 1251 3768 καὶ
1290 3717 1454 3780 αὐτὸς
1496 3718 1597 3787 μὲν
1629 3720 1729 3773 οὐκ
1757 3721 2004 3776 ἐϐούλετο

334 3798 493 3851 τοῦτο
515 3799 931 3865 ὑποπτεύεσθαι,
961 3803 1009 3855 οί
1030 3801 1086 3853 δὲ
1128 3803 1370 3857 Ἰουδαῖοι
1396 3805 1470 3875 μὴ
1498 3804 1820 3876 βουλομένου
1850 3808 2003 3861 τοῦτο

335 3884 502 3939 αὐτοῦ
530 3885 870 3953 ὑπώπτευον,
902 3888 1062 3961 ἐτερα
1090 3889 1445 3954 ὑπονοοῦντες
1485 3894 1613 3965 παρ’
1655 3893 1683 3946 6
1711 3894 1871 3959 αὐτὸς
1907 3912 2005 3949 κα-

334 3973 677 4027 τασκευάσαι
705 3974 957 4030 ἐϐούλετο
976 3993 989 4008 ·
1030 3976 1131 4029 οὐκ
1165 3977 1230 4030 ἂν
1253 3977 1386 4031 αὐτὸ
1416 3978 1598 4032 εἴασεν
1620 3979 1793 4045 οὕτως
1823 3982 2004 4053 ἀδιόρ-

336 4058 506 4111 θωτον
535 4061 564 4112 6
595 4060 1005 4134 εύαγγελιστὴς,
1036 4062 1150 4115 ἀλλ’
1182 4065 1567 4135 ἐπεσημήνατο
1612 4065 1678 4119 ἂν
1721 4066 1813 4120 καὶ
1850 4063 2002 4121 εἶπεν

336 4146 471 4199 αὐτὸ
508 4148 712 4217 σαφῶς.
750 4149 860 4203 Καὶ
887 4151 995 4223 γὰρ
1027 4151 1149 4216 ἔθος
1176 4153 1357 4217 αὐτοῖς
1386 4154 1545 4208 τοῦτο
1567 4158 1758 4223 ποιεῖν,
1786 4158 1879 4211 καὶ
1900 4159 2001 4214 αὐ-

338 4235 451 4295 τοῖς
477 4233 570 4287 καὶ
601 4233 679 4305 τῷ
713 4235 917 4306 Ἰησοῦ·
943 4240 1036 4291 καὶ
1058 4239 1220 4292 τοῦτο
1248 4238 1308 4304 ἐξ
1343 4242 1462 4307 ἐνὸς
1496 4243 1590 4295 καὶ
1618 4243 1871 4311 δευτέρου
1900 4263 2003 4298 πα-

342 4319 703 4390 ραδείγματος
744 4323 1076 4394 πειράσομαι
1115 4326 1241 4397 ὑμῖν
1277 4329 1497 4391 ποιῆσαι
1543 4329 1721 4401 δῆλον,
1763 4332 1842 4386 ὅτι
1875 4335 2002 4387 ὅταν

333 4408 466 4481 εἴπῃ
487 4427 540 4463 τι
568 4412 596 4464 6
616 4412 866 4482 Χριστὸς,
898 4415 992 4468 καὶ
1020 4415 1219 4487 ἑτέρως
1245 4416 1342 4487 μὲν
1366 4418 1495 4471 αὐτὸ
1525 4418 1652 4491 είπῃ
1679 4421 1859 4485 αὐτὸς,
1890 4422 2004 4476 ἐτέ-

340 4514 447 4568 ρως
478 4497 533 4551 δὲ
565 4498 980 4553 ύποπτεύσωσιν
1027 4503 1079 4554 οί
1117 4502 1378 4568 Ἰουδαῖοι,
1410 4505 1714 4575 διορθοῦται
1735 4509 1763 4561 6
1785 4510 2000 4579 εὐαγγε-

335 4586 543 4658 λιστής.
580 4588 690 4642 Καὶ
720 4587 806 4641 ἵνα
835 4588 1012 4660 μάθῃς
1041 4588 1197 4642 τοῦτο
1228 4591 1434 4661 σαφῶς,
1466 4594 1694 4647 ἄκουσον
1721 4597 1883 4651 αὑτοῦ
1906 4598 1999 4652 τοῦ

348 4673 591 4728 Ἰωάννου
632 4675 764 4729 αὐτὸ
794 4678 952 4732 τοῦτο
976 4676 1132 4747 δῆλον
1157 4678 1453 4742 ποιοῦντος.
1508 4681 1721 4752 Ἐπειδὴ
1746 4683 1853 4753 γὰρ
1889 4686 2002 4737 5E0-

334 4760 497 4831 ῆλθεν
544 4764 624 4825 είς
650 4763 741 4816 τὸν
771 4763 897 4818 ναὸν
946 4764 1041 4817 τοῦ
1066 4763 1223 4828 Θεοῦ,
1255 4766 1349 4818 καὶ
1375 4767 1498 4829 τοὺς
1527 4767 1876 4833 κολλυϐιστὰς
1915 4771 2002 4838 ἐξ.-

335 4848 496 4901 έϐαλε
528 4850 852 4921 φραγέλλιον
883 4853 1136 4924 ποιήσας,
1161 4854 1252 4905 καὶ
1275 4852 1457 4921 ἔλεγεν
1479 4870 1492 4883 ·
1518 4858 1613 4924 Μὴ
1652 4858 1868 4912 ποιεῖτε
1897 4860 2003 4913 τὸν

332 4928 502 4986 οἶκον
529 4933 631 4987 τοῦ
659 4937 886 5003 Πατρός
902 4953 1022 5003 μου
1052 4936 1221 4989 οἷκον
1253 4936 1540 5004 ἐμπορίου
1568 4955 1583 4968 ·
1611 4940 1999 5009 προσελθόντες

1150 378 1211 435 5.
1249 378 1538 436 JOANNIS
1570 378 2068 438 CHRYSOSTOMI
2112 381 2433 437 ARCHIEP.
2471 378 3023 437 CUNSTANTINOP.
3638 381 3717 435 ΕΗ

2134 496 2555 567 οἰκοδομούντων
2584 495 2687 548 ὑπὸ
2715 496 2813 565 τῆς
2849 491 3189 565 βαρϐαρικῆς
3214 493 3500 564 ἐπιϐουλῆς,
3527 500 3607 552 καὶ
3628 506 3724 571 χρά.

2129 600 2218 636 νου
2245 583 2561 654 τριϐομένου
2590 583 2783 635 πολλοῦ
2814 578 2968 644 οὗτος
3011 584 3039 634 6
3075 580 3200 641 ναὸς
3234 580 3556 650 ἀπηρτίζετο.
3601 588 3726 642 Ἐπεὶ

2127 667 2220 723 οῦν
2265 674 2295 724 6
2347 672 2553 742 Ἰησοῦς
2595 671 2721 743 περὶ
2768 670 2862 724 τοῦ
2915 668 3165 740 σώματος
3213 667 3303 722 τοῦ
3339 671 3514 724 ἑαυτοῦ
3559 672 3724 742 ἔλεγεν,

2125 759 2219 810 τὸν
2262 759 2492 830 σταυρὸν
2544 759 2721 828 δηλῶν
2770 759 2864 812 καὶ
2922 757 3020 827 τὴν
3071 757 3360 809 ἀνάστασιν
3385 771 3399 786 ·
3464 759 3604 812 τοῦτο
3635 764 3726 833 γάρ

2126 847 2241 898 ἐστι
2273 847 2352 910 :6,
2382 849 2617 901 Λύσατε
2638 846 2744 900 τὸν
2763 846 2913 900 rabr
2943 844 3175 908 τοῦτον,
3208 844 3302 897 καὶ
3321 845 3389 896 ἐν
3417 846 3592 912 τρισίν
3613 849 3726 917 ἠμέ-

2117 950 2255 1001 ραις
2281 933 2465 1004 ἐγερῶ
2508 935 2693 987 αὐτόν
2712 949 2727 964 ·
2759 934 2956 986 ἐκεῖνοι
2984 930 3042 984 δὲ
3067 933 3195 999 περὶ
3226 930 3318 983 τοῦ
3345 932 3465 985 ναοῦ
3500 933 3583 986 τοῦ
3626 937 3731 989 ἰου-

2123 1020 2309 1075 δαϊκοῦ
2348 1020 2671 1074 ὑπώπτευον
2695 1037 2708 1051 ·
2754 1021 2878 1074 ὅθεν
2917 1021 3011 1073 καὶ
3059 1018 3242 1088 ἐλεγον
3262 1037 3276 1051 ·
3332 1019 3731 1088 Τεσσαρὰδιοντα

2124 1108 2221 1161 καὶ
2261 1108 2330 1174 ἐξ
2375 1108 2580 1163 ἐτεσιν·
2617 1108 2968 1178 ᾠκοδομήθη
3007 1110 3039 1162 ό
3064 1106 3212 1171 ναὸς
3243 1102 3436 1172 οὗτος,
3468 1107 3557 1160 καί
3583 1108 3652 1162 σὺ
3678 1109 3732 1162 ὲν

2122 1195 2317 1262 τμςσίν
2342 1195 2587 1265 ἡμέραις
2614 1195 2835 1265 ἐγερεῖς
2861 1195 3047 1249 αὐτόν
3067 1211 3086 1259 ;
3116 1193 3264 1266 [585]
3287 1193 3385 1265 ὅρα
3410 1195 3518 1257 πῶς
3542 1195 3596 1247 οὐ
3625 1213 3733 1265 παρ-

2124 1283 2359 1353 έδραμεν
2391 1284 2523 1336 αὐτὸ
2549 1286 2578 1336 6
2601 1283 3011 1354 εὐαγγελιστὴς,
3034 1282 3152 1335 ἀλλ’
3166 1284 3409 1352 ἐπήγαγε
3431 1282 3523 1353 τὴν
3546 1282 3732 1352 διόρθω-

2125 1387 2230 1431 σιν,
2275 1370 2481 1439 λέγων·
2524 1370 2791 1437 Ἐκεῖνος
2834 1370 2902 1423 δὲ
2944 1369 3116 1441 ἔλεγε
3149 1370 3284 1438 περὶ
3333 1368 3438 1422 τοῦ
3485 1370 3620 1423 ναοῦ
3652 1370 3736 1423 τοῦ

2121 1456 2392 1526 σώματος
2413 1457 2619 1512 αὐτοῦ.
2643 1458 2778 1511 Ούδέ
2806 1458 2915 1528 γὰρ
2939 1453 3060 1511 εἶπε
3077 1497 3093 1520 ,
3110 1456 3322 1512 Λύσατε
3341 1456 3401 1509 :6
3426 1457 3571 1527 σῶμα
3591 1456 3733 1519 τοῦτο,

2120 1544 2275 1605 ἀλλὰ,
2309 1546 2421 1599 Τὸν
2442 1545 2613 1609 ναὸν,
2643 1545 2728 1599 ἵνα
2746 1545 2895 1619 δείξῃ
2917 1545 3007 1598 τὸν
3025 1545 3157 1598 Θεὸν
3173 1545 3265 1598 τὸν
3286 1544 3530 1599 οἰκοῦντα
3543 1542 3739 1615 [ἐνοικέί]

2120 1630 2317 1685 λύσατε
2351 1631 2441 1685 τὸν
2477 1631 2606 1686 ναὸν
2640 1632 2733 1686 τὸν
2769 1632 2950 1703 πολλῷ
2980 1632 3226 1703 βελτίονα
3247 1631 3343 1685 τοῦ
3384 1629 3664 1684 Ἰουδαϊκοῦ.
3694 1631 3741 1682 Ὀ

2123 1719 2221 1789 μὲν
2252 1717 2360 1789 γὰρ
2392 1713 2503 1789 εἷχε
2531 1719 2627 1773 τὸν
2668 1719 2849 1790 νόμον,
2898 1723 2927 1773 6
2956 1720 3011 1773 δέ
3044 1720 3136 1773 τὸν
3171 1718 3505 1790 νομοθέτην·
3532 1719 3559 1771 6
3588 1717 3671 1786 μὲν
3694 1716 3745 1768 :‘o

2119 1806 2354 1877 γράμμα
2386 1805 2448 1859 :6
2474 1807 2814 1870 ἀποκτεῖνον,
2846 1804 2878 1859 '6
2918 1807 2975 1861 δέ
3005 1807 3066 1861 τὸ
3107 1806 3334 1877 πνεῦμα
3367 1805 3427 1859 :6
3457 1803 3741 1870 ζωοποιοῦν·

2118 1887 2147 1939 6
2181 1888 2282 1959 μὲν
2310 1890 2410 1947 τὴν
2442 1890 2637 1962 ῥάϐδον
2669 1889 2771 1954 τὴν
2805 1890 3035 1962 Ἀαρὼν,
3063 1892 3092 1943 6
3116 1890 3175 1943 δὲ
3201 1890 3304 1960 τὴν
3337 1888 3526 1959 ῥάϐδον
3562 1885 3745 1941 Ἰεσσαί.

2196 1972 2863 2047 γ’.ῐ1άλινάλλαχοῦτὸέπ“ι
2895 1977 3002 2031 τῶν
3050 1978 3237 2049 ἄρτων
3276 1976 3463 2047 θαῦμα
3505 1976 3752 2042 ποιήσαντι

2117 2060 2336 2134 ἀπάρας
2375 2064 2473 2117 σὺν
2507 2065 2689 2129 αὐτοῖς
2714 2104 2730 2130 ,
2760 2065 3025 2119 διέϐαινεν
3062 2066 3142 2129 είς
3170 2064 3237 2118 :6
3277 2065 3476 2135 πέραν,
3514 2063 3603 2115 καὶ
3623 2061 3751 2127 ἔλεγε

2117 2152 2230 2214 τοῖς
2266 2152 2535 2225 μαθηταῖς
2559 2170 2574 2184 ·
2609 2152 2943 2223 Προσέχετε
2975 2154 3094 2208 ἀπὸ
3124 2153 3243 2221 τῆς
3290 2152 3477 2222 ζύμης
3523 2149 3631 2204 τῶν
3657 2151 3753 2200 Φα-

2109 2238 2365 2305 ρισαίων
2390 2239 2486 2294 καὶ
2518 2240 2954 2295 Σαδδουκαίων.
2997 2243 3058 2294 οι
3091 2241 3147 2294 δέ
3192 2240 3381 2311 ζύμην
3415 2236 3716 2298 ἀκούσαντες
3738 2270 3754 2295 ,

2116 2325 2244 2395 περὶ
2269 2325 2446 2396 ἄρτων
2465 2326 2784 2381 ὑπώπτευον
2803 2345 2817 2358 ·
2839 2327 3003 2391 αὐτὸς
3030 2327 3087 2381 δέ
3109 2328 3174 2381 οὐ
3209 2327 3346 2397 περὶ
3374 2325 3552 2397 ἄρτων
3578 2323 3753 2389 ιλιγεν,

2114 2411 2251 2467 ἀλλὰ
2281 2413 2407 2485 περὶ
2424 2414 2529 2484 τῆς
2554 2414 2899 2479 διδασκαλίας
2925 2415 3033 2468 τῶν
3064 2416 3408 2487 Φαρισαίων.
3455 2411 3602 2466 Ἐπεὶ
3628 2408 3758 2477 γὰρ*

2114 2498 2288 2563 ἄλλως
2328 2500 2425 2570 μὲν
2459 2501 2619 2564 αὐτὸς
2644 2498 2814 2565 εἶπεν,
2842 2502 3015 2565 άλλως
3050 2502 3108 2555 δέ
3147 2501 3530 2555 ὑπώπτευσαν
3560 2499 3761 2558 ἐκεῖνοι,

2113 2586 2214 2657 δρα
2250 2586 2368 2649 πῶς
2393 2587 2698 2658 διορθοῦται
2739 2589 2907 2652 αὐτὸ,
2950 2587 3157 2657 λέγων·
3214 2588 3425 2652 Οὕτως
3466 2584 3657 2654 ἀκμὴν
3684 2580 3763 2633 καὶ

2113 2671 2280 2741 ὑμεῖς
2313 2673 2598 2726 ἀσύνετοί
2637 2675 2821 2737 ἐστε;
2855 2677 2928 2729 οὐ
2951 2674 3279 2744 μέμνησθε
3306 2673 3458 2738 τοὺς
3490 2670 3658 2725 πέντε
3682 2667 3766 2734 ἆρ-

2111 2774 2257 2825 τους
2289 2759 2386 2812 καὶ
2417 2763 2652 2827 πόσους
2692 2763 2981 2830 κοφίνους
3022 2759 3314 2826 ἐλάϐετε,
3358 2760 3463 2814 καί
3492 2758 3628 2821 τοὺς
3646 2752 3767 2808 ἑπτὰ

2112 2843 2331 2912 ἄρτους
2352 2848 2448 2900 καί
2483 2849 2673 2914 πόσας
2704 2847 3005 2917 σπυρίδας
3023 2846 3280 2901 ἐλάϐετε
3305 2863 3323 2911 ;
3354 2845 3485 2912 πῶς
3517 2846 3587 2898 οὐ
3611 2840 3770 2896 νοεῖτε

2112 2928 2204 2983 ὅτι
2251 2933 2324 2984 οὐ
2376 2933 2511 3001 περὶ
2562 2932 2755 3003 ἄρτων
2798 2930 2970 2987 εἷπον
3002 2932 3167 3001 ὑμῖν,
3198 2932 3374 2987 ἀλλὰ
3405 2931 3540 2998 περὶ
3578 2926 3676 2993 τῆς
3705 2926 3771 2976 διν

2110 3015 2446 3085 δασκαλίας
2480 3021 2598 3073 τῶν
2642 3020 2997 3089 Φαρισαίων,
3026 3019 3187 3072 ὥστε
3220 3019 3594 3089 προσέχειν-ς
3637 3013 3772 3084 ὐρᾷς

2112 3103 2230 3167 πῶς
2254 3104 2348 3157 καὶ
2386 3105 2479 3158 ἐπὶ
2506 3105 2600 3158 τοῦ
2630 3105 2759 3159 ναοῦ
2798 3108 2826 3159 6
2861 3105 3263 3176 εὐαγγελιστὴς
3305 3107 3408 3159 καὶ
3448 3102 3674 3158 ἐνταῦθα
3700 3099 3776 3150 αὐ-

2110 3189 2202 3252 τὸς
2230 3190 2338 3243 τῶν
2364 3191 2793 3263 πεπλανημένων
2820 3191 3125 3264 διορθοῦται
3162 3193 3273 3264 τὴν
3306 3192 3612 3254 ὑπόνοιανς
3647 3184 3776 3240 Οῦτω

2109 3278 2289 3332 τοίνυν
2327 3280 2419 3333 καὶ
2447 3280 2541 3332 ἐπὶ
2567 3280 2659 3334 τοῦ
2700 3282 2813 3334 ἴσον
2846 3281 3034 3334 ἐαυτὸν
3066 3284 3252 3334 ποιεῖν
3270 3281 3359 3351 τῷ
3393 3279 3518 3349 Θεῷ
3538 3318 3554 3342 ,
3580 3279 3626 3330 εἱ
3647 3274 3781 3335 αὐτὸς

2115 3368 2212 3435 μὲν
2233 3366 2332 3420 ούκ
2353 3367 2524 3420 ἐποίει
2549 3368 2740 3422 ἑαυτὸν
2768 3368 2881 3421 ῐσον
2902 3369 2978 3438 τῷ
3008 3366 3148 3438 Θεῷ,
3180 3370 3235 3421 οἱ
3264 3368 3328 3422 δὲ
3378 3366 3629 3419 Ἰουδαῖοι
3648 3361 3780 3415 τοῦτο

2112 3451 2430 3506 ὑπώπτευον
2456 3454 2563 3508 ἀπὸ
2592 3455 2700 3509 τῶν
2735 3455 3070 3526 εἰρημένων,
3101 3454 3444 3525 διώρθωσεν
3465 3453 3534 3508 ἂν
3554 3454 3649 3522 τὴν
3674 3446 3784 3502 ὑπὸ·

2110 3554 2256 3592 νοιαν
2279 3539 2480 3610 ταύτην
2505 3543 2532 3594 6
2557 3541 2965 3611 εὐαγγελιστὴςν
2996 3540 3091 3594 καὶ
3119 3535 3290 3593 εἷπεν
3313 3542 3407 3594 ὅτι
3448 3539 3682 3593 Ἰουδαῖοι
3705 3534 3784 3604 μὲν

2112 3621 2225 3676 ἴσον
2255 3622 2447 3676 ἐαυτὸν
2477 3622 2724 3694 ἐνόμιζον
2748 3623 2909 3678 αὑτὸν
2938 3625 3110 3675 ποιεῖν
3129 3622 3218 3693 τῷ
3253 3622 3412 3693 Θεῷ,
3441 3621 3606 3683 αὐτὸς
3637 3617 3690 3671 δέ
3708 3613 3788 3667 οὐκ

2111 3710 2283 3763 ἐποίει
2320 3709 2480 3762 τοῦτο
2516 3711 2638 3763 οὐδὲ
2675 3708 3098 3773 κατεσκεύαζεν.
3125 3711 3256 3764 ’Ίνα
3285 3711 3350 3764 δὲ
3375 3712 3477 3763 ἀπ’
3503 3707 3678 3763 αὐτῶν
3701 3699 3787 3753 αἶιν

2115 3792 2376 3863 ῥημάτων
2411 3792 2613 3864 μάθῃς,
2637 3792 2722 3845 ὅτι
2758 3792 2916 3845 τοῦτο
2954 3792 3195 3861 μάλιστα
3228 3792 3514 3847 ἐϐούλετο
3547 3783 3790 3860 πηγνύναι

2110 3881 2170 3931 ἐν
2207 3883 2329 3944 ταῖς
2372 3880 2481 3934 τῶν
2521 3878 2821 3950 ἀνθρώπων
2866 3880 3159 3943 διανοίαις,
3204 3880 3499 3952 ἀνωτέρω
3542 3877 3631 3931 τὸν
3661 3873 3791 3937 λόγον

2111 3967 2401 4039 ἀγάγωμεν
2422 3967 2516 4021 καὶ
2538 3966 2795 4037 μάθωμεν
2828 3966 2880 4019 τί
2901 3983 3032 4019 ποτε
3068 3967 3509 4038 ἐγκαλούμενος
3530 3963 3697 4019 ταῦτα
3714 3959 3795 4012 ὰπ-

2110 4054 2367 4123 ελογεῖτο.
2405 4055 2471 4107 Τί
2500 4054 2616 4107 ποτ’
2653 4051 2745 4107 οὖν
2778 4050 2847 4125 ἦν
2873 4055 3009 4124 ὅπερ
3036 4054 3371 4110 ἐνεκαλεῖτο
3397 4073 3415 4121 ;
3443 4057 3573 4110 Ὅτι
3608 4055 3663 4104 ἐν
3688 4044 3796 4099 σαϐ-

2109 4142 2257 4212 ϐάτῳ
2292 4143 2428 4212 ἔργα
2454 4143 2661 4195 ἐποίει·
2698 4142 2801 4195 Διὰ
2847 4143 3047 4205 τοῦτο,
3074 4144 3255 4210 φησὶν
3280 4184 3298 4208 ,
3330 4145 3601 4199 ἐδίωκον
3636 4131 3795 4191 αὑτὸν

2109 4233 2162 4285 al
2206 4229 2469 4284 Ἰουδαῖοι
2492 4271 2508 4296 ,
2539 4229 2630 4284 ὅτι
2664 4230 2851 4284 ταῦτα
2881 4230 3069 4284 ἐποίει
3106 4230 3182 4283 ἐν
3227 4233 3561 4296 σαϐϐάτῳ.
3606 4229 3728 4282 Ιιοῖει
3745 4220 3796 4286 δὴ

2108 4315 2326 4382 ταῦτα;
2371 4317 2492 4371 Ὅτι
2540 4317 2632 4370 τὸν
2669 4317 3037 4388 παραλυτικὸν
3080 4317 3325 4387 ἔσφιγξε
3357 4359 3376 4383 ,
3423 4319 3526 4371 καὶ
3576 4311 3795 4369 ἐκέλευσε

2109 4403 2255 4474 αὐτῷ
2290 4404 2386 4476 τὴν
2416 4405 2602 4475 κλίνην
2632 4404 2816 4458 λαϐεῖν
2850 4405 2946 4458 καὶ
2970 4405 3237 4458 ἀπελθεῖν
3268 4410 3364 4470 είς
3398 4408 3501 4461 ’τὸν
3538 4403 3699 4458 οἶκον.
3719 4392 3800 4487 bl?

2109 4493 2204 4545 καὶ
2231 4491 2541 4562 ἐρωτῶντες
2581 4492 2744 4546 αὐτὸν
2777 4491 2984 4559 ἔλεγον,
3027 4492 3111 4555 τίς
3147 4495 3246 4564 εἴη
3285 4496 3321 4549 ὁ
3364 4492 3646 4556 ἐπιτάξας
3675 4486 3796 4575 αὐτῷ

2108 4578 2279 4632 ταῦτα
2299 4581 2468 4631 ποιεῖν
2490 4578 2546 4630 ἐν
2569 4578 2821 4649 σαϐϐάτῳ
2836 4594 2851 4608 ·
2871 4580 2900 4631 6
2921 4578 2978 4630 δὲ
2998 4578 3122 4646 ἔφη,
3164 4579 3224 4631 Ὀ
3253 4580 3557 4651 ποιήσας
3574 4594 3649 4648 με
3666 4576 3799 4640 ὑγιη.

2107 4664 2331 4729 ἐκεῖνός
2356 4682 2457 4733 μοι
2487 4660 2686 4717 εἶπεν·
2706 4658 2883 4731 Ἆρον
2910 4663 3024 4731 τὴν
3061 4665 3305 4733 κλίνην
3337 4683 3471 4721 σου
3505 4664 3607 4718 καί
3639 4661 3800 4723 ὕπαγε

2107 4755 2194 4818 εὶς
2216 4752 2321 4805 τὸν
2340 4749 2506 4805 οἶκόν
2528 4766 2663 4805 σου.
2695 4751 2838 4824 Πρὸς
2865 4751 3035 4804 ταῦτα
3061 4751 3583 4823 δυσχεραίνοντες,
3610 4748 3801 4804 ἐδίωκον

2109 4839 2287 4904 αὐτὸν,
2318 4840 2400 4892 ὅτι
2430 4839 2601 4892 ταῦτα
2627 4838 2884 4904 ἐπέταξεν
2915 4841 2972 4891 ἐν
3005 4839 3302 4911 σαϐϐάτῳ,
3343 4842 3502 4912 ὅπερ
3533 4840 3700 4893 ἐδόκει
3732 4828 3805 4881 νάο

2113 4945 2213 4998 μου
2254 4925 2561 4995 παράϐασις
2582 4926 2675 4978 καὶ
2704 4925 2871 4989 λύσις.
2908 4926 2971 4978 Τί
3000 4922 3092 5000 οῦν
3123 4927 3612 4999 ἀπολογούμενος
3637 4925 3664 4979 6
3691 4920 3809 5000 Xptf

2113 5008 2234 5071 0:6;
2254 5006 2436 5075 λέγεις
2487 5007 2541 5059 Ὀ
2589 5006 2788 5075 Πατήρ
2824 5026 2944 5077 μου
2972 4998 3082 5074 ἕως
3109 5007 3251 5075 ἄρτι
3287 4998 3643 5080 ἐργάζεται,
3673 4998 3815 5068 κάγὼ

2109 5089 2434 5160 ἐργάζομαι.
2479 5088 2668 5141 Καίτοι
2702 5106 2766 5158 γε
2799 5090 2970 5144 πολλὰ
3015 5091 3176 5160 ἐτερα
3222 5092 3378 5163 ἐνῆν
3426 5094 3639 5156 εἰπεῖν,
3682 5085 3730 5140 εἰ
3759 5095 3814 5151 τε

2110 5174 2547 5247 ἀπολογήσασθαι
2578 5175 2830 5229 ἐϐούλετο
2867 5179 3044 5249 μόνον,
3072 5177 3214 5231 ἀλλὰ
3249 5181 3341 5250 μὴ
3380 5182 3571 5247 δεῖξαι
3604 5180 3700 5246 τὴν
3726 5171 3820 5225 i36-

2112 5279 2265 5331 τητα.
2300 5264 2562 5327 Πολλάκις
2586 5263 2693 5335 γὰρ
2716 5263 2878 5335 ἐλύθη
2905 5264 2967 5317 τὸ
2992 5264 3304 5333 σάϐϐατον,
3343 5269 3453 5320 καὶ
3487 5266 3710 5337 πρῶτον
3733 5257 3816 5329 μὲν

2111 5351 2202 5402 ἐπὶ
2231 5351 2327 5420 τῆς
2352 5353 2556 5413 πόλεως
2581 5352 2679 5421 τῆς
2721 5352 3123 5420 Ἱεριχουντίων.
3150 5351 3304 5405 ’Ότε
3335 5356 3465 5424 γὰρ
3495 5347 3822 5425 προσέϐαλον

2111 5441 2222 5501 τοῖς
2253 5437 2482 5508 τείχεσιν
2501 5479 2515 5503 ,
2539 5438 2678 5490 ἑπτὰ
2711 5440 2917 5509 ἡμέρας
2938 5439 3263 5491 ἐκελεύοντο
3296 5443 3640 5509 σάλπιγγας
3673 5445 3818 5507 μετα·

2114 5524 2471 5596 χειριζόμενοι
2503 5526 2769 5595 περιιέναι
2800 5528 2867 5580 τὰ
2891 5528 3066 5597 τείχη,
3099 5526 3185 5581 καὶ
3216 5526 3428 5592 οὕτως
3456 5522 3768 5599 κατηνέχθη
3793 5519 3823 5584 ἢ

343 5015 390 5066 οἱ
430 5015 780 5087 Γραμματεῖς
813 5018 903 5070 καὶ
946 5019 995 5070 of.
1042 5019 1325 5087 Φαρισαῖοι
1370 5018 1588 5088 ἔλεγον·
1643 5023 1702 5076 Τί
1751 5024 2004 5092 σημεῖον

335 5096 632 5165 δεικνύεις
667 5099 831 5169 ημῖν,
863 5100 949 5153 ὅτι
996 5101 1184 5155 ταῦτα
1203 5101 1426 5167 ποιεῐςς
1455 5102 1520 5156 Τί
1541 5097 1632 5156 οῦν
1665 5104 1859 5173 αὐτός;
1885 5108 2002 5162 Λύ-

335 5198 483 5239 σατε
523 5187 631 5239 tbr
661 5188 814 5242 ναὸν
843 5186 1091 5254 τοῦτον,
1137 5189 1235 5241 καὶ
1267 5187 1382 5258 ἐγὼ
1424 5189 1492 5243 ἐν
1520 5190 1720 5259 τρισὶν
1758 5193 2006 5262 ἡμέραις

334 5283 517 5354 ἐγερῶ
560 5287 747 5340 αὐτόν
775 5304 789 5319 ·
831 5291 959 5359 περὶ
1002 5288 1093 5341 τοῦ
1149 5289 1400 5360 σώματος
1434 5289 1527 5343 τοῦ
1573 5292 1764 5344 ἐαυτοῦ
1808 5292 2000 5361 λέγων.

349 5371 488 5425 Ἀλλ’
519 5374 715 5426 ἐκεῖνοι
746 5376 878 5428 αὐτὸ
917 5377 977 5429 ού
1030 5378 1287 5441 συνεῖδον,
1319 5377 1454 5431 ἀλλά
1479 5377 1531 5430 τί
1560 5395 1727 5446 φασι;
1776 5383 2002 5434 Τεσσα-

328 5459 593 5527 ριὶιιοντα
616 5462 713 5514 καί
738 5460 806 5526 ἒξ
844 5461 1047 5517 ἔτεσιν
1062 5463 1410 5533 ᾠκοδομήθη
1442 5468 1474 5520 ὀ
1507 5467 1651 5531 ναὸς
1681 5462 1879 5532 οὗτος,
1905 5468 2004 5521 καὶ

335 5547 416 5598 σὺ
446 5547 514 5599 ἐν
528 5549 722 5616 τρισὶν
742 5548 980 5618 ἡμέραις
999 5550 1216 5619 ἐγερεῖς
1246 5554 1431 5606 αὐτόν
1444 5568 1463 5616 ;
1496 5571 1562 5605 πε
1572 5554 1622 5624 ρὶ
1648 5554 1741 5605 τοῦ
1755 5555 1883 5608 ναοῦ
1911 5555 2002 5608 τοῦ

351 5638 640 5693 Ἰουδαϊκοῦ
684 5640 781 5693 τοῦ
822 5641 912 5696 διὰ
962 5641 1125 5696 λίθων
1167 5644 1673 5714 κατεσκευασμένου
1717 5645 1998 5714 λέγοντες·

343 5725 550 5788 ἐκεῖνος
591 5725 700 5796 γὰρ
750 5728 1154 5797 τεσσαράκοντα
1206 5731 1297 5783 καὶ
1337 5731 1395 5797 ἓξ
1455 5730 1630 5784 ἔτεσιν
1678 5733 1999 5805 ᾠκοδομήθη

346 5825 413 5877 με
425 5810 484 5862 τὰ
514 5808 608 5879 τὴν
634 5811 888 5865 ἐπάνοδον
919 5813 1023 5867 ἀπὸ
1049 5815 1383 5882 Βαϐυλῶνος,
1420 5816 1867 5889 διακωλυομένων
1893 5820 1998 5873 τῶν
2175 5825 2200 5854 ⁸
2237 5823 2366 5872 Fort.
2395 5823 2490 5870 ἐπεὶ
2512 5820 2640 5885 γοῦν.
3240 5832 3276 5873 τ
