3966 6160
364 360 473 418 515
528 345 543 358 ‘

365 485 449 537 det
474 484 526 535 in
558 482 765 533 dextera
798 474 1164 547 magnitudinis
1206 475 1259 527 in
1289 473 1499 527 excelsis
1527 472 1547 545 (
1573 470 1731 525 Hebr.
1760 471 1810 524 1.
1842 469 1878 524 5
1900 470 1940 536 ).

363 572 501 639 Quid
532 580 618 627 est
647 568 775 623 illud
800 610 818 637 ,
849 566 1109 621 Portam?
1132 566 1377 635 Regens,
1402 564 1714 634 gubernans
1733 602 1750 627 ,
1778 560 1947 615 admi-

368 667 627 726 nistrans,
671 663 963 731 imperans,
1004 660 1318 724 continens,
1364 667 1601 727 gestans.
1630 654 1746 710 Non
1773 655 1946 709 solum

365 757 508 812 enim
522 772 585 810 ex
604 771 707 809 non
724 752 1055 809 exstantibus
1067 751 1241 804 omnia
1259 750 1527 819 produxit,
1547 748 1640 804 sed
1660 748 1810 802 lactis
1828 762 1947 817 pro-

365 850 532 913 videt,
559 857 617 903 ut
642 846 801 902 Pater
821 846 909 916 qui
955 844 1101 898 illum
1124 842 1324 912 genuit.
1372 841 1496 896 Ideo
1540 841 1641 895 hoc
1667 839 1948 894 declarans

365 941 575 997 dicebat
596 958 612 995 :
631 939 789 994 Pater
804 954 941 992 meus
957 951 1112 1006 usque
1122 934 1270 990 modo
1298 941 1556 1004 aperatur,
1576 941 1620 986 et
1648 948 1740 1002 ego
1768 945 1950 1000 operor

368 1035 549 1107 (Joan.
582 1035 637 1090 5.
666 1033 779 1103 17).
811 1030 1041 1101 Ideoque
1068 1029 1235 1099 magis
1259 1026 1574 1097 quaerebant
1611 1025 1758 1079 illum
1779 1023 1948 1079 11111ιεὶ

368 1125 693 1191 interﬁcere,
724 1139 831 1179 non
878 1124 1048 1178 solum
1079 1122 1201 1193 quia
1233 1119 1479 1176 solvebat
1502 1118 1802 1184 sabbatmn,
1853 1116 1947 1171 sed

367 1220 528 1273 etiam
551 1218 673 1290 quia
708 1217 922 1272 Patrem
954 1230 1110 1271 suum
1146 1212 1359 1270 diccbat
1387 1227 1505 1268 esse
1531 1211 1697 1266 Deum
1723 1251 1739 1279 ,
1773 1226 1949 1282 arqua-

369 1311 478 1367 lem
506 1326 565 1366 se
594 1306 792 1365 iaciens
822 1309 952 1363 Deo.
1376 1308 1377 1311 “

446 1402 635 1456 Contra
660 1400 872 1454 Arianos
898 1409 945 1453 et
974 1399 1259 1454 Anomazos.
1278 1395 1441 1453 —Ubi
1470 1410 1609 1451 nunc
1629 1405 1754 1450 sunt
1780 1394 1952 1450 barre-

372 1494 467 1548 tiei
505 1494 595 1565 qui
616 1502 795 1549 contra
814 1492 1040 1546 salutem
1055 1506 1209 1545 suam
1227 1490 1428 1543 insania
1447 1489 1777 1543 ducunturet
1804 1489 1949 1542 illum

371 1585 691 1639 abscinduut
727 1583 794 1638 ab
835 1583 1137 1653 asqualitate
1173 1597 1294 1637 cum
1347 1581 1503 1636 Patre
1550 1581 1694 1636 suo?
1725 1581 1954 1636 Audiant

372 1676 717 1744 evangelista:
760 1689 945 1730 vocem
973 1674 992 1742 (
1021 1688 1141 1728 cum
1188 1682 1364 1727 autem
1402 1672 1781 1742 evangelistam
1810 1672 1951 1738 dico,

375 1767 643 1820 Christum
667 1765 789 1820 dico
822 1765 911 1833 qui
960 1763 1102 1818 illius
1138 1764 1370 1818 animam
1396 1749 1958 1834 movet):audiant'et

375 1858 772 1920 erubescant,ct
786 1857 858 1911 ita
877 1855 1081 1911 lurendi
1101 1854 1258 1910 linem
1273 1854 1487 1911 iaciant.
1505 1853 1633 1909 Nam
1651 1852 1817 1910 Judaei
1838 1853 1956 1907 ideo

376 1949 549 2019 ipsum
578 1947 1057 2019 persequebantur,
1077 1948 1198 2017 quia
1228 1962 1411 2017 parem
1440 1961 1499 2002 se
1527 1946 1739 2002 dixerat
1770 1965 1784 2001 :
1817 1958 1872 2002 et
1902 1945 1955 2004 bi

376 2040 500 2095 ideo
526 2055 586 2095 se
602 2038 752 2110 quasi
770 2039 1121 2109 strangulant,
1143 2038 1263 2108 quia
1294 2038 1361 2092 ab
1386 2053 1450 2094 eo
1473 2049 1617 2094 recte
1639 2039 1835 2094 dictum
1867 2056 1958 2095 re-

377 2131 618 2194 ferimus,
637 2131 706 2186 ab
735 2131 850 2200 ipso
876 2130 1091 2185 eruditi.
1120 2131 1190 2184 At
1219 2143 1322 2184 non
1348 2129 1490 2184 illius
1510 2170 1526 2195 ,
1549 2129 1718 2200 inquit
1740 2173 1756 2198 ,
1786 2146 1959 2201 neque

376 2222 721 2293 evangelista:
745 2231 863 2277 erat
891 2221 1006 2276 hmc
1034 2222 1319 2288 sententia,
1338 2220 1432 2276 sed
1456 2219 1785 2276 Iudaeorum.
1819 2222 1885 2276 Et
1913 2222 1959 2278 si

376 2315 464 2368 vel
505 2315 734 2368 maxime
778 2312 1081 2368 Judteorum
1121 2321 1272 2378 erat,
1326 2311 1430 2367 hoe
1468 2327 1715 2383 magnum
1754 2314 1958 2368 crimen

371 2414 531 2460 tuum
560 2412 641 2459 est
667 2413 721 2459 et
746 2405 815 2460 de
843 2404 1098 2460 extremis
1125 2404 1394 2460 accusatio
1412 2444 1430 2470 ,
1455 2404 1599 2475 quod
1628 2419 1691 2460 ea
1719 2420 1838 2477 quae
1865 2404 1958 2461 Ju-

377 2496 483 2551 da~i
498 2496 687 2566 ingrati
712 2494 960 2550 videbant
989 2510 1054 2550 ex
1072 2494 1248 2551 verbis
1262 2495 1378 2565 ejus
1404 2496 1679 2566 consequi,
1702 2506 1754 2550 tu
1770 2506 1963 2567 sponte

379 2597 470 2644 tua
492 2603 665 2644 ctecus
694 2604 799 2643 non
826 2587 995 2642 vides.
1014 2586 1129 2641 Non
1162 2589 1303 2642 enim
1330 2602 1395 2641 ex
1425 2601 1483 2640 se
1513 2586 1961 2654 illainducebant,

376 2680 477 2735 sed
506 2695 570 2734 cx
603 2679 666 2732 iis
710 2693 828 2748 quae
869 2676 1114 2733 Christus
1142 2675 1357 2732 dicebat
1403 2676 1736 2747 colligentes.
1790 2679 1966 2748 Atque

378 2786 440 2831 ut
461 2775 637 2828 discas
662 2773 765 2827 hoc
793 2772 992 2827 dictum
1024 2785 1091 2826 ne
1117 2785 1239 2826 esse
1265 2770 1481 2842 quidem
1510 2769 1837 2837 Judaeorum,
1868 2770 1965 2827 sed

362 2858 725 2940 evangelista:
776 2865 974 2922 Cbrisd
1019 2881 1213 2935 nempe
1241 2865 1329 2934 qui
1362 2864 1477 2934 ejus
1523 2874 1753 2920 mentem
1785 2868 1966 2919 move-

378 2960 498 3025 bat,
543 2959 655 3027 ipsa
686 2957 848 3013 verba
876 2956 1119 3010 examina
1153 2973 1167 3010 :
1202 2953 1359 3009 Pater
1386 2970 1542 3009 meus.
1575 2957 1767 3009 Annon
1797 2954 1967 3011 cuivis

378 3053 561 3122 palam
592 3058 694 3115 est,
718 3050 877 3105 etiam
900 3046 1186 3102 admodum
1213 3047 1421 3112 insano,
1441 3047 1586 3101 illum
1602 3047 1722 3103 ideo
1743 3046 1964 3115 dixisse,

386 3140 548 3195 Pater
583 3157 758 3202 meus,
814 3148 872 3193 ut
925 3138 1198 3209 preprium
1262 3137 1363 3192 sibi
1424 3137 1762 3195 declararet?
1814 3138 1966 3205 Quod

362 3242 562 3287 autem
585 3232 745 3287 addat
773 3246 977 3291 rursus,
1022 3228 1298 3298 Operatur,
1321 3237 1366 3281 et
1385 3244 1478 3299 ego
1515 3245 1698 3297 operor
1724 3269 1740 3292 ,
1790 3243 1967 3283 annon

380 3326 746 3395 atqualitatem
773 3320 1058 3376 indicantis
1085 3328 1210 3375 sunt
1235 3320 1258 3374 ?
1282 3319 1398 3375 Non
1417 3321 1588 3386 enim,
1604 3319 1740 3375 dixit
1763 3319 1968 3392 Opera-

382 3428 476 3471 tnr
496 3414 602 3483 ille,
631 3423 684 3469 ct
711 3429 811 3483 ego
841 3412 1223 3477 subministra;
1256 3410 1521 3480 Operatur
1543 3409 1653 3476 ille,
1683 3420 1737 3466 et
1766 3426 1865 3481 ego
1895 3411 1969 3467 illi

379 3507 600 3571 servio;
654 3505 779 3571 sed,
821 3502 914 3558 Ille
965 3511 1252 3572 operatur,
1285 3510 1339 3556 et
1381 3515 1482 3571 ego
1523 3515 1736 3572 operor.
1783 3501 1970 3558 Viden’

379 3598 657 3670 quomodo
700 3598 815 3650 lucc
856 3609 961 3649 non
1013 3592 1319 3649 Judznorum
1363 3601 1507 3648 esset
1545 3595 1804 3648 sententia
1831 3636 1846 3660 ,
1876 3594 1970 3650 sed

381 3710 567 3750 sermo
598 3691 665 3745 ab
694 3690 786 3744 illo
818 3690 1142 3759 apparatus?
1170 3685 1303 3741 Nam
1338 3685 1383 3740 si
1419 3685 1603 3741 luisset
1644 3686 1732 3741 illa
1755 3685 1970 3741 ,111111υο-

382 3802 507 3839 rum
559 3797 785 3838 errones
830 3779 1064 3848 suspicio
1109 3789 1164 3832 et
1207 3777 1497 3843 sententia,
1544 3777 1687 3846 quod
1735 3778 1972 3847 seipsum

382 3877 646 3946 :nqualem
676 3873 876 3928 faceret
904 3872 1012 3925 Deo
1036 3913 1051 3935 ,
1082 3870 1299 3940 ipseque
1325 3869 1584 3924 noluisset
1610 3869 1728 3924 illos
1754 3870 1824 3924 ita
1850 3884 1967 3924 sus-

385 3967 589 4038 pieari;
616 3964 787 4022 Judzei
801 3977 947 4029 vero,
977 3977 1096 4017 cum
1117 3962 1215 4016 hoc
1242 3962 1357 4031 ipse
1386 3961 1567 4025 nollet,
1593 3961 1693 4016 alia
1715 3962 1970 4030 suspicati

383 4060 635 4119 fuissent,
676 4068 835 4125 quam
877 4053 1016 4122 qttod
1075 4052 1164 4107 ille
1207 4050 1446 4106 indicare
1493 4050 1699 4105 vellet:
1732 4066 1838 4106 non
1872 4054 1971 4105 hoc

375 4159 536 4208 certe
566 4149 683 4203 sine
705 4146 1044 4203 correctione
1088 4144 1305 4200 sivisset
1348 4144 1708 4214 evangelista,
1744 4144 1837 4199 sed
1868 4144 1971 4202 hoc

382 4243 739 4316 signiﬁcasset
768 4248 821 4295 et
868 4239 1012 4293 clare
1056 4237 1301 4292 dixisset.
1345 4237 1552 4291 Etenim
1585 4235 1659 4289 illi
1691 4236 1759 4289 ita
1799 4234 1971 4290 lacere

384 4337 565 4391 solent
589 4356 607 4400 ,
628 4344 683 4387 et
708 4331 867 4386 .lesus
917 4329 1031 4399 ipse
1079 4342 1329 4399 quoque:
1360 4327 1569 4397 bocque
1594 4341 1659 4381 cx
1702 4341 1809 4380 uno
1834 4327 1972 4380 alte-

364 4442 520 4483 rove
571 4424 818 4493 exemplo
869 4418 1109 4475 conabor
1160 4420 1311 4474 vobis
1365 4418 1774 4483 demonstrare;
1827 4418 1969 4489 quod

387 4532 605 4587 uetnpe,
636 4513 849 4585 quando
876 4512 1123 4566 Christus
1148 4509 1344 4580 aliquid
1365 4509 1598 4572 dixerit,
1628 4509 1770 4579 quod
1799 4509 1968 4564 Judwi

387 4624 551 4664 secus
570 4621 729 4677 quam
757 4605 847 4658 ille
867 4603 1000 4657 dixit
1027 4603 1228 4656 dictum
1250 4601 1612 4670 suspicantur,
1644 4600 1773 4656 illud
1801 4601 1972 4654 corri-

385 4700 469 4769 git
497 4696 827 4766 evangelista
858 4711 874 4749 :
905 4694 1044 4764 quod
1070 4703 1127 4748 ut
1152 4694 1298 4748 clare
1330 4693 1599 4762 intelligas
1624 4734 1638 4756 ,
1662 4693 1784 4747 audi
1810 4691 1970 4747 Joan-

358 4807 514 4846 'nem
544 4790 647 4843 hoc
676 4789 849 4857 ipsum
893 4786 1280 4841 declarantem.
1312 4784 1444 4838 Cum
1477 4788 1619 4839 enim
1662 4785 1880 4839 intravit
1915 4784 1968 4838 in

352 4900 355 4903 ·
385 4880 648 4949 templum
669 4879 785 4941 Dei,
814 4887 866 4932 et
892 4876 1280 4931 nummularios
1301 4891 1363 4930 ex
1375 4875 1530 4945 pulit,
1550 4875 1761 4941 ﬂagello
1785 4874 1927 4929 laeto
1948 4916 1967 4942 ,

381 4975 577 5028 dicens
605 4989 619 5025 :
654 4970 832 5025 Nolite
870 4973 1036 5042 facere
1062 4970 1269 5023 domum
1298 4967 1474 5022 Patris
1505 4969 1602 5021 mei
1639 4967 1846 5021 domum
1875 4984 1966 5021 ne-

382 5064 681 5137 gotiatiouis
710 5062 892 5132 (Joan.
923 5063 976 5118 2.
1005 5059 1115 5133 l6),
1150 5060 1469 5115 accedentes
1496 5059 1703 5115 Scriba;
1741 5069 1795 5114 et
1825 5060 1967 5115 Pha-

381 5157 532 5213 risa:i
561 5153 811 5210 dicebant
842 5171 856 5206 :
891 5152 1039 5217 Quod
1060 5152 1258 5222 signum
1289 5151 1508 5205 ostendis
1529 5150 1692 5217 nobis,
1715 5151 1834 5220 quia
1862 5151 1969 5205 hee

382 5249 517 5321 faris
545 5249 571 5301 ?
596 5245 732 5313 Quid
758 5259 887 5313 ergo
918 5243 1046 5296 ille?
1069 5242 1262 5296 Solvite
1282 5243 1525 5309 templum
1553 5242 1648 5294 hoc
1671 5283 1686 5305 ,
1717 5252 1762 5294 et
1786 5242 1840 5296 in
1866 5241 1964 5295 tri-

380 5344 478 5394 bus
508 5339 682 5392 diebus
707 5335 936 5391 excitabo
973 5335 1104 5388 illud
1134 5334 1152 5403 (
1181 5332 1258 5387 Ib.
1283 5350 1329 5386 υ.
1358 5334 1442 5389 18.
1476 5335 1540 5389 19
1559 5331 1617 5405 );
1649 5333 1717 5388 de
1740 5349 1967 5405 corpore

379 5446 487 5483 suo
504 5429 711 5482 dicens.
736 5426 929 5479 Verum
957 5424 1030 5478 illi
1052 5423 1151 5477 hoc
1170 5436 1272 5475 non
1307 5423 1707 5489 intellexerunt,
1727 5423 1820 5478 sed
1838 5424 1966 5493 quid

378 5521 614 5575 dicunt?
639 5518 991 5588 Quadraginta
1018 5533 1105 5569 sea:
1129 5514 1275 5569 annis
1301 5516 1607 5583 cedi/iratum
1629 5525 1702 5569 est
1725 5516 1967 5586 templum

383 5616 504 5678 hac,
537 5621 583 5666 et
614 5622 665 5664 tu
697 5613 748 5664 in
774 5611 932 5663 tribus
962 5609 1135 5662 diebus
1155 5607 1393 5661 excitabis
1414 5606 1545 5661 illud
1577 5606 1741 5680 (Ibid.
1769 5622 1816 5661 v.
1843 5607 1964 5678 20)?

384 5707 454 5760 de
485 5704 686 5773 templo
714 5704 995 5772 loquentes
1021 5700 1242 5755 .ludaico
1268 5700 1533 5770 laptdilms
1561 5710 1766 5756 structo
1792 5718 1805 5754 :
1835 5700 1962 5754 illud

386 5796 535 5854 enim
566 5796 913 5864 quadraginta
946 5809 1039 5848 sex
1071 5807 1330 5847 annorum
1361 5794 1534 5862 spatio
1565 5801 1820 5847 structum
1865 5791 1961 5847 luit

795 356 863 414 IX
905 355 1209 422 llO.\llLlA,
1253 354 1317 410 IN
1359 354 1586 422 ILLUD,
1629 350 1856 408 PATER
1895 349 2079 406 MEUS
2118 350 2344 421 USQUE
2386 352 2573 410 M000
2610 353 3002 426 OPEBATUB,
3045 359 3195 419 ETC.

3520 369 3626 426 5M

2055 476 2177 537 post
2199 467 2429 522 reditum
2454 484 2517 523 ex
2548 469 2821 542 Babylone
2839 511 2855 537 ,
2878 474 3001 542 quia
3024 473 3061 528 ii
3089 476 3179 545 qui
3198 476 3530 537 aediﬁcabant
3561 498 3627 539 ex

2052 557 2405 613 barbarorum
2439 548 2653 615 insidiis
2679 548 3137 632 impediebantur;
3161 574 3215 621 et
3239 582 3360 623 cum
3393 573 3620 627 multum

2054 652 2308 720 temporis
2328 651 2644 721 efﬂuxisset,
2670 655 2928 725 templum
2952 658 3165 714 tandem
3188 661 3480 729 perfectum
3508 664 3627 719 luit.

2053 740 2183 809 Quia
2213 743 2372 812 igitur
2390 743 2545 798 .lcsus
2564 744 2751 800 bocde
2773 760 2999 816 corpore
3026 764 3125 804 suo
3155 750 3383 818 dixerat,
3409 769 3625 809 crucem

2053 842 2107 889 et
2137 835 2586 890 resurrectionem
2614 836 2924 906 signiﬁcans
2954 858 2968 892 :
3002 839 3102 895 hoc
3126 843 3268 897 enim
3296 845 3396 899 sibi
3423 847 3535 901 vult
3563 848 3631 901 il-

2056 924 2143 980 lud
2171 968 2184 989 ,
2216 925 2411 980 Solvite
2435 927 2676 997 templum
2700 928 2814 994 hoc,
2839 939 2887 983 et
2932 930 2984 983 in
3015 933 3175 987 tribus
3206 935 3380 991 diebus
3400 939 3627 994 excitabo

2053 1015 2185 1069 illud
2209 1033 2229 1073 :
2250 1016 2324 1069 illi
2356 1024 2534 1071 autem
2563 1017 2632 1073 de
2670 1020 2869 1088 templo
2893 1021 3116 1077 Judaico
3140 1025 3341 1081 dictum
3378 1031 3621 1100 suspica-

2057 1108 2285 1175 bantur;
2316 1119 2644 1179 quapmpter
2671 1111 2922 1167 dicebant
2950 1131 2965 1170 :
3003 1113 3354 1187 Quadraginta
3379 1137 3468 1174 sex
3488 1125 3636 1176 antiis

2053 1199 2362 1267 aediﬁcatum
2387 1209 2460 1254 est
2490 1202 2730 1270 templum
2757 1203 2872 1270 hoc,
2896 1212 2941 1257 et
2964 1205 3092 1258 tuin
3115 1207 3273 1261 tribus
3298 1208 3471 1264 diebus
3497 1214 3634 1265 exci-

2055 1292 2184 1344 tabis
2210 1291 2341 1344 illud
2354 1292 2380 1346 .’
2404 1288 2525 1347 vide
2551 1295 2818 1363 quomodo
2847 1295 2950 1350 hoc
2991 1313 3095 1353 non
3138 1302 3428 1368 praeterivit
3475 1319 3641 1359 evan-

2054 1385 2239 1454 gelista
2268 1426 2283 1451 ,
2317 1385 2410 1439 sed
2468 1388 2858 1444 correctionem
2909 1390 3188 1459 subjunxit
3211 1434 3227 1459 ,
3269 1392 3496 1450 dicens:
3531 1395 3634 1451 Ille

2054 1485 2220 1530 autem
2249 1476 2546 1546 loquebatur
2573 1479 2636 1532 de
2662 1482 2850 1551 templo
2875 1484 3105 1553 corporis
3127 1486 3205 1539 sui
3239 1484 3421 1558 (Joan.
3445 1487 3498 1542 2.
3517 1490 3635 1561 21).

2055 1566 2238 1637 Neque
2264 1569 2406 1622 enim
2434 1569 2682 1636 dixerat,
2711 1571 2914 1627 Solvite
2941 1588 3139 1645 corpus
3168 1575 3304 1632 hoc:
3333 1579 3448 1643 sed,
3488 1579 3638 1635 Tem-

2057 1659 2200 1729 plum
2230 1703 2245 1725 ,
2288 1669 2346 1715 ut
2399 1661 2783 1719 inltabitantcm
2836 1666 3001 1721 Deum
3054 1667 3354 1725 declararet
3385 1688 3400 1728 :
3432 1672 3637 1731 Solvite

2058 1752 2314 1823 templum
2343 1756 2510 1809 inulto
2534 1756 2720 1811 melius
2750 1756 2989 1813 Iudaico.
3024 1758 3154 1813 Illud
3180 1761 3321 1815 enim
3344 1763 3514 1837 legem
3542 1770 3639 1824 Im.

2057 1842 2255 1906 bebat,
2288 1845 2389 1899 ltoc
2435 1856 2613 1900 autem
2655 1847 3053 1920 legislatorem;
3086 1849 3210 1909 illud
3259 1858 3464 1913 literam
3508 1878 3629 1931 quae

2058 1934 2275 2001 occidit,
2304 1937 2404 1995 ltoc
2430 1937 2676 2010 spiritum
2705 1946 2794 2013 qui
2831 1945 3099 2014 viviﬁcat;
3132 1948 3261 2004 illud
3293 1952 3493 2022 virgam
3518 1957 3623 2010 Aa-

2058 2031 2228 2097 ronis,
2258 2031 2361 2089 hoc
2389 2034 2587 2104 virgam
2610 2033 2795 2091 Jessrr.

2132 2125 2183 2180 5.
2209 2124 2416 2181 Rursus
2436 2128 2559 2182 alibi
2586 2139 2705 2198 post
2727 2145 2921 2199 panum
2953 2132 3264 2190 miraculum
3294 2138 3480 2195 abiens
3510 2157 3632 2196 eum

2061 2215 2190 2284 illis,
2219 2216 2272 2271 in
2299 2217 2577 2274 adversam
2605 2221 2775 2291 ripam
2809 2224 3037 2293 trajecit;
3066 2235 3120 2281 et
3152 2228 3359 2284 dicebat
3390 2232 3625 2303 discipu-

2062 2304 2168 2361 lis:
2194 2307 2450 2363 Atteudite
2473 2325 2505 2362 a
2532 2314 2777 2380 fermento
2809 2312 3190 2372 Pharisaeorum
3229 2331 3274 2373 et
3321 2321 3639 2380 Sadduca'o-

2062 2413 2178 2451 rum
2211 2398 2230 2469 (
2263 2398 2427 2453 Marc.
2460 2400 2513 2455 8.
2547 2403 2614 2456 H
2664 2420 2678 2470 ;
2788 2402 2975 2459 Matth.
3004 2407 3091 2462 16.
3123 2410 3157 2463 6
3184 2409 3225 2479 ).
3261 2411 3335 2465 Illi
3367 2429 3495 2467 vero
3524 2414 3637 2470 fere

2065 2498 2302 2545 mentum
2331 2491 2611 2548 audientes
2635 2494 2701 2549 de
2732 2496 2954 2564 panibus
2980 2497 3031 2551 id
3056 2498 3161 2553 dici
3188 2502 3633 2570 suspicabantur:

2066 2581 2157 2637 ille
2183 2592 2361 2638 autem
2382 2600 2485 2639 non
2510 2585 2575 2640 de
2594 2586 2819 2654 panibus
2837 2587 3172 2658 loquebatur,
3197 2592 3289 2646 sed
3316 2592 3383 2649 de
3403 2596 3645 2652 doctrina

2062 2671 2460 2730 Pharisarorum
2507 2676 2639 2745 Quia
2670 2679 2813 2732 enim
2837 2679 2981 2733 aliud
3007 2681 3121 2749 ipse
3145 2682 3373 2751 dixerat,
3402 2686 3546 2741 aliud
3571 2687 3644 2742 illi

2067 2765 2481 2835 SuSpicabantur
2510 2807 2526 2833 ,
2571 2768 2692 2823 vide
2720 2770 2989 2839 quomodo
3016 2771 3067 2825 id
3094 2775 3365 2844 corrigat,
3412 2775 3600 2832 dicens
3626 2794 3642 2833 :

2069 2858 2252 2913 Adhuc
2290 2870 2336 2914 et
2372 2877 2458 2915 vos
2497 2862 2606 2916 sine
2651 2862 2909 2917 intellectu
2956 2865 3073 2918 estis
3096 2866 3122 2919 .’
3149 2883 3248 2921 non
3301 2870 3644 2925 recordamini

2067 2951 2284 3020 quinque
2314 2968 2503 3021 panum
2525 2962 2570 3006 et
2598 2962 2718 3021 quot
2756 2953 3001 3025 caphiuos
3028 2959 3312 3026 sumpsistis
3330 3001 3343 3022 ,
3370 2968 3419 3014 et
3447 2970 3638 3030 septem

2072 3057 2259 3110 panum
2279 3052 2327 3094 et
2353 3052 2473 3111 quot
2495 3054 2693 3114 spartes
2721 3046 2983 3115 accepistis
3004 3046 3030 3101 ?
3055 3064 3210 3117 quare
3236 3065 3334 3103 non
3356 3051 3639 3123 iutelligitis

2069 3135 2188 3204 quia
2213 3150 2314 3188 non
2343 3134 2407 3189 de
2426 3135 2642 3206 panibus
2663 3137 2773 3192 dixi
2799 3139 2937 3192 vobis
2958 3182 2973 3206 ,
3001 3142 3087 3196 sed
3113 3141 3175 3194 de
3202 3142 3430 3198 doctrina
3454 3143 3645 3199 Phari-

2070 3238 2319 3289 sa'orum,
2354 3233 2409 3277 ut
2435 3225 2707 3280 attendatis
2734 3226 2961 3298 (Matth.
2991 3230 3077 3285 15.
3108 3231 3194 3286 16.
3230 3243 3275 3286 et
3302 3233 3386 3288 16.
3417 3232 3531 3307 9)?
3560 3235 3649 3291 Vi-

2070 3311 2192 3366 den’
2219 3313 2489 3383 quomodo
2528 3324 2584 3371 et
2614 3317 2756 3371 circa
2795 3320 3047 3389 templum
3088 3324 3407 3393 evangelista
3432 3364 3449 3391 ,
3482 3334 3537 3381 et
3563 3328 3648 3382 hic

2068 3405 2321 3462 Christus
2350 3411 2644 3465 errantium
2666 3413 3025 3484 suspicionem
3052 3419 3313 3489 corrigat?
3341 3422 3429 3475 Sic
3458 3424 3637 3493 itaque

2072 3502 2199 3556 etin
2227 3517 2315 3569 eo,
2339 3504 2480 3573 quod
2517 3519 2577 3559 se
2605 3507 2867 3575 tequalem
2901 3508 3008 3563 Dco
3033 3508 3222 3577 faciat,
3255 3512 3299 3565 si
3333 3514 3423 3568 ille
3444 3530 3547 3568 non
3585 3531 3646 3572 se

2073 3593 2248 3663 ipsum
2270 3594 2525 3663 aequalem
2550 3595 2661 3651 Deo
2676 3598 2909 3663 fecisset,
2927 3600 3021 3654 sed
3041 3599 3208 3656 Judari
3231 3603 3359 3658 illud
3385 3608 3641 3676 suspicati

2072 3695 2254 3740 essent
2296 3700 2361 3740 ex
2401 3686 2561 3741 dictis
2589 3687 2705 3756 ejus
2730 3705 2745 3744 :
2772 3689 2912 3743 illam
2940 3693 3295 3762 suspicionem
3321 3700 3645 3757 correxisset

2072 3777 2398 3846 evangelista
2454 3777 2786 3847 dixissetque
2836 3779 3050 3836 Judscos
3101 3784 3316 3852 quidem
3380 3791 3650 3858 putavisse

2074 3867 2245 3938 ipsum
2274 3882 2334 3921 se
2359 3869 2620 3939 arqualem
2645 3869 2756 3924 Deo
2779 3870 3007 3938 fecisse;
3043 3872 3217 3943 ipsum
3247 3892 3374 3932 vero
3401 3895 3570 3951 neque
3597 3883 3648 3938 id

2073 3960 2262 4014 fecisse
2282 3975 2454 4028 neque
2477 3959 2835 4017 iudicassem
2855 3973 3030 4017 autem
3048 3964 3115 4018 ab
3133 3965 3260 4036 ipsis
3276 3968 3455 4024 verbis
3474 3971 3651 4031 discas

2071 4050 2212 4121 quod
2245 4050 2372 4105 illud
2418 4051 2650 4106 maxime
2693 4052 2744 4106 in
2790 4044 2997 4109 mentes
3033 4055 3307 4111 hominum
3343 4060 3651 4132 imprimere

2072 4143 2322 4211 voluerit,
2344 4158 2646 4198 sermonem
2675 4160 2703 4198 a
2727 4145 2994 4215 prioribus
3024 4162 3358 4206 resumamus
3387 4162 3442 4208 et
3470 4154 3648 4211 disea-

2072 4254 2192 4293 mus
2208 4239 2476 4309 qnomodo
2505 4239 2716 4294 tandem
2731 4248 3015 4296 accusatus
3033 4257 3151 4298 sese
3167 4244 3488 4305 defenderit.
3512 4250 3648 4319 Quid

2075 4330 2235 4400 igitur
2252 4338 2369 4384 erat
2399 4326 2524 4385 illud
2547 4328 2614 4384 de
2637 4346 2744 4400 quo
2768 4332 3318 4403 accusabatur?Quod
3343 4339 3394 4393 in
3424 4341 3650 4398 sabbato

2070 4435 2232 4490 opera
2249 4419 2447 4475 faceret
2466 4436 2480 4475 :
2503 4419 2648 4485 Ideo,
2673 4421 2863 4490 inquit,
2877 4420 3022 4476 illum
3041 4421 3216 4478 Judtei
3229 4432 3652 4500 persequebantur

2083 4509 2205 4580 yuod
2236 4512 2342 4563 ha'c
2368 4511 2552 4580 faceret
2581 4509 2634 4562 in
2673 4509 2878 4563 sabbato
2908 4510 2926 4580 (
2951 4510 3197 4581 Ιοαρε-ὕ.
3230 4516 3298 4571 16
3325 4516 3366 4587 ).
3397 4518 3650 4586 Quaenam

2072 4600 2204 4656 illa?
2230 4600 2381 4669 Quod
2407 4600 2752 4673 paralyticum
2771 4605 3063 4669 curaverit,
3088 4606 3385 4675 acjusserit
3409 4611 3554 4667 illum
3572 4615 3651 4670 le-

2070 4705 2216 4749 ctum
2239 4710 2393 4748 suum
2412 4695 2653 4765 accipere
2673 4702 2728 4749 et
2750 4695 2964 4754 domum
2981 4696 3153 4752 abire.
3175 4682 3298 4754 Ideo
3312 4699 3648 4774 interrogari.

2075 4783 2317 4838 tesillum
2332 4783 2601 4848 dicebant,
2634 4785 2754 4855 quis
2782 4795 2925 4841 esset
2955 4787 3041 4856 qui
3075 4786 3188 4843 haec
3203 4788 3415 4857 juberet
3446 4791 3560 4848 ﬁeri
3596 4796 3649 4852 in

2072 4875 2334 4931 sabbato:
2370 4876 2457 4930 ille
2498 4888 2675 4931 autem
2704 4877 2872 4943 dixit,
2922 4877 3022 4945 Qui
3048 4894 3124 4933 me
3172 4895 3353 4933 sanum
3382 4884 3538 4953 fecit,
3565 4887 3654 4941 ille

2072 4968 2198 5022 mihi
2225 4968 2372 5035 dixit,
2401 4966 2550 5022 Tolle
2575 4969 2755 5022 lectum
2776 4978 2938 5035 tuum,
2965 4978 3010 5022 et
3034 4976 3160 5024 uade
3178 4971 3230 5024 iu
3253 4972 3458 5028 domum
3485 4988 3646 5036 tuam.

2074 5061 2361 5131 Propterea
2388 5076 2528 5130 a-gre
2546 5060 2796 5125 ferentes,
2834 5062 3288 5130 persequebantur
3304 5065 3474 5134 illum,
3505 5070 3648 5140 quod

2073 5151 2415 5220 harcjuberet
2464 5151 2516 5206 in
2548 5152 2789 5215 sabbato,
2822 5150 2962 5220 quod
2996 5152 3276 5209 videbatur
3315 5156 3447 5226 legis
3477 5169 3649 5216 trans-

2071 5246 2277 5316 gressio
2306 5261 2447 5300 esse.
2490 5244 2625 5310 Quid
2654 5259 2781 5311 ergo
2821 5242 2885 5297 ad
2933 5243 3296 5300 defensionem
3325 5264 3476 5305 suam
3517 5252 3649 5308 dicit

2072 5336 2372 5390 Christus?
2415 5333 2568 5387 Pater
2606 5349 2748 5387 meus
2791 5349 2948 5403 usque
2985 5334 3134 5390 modo
3160 5348 3401 5406 operatur
3425 5380 3440 5406 ,
3481 5351 3530 5395 et
3549 5360 3642 5413 ego

2073 5445 2254 5497 operor
2271 5424 2434 5498 (Ibid.
2465 5442 2510 5479 v.
2545 5425 2612 5478 17
2717 5423 2872 5493 Atqui
2901 5424 3063 5477 multa
3091 5425 3192 5479 alia
3219 5426 3394 5483 dicere
3418 5443 3647 5499 poterat,

2071 5519 2114 5572 si
2143 5532 2261 5573 sese
2298 5515 2584 5571 defendere
2611 5524 2813 5569 tantmn
2836 5514 3087 5568 voluisset
3112 5556 3127 5578 ,
3158 5532 3256 5571 nec
3289 5520 3646 5589 mqualilatem

2072 5627 2221 5666 suam
2240 5608 2542 5663 ostendere.
2565 5608 2717 5677 Saepe
2736 5622 2962 5673 namque
2982 5608 3211 5662 solutum
3236 5608 3331 5665 fuit
3345 5611 3644 5677 sabbatum.

2071 5720 2134 5758 ac
2175 5703 2347 5772 primo
2393 5697 2603 5769 quidem
2636 5699 2686 5751 in
2721 5698 2934 5752 civitate
2971 5697 3483 5756 Jcrichnntinoruut.
3515 5705 3645 5761 Cum

2074 5793 2213 5848 enim
2239 5806 2416 5845 muros
2436 5803 2745 5862 oppugnare
2763 5790 2950 5846 vellent
2975 5832 2990 5858 ,
3009 5790 3142 5860 jussi
3172 5804 3292 5849 sunt
3319 5809 3415 5864 per
3443 5811 3648 5870 septem
