3966 6160
452 341 552 391 .ilfi

450 456 567 510 dies
596 455 733 511 tubis
756 455 1000 510 instructi
1031 453 1256 511 circuire
1288 467 1470 507 muros
1489 492 1506 518 ,
1535 460 1589 508 et
1613 450 1690 505 sic
1718 447 1844 503 urbs
1875 463 2032 503 ever-

451 565 508 604 sa
533 560 616 604 est
646 549 780 616 (Jos.
813 550 846 602 ϐ
895 549 972 619 5).
1003 543 1156 616 Quod
1179 555 1354 600 autem
1383 546 1434 598 in
1464 552 1669 613 septem
1696 541 1801 596 illis
1821 541 2030 600 diebus.

451 640 821 707 undecumque
851 637 1225 708 inceperimus,
1262 636 1540 692 sabbatum
1573 632 1811 688 incidere
1843 646 2031 686 neces-

451 744 510 783 se
540 731 630 792 sit,
671 729 840 787 cuivis
892 728 1228 782 manifestum
1281 737 1383 782 est.
1439 725 1712 780 Manifesta
1770 739 1899 794 ergo
1954 731 2036 776 est

450 821 649 872 solutio
703 819 928 873 sabbati.
958 819 1164 874 Rursus
1203 817 1508 872 circumcidi
1545 816 1705 886 jussit
1759 813 2031 868 hominem

452 923 640 964 octavo
675 911 762 964 die
783 929 796 964 :
819 925 1038 966 necesse
1067 922 1147 962 est
1185 909 1270 963 hic
1295 923 1506 976 quoque
1537 905 1816 959 sabbatum
1847 903 1981 958 solvi
2015 918 2030 969 ;

452 1021 571 1057 nam
605 1020 728 1058 eum
760 1005 847 1072 qui
878 1004 928 1056 in
962 1002 1182 1056 sabbato
1213 1010 1366 1054 natus
1393 1001 1484 1064 sit,
1504 1012 1721 1052 necesse
1746 996 1902 1050 estin
1928 996 2032 1048 alio

450 1096 674 1150 sabbato
713 1095 1043 1151 circumcidi.
1089 1093 1404 1148 Sacerdotes
1448 1102 1626 1146 autem
1682 1104 1802 1143 cum
1845 1087 2032 1158 majori

453 1187 701 1242 facultate
729 1187 853 1241 illud
870 1186 1167 1248 solm-bant,
1183 1197 1372 1239 rursus
1391 1183 1443 1235 in
1467 1180 1691 1235 sabbato
1711 1178 2030 1234 sacriﬁcium

451 1280 644 1334 offerre
671 1279 805 1349 jussi
840 1297 854 1334 ;
885 1278 972 1333 ubi
1005 1293 1132 1332 vero
1157 1274 1502 1339 sacrificium,
1521 1281 1708 1328 eratet
1727 1271 2028 1335 cxcoriare,

455 1388 644 1437 urere,
701 1381 757 1426 et
807 1371 961 1424 altari
1026 1371 1342 1438 imponere.
1399 1376 1453 1422 et
1497 1381 1686 1437 aquam
1741 1365 1935 1419 afferre
1981 1371 2037 1418 et

457 1464 594 1531 ligna
635 1462 900 1527 scindere,
945 1470 1000 1517 et
1039 1462 1249 1515 cineres
1291 1458 1482 1514 efferre
1525 1467 1580 1510 et
1623 1457 1724 1511 alia
1764 1459 1926 1509 multa
1957 1453 2030 1508 fa-

455 1571 580 1608 cere
609 1569 830 1608 necesse
853 1563 1002 1619 erat,
1044 1563 1097 1607 et
1124 1552 1203 1607 sic
1231 1551 1510 1605 sabbatum
1545 1548 1775 1603 solvere.
1813 1547 1890 1602 Ad
1924 1550 2038 1601 haec

455 1661 584 1700 vero
611 1645 721 1716 ipsa
748 1646 907 1699 etiam
953 1643 1153 1698 crealio
1184 1642 1460 1696 sabbatum
1491 1639 1734 1695 solvebat
1759 1655 1772 1691 :
1810 1653 1930 1692 nam
1959 1635 2038 1691 sol

457 1746 710 1807 operatur
745 1736 796 1790 in
824 1736 1067 1796 sabbato,
1111 1743 1167 1789 et
1208 1734 1328 1788 luna
1355 1733 1544 1797 currit,
1589 1742 1642 1786 et
1665 1731 1908 1785 diversus
1951 1731 2041 1786 ille

455 1830 731 1886 stellarum
756 1830 950 1882 chorus
973 1837 1213 1897 apparet,
1231 1837 1283 1880 et
1306 1825 1450 1880 venti
1468 1825 1616 1888 ﬂant,
1648 1833 1703 1879 et
1727 1823 1901 1877 fontes
1923 1838 2042 1876 sca-

460 1921 684 1984 turiunt,
714 1929 768 1975 et
793 1918 1005 1973 ﬂumina
1041 1918 1231 1983 ﬂuunt,
1253 1933 1399 1972 mare
1428 1923 1816 1978 commovetur,
1841 1914 2043 1970 semina

456 2011 757 2083 germinant
784 2019 838 2063 et
867 2009 1078 2078 planta),
1106 2017 1246 2062 terra
1277 2009 1434 2075 parit,
1470 2022 1568 2061 nec
1605 2023 1709 2062 non
1746 2009 1896 2060 bruta
1930 2020 2047 2057 om-

460 2110 569 2166 nia,
593 2103 876 2172 ipsumque
906 2099 1179 2154 hominum
1208 2113 1398 2169 genus.
1427 2096 1726 2166 Numquam
1755 2096 1896 2149 enim
1932 2109 2046 2148 mu-

460 2194 590 2248 liere
613 2194 664 2246 in
689 2191 910 2246 sabbato
933 2189 1284 2260 parturiente,
1308 2199 1492 2242 natura
1507 2187 2043 2257 exspectavitlegem,

461 2285 754 2347 rtdistulit,
783 2284 956 2339 donec
982 2283 1262 2338 transisset
1287 2281 1586 2342 sabbatum,
1616 2291 1665 2335 et
1703 2264 1829 2334 tunc
1857 2288 2040 2349 partus

462 2379 869 2441 absolveretur;
897 2377 990 2432 sed
1027 2391 1181 2431 suum
1205 2391 1340 2445 opus
1367 2376 1529 2428 etiam
1554 2374 1607 2426 in
1630 2372 1852 2446 sabbato
1883 2371 2045 2443 perfi-

461 2474 657 2529 ciebat.
689 2472 754 2526 Et
778 2485 1029 2540 supernae
1059 2483 1274 2538 quoque
1298 2467 1522 2520 virtutes
1551 2465 1605 2519 in
1630 2465 1852 2519 sabbato
1890 2463 2046 2517 mini-

461 2572 652 2626 strant,
706 2579 877 2634 neque
931 2562 1294 2618 intermittunt
1335 2558 1688 2614 ministerium
1741 2573 1917 2612 suum.
1942 2554 2048 2612 Cur

462 2675 593 2726 ergo
623 2699 636 2720 ,
693 2655 780 2710 dic
834 2655 962 2709 mihi
993 2697 1006 2720 ,
1062 2669 1183 2708 cum
1241 2661 1318 2705 tot
1375 2651 1455 2704 sui
1499 2649 1817 2704 defemlendi
1860 2647 2048 2701 modos

467 2749 708 2813 haberet,
735 2747 876 2801 nullo
909 2748 1097 2799 horum
1127 2752 1210 2798 est
1239 2758 1388 2806 usus,
1423 2755 1596 2810 neque
1625 2739 1758 2793 dixit
1783 2781 1796 2800 ,
1823 2738 1933 2793 Cur
1960 2753 2048 2794 me

465 2839 728 2894 accusatis
775 2836 917 2908 quod
963 2835 1239 2891 sabbatum
1288 2832 1535 2888 solvant?
1574 2830 1880 2885 sacerdotes
1906 2830 2047 2883 enim

467 2931 518 2982 in
546 2928 761 2984 Jericho
786 2930 1094 2992 solverunt,
1120 2937 1174 2982 et
1203 2927 1254 2981 in
1287 2925 1486 2995 templo
1513 2923 1726 2977 Solvunt
1761 2939 1774 2976 :
1807 2921 1932 2990 quid
1963 2937 2050 2975 tne

467 3023 732 3076 accusatis
769 3021 909 3091 quod
941 3019 1220 3074 sabbatum
1252 3015 1498 3072 solvam?
1524 3013 1606 3069 sol
1637 3015 1779 3070 enim
1814 3012 2050 3067 solvitcf.

468 3115 590 3169 luna
623 3124 678 3169 et
703 3114 874 3168 stella:
901 3121 955 3168 et
976 3115 1147 3166 omnis
1169 3119 1438 3174 creatura,
1467 3123 1693 3176 superna
1725 3116 1778 3161 et
1810 3103 2046 3158 inferna:

467 3205 561 3260 sed
601 3205 683 3259 his
728 3203 976 3258 omnibus
1021 3201 1198 3255 missis
1236 3199 1301 3254 ad
1349 3199 1562 3253 Patrem
1599 3198 1775 3270 ‘venit,
1827 3195 2048 3250 dicens:

470 3296 627 3350 Pater
653 3311 793 3348 meus
820 3303 1092 3362 operatur,
1125 3300 1172 3344 et
1202 3306 1293 3360 ego
1324 3305 1526 3357 operor.
1585 3287 1768 3355 Neque
1787 3286 1947 3340 'euitn
1992 3299 2052 3337 se

469 3400 673 3445 tantum
700 3387 992 3443 defendere
1021 3385 1254 3450 volebat,
1287 3383 1382 3438 sed
1423 3381 1582 3436 etiam
1607 3379 1827 3433 honoris
1856 3377 2052 3448 parita-

472 3495 578 3538 tetn
608 3481 914 3536 ostendere.
961 3478 1085 3534 Ideo
1123 3493 1228 3532 non
1259 3476 1432 3539 dixit,
1464 3474 1710 3543 Operor;
1741 3487 1969 3540 namque
1995 3479 2052 3526 et

472 3576 586 3646 ipsa
617 3583 803 3627 natura
831 3583 1118 3640 operatur;
1147 3583 1252 3622 non
1283 3568 1426 3622 enim
1465 3565 1557 3620 ille
1581 3575 1698 3619 erat
1733 3579 1796 3618 ex
1840 3571 2054 3617 creatu-

467 3681 648 3721 rarum
679 3678 902 3718 numero
927 3679 940 3717 :
966 3660 1058 3716 sed
1083 3702 1096 3725 ,
1127 3660 1356 3728 Operor,
1375 3672 1498 3711 nam
1519 3664 1573 3710 et
1600 3656 1757 3710 Pater
1777 3663 2050 3724 operatur.

470 3755 621 3810 illius
647 3755 790 3809 enim
823 3761 940 3808 erat
963 3751 1275 3810 substantia:
1299 3758 1354 3804 et
1378 3747 1675 3816 potestatis.

461 3907 463 3909 ,
539 3849 593 3901 4.
623 3847 959 3916 Quapropter
985 3860 1092 3898 non
1133 3858 1197 3896 ac
1236 3842 1279 3896 si
1324 3855 1390 3895 ex
1419 3848 1792 3894 creaturarum
1825 3850 2053 3890 numero

469 3947 636 4004 esset,
661 3953 782 3992 sese
811 3934 1074 3999 defendit,
1098 3933 1192 3988 sed
1221 3942 1278 3986 ut
1305 3932 1448 3986 illius
1468 3931 1733 4000 genuinus
1775 3929 1960 3984 Filius.
1985 3929 2054 3983 Et

469 4041 529 4084 ut
550 4031 722 4084 discas
747 4029 862 4082 haec
889 4044 992 4080 non
1021 4041 1092 4080 ex
1111 4029 1420 4091 conjectura
1445 4023 1584 4077 dicta
1604 4023 1790 4086 fuisse;
1810 4019 2054 4092 discipuli

470 4136 685 4190 quoque
724 4117 1011 4189 aliquando
1042 4115 1326 4170 sabbatum
1368 4115 1667 4178 solverunt,
1712 4128 1834 4167 eum
1877 4113 2055 4182 spicas

471 4213 767 4265 evellereut
798 4225 860 4263 ac
890 4206 1256 4270 comederent,
1305 4215 1358 4260 et
1387 4220 1510 4260 eum
1536 4203 1705 4259 Judaei
1737 4212 2056 4258 accusarent

473 4319 538 4356 ac
569 4303 834 4367 dicerent,
860 4301 976 4356 Non
1001 4300 1149 4356 vides
1195 4300 1246 4353 in
1277 4298 1500 4352 sabbato
1530 4295 1657 4368 quid
1701 4297 1774 4351 illi
1821 4296 2055 4350 faciant?

474 4409 759 4463 numquam
788 4391 996 4446 Patrem
1029 4392 1098 4446 ibi
1133 4397 1416 4455 memorat,
1444 4388 1540 4443 sed
1562 4387 1688 4459 quid
1717 4387 1885 4442 dicit?
1931 4385 2055 4441 Non

472 4484 662 4556 legistis
699 4483 821 4553 quid
859 4483 1030 4553 fecerit
1075 4481 1236 4534 David
1281 4480 1486 4550 quando
1528 4479 1749 4533 esuriit?
1800 4479 2055 4548 quomodo
2095 4531 2099 4535 ,

461 4575 754 4640 intraverit,
778 4585 825 4628 et
877 4590 1032 4645 panes
1074 4572 1435 4644 pr0positionis
1485 4569 1776 4631 comederit,
1803 4585 1927 4638 quos
1954 4585 2053 4622 non

474 4665 654 4718 licebat
695 4663 796 4734 ipsi
847 4663 1126 4726 comedere,
1158 4677 1248 4713 nec
1277 4661 1340 4714 iis
1369 4659 1454 4730 qui
1471 4675 1583 4712 cum
1610 4658 1701 4710 illo
1731 4657 1912 4710 erant?
1954 4674 2055 4711 non

473 4755 666 4823 legistis
695 4754 830 4820 quod
865 4752 1147 4808 sacerdotes
1173 4752 1225 4805 in
1271 4750 1458 4820 templo
1487 4750 1748 4804 sabbatum
1773 4750 1986 4814 violant,
2010 4759 2056 4807 et

472 4845 722 4914 inculpati
748 4854 864 4898 sunt
913 4842 1125 4912 (Matth.
1156 4842 1242 4897 Η..
1279 4843 1312 4896 5
1333 4872 1350 4882 -
1377 4841 1492 4910 5)?
1527 4839 1711 4894 Viden’
1753 4840 2054 4909 quomodo,

471 4934 685 5006 quando
705 4934 772 4990 de
795 4935 965 4990 servis
985 4935 1076 4988 dat
1107 4935 1398 5000 rationem,
1427 4947 1614 4988 servos
1633 4933 1686 4986 in
1717 4933 1953 4988 medium
1975 4929 2055 4987 af-

1157 339 1216 395 S.
1255 335 1533 394 JOANNIS
1567 333 2042 392 CIIRYSOSTOMI
2084 332 2398 389 ARCIHEP.
2442 330 2972 386 CONSTANTINOP.
3579 340 3664 395 5m

2143 447 2298 513 ferat,
2334 445 2588 500 Davidem
2616 457 2668 498 et
2699 445 3010 501 sacerdotes
3039 462 3053 509 ;
3082 445 3297 516 quando
3325 455 3483 504 autem
3507 449 3568 506 de
3589 471 3664 518 se,

2142 540 2388 594 Patrem?
2415 539 2566 607 Quod
2594 539 2636 593 si
2656 538 2944 608 aliquando
2958 539 3078 592 aliis
3104 549 3284 593 utatur
3299 540 3668 614 defensionibus,

2141 640 2197 684 ut
2224 646 2343 684 cum
2395 629 2558 683 dicit:
2604 628 2664 684 Si
2693 630 3125 682 circumcisionem
3152 631 3333 699 accipit
3377 633 3530 700 homo,
3571 638 3669 690 milii

2140 722 2480 790 indignamini
2505 763 2520 788 ,
2549 725 2686 790 quod
2725 731 2883 774 totum
2912 723 3166 774 hominem
3211 739 3384 776 sanum
3411 727 3591 794 fecerim
3632 731 3673 780 in

2146 814 2352 868 sabbato
2381 812 2560 884 (Joan.
2584 813 2638 866 7.
2681 812 2815 882 ‘23)?
2841 828 2903 868 ac
2945 829 3177 874 rursum,
3213 815 3334 880 Quis
3359 831 3418 868 ea:
3440 815 3561 868 robis
3599 830 3674 877 est.

2145 907 2231 976 qui
2272 923 2373 960 non
2410 906 2570 959 solvat
2615 920 2768 960 ovem
2795 921 2944 960 suam
2993 915 3048 958 et
3077 905 3248 959 berem
3288 905 3435 975 (Luc.
3468 909 3544 971 l5.
3573 911 3676 974 lii)?

2149 998 2282 1056 nihil
2330 999 2563 1053 mirum:
2617 1014 2722 1053 non
2751 999 2892 1053 enim
2941 1013 3156 1067 semper
3201 998 3427 1068 loquitur
3464 1009 3515 1054 ut
3546 1001 3677 1066 Item,

2147 1091 2241 1146 sed
2273 1090 2558 1161 aliquando
2587 1090 2748 1145 etiam
2782 1098 2838 1144 ut
2870 1088 3052 1154 homo,
3083 1090 3203 1158 quia
3232 1101 3283 1143 et
3318 1091 3447 1145 Deus
3475 1101 3524 1145 et
3547 1091 3681 1146 homo

2147 1189 2281 1236 erat.
2317 1181 2411 1235 llic
2442 1197 2570 1236 vero
2599 1181 2892 1235 secundum
2938 1180 3253 1250 d'gnitatem
3288 1196 3430 1234 suam
3462 1182 3678 1252 loquitur,

2148 1274 2368 1329 dicens:
2404 1272 2561 1327 Pater
2591 1291 2732 1327 meus
2762 1290 2917 1340 usque
2944 1273 3092 1326 modo
3119 1284 3378 1342 operatur,
3407 1285 3451 1327 et
3475 1293 3556 1344 rga
3580 1292 3679 1343 ope-

2150 1382 2256 1418 ror.
2288 1365 2413 1420 ldeo
2451 1365 2528 1418 ait
2568 1365 2916 1434 evangelista,
2947 1364 3406 1434 Perseqncbantnr
3433 1366 3566 1419 illum
3605 1367 3680 1424 lu-

2153 1456 2289 1522 daei,
2331 1471 2435 1510 non
2469 1456 2644 1510 solum
2675 1456 2796 1526 quia
2845 1455 3126 1511 sabbatum
3159 1457 3400 1510 solvebat
3423 1499 3436 1520 ,
3467 1457 3550 1511 sed
3584 1458 3680 1526 quia

2146 1551 2359 1610 Patrem
2383 1567 2534 1605 suum
2560 1551 2772 1604 dicebat
2794 1550 2981 1616 Deum,
3006 1549 3265 1620 arqualem
3290 1565 3346 1604 se
3375 1550 3559 1605 faciens
3580 1551 3681 1602 Deo.

2147 1643 2258 1712 Ego
2289 1658 2416 1696 vero
2445 1654 2497 1697 et
2521 1642 2622 1696 hoc
2651 1641 2880 1696 libenter
2909 1641 3222 1696 hzerctienm
3249 1642 3682 1711 illlel'l‘ttgm'crllll:

2149 1736 2357 1790 l’atrem
2393 1752 2546 1790 suum
2577 1735 2786 1790 dicebat
2833 1736 3021 1798 Deum,
3065 1745 3159 1790 aut
3212 1751 3317 1792 non
3348 1734 3580 1788 dicebat?
3616 1734 3689 1787 lu.

2147 1829 2310 1882 daica:
2358 1828 2627 1896 epinionis
2678 1828 2779 1882 hoc
2837 1837 2974 1892 erat,
3030 1835 3122 1882 aut
3172 1827 3448 1882 sententia:
3477 1825 3686 1879 Christi?

2150 1919 2368 1974 Etiamsi
2395 1919 2538 1972 enim
2563 1917 2848 1972 admodum
2881 1917 3218 1989 impudenter
3245 1919 3432 1988 egerit,
3451 1932 3477 1970 a
3503 1917 3690 1972 veritate

2146 2011 2503 2065 convincitur.
2533 2011 2771 2075 Dicebat,
2798 2010 2954 2070 Pater
2973 2028 3110 2065 meus
3126 2028 3287 2082 usque
3312 2014 3456 2065 modo
3470 2018 3689 2080 operatur,

2149 2113 2194 2155 et
2221 2119 2310 2174 ego
2342 2119 2520 2173 operor
2540 2119 2559 2156 :
2586 2104 2824 2158 solvebat
2851 2103 3156 2168 sabbatum,
3182 2113 3277 2160 aut
3303 2119 3406 2157 non
3446 2101 3692 2156 solvebat?

2151 2195 2328 2251 Palam
2353 2207 2434 2251 est
2463 2207 2640 2252 autem
2668 2196 2810 2265 quod
2839 2196 2968 2252 illud
2996 2197 3238 2252 solveret
3257 2217 3270 2252 :
3291 2197 3512 2268 Operor,
3534 2194 3690 2264 inquit,

2148 2298 2203 2344 et
2232 2290 2321 2343 ille
2359 2301 2633 2358 operatur.
2676 2288 2840 2360 igitur
2890 2299 3136 2345 neutrum
3174 2305 3364 2344 eorum
3394 2305 3454 2344 ex
3480 2288 3696 2359 Opinione

2149 2378 2368 2434 Judaica
2383 2389 2519 2442 erat,
2538 2380 2632 2436 sed
2661 2396 2724 2435 ex
2758 2379 2958 2436 Christi
2988 2381 3354 2437 declaratioue
3381 2377 3693 2440 ctsententia,

2150 2472 2365 2543 etquod
2392 2473 2626 2528 solveret
2651 2473 2954 2536 sabbatum,
2978 2481 3034 2529 et
3061 2474 3204 2546 quod
3237 2474 3448 2530 Patrem
3471 2487 3609 2527 suum
3632 2469 3700 2523 di-

2150 2573 2300 2618 ceret
2351 2564 2538 2619 Deum.
2577 2563 2862 2631 Quomodo
2902 2581 3052 2634 ergo,
3083 2579 3209 2618 cum
3241 2563 3356 2619 1]ωο
3382 2579 3442 2618 ex
3473 2559 3700 2616 sententia

2151 2653 2346 2708 Christi
2394 2669 2517 2710 esse
2562 2654 2727 2721 dicat,
2759 2655 2888 2710 illud
2922 2654 3242 2712 Judaeorum
3276 2654 3582 2724 suspicionis
3603 2664 3703 2706 esse

2149 2744 2306 2810 dicis,
2337 2761 2458 2800 cum
2491 2755 2666 2801 tamen
2693 2748 3087 2802 consectarium
3119 2748 3193 2802 sit
3220 2757 3277 2804 et
3299 2747 3420 2802 huic
3445 2753 3578 2800 arcte
3599 2743 3702 2813 jun-

2151 2849 2317 2904 cuun,
2347 2849 2400 2893 et
2420 2839 2581 2894 simili
2608 2839 2766 2894 modo
2791 2841 2858 2894 ab
2881 2841 3216 2910 evnngelista
3245 2840 3544 2897 enuntietur
3565 2839 3584 2889 '!
3603 2834 3704 2888 llarc

2151 2945 2348 3000 quippe
2369 2931 2547 2985 omnia
2576 2940 2700 2984 sunt
2721 2931 3063 3001 evangelisue
3091 2932 3369 2987 enarratio
3388 2971 3402 2992 ,
3428 2926 3705 2997 explicantis

2153 3039 2212 3078 ca
2237 3039 2354 3093 quae
2381 3040 2409 3077 a
2431 3021 2644 3077 Christo
2665 3022 2801 3076 dicta
2829 3033 2971 3078 sunt.
3002 3021 3241 3093 ideoque
3266 3022 3461 3080 ludatis
3481 3033 3708 3076 accusan-

2157 3115 2318 3180 tibus,
2335 3115 2563 3181 dicebat,
2592 3113 2732 3184 quod
2758 3127 3229 3184 persequerentur
3247 3116 3416 3181 illum,
3440 3129 3538 3169 non
3563 3111 3705 3166 solum

2154 3207 2275 3276 quia
2299 3205 2575 3260 sabbatum
2601 3205 2863 3271 solvebat,
2889 3205 2982 3259 sed
3010 3205 3166 3260 etiam
3199 3207 3324 3277 quia
3355 3206 3554 3260 Patrem
3579 3215 3709 3256 suum

2156 3297 2366 3351 diccbat
2390 3296 2577 3363 Deum,
2598 3295 2831 3367 seipsum
2867 3297 2976 3351 Deo
3002 3299 3280 3368 aequalem
3313 3297 3525 3354 faciens.
3543 3293 3712 3349 Verum

2156 3386 2270 3440 luce
2287 3388 2657 3443 bmretieoruzn
2671 3387 2968 3446 confutatio
2982 3387 3069 3443 hic
3093 3388 3362 3446 idoneum
3379 3399 3428 3445 ct
3443 3400 3717 3456 congruen-

2158 3487 2263 3534 tem
2297 3476 2453 3534 habet
2484 3479 2641 3536 linem
2675 3497 2688 3531 :
2718 3480 2763 3533 si
2791 3494 2921 3534 vero
2942 3481 3102 3534 etiam
3135 3480 3365 3539 discere
3386 3479 3563 3542 velitis,
3587 3490 3720 3545 qtae-

2158 3585 2280 3623 nam
2307 3569 2376 3622 sit
2396 3572 2637 3638 Operatio
2652 3586 2752 3638 qua
2783 3571 2938 3625 Pater
2957 3581 3249 3641 operatur,
3272 3585 3326 3630 et
3342 3573 3496 3629 Filius
3511 3581 3722 3640 quoque;

2157 3660 2385 3716 dixerim
2416 3675 2536 3716 esse
2571 3661 2960 3730 providentiam
2992 3677 3120 3732 erga
3187 3681 3277 3720 res
3319 3677 3530 3726 omnes,
3557 3671 3718 3714 earum

2157 3753 2619 3809 conservationem
2647 3761 2702 3807 et
2728 3769 2936 3809 curam.
2969 3754 3100 3821 Quae
3126 3757 3278 3812 enim
3306 3756 3547 3810 videntur
3561 3749 3714 3805 omnia

2158 3860 2252 3900 sex
2279 3844 2488 3898 dierum
2517 3846 2689 3914 spatio
2733 3844 2872 3903 facta
2921 3856 3077 3912 sunt,
3115 3847 3182 3902 Et
3210 3848 3454 3916 requievit
3501 3847 3626 3900 Dens
3649 3840 3718 3892 die

2159 3939 2371 4007 septimo
2419 3937 2571 4011 (Gen.
2601 3937 2657 3991 2.
2695 3939 2788 4008 2);
2820 3938 3158 4009 providentia
3191 3951 3377 4005 autem
3406 3940 3605 3994 illorum
3629 3947 3713 3988 non

2161 4036 2442 4103 requievit.
2502 4033 2650 4088 llauc
2700 4032 2877 4102 itaque
2933 4031 3340 4102 providentiam
3386 4030 3714 4102 operationem

2163 4135 2318 4181 vocat
2362 4125 2607 4180 Christus
2638 4165 2655 4190 ,
2702 4124 2889 4180 dicens
2943 4140 2956 4177 :
3014 4123 3180 4181 Pater
3219 4142 3367 4182 meus
3395 4132 3641 4196 operatur,
3676 4124 3713 4170 et

2161 4238 2253 4293 ego
2282 4237 2484 4288 Operor,
2519 4218 2822 4289 providens,
2870 4235 3085 4284 curans,
3144 4221 3348 4292 inquit,
3397 4228 3712 4276 conservans.

2161 4314 2465 4374 Continuus.
2489 4311 2618 4366 nihil
2645 4312 2829 4366 sitiens
2853 4311 3044 4366 difllui.
3064 4314 3396 4386 Dogmatum
3420 4328 3545 4383 ergo
3571 4317 3710 4366 recto-

2162 4421 2280 4462 rum
2310 4405 2766 4459 demonstratione
2793 4404 2874 4460 vel
2895 4420 2959 4460 ex
2990 4407 3147 4461 dictis
3173 4419 3427 4478 accepta,
3449 4410 3714 4460 accuratum

2164 4500 2284 4551 vit-.e
2326 4497 2624 4552 institutum
2668 4505 2724 4551 et
2765 4496 3030 4566 dogmatis
3074 4512 3386 4569 Congrunm
3442 4496 3709 4553 addamus:

2163 4588 2594 4658 quandoquidem
2632 4603 2738 4642 non
2790 4588 2986 4643 sufficit
3028 4589 3191 4644 nobis
3241 4591 3313 4644 ad
3365 4592 3588 4644 salutem
3629 4580 3714 4637 $013

2163 4690 2434 4736 rectorum
2462 4680 2770 4750 dogmatnm
2797 4680 3043 4742 scientia,
3076 4681 3174 4736 sed
3205 4697 3352 4752 opus
3373 4691 3460 4738 est
3486 4679 3585 4735 vita
3609 4683 3715 4742 quo-

2161 4790 2265 4846 que
2309 4775 2547 4845 optima;
2581 4785 2637 4830 ut
2666 4791 2762 4844 per
2801 4775 3114 4839 omniaﬂeo
3141 4777 3385 4846 gloriam
3426 4775 3712 4830 referentes-

2166 4869 2425 4937 promiss'a
2459 4867 2596 4922 bona
2624 4882 3052 4934 consequamur:
3075 4867 3164 4922 cui
3197 4867 3378 4938 gloria
3405 4878 3462 4924 et
3483 4856 3711 4932 inquitium

2167 4963 2218 5018 in
2247 4961 2439 5016 sa‘cula
2467 4960 2806 5020 saeculorum.
2834 4961 3027 5016 Amen.

1832 5248 2181 5313 HOMILIA
2227 5249 2310 5309 X.

485 5389 728 5458 Eiusdem
755 5392 985 5455 homilia,
1006 5392 1177 5446 habita
1194 5392 1245 5446 in
1264 5391 1472 5446 ecclesia
1507 5391 1758 5462 Apostoli,
1793 5401 2056 5463 postquam

464 5493 468 5498 ‘
558 5485 823 5552 episcopus
849 5484 1022 5554 paucis
1043 5485 1366 5538 concionatus
1396 5484 1561 5554 {uerat
1588 5525 1603 5550 ,
1631 5484 1683 5537 in
1712 5483 1841 5538 illud
1871 5500 1889 5538 .'
1916 5484 2055 5539 Mes-

547 5575 621 5628 sis
658 5575 870 5640 quidem
909 5576 1073 5629 multa
1098 5617 1112 5643 ,
1162 5575 1394 5644 Operarii
1421 5585 1597 5630 autem
1637 5574 1790 5646 pauci
1820 5573 2050 5646 (Matth.

542 5664 596 5717 ι).
625 5664 690 5717 57
715 5665 758 5733 ).

547 5755 600 5808 l.
620 5753 861 5807 Senectus
879 5755 927 5807 in
951 5754 1173 5809 Ecclesia
1193 5757 1346 5812 utilis.
1373 5755 1635 5822 Quomodo
1657 5760 1718 5814 sit
1741 5759 2041 5813 etiamutilis

2157 5395 2416 5464 juventus.
2439 5423 2510 5434 —-
2537 5392 2750 5448 Vidistis
2775 5407 2960 5450 senem
2991 5393 3248 5450 eumdem
3282 5405 3340 5452 et
3361 5395 3604 5467 juvenem
3624 5400 3638 5450 ;
3658 5395 3728 5436 δε·

2165 5501 2285 5539 nem
2327 5500 2550 5554 corpore
2572 5527 2586 5549 ,
2623 5485 2873 5554 juvenem
2900 5485 3123 5542 animo?
3156 5487 3376 5542 vidistis
3406 5481 3646 5542 canitiem
3669 5473 3726 5524 Vi-

2159 5589 2371 5646 gentcm
2409 5587 2462 5631 et
2489 5587 2816 5632 senectutem
2860 5576 3056 5632 robore
3085 5576 3406 5646 vigentem?
3431 5576 3580 5629 Tales
3609 5563 3731 5619 enim

2159 5678 2279 5722 sunt
2294 5684 2379 5722 res
2396 5678 2795 5732 nostrze,contra
2809 5684 2966 5739 quam
2978 5667 3118 5739 apud
3135 5679 3419 5724 externos.
3434 5663 3578 5736 Apud
3590 5665 3729 5710 exter-

2157 5773 2254 5814 nos
2292 5760 2431 5814 enim
2461 5773 2708 5815 senectus
2737 5761 2941 5816 inutilis
2964 5775 3079 5829 est;
3118 5771 3177 5816 ut
3204 5763 3364 5816 miles
3397 5759 3485 5831 qui
3514 5753 3575 5810 ad
3607 5747 3730 5803 illam
