3966 6160
253 358 350 424 515

249 483 420 546 πόλις.
448 480 570 535 Ὅτι
590 477 646 534 δὲ
666 478 723 532 ἐν
748 476 867 551 ταῖς
894 474 1033 530 ἐπτά
1056 475 1311 546 ἡμέραις,
1332 472 1455 527 ὅθεν
1475 470 1542 527 ἂν
1567 467 1918 540 ποιησώμεθα

248 570 342 638 τὴν
371 567 550 640 ἀρχὴν
569 604 587 632 ,
621 564 837 636 ἀνάγκη
877 562 940 616 τὸ
988 560 1262 616 σάϐϐατον
1309 558 1589 630 ἐμπεσεῖν,
1618 555 1784 609 παντί
1814 571 1919 607 που

249 655 421 726 δῆλον.
454 654 614 708 Ὅθεν
645 651 825 721 δῆλον,
861 651 943 705 ὅτι
965 648 1129 719 ἐλύθη
1153 649 1213 701 τὸ
1251 645 1542 701 σάϐϐατον.
1571 644 1739 697 Πάλιν
1761 659 1920 713 περι-

249 741 537 814 τέμνεσθαι
568 739 817 794 ἐκέλευεν
854 736 1138 808 ἄνθρωπον
1167 736 1233 806 τῇ
1270 732 1435 806 ὀγδόῃ
1462 731 1675 803 ἡμέρα·
1707 729 1921 798 ἀνάγκη

251 831 343 883 καὶ
388 826 622 881 ἐνταῦθα
660 826 823 881 πάλιν
872 823 934 878 τὸ
970 822 1238 877 σάϐϐατον
1282 819 1508 874 λύεσθαι
1532 838 1545 851 ·
1587 819 1679 872 τὸν
1717 816 1921 889 γὰρ’ἐν

255 915 503 985 σαϐϐάτῳ
523 911 782 984 τεχθέντα
811 912 1023 982 ἀνάγκη
1051 909 1130 979 τῷ
1157 909 1330 981 ἑτέρῳ
1363 906 1621 978 σαϐϐάτῳ
1647 922 1922 977 περιτμη-

254 1004 429 1074 θῆναι.
459 1004 521 1056 Οί
564 1003 621 1055 δὲ
667 1001 833 1071 ἱερεῖς
868 999 961 1053 καὶ
1003 996 1141 1068 μετὰ
1187 996 1432 1059 πλείονος
1467 993 1570 1065 τῆς
1606 991 1926 1064 περιουσίας

253 1090 381 1144 αὐτὸ
415 1089 565 1143 ἔλυον
589 1128 604 1152 ,
641 1084 799 1158 [586]
832 1086 926 1139 καὶ
973 1095 999 1124 ι
1037 1082 1198 1136 πάλιν
1228 1080 1418 1135 θυσίαν
1457 1082 1516 1134 ἐν
1547 1079 1801 1149 σαϐϐάτῳ
1835 1095 1927 1131 κε-

252 1176 531 1247 λευόμενοι
577 1171 874 1244 ἀναφέρειν
895 1188 910 1202 ’
948 1171 1081 1224 ὅπου
1127 1169 1184 1222 δὲ
1216 1168 1394 1233 θυσία,
1428 1167 1520 1221 καὶ
1559 1165 1801 1238 ἐκδέρειν
1832 1163 1925 1218 καὶ

253 1268 449 1326 καίειν,
491 1263 588 1318 καὶ
638 1259 940 1317 ἐπιτιθέναι
983 1258 1396 1329 θυσιαστηρίῳ,
1440 1256 1535 1311 καὶ
1578 1255 1925 1325 ὑδροφορεῖν,

252 1354 349 1408 καὶ.
397 1352 528 1420 ξύλα
568 1350 815 1420 διακλᾷν,
870 1348 964 1401 καὶ
1024 1346 1236 1417 τέφραν
1283 1344 1560 1415 ἐκφέρειν,
1622 1344 1716 1395 καὶ
1761 1342 1928 1415 ἔτερα

251 1438 478 1494 πλείονα
525 1440 697 1491 ποιεῖν
729 1436 942 1505 ἀνάγκη
977 1428 1067 1505 ἦν,
1113 1432 1207 1486 καὶ
1245 1430 1335 1485 διὰ
1385 1430 1542 1484 τοῦτο
1570 1429 1631 1483 τὸ
1661 1428 1928 1484 σάϐϐατον

250 1525 498 1580 λύεσθαι.
543 1523 698 1579 Μετὰ
726 1522 930 1575 τούτων
973 1522 1067 1575 καὶ
1114 1522 1149 1592 ῆ
1197 1519 1372 1582 κτίσις
1398 1516 1535 1588 αὐτὴ
1568 1516 1627 1571 τὸ
1662 1515 1927 1571 σάϐϐατον

251 1614 380 1668 ἔλυε
401 1630 413 1642 ·
453 1614 548 1667 καὶ
574 1611 683 1683 7&9
712 1611 860 1682 ἥλιος
889 1609 1182 1680 ἐργάζεται
1214 1607 1274 1660 ἐν
1303 1605 1577 1676 σαϐϐάτῳ,
1606 1604 1701 1658 καὶ
1732 1604 1928 1675 σελήνη

251 1703 457 1775 τρέχει,
487 1700 582 1754 καὶ
633 1699 662 1751 ὁ
710 1696 952 1762 ποικίλος
996 1695 1106 1749 τῶν
1156 1696 1368 1766 ἄστρων
1408 1693 1588 1763 φαίνει
1624 1690 1805 1763 χορὸς,
1833 1691 1930 1744 καὶ

254 1790 445 1859 ἀνεμοι
474 1785 715 1847 πνέουσι,
746 1785 840 1839 καλ⁸
870 1783 1045 1854 πηγαὶ⁵
1078 1782 1322 1855 βρύουσι,
1346 1781 1441 1834 καὶ
1470 1780 1704 1850 ποταμοὶ
1726 1778 1927 1850 ῥέουσι,

252 1876 353 1930 καὶ
382 1874 619 1928 θάλαττα
644 1874 896 1936 κινεῖται,
931 1870 1026 1924 καὶ
1058 1869 1346 1940 σπέρματα
1380 1866 1685 1920 ἀναδίδοται
1718 1865 1810 1918 καὶ
1830 1882 1932 1934 φυ-

253 1960 346 2025 τά,
381 1961 475 2013 καὶ
518 1960 551 2030 ἠ
595 1957 670 2028 γῆ
719 1957 893 2011 τίκτει
932 1955 1025 2009 καὶ
1057 1953 1128 2008 τὰ
1154 1954 1323 2022 ἀλογα
1358 1954 1597 2016 ᾶπαντα,
1631 1950 1710 2004 ἔτι
1750 1949 1807 2004 δὲ
1838 1951 1933 2004 καὶ

261 2047 319 2099 τὸ
347 2044 456 2099 τῶν
491 2042 791 2117 ἀνθρώπιον
819 2042 993 2111 γένος.
1030 2040 1299 2094 Οὐδέποτε
1326 2039 1456 2111 7&9,
1486 2036 1743 2108 γυναικὸς
1769 2036 1930 2092 κυού-

256 2149 362 2203 σης
392 2134 449 2185 ἐν
482 2130 755 2202 σαϐϐάτῳ,
790 2131 823 2200 ἡ
856 2126 1016 2198 φύσις
1048 2127 1301 2199 ἀνέμεινε
1343 2129 1435 2181 τὸν
1479 2126 1662 2197 νόμον,
1702 2124 1798 2179 καὶ
1844 2124 1933 2191 ἐξ·

254 2218 475 2284 εδέξατο
523 2217 810 2289 παρελθεῖν
841 2218 903 2271 τὸ
937 2215 1223 2279 σάϐϐατον,
1257 2214 1350 2267 καὶ
1396 2213 1515 2267 τότε
1562 2213 1789 2283 λυθῆναι
1835 2210 1931 2275 τὰς

254 2307 478 2371 ὠδῖνας,
503 2304 637 2359 ἀλλά
666 2303 951 2374 εἰργάζετο
985 2301 1047 2355 τὸ
1093 2300 1291 2371 ἑαυτῆς
1328 2299 1487 2371 ἔργον
1534 2299 1627 2352 καὶ
1661 2295 1931 2352 σαϐϐάτου

252 2394 433 2457 ϐντος.
468 2391 580 2445 Καὶ
608 2393 664 2445 αἱ
693 2390 805 2445 άνω
842 2390 899 2443 δὲ
927 2389 1184 2460 δυνάμεις
1221 2385 1613 2458 ὐπηρετοῦνται
1642 2386 1701 2438 ἐν
1729 2384 1926 2438 σαϐϐάο

251 2494 361 2551 τῳ,
395 2476 489 2533 καὶ
509 2479 570 2532 οὐ
592 2476 1006 2549 διαλιμπάνουσι
1029 2477 1128 2546 τὴν
1148 2473 1421 2528 διακονίαν
1443 2474 1541 2545 τὴν
1569 2472 1776 2526 ἑαυτῶν
1796 2470 1936 2543 πληγ-

252 2565 475 2637 ροῦσαι.
509 2565 663 2629 Τίνος
692 2560 785 2617 οῦν
807 2564 1015 2628 ἐνεκεν,
1051 2561 1171 2616 εἰπέ
1204 2578 1314 2632 μοι,
1351 2558 1618 2623 τοσαύτας
1640 2558 1778 2629 έχων
1797 2559 1934 2611 ἀπο-

250 2652 449 2722 λογίας
482 2651 734 2723 άφορμάς
755 2691 768 2712 ,
805 2648 1029 2721 οὐδεμία
1058 2647 1262 2702 τούτων
1298 2647 1579 2718 κέχρηται,
1609 2645 1729 2699 οὐδὲ
1764 2644 1933 2714 λέγει,

243 2740 323 2794 Τί
347 2757 439 2810 μοι
467 2739 766 2807 ἐγκαλεῖτε,
801 2738 882 2791 ὅτι
928 2736 1039 2789 λύω
1070 2735 1131 2788 τὸ
1166 2735 1468 2798 σάϐϐατον;
1499 2733 1591 2787 καὶ
1630 2734 1739 2805 γάρ
1766 2734 1815 2787 οί
1856 2733 1933 2786 Es-

255 2825 382 2898 ρεῖς
406 2824 465 2878 ἐν
503 2823 812 2895 Ἱεριχοῦντι
837 2822 1051 2888 ἔλυσαν,
1080 2821 1175 2876 καὶ
1206 2823 1255 2875 οἰ
1286 2823 1343 2875 ἐν
1372 2819 1448 2893 τῷ
1480 2819 1609 2892 ἱερῷ
1640 2820 1824 2874 λύουσι
1845 2837 1857 2849 ·
1881 2820 1935 2874 τί

258 2931 358 2985 μοι
396 2912 700 2982 ἐγκαλεῖτε,
729 2911 810 2966 ὃτι
857 2911 969 2964 λύω
1017 2909 1317 2976 σάϐϐατον;
1348 2910 1445 2962 καὶ
1477 2909 1585 2982 7&9
1626 2909 1778 2980 ἥλιος
1819 2908 1935 2962 λύει

258 3003 361 3055 καὶ
397 3000 593 3071 σελήνη
640 3002 735 3055 καὶ
774 2998 1003 3071 ἀστέρες
1034 3000 1129 3052 καὶ
1161 2999 1310 3051 πᾶσα
1343 2998 1376 3068 ή
1407 2996 1605 3061 κτίσις,
1636 2997 1732 3051 καὶ
1758 2999 1793 3069 ἠ
1824 2994 1937 3051 ἀνω

256 3089 361 3144 καὶ
390 3091 426 3160 η
455 3089 639 3143 κάτω’
668 3087 805 3142 ἀλλά
835 3086 1012 3140 πάντα
1044 3083 1217 3140 ταῦτα
1254 3086 1433 3155 ἀφεὶς,
1464 3084 1556 3137 ἐπὶ
1586 3084 1677 3137 τὸν
1720 3084 1938 3155 Πατέρα

254 3173 449 3249 ἦλθεν,
470 3176 645 3245 λέγων
664 3192 680 3206 ·
725 3176 781 3229 '0
814 3175 1016 3244 Πατήρ
1038 3190 1161 3245 μου
1187 3170 1504 3243 ἐργάζεται,
1526 3171 1686 3243 κάγὼ
1706 3171 1940 3243 ἐργάζου

253 3281 389 3336 ραι.
415 3264 491 3317 Οὐ
517 3264 627 3336 γάρ
653 3261 720 3334 δὴ
752 3261 1195 3335 ἀπολογήσασθαι
1220 3260 1471 3315 ἐϐούλετο
1491 3260 1673 3332 μόνον,
1693 3259 1827 3314 ἀλλά
1847 3260 1942 3315 καὶ

256 3357 365 3429 τὴν
398 3355 664 3427 ίσοτιμίαν
704 3354 895 3422 δεῖξαι.
928 3354 1025 3407 Διά
1068 3352 1227 3407 τοῦτο
1267 3352 1365 3406 οὐκ
1395 3345 1938 3422 εἷπεν,Ἐργάζομαι,

259 3442 360 3498 καὶ
397 3442 506 3512 7&9
533 3444 567 3513 ὴ
600 3442 779 3505 κτίσις
819 3437 1147 3513 ἐργάζεται·
1194 3438 1255 3492 οὐ
1304 3438 1412 3509 7&9
1443 3432 1512 3508 ἦν
1542 3438 1639 3506 τῆς
1674 3436 1903 3500 κτίσεως
1924 3451 1938 3465 ⁸

259 3530 407 3593 ἀλλ’,
426 3528 779 3601 Ἑργάζομαι,
809 3530 904 3581 καὶ
934 3528 1045 3599 γὰρ
1069 3528 1097 3580 ὁ
1121 3524 1311 3596 Πατὴρ
1349 3523 1657 3596 ἐργάζεται.
1693 3523 1804 3594 Τῆς
1834 3523 1942 3595 γάρ

260 3616 458 3679 οὐσίας
484 3615 699 3685 ἐκείνης
722 3609 790 3685 ἦν
814 3612 907 3667 καὶ
934 3613 1033 3684 τῆς
1059 3612 1325 3679 ἐξουσίας.

336 3704 401 3759 δ’.
445 3701 544 3756 Διά
580 3701 737 3756 τοῦτο
776 3701 876 3771 οὐχ
911 3699 988 3764 ὠς
1034 3698 1137 3769 τῆς
1182 3698 1411 3763 κτίσεως
1454 3696 1531 3751 ὢν
1575 3696 1940 3766 ἀπολογεῖται,

264 3789 386 3846 ἀλλ’
419 3790 496 3853 ὡς
533 3789 739 3843 ἐκείνου
788 3788 1033 3859 γέννημα
1079 3789 1316 3856 γνήσιον.
1354 3786 1463 3838 Καὶ
1499 3784 1586 3839 ἴνα
1640 3784 1816 3856 μάθῃς
1860 3785 1943 3837 ὅτι

266 3878 330 3931 οὐ
365 3875 674 3947 στοχασμὸς
709 3874 776 3928 τὰ
802 3873 1088 3947 εἰρημένα,
1118 3872 1313 3927 ἐλυσάν
1346 3889 1474 3926 ποτε
1508 3873 1603 3925 καὶ
1628 3873 1677 3925 οἰ
1707 3870 1944 3943 μαθηταὶ

265 3965 330 4019 τὸ
358 3963 633 4018 σάϐϐατον
664 3962 930 4025 τίλλοντες
965 3960 1202 4031 στάχυας
1230 3960 1324 4013 καὶ
1347 3959 1634 4022 ἐσθίοντες,
1660 3959 1756 4012 καὶ
1782 3960 1945 4028 ἐγκα-

265 4050 509 4106 λούντων
540 4049 647 4103 τῶν
686 4048 951 4103 Ἰουδαίων
979 4050 1069 4101 καὶ
1110 4047 1404 4117 λέγοντων
1422 4046 1535 4116 Οὐχ
1561 4046 1691 4117 ὁρᾷς
1720 4046 1777 4099 ἐν
1813 4044 1944 4098 σαϐ-

268 4140 425 4210 ϐάτῳ
476 4135 531 4190 τί
573 4130 719 4191 οῦτοι
762 4133 1036 4201 ποιοῦσιν;
1065 4134 1300 4206 οὐδαμοῦ
1338 4129 1431 4184 τοῦ
1461 4130 1672 4202 Πατρός
1702 4130 1943 4202 ἐμνήσθη

269 4229 409 4292 ἐκεῖ,
442 4223 580 4279 ἀλλά
602 4224 656 4277 τί
683 4239 877 4293 (manv;
904 4224 1025 4275 Οὐκ
1052 4222 1346 4291 ἀνέγνωτε
1377 4219 1433 4273 τί
1458 4219 1708 4286 ἐποίησε
1740 4218 1941 4280 Δαυῒὸ,

272 4316 371 4371 ὅτε
404 4316 727 4376 ἐπείνασε;
762 4309 888 4378 πῶς
914 4308 1163 4378 εἰσῆλθε
1180 4309 1228 4375 ιι,
1260 4310 1356 4362 καί
1395 4307 1538 4374 τοὺς
1570 4306 1791 4375 ἄρτους
1834 4305 1945 4373 τῆς

274 4401 610 4472 προθέσεως
652 4401 895 4469 ἔφαγεν,
936 4396 1044 4461 οὓς
1083 4398 1194 4450 οὐκ
1235 4396 1381 4460 ἐξὸν
1418 4394 1579 4460 αὐτῷ
1618 4389 1698 4465 ἦν
1735 4394 1945 4464 φαγεῖν

276 4489 374 4543 καὶ
398 4487 524 4555 τοῖς
541 4485 669 4557 μετ’
692 4483 910 4546 αὐτοῦς
932 4485 1041 4537 οὐκ
1064 4482 1354 4553 ἀνέγνωτε
1379 4481 1468 4535 ὅτι
1498 4484 1551 4535 οἱ
1571 4479 1745 4549 ἱερεῖς
1775 4481 1844 4533 ὲν
1867 4479 1946 4547 τῷ

278 4576 414 4646 ίερῷ
452 4575 517 4629 τὸ
558 4573 865 4628 σάϐϐατον
894 4569 1231 4638 ,ϐεϐηλοῦσι
1255 4610 1270 4634 ,
1312 4568 1411 4622 καί
1453 4568 1708 4624 ἀναίτιοί
1747 4571 1945 4632 εἰσιν-ς

290 4664 451 4735 Ὁρᾷς
481 4661 619 4727 πῶς,
647 4662 738 4715 ὅτε
787 4659 885 4732 μὲν
934 4656 1075 4729 ὐπέρ
1110 4655 1219 4711 τῶν
1248 4655 1448 4710 δούλων
1477 4658 1709 4709 ποιεῖται
1736 4655 1826 4708 τὸν
1855 4653 1945 4707 λό-

344 4810 371 4839 ⁸
398 4808 674 4858 Delendmn
695 4804 777 4855 καί
800 4809 854 4852 ιιι
877 4805 1070 4865 legatur
1092 4803 1225 4865 ἔλυον
1254 4801 1394 4865 πάλιν
1416 4801 1659 4865 Diniam...

342 4870 373 4912 ι
394 4868 512 4919 Bibl.
535 4871 640 4926 πῶς
659 4868 872 4925 εἰσῆλθεν
894 4860 958 4921 εἰς
977 4866 1058 4913 τὸν
1081 4864 1210 4912 οἶκον
1227 4860 1313 4912 τοῦ
1336 4861 1479 4911 Θεοῦ.

982 358 1030 414 Χ
1068 352 1373 423 ΗΟΜΙῘᾸΔ,
1404 352 1475 428 ῘΝ
1513 351 1742 418 ιιιυι),
1781 348 2032 407 κεεειε
2076 346 2342 417 ΟΟΙΒΕΜ
2409 346 2672 416 ιιυιτΑ,
2708 347 2844 405 ETC

3599 346 3703 405 διο

2018 484 2134 537 γον,
2164 467 2292 531 τοῦς
2327 466 2543 530 δούλους
2584 466 2666 530 εἰς
2698 464 2860 537 μέσον
2890 464 3068 534 φέρει.
3102 461 3193 517 τὸν
3230 460 3396 516 Δαυῒδ
3437 461 3529 517 καὶ
3576 465 3705 528 τοὺς

2024 553 2233 626 ἱερέας*
2264 553 2352 607 ὅτε
2381 553 2436 607 δέ
2469 553 2606 625 ὐπέρ
2637 550 2857 618 ἐαυτοῦ,
2881 551 2971 604 τῦν
3011 550 3264 621 Πατέρας
3299 549 3358 603 Εἰ
3391 549 3447 602 δέ
3479 567 3581 603 που
3607 550 3702 603 καὶ

2020 642 2235 714 ἑτέραις
2266 642 2529 714 κέχρηται
2560 640 2896 713 ἀπολογίαις,
2930 640 3005 703 ὡς
3050 641 3178 693 ὅταν
3219 639 3356 712 λέγῃ
3377 655 3392 670 °
3438 640 3505 694 El
3536 655 3703 708 περι-

2021 729 2211 799 τομὴν
2252 728 2539 798 λαμϐάνει
2584 728 2893 797 ἄνθρωπος
2915 767 2930 792 ,
2967 726 3096 798 ἐμοὶ
3136 726 3355 795 χολᾶτε
3377 768 3395 793 ,
3428 726 3516 780 ὅτι
3557 727 3707 782 ὅλον

2019 817 2339 885 ἄνθρωπον
2374 815 2511 886 ὑγιῆ
2536 814 2915 885 ἐποιησάμην
2944 815 3012 868 ὲν
3046 813 3356 881 σαϐϐάτῳ;
3388 814 3481 869 καὶ
3509 814 3667 869 πάλιν
3685 830 3700 845 ·

2033 906 2126 970 Τίς
2169 903 2235 968 ἐξ
2279 902 2443 973 ὑμῶν
2469 903 2663 966 ἐστιν,
2699 901 2768 968 ὃς
2808 905 2881 957 οὐ
2921 904 3055 956 λύει
3098 901 3166 956 τὸ
3192 904 3490 971 πρόϐατον
3517 902 3704 957 αὑτοῦ

2024 991 2123 1044 καὶ
2144 990 2249 1044 τὸν
2268 989 2467 1056 ⁴βοῦν;
2490 989 2640 1043 οὐδὲν
2663 988 2975 1059 θαυμαστόν
2996 1006 3009 1019 ·
3041 990 3102 1042 οὐ
3133 988 3241 1060 7&9
3263 989 3438 1043 πάντα
3454 989 3529 1054 ὡς
3548 988 3703 1054 Θεὸς,

2024 1077 2139 1131 ἀλλ’
2168 1077 2317 1130 ἐστιν
2345 1077 2478 1130 ὃπου
2505 1077 2600 1129 καὶ
2626 1076 2701 1132 ὡς
2730 1075 3016 1147 ἄνθρωπος
3047 1075 3373 1144 διαλέγεται,
3401 1076 3587 1147 ἐπειδὴ
3609 1075 3706 1130 καὶ

2024 1164 2157 1227 Θεὸς
2189 1165 2283 1218 καὶ
2320 1163 2605 1235 ἄνθρωπος
2645 1158 2733 1234 ἦν.
2752 1162 3015 1216 Ἐνταῦθα
3044 1161 3226 1233 μέντοι
3260 1162 3394 1233 πρὸς
3418 1163 3516 1234 τὴν
3548 1162 3705 1229 ἀξίαν

2025 1252 2121 1324 τὴν
2152 1250 2342 1306 ἐαυτοῦ
2381 1251 2671 1320 φθέγγεται
2696 1250 2898 1319 λέγων’
2945 1250 2999 1301 ’0
3029 1248 3230 1318 Πατήρ
3257 1268 3377 1320 μου
3423 1250 3535 1317 ἕως
3574 1249 3706 1319 άρτι

2024 1338 2320 1410 ἐργάζεται
2356 1337 2519 1409 κάγὼ
2540 1335 2869 1407 ἐργάζομαι.
2901 1335 3000 1389 Διὰ
3024 1334 3181 1389 τοῦτό
3217 1354 3381 1407 φησιν
3412 1340 3441 1391 ὁ
3473 1338 3706 1407 εὐαγγε-

2025 1429 2234 1501 λιστὴς,
2252 1428 2507 1482 Ἑδίωκον
2536 1426 2698 1482 αὐτὸν
2729 1427 2779 1479 οἰ
2823 1425 3084 1490 Ἰουδαῖοι,
3114 1425 3176 1479 οὐ
3212 1425 3372 1497 μόνον
3400 1427 3481 1480 ὃτι
3504 1427 3625 1479 ἔλυε
3645 1427 3708 1480 τὸ

2029 1516 2317 1582 σάϐϐατον,
2352 1514 2465 1570 ἀλλ’
2489 1513 2573 1568 ὅτι
2594 1515 2689 1568 καὶ
2717 1513 2937 1584 Πατέρα
2968 1513 3096 1566 ἴδιον
3124 1511 3278 1581 ἔλεγε
3297 1512 3389 1566 τὸν
3414 1512 3570 1575 Θεὸν,
3595 1514 3709 1568 ίσον

2027 1604 2220 1659 ἑαυτὸν
2256 1601 2426 1657 ποιῶν
2458 1601 2538 1673 τῷ
2569 1600 2710 1672 Θεῷ.
2729 1600 2872 1671 Ἐγὼ
2902 1598 2957 1655 δὲ
3000 1601 3222 1654 κάκεῖνο
3255 1599 3425 1671 ἡδέως
3457 1598 3523 1654 ἂν
3567 1599 3709 1672 ἐροί-

2034 1708 2143 1762 μην
2173 1690 2264 1744 τὸν
2290 1689 2561 1763 αἱρετικόν
2580 1707 2594 1719 ·
2630 1687 2848 1759 Πατέρα
2887 1687 3017 1741 [διον
3051 1686 3201 1756 ἔλεγε
3227 1687 3317 1741 τὸν
3346 1686 3499 1752 Θεὸν,
3539 1686 3576 1758 ἢ
3602 1688 3707 1743 οὐκ

2030 1777 2184 1848 ἔλεγε
2207 1795 2221 1844 ;
2246 1779 2345 1849 τῆς
2388 1776 2687 1846 Ἰουδαϊκῆς
2715 1774 2966 1838 ὑπονοίας
2990 1773 3148 1827 τοῦτο
3183 1769 3274 1845 ἦν,
3303 1773 3337 1845 ἢ
3364 1778 3464 1845 τῆς
3496 1775 3709 1843 ἀποφά-

2033 1883 2173 1928 σεως
2198 1863 2292 1919 τοῦ
2322 1863 2589 1937 Χριστοῦς
2621 1863 2728 1917 κᾶν
2759 1860 2869 1933 γάρ
2898 1862 3156 1934 μυριάκις
3184 1862 3535 1932 ἀναισχυντῇ.
3557 1862 3709 1933 παρά

2030 1953 2129 2025 τῆς
2155 1952 2414 2025 ἀληθείας
2434 1952 2737 2023 ἐλέγχεται.
2753 1949 2880 2023 [387
2891 1963 2911 2021 ι
2925 1948 3170 2017 Ἔλεγεν,
3186 1949 3269 2002 ὅτι
3292 1949 3347 2002 Ὀ
3370 1950 3569 2019 Πατήρ
3588 1969 3710 2019 μον

2030 2043 2141 2110 ἕως
2162 2042 2292 2111 ἄρτι
2312 2040 2629 2112 ἐργάζεται,
2653 2037 2816 2109 κάγὼ
2844 2036 3154 2108 ἐργάζομαι
3172 2056 3185 2069 ·
3211 2039 3333 2092 ἔλυε
3351 2038 3414 2092 τὸ
3438 2039 3710 2095 σάϐϐατον

2032 2129 2066 2200 ἢ
2083 2130 2182 2183 οὐκ
2207 2129 2357 2181 ἔλυεν
2378 2145 2393 2193 ;
2425 2126 2659 2199 Εὔδηλον
2677 2129 2759 2182 ὅτι
2780 2125 2932 2180 ἐλυεν
2950 2142 2963 2156 ·
2977 2124 3329 2199 Ἐργάζομαι.
3343 2144 3414 2197 φη
3426 2127 3496 2190 εἰ,
3518 2131 3709 2183 κάκεῖυ

2032 2232 2123 2280 νος
2167 2215 2477 2286 ἐργάζεται.
2512 2214 2720 2268 Οὐκοῦν
2748 2213 3027 2286 οὐδέτερον
3057 2211 3260 2266 τούτων
3308 2214 3407 2282 τῆς
3451 2215 3710 2281 ὑπονοίας

2031 2296 2101 2373 ἦν
2146 2302 2246 2372 τῆς
2283 2301 2598 2373 Ἰουδαϊκῆς,
2623 2300 2759 2355 ἀλλά
2802 2300 2902 2369 τῆς
2932 2298 3027 2354 τοῦ
3078 2299 3315 2371 Χριστοῦ
3367 2305 3708 2374 κατασκευῆς

2032 2407 2093 2444 τε
2143 2391 2236 2444 καὶ
2282 2389 2628 2460 ἀποφάσεως,
2661 2388 2757 2443 καὶ
2789 2388 2850 2442 τὸ
2894 2387 3041 2441 λύειν
3088 2388 3149 2441 τὸ
3192 2387 3480 2454 σάϐϐατον,
3509 2392 3606 2445 καὶ
3649 2392 3711 2449 τὸ

2035 2477 2255 2549 Πατέρα
2283 2476 2413 2531 ῖδιον
2435 2476 2615 2545 λέγειν
2639 2476 2730 2530 τὸν
2747 2475 2901 2529 Θεόν.
2920 2476 3046 2538 Πῶς
3071 2470 3183 2539 οῦν,
3213 2474 3383 2529 ταῦτα
3411 2476 3583 2546 λέγων
3608 2478 3709 2556 τῆς

2034 2565 2364 2635 ἀποφάσεως
2399 2559 2538 2617 εἶναι
2566 2564 2659 2617 τοῦ
2689 2561 2942 2634 Χριστοῦ,
2971 2564 3147 2616 ἐκεῖνο
3173 2562 3272 2633 τῆς
3301 2562 3408 2617 τῶν
3442 2564 3710 2620 Ἰουδαίων

2036 2652 2291 2715 ὑπονοίας
2314 2650 2514 2720 λέγεις,
2535 2650 2732 2720 ἐφεξῆς
2757 2650 3005 2721 κείμενον
3032 2649 3127 2703 καὶ
3149 2652 3493 2722 συνημμένον
3515 2651 3708 2724 τούτῳ,

2035 2740 2130 2795 καὶ
2147 2739 2347 2811 ὁμοίως
2366 2737 2784 2809 ἀπηγγελμένον
2804 2736 2953 2809 παρά
2968 2736 3060 2791 τοῦ
3084 2737 3466 2806 εὐαγγελιστοῦ
3487 2755 3501 2805 ;
3527 2739 3711 2796 Πάντα

2034 2829 2144 2899 7&9
2192 2825 2367 2881 ταῦτα
2414 2825 2722 2894 ἀπαγγελία
2769 2823 2864 2878 τοῦ
2908 2823 3293 2893 εὐαγγελιστοῦ
3338 2825 3505 2891 ἐστιν,
3537 2828 3711 2899 ἑρμη-

2036 2915 2282 2979 νεύοντος
2309 2913 2377 2969 τὰ
2414 2913 2567 2986 παρά
2593 2913 2685 2968 τοῦ
2721 2911 2959 2982 Χριστοῦ
2994 2913 3278 2985 εἰρημένα.
3314 2913 3406 2966 Διὸ
3446 2916 3540 2969 καὶ
3583 2916 3712 2969 Ἰου-

2037 3003 2200 3059 δαίων
2243 3002 2617 3072 ἐγκαλούντων
2648 3000 2850 3070 ἔλεγεν,
2886 3001 2968 3054 ὅτι
2998 3000 3220 3055 ἐδίωκον
3248 3001 3429 3067 αὐτὸν,
3454 3003 3514 3056 οὐ
3551 3003 3712 3075 μόνον

2036 3093 2121 3148 ὅτι
2146 3092 2267 3146 ἔλυε
2293 3091 2353 3145 τὸ
2384 3089 2672 3153 σάϐϐατον,
2709 3089 2825 3143 ἀλλ’
2850 3089 2934 3142 ὅτι
2961 3088 3053 3142 καὶ
3079 3089 3297 3160 Πατέρα
3330 3090 3523 3144 ἑαυτοῦ
3557 3091 3710 3161 ἔλεγε

2038 3178 2131 3232 τὸν
2176 3178 2328 3240 Θεὸν,
2357 3178 2470 3231 ίσον
2514 3175 2702 3230 ἐαυτὸν
2749 3174 2917 3230 ποιῶν
2951 3175 3028 3247 τῷ
3064 3176 3202 3247 Θεῷ.
3221 3176 3359 3230 Ἀλλ’
3388 3180 3416 3231 ὁ
3441 3179 3540 3249 μὲν
3568 3179 3713 3234 κατὰ

2038 3265 2147 3321 τῶν
2174 3263 2463 3337 αἱρετικῶν
2487 3263 2703 3334 ἐλεγχος
2726 3263 2928 3333 ἀρκοῦν
2965 3264 3077 3335 ἔχει
3120 3266 3181 3319 τὸ
3220 3265 3401 3327 τέλος·
3438 3265 3567 3319 εἰδὲ
3594 3266 3712 3334 βού-

2040 3354 2195 3409 λεσθε
2228 3355 2320 3409 καὶ
2351 3353 2449 3425 τὴν
2478 3353 2742 3426 ἐργασίαν
2779 3352 2970 3423 μαθεῖν
3007 3353 3087 3416 τίς
3118 3353 3248 3406 ποτέ
3274 3354 3421 3406 ἐστιν
3450 3355 3514 3424 ἦν
3542 3356 3570 3407 ὁ
3600 3355 3715 3408 Πα-

2038 3443 2145 3514 τὴρ
2182 3441 2491 3513 ἐργάζεται,
2526 3440 2619 3494 καὶ
2650 3439 2718 3511 ῆν
2749 3442 2777 3493 ὁ
2806 3440 2952 3503 Υἱὸς,
2983 3440 3082 3510 τὴν
3122 3441 3374 3509 πρόνοιαν
3402 3440 3611 3510 εῐποιμι
3644 3441 3712 3494 ἂν

2040 3521 2148 3580 τῶν
2187 3526 2377 3594 ὄντων,
2407 3526 2506 3598 τὴν
2550 3526 2929 3597 διακράτησιν,
2973 3526 3072 3595 τὴν
3116 3526 3458 3596 κηδεμονίαν.
3496 3528 3575 3580 Τὰ
3612 3527 3712 3597 μὲν

2041 3614 2149 3684 7&9
2178 3614 2477 3684 φαινόμενα
2502 3614 2679 3668 πάντα
2710 3615 2766 3666 ἐν
2795 3611 2854 3677 ἐξ
2883 3613 3117 3683 ἡμέραις
3148 3613 3339 3681 γέγονε
3360 3629 3373 3643 ·
3421 3614 3526 3667 Καὶ
3572 3631 3712 3667 κατε

2041 3704 2313 3757 ἔπαυσεν
2346 3705 2378 3756 ό
2408 3702 2554 3767 Θεὸς
2584 3702 2653 3755 ἐν
2698 3699 2773 3769 τῇ
2795 3701 2982 3769 ἡμέρᾳ
3025 3698 3100 3769 τῇ
3137 3700 3354 3770 ἐϐδιζμη
3376 3718 3389 3732 ο
3432 3703 3465 3771 ἡ
3497 3701 3554 3755 δὲ
3588 3701 3716 3773 n96-

2043 3809 2163 3846 νοια
2199 3790 2379 3846 αὐτῶν
2412 3791 2512 3845 οὐκ
2543 3789 2836 3843 ἐπαύσατο.
2869 3788 3081 3859 Ταύτην
3110 3789 3288 3842 τοίνυν
3327 3789 3426 3860 τὴν
3456 3789 3713 3861 πρόνοιαν

2045 3879 2307 3952 ἐργασίαν
2334 3878 2540 3932 καλεῖὸ
2566 3876 2819 3949 Χριστὸς,
2844 3876 3019 3944 λέγων
3038 3892 3053 3909 ο
3087 3877 3143 3928 '0
3170 3876 3372 3943 Πατήρ
3394 3894 3514 3945 μου
3540 3877 3714 3946 ἐργά-

2045 3965 2220 4030 ζεται,
2263 3965 2425 4035 κάγὼ
2472 3962 2796 4035 ἐργάζομαι,
2827 3964 3088 4034 προνοῶν,
3120 3964 3436 4034 κηδόμενος,
3485 3963 3714 4034 διακρα-

2045 4058 2177 4125 τῶν,
2209 4060 2362 4130 φησὶ,
2389 4057 2651 4129 συνέχων,
2684 4056 2837 4109 οὐδὲν
2886 4056 3065 4124 ἀφιεὶς
3110 4055 3449 4127 διαρρυῆναι.
3479 4054 3717 4127 Δεξάμε-

2046 4164 2126 4201 νοι
2171 4145 2459 4218 τοιγαροῦν
2507 4144 2617 4198 τῶν
2659 4143 2833 4215 ὀρθῶν
2881 4143 3165 4213 δογμάτων
3194 4143 3291 4213 τὴν
3315 4142 3586 4207 ἀπόδειξιν
3623 4142 3718 4197 καὶ

2046 4235 2112 4289 ἐκ
2158 4231 2266 4287 τῶν
2312 4231 2634 4303 εἰρημένων,
2663 4229 2864 4302 ἀκριϐῆ
2894 4227 3167 4282 πολιτείαν
3195 4228 3289 4282 καί⁵
3317 4227 3716 4298 συμϐαίνουσαν

2046 4322 2158 4384 τοῖς
2207 4319 2436 4391 δόγμασι
2480 4316 2836 4388 προσθῶμενο
2881 4316 3179 4387 ἐπειδήπερ
3228 4314 3328 4368 οὐκ
3377 4316 3534 4386 ἀρκεῖ
3584 4314 3718 4386 πρὸς

2048 4406 2319 4479 σωτηρίαν
2374 4405 2505 4476 ἡμῖν
2555 4403 2691 4474 μόνη
2745 4404 2780 4470 ἠ
2823 4402 2931 4457 τῶν
2974 4402 3149 4475 ὀρθῶν
3176 4402 3456 4473 δογμάτων
3493 4400 3713 4470 γνῶσις,

2048 4493 2185 4550 ἀλλά
2229 4492 2309 4547 δεῖ
2352 4493 2447 4546 καὶ
2490 4492 2767 4555 πολιτείας
2794 4490 3040 4563 ἀρίστης,
3072 4490 3158 4544 ἴνα
3184 4489 3270 4543 διά
3312 4489 3529 4542 πάντων
3561 4488 3719 4552 δόξαν

2048 4581 2471 4652 ἀναπέμψαντες
2516 4580 2594 4651 τῷ
2638 4579 2758 4651 Θεῷ
2796 4578 3139 4649 ἐπιτύχωμεν
3164 4577 3273 4631 τῶν
3298 4574 3718 4646 ἐπηγγελμένων

2053 4669 2275 4738 ἀγαθῶν
2296 4687 2310 4701 ο
2359 4662 2403 4737 ᾧ
2436 4671 2471 4740 η
2501 4669 2629 4736 δόξα
2659 4668 2753 4723 καὶ
2777 4666 2837 4721 τὸ
2869 4668 3068 4738 κράτος
3102 4668 3181 4729 εἰς
3211 4666 3334 4728 τοὺς
3363 4662 3564 4725 αἰῶνας
3610 4660 3717 4716 τῶν

2054 4758 2283 4812 αἰώνων.
2301 4756 2476 4828 Ἀμήν

1520 5054 3656 5084 ..Μ-*αδ

1852 5234 2096 5288 ΟΜΙΛΙᾹ
2135 5230 2190 5287 1⁸.

285 5411 406 5469 Τοῦ
440 5409 628 5466 αὐτοῦ
655 5406 877 5478 ὁμιλία,
904 5402 1159 5478 ῥηθεῖσα
1192 5402 1263 5457 ἐν
1292 5399 1369 5478 τῇ
1386 5400 1693 5478 Δἐκκλησίᾳ
1851 5394 1951 5455 ἐπί

351 5483 463 5537 τοῦ
507 5467 1267 5545 Ἄποστόλούξὲέτισκρπου-
1296 5467 1472 5545 ὀλίγα
1507 5467 1953 5545 προομιεῖνήσαν·

353 5570 481 5621 τος,
530 5553 616 5618 είς
668 5550 735 5604 τὸ
758 5586 774 5613 ,
824 5537 890 5601 ὐ⁷
923 5547 1022 5617 μὲν
1059 5537 1313 5616 θέρισμὸς
1342 5537 1608 5605 πολὺς,ὀί
1641 5538 1697 5592 δὲ
1728 5537 1956 5608 ἐργάται

335 5624 553 5691 ·ὀλίγοι.

352 5718 429 5764 α’.
469 5710 654 5763 Είδετε
677 5707 771 5761 τὸν
798 5703 1027 5775 γέροντα
1060 5701 1152 5755 καὶ
1183 5700 1321 5762 νέον,
1351 5697 1581 5772 γέροντα
1614 5694 1709 5765 μὲν
1740 5691 1817 5763 τῷ
1850 5691 1958 5744 σώ-

2055 5396 2152 5450 καὶ
2184 5396 2369 5466 γήρως
2389 5395 2539 5448 τόνον
2562 5392 2899 5464 σφριγῶντας
2928 5388 3165 5444 Τοιαῦτα
3195 5387 3304 5457 7&9
3323 5389 3389 5439 τά
3413 5386 3545 5457 παρ’
3568 5386 3719 5456 ἡμῖν,

2057 5488 2150 5542 ἀπ’
2186 5488 2429 5548 ἐναντίας
2478 5487 2590 5545 τοῖς
2648 5482 2863 5545 ἔξωθεν.
2897 5481 3021 5533 Ἐπὶ
3068 5479 3165 5551 μέν
3213 5479 3322 5550 7&9
3370 5477 3478 5531 τῶν
3525 5476 3723 5541 ἔξωθεν

2058 5584 2400 5657 πραγμάτων
2444 5581 2503 5634 τὸ
2534 5579 2709 5651 γῆρας
2732 5579 3029 5649 ἄχρηστον·
3055 5571 3191 5643 οἷον,
3217 5578 3248 5629 ὁ
3277 5574 3610 5646 στρατιώτης
3642 5575 3724 5638 είς

2060 5681 2262 5750 ταύτην
2304 5677 2471 5731 ἐλθὼν
2509 5678 2606 5747 τὴν
2650 5674 2882 5745 ἠλικίαν,
2910 5676 2969 5727 οὐ
3012 5674 3231 5728 δύναται
3257 5675 3426 5727 τεῖναι
3462 5669 3634 5737 τόξον,
3660 5673 3723 5725 οὐ

278 5816 440 5869 ματι,
472 5797 591 5850 νέον
618 5797 672 5850 δέ
706 5795 781 5865 τῷ
810 5766 1145 5866 φρονήματι;
1192 5788 1355 5840 εἴδετε
1387 5766 1579 5837 πολιὰν
1608 5780 1957 5852 ἀκμάζουσαν
2066 5779 2216 5848 βέλος
2261 5776 2494 5845 ἀφεῖναι,
2526 5772 2645 5827 οὔτε
2677 5772 2801 5844 δόρυ
2835 5772 3028 5837 σεῖσαι,
3059 5770 3177 5825 οὐτε
3224 5772 3388 5825 ἵππον
3437 5766 3722 5840 ἀναϐῆναι,
