3966 6160
305 329 408 387 517

301 450 422 504 οὔτε
453 449 657 522 τείχεσι
687 447 1029 522 προσϐαλεῖν,
1052 446 1173 500 οὔτε
1208 447 1337 502 ἄλλο
1363 445 1601 500 τοιοῦτον
1628 447 1778 500 οὐδὲν
1803 448 1968 518 ἐργά-

305 539 500 594 σασθαι
549 537 802 592 δύναται·
839 537 934 590 καὶ
976 537 1006 589 ό
1049 534 1386 606 κυϐερνήτης
1422 534 1502 600 δὲ,
1533 533 1660 588 ὅταν
1699 535 1848 604 αύτῷ
1880 534 1972 587 τὸν

301 625 454 680 τόνον
482 624 582 696 τῆς
614 624 812 696 σαρκὸς
843 621 1056 696 χαλάσῃ
1100 621 1163 675 τδ
1207 622 1404 693 γῆρας,
1434 623 1493 674 ού
1537 621 1746 692 σχοινία
1776 623 1967 684 τεῖναι,

301 713 403 784 οὐχ
449 712 590 766 ίστία
633 709 989 773 ἀναπετάσαι,
1024 709 1086 762 ού
1119 707 1601 780 μεταχειρίσασθαι
1647 707 1862 776 κώπην,
1907 707 1968 761 οὐ

302 799 611 873 μεταθεῖναι
635 796 846 862 οἴακας,
874 797 936 850 οὐ
980 795 1315 868 μαχέσασθαι
1343 795 1605 866 κύμασιν,
1629 795 1730 849 οὐκ
1755 795 1883 849 ἀλλο
1914 813 1968 850 τι

299 887 408 942 τῶν
437 886 692 941 τοιούτων
715 886 1002 956 δυνήσεται
1053 885 1222 938 Πάλιν
1250 883 1280 936 ό
1303 875 1541 954 γηπόνος
1577 885 1635 936 ἐν
1669 882 1840 955 τούτῳ
1873 884 1972 955 τῆς

301 974 513 1047 ἡλικίας
557 972 652 1036 ὣν,
686 973 746 1026 οὐ
777 971 961 1040 ζεῦξαι
997 971 1146 1042 βοῦς,
1174 971 1272 1026 οὐκ
1318 971 1546 1044 ἄροτρον
1591 969 1835 1036 ἐλκύσαι,
1868 972 1970 1026 οὐκ

299 1061 600 1134 ἀναρρῆξαι
630 1064 724 1114 καὶ
753 1061 1044 1130 ἀνατεμεῖν
1078 1057 1340 1122 αῦλακας.
1371 1059 1432 1111 ού
1469 1056 1805 1129 θεραπεῦσαι
1849 1057 1968 1110 δέν-

299 1149 445 1221 δρον,
480 1149 539 1202 ού
573 1147 718 1220 χορῷ
738 1146 1056 1218 θεριζόντων
1083 1145 1272 1199 ἑαυτὸν
1297 1145 1606 1214 ἐγκαθίσαι,
1641 1147 1740 1199 ούκ
1770 1145 1896 1198 ἀλλο
1915 1161 1968 1198 τι

298 1237 406 1288 τῶν
439 1234 590 1306 [588]
618 1233 873 1288 τοιούτων
895 1233 1152 1304 πράττειν
1185 1231 1390 1302 ἰσχύσει
1409 1249 1423 1262 ο
1457 1233 1571 1286 ἀλλ’
1593 1233 1822 1296 ἕκαστος
1849 1232 1970 1286 τού-

299 1342 406 1377 των
433 1323 570 1376 οἴκοι
605 1321 858 1391 κάθηται,
889 1320 988 1390 τὴν
1019 1319 1129 1374 ἀπὸ
1163 1321 1260 1390 τῆς
1285 1318 1500 1390 ἡλικίας
1535 1320 1778 1373 ἀτέλειαν
1806 1319 1965 1390 ἔχων,

300 1413 394 1466 καὶ
423 1411 636 1480 ἀνάγκῃ
667 1408 878 1480 μεγάλῃ
905 1407 998 1461 καὶ⁵
1024 1407 1398 1479 ἀπαραιτήτῳ,
1426 1406 1503 1478 τῷ
1535 1408 1701 1479 γήρᾳ,
1733 1407 1970 1477 πεπεδη-

305 1502 484 1571 μένος.
521 1497 660 1550 Ἀλλ’
685 1496 786 1566 οὐχ
835 1497 864 1550 ό
903 1495 1004 1568 τῆς
1019 1494 1349 1566 Ἐκκλησίας
1397 1494 1716 1558 διδάσκαλος
1759 1493 1928 1557 οὕτως
1952 1510 1967 1526 ο

301 1585 437 1640 ἀλλά
481 1583 599 1638 τότε
651 1583 884 1654 μάλιστα
929 1582 1258 1648 ἀγωνιεῖται,
1291 1582 1385 1636 καὶ
1429 1581 1602 1650 λόγων
1632 1581 1848 1652 ἅψεται,
1876 1580 1973 1634 καὶ

301 1669 649 1728 διδασκαλίαν
697 1669 980 1742 προθήσει,
1005 1669 1100 1722 καί
1145 1668 1271 1722 λαὸν
1321 1668 1582 1742 ρυθμίσαι
1627 1667 1970 1740 πειράσεται.

302 1759 376 1813 Τὸ
425 1760 534 1830 γάρ
583 1758 758 1828 γῆρας
803 1757 862 1810 ἐν
911 1757 1009 1827 μὲν
1057 1757 1170 1820 τοῖς
1201 1755 1378 1819 ἄλλοις
1406 1756 1698 1826 ἄχρηστον,
1733 1757 1792 1809 ἐν
1823 1756 1879 1810 δὲ
1905 1757 1970 1828 τῇ

298 1841 597 1919 ίΕκκλησίᾳ⁵
617 1845 710 1898 καὶ
753 1847 866 1908 τοῖς
908 1843 1006 1914 τῆς
1055 1843 1256 1915 ἀρετῆς
1301 1843 1480 1906 πόνοις
1531 1843 1968 1916 χρησιμώτατον.

313 1933 479 1989 Ἐπεὶ,
514 1932 660 1986 καὶὸ
687 1931 957 2002 μακάριος
992 1929 1244 2000 Ἀϐραάμ
1271 1929 1332 1982 τὸ
1369 1930 1620 2001 μέγιστον
1651 1927 1811 1985 ἆθλον
1849 1931 1970 1986 τότε

301 2017 492 2092 ήρατο.
529 2019 616 2072 ὅτε
645 2017 848 2087 ταύτην
868 2011 970 2088 ἦγε
998 2015 1093 2088 τὴν
1119 2017 1334 2087 ἡλικίαν
1357 2033 1373 2048 ·
1406 2017 1528 2070 τότε
1557 2015 1686 2089 γὰρ,
1715 2017 1836 2071 τότε
1873 2021 1974 2090 τῆς

303 2105 516 2174 φύσεως
539 2105 638 2175 τὴν
663 2103 948 2176 τυραννίδα
973 2103 1258 2167 κατέλυσε,
1285 2103 1378 2156 καὶ
1401 2103 1490 2156 τὸν
1515 2104 1680 2158 παῖδα
1707 2105 1974 2174 κατέσφα-

301 2194 390 2258 ξεν
418 2210 430 2224 ·
472 2193 670 2261 ἔσφαξε
708 2191 838 2260 γὰρ,
873 2191 922 2243 εί
948 2191 1042 2243 καὶ
1068 2190 1142 2260 μὴ
1167 2191 1233 2260 τῇ
1268 2189 1454 2262 πείρᾳ,
1487 2189 1619 2243 ἀλλὰ
1645 2193 1710 2262 τῇ
1742 2189 1968 2264 γνώμῃ*

303 2283 351 2334 εί
400 2281 492 2333 καὶ
545 2283 620 2350 μὴ
665 2279 741 2348 τῷ
769 2277 933 2338 τέλει,
969 2276 1102 2331 ἀλλά
1143 2280 1209 2350 τῇ
1245 2277 1536 2347 προθέσει·
1589 2279 1638 2331 εί
1667 2279 1758 2334 καὶ
1789 2279 1864 2352 μή
1896 2277 1974 2350 τῷ

303 2369 472 2439 ἔργῳ,
507 2365 641 2420 ἀλλά
669 2368 738 2436 τῇ
765 2365 997 2436 διανοίᾳ·
1033 2365 1151 2418 τότε
1197 2363 1305 2417 τῶν
1359 2364 1502 2418 ίδίων
1533 2365 1854 2436 σπλάγχνων
1881 2367 1974 2435 γέ-

304 2473 459 2526 γονεν
493 2456 690 2526 ἱερεὺς,
723 2455 814 2506 καὶ
860 2451 920 2517 ἐξ
965 2453 1134 2524 αὐτῆς
1176 2452 1358 2523 σχεδὸν
1399 2454 1497 2524 τῆς
1547 2453 1761 2524 φύσεως
1785 2454 1975 2511 ἑαυτὸν

309 2542 648 2614 μετοικίσας,
680 2541 775 2593 καὶ
810 2539 946 2610 πρὸς
991 2539 1082 2592 τόν
1129 2539 1358 2611 οὐρανὸν
1389 2541 1880 2612 μεθορμισάμενος,
1914 2542 1975 2597 τὸ

306 2627 617 2700 θαυμαστὸν
650 2628 827 2680 ἐκεῖνο
848 2627 941 2679 καὶ
962 2625 1263 2698 παράδοξον
1296 2626 1455 2696 ἔργον
1484 2628 1668 2698 ήνυσε.
1701 2629 1809 2682 Καὶ
1831 2629 1976 2682 Παῦ·

305 2716 418 2782 λος,
465 2718 494 2768 ό
536 2715 633 2786 τῆς
681 2713 1006 2785 οἰκουμένης
1055 2713 1390 2778 διδάσκαλος,
1421 2717 1478 2768 ἐν
1510 2715 1782 2789 βαθυτάτῃ
1817 2717 1976 2790 πολιᾷ

307 2805 446 2874 πρὸς
472 2803 596 2866 τοὺς
625 2803 972 2872 θαυμαστοὺς
1021 2801 1263 2864 ἐκείνους
1311 2802 1525 2870 ἀγῶνας
1570 2803 1853 2870 ἀπεδύετο,
1883 2806 1976 2859 καὶ

305 2891 480 2962 δεσμά
525 2891 620 2945 καὶ
665 2889 883 2954 ἁλύσεις
929 2889 1025 2943 καὶ
1073 2889 1420 2960 δεσμωτήρια
1449 2891 1508 2944 ἐν
1535 2893 1868 2964 γεγηρακότι
1899 2892 1976 2966 τῷ

309 2979 522 3051 σώματι
549 2979 686 3049 μετά
719 2977 918 3048 πολλῆς
951 2976 1111 3048 ἔφερε
1139 2976 1238 3044 τῆς
1266 2977 1506 3041 εὐτονίας
1525 2995 1539 3008 ·
1575 2978 1850 3034 καὶτοῦτο
1885 2980 1978 3052 δη-

306 3061 416 3118 λῶν
452 3066 612 3130 αύτὸς
661 3064 877 3133 ἔλεγεν·
923 3065 1016 3130 Ὠς
1062 3063 1301 3130 Παῦλος
1340 3065 1702 3136 πρεσϐύτης,
1734 3067 1872 3122 νυνι
1909 3067 1978 3121 δὲ

309 3153 409 3206 καὶ
444 3151 690 3222 δέσμιος
725 3152 796 3204 ἐν
820 3149 1050 3220 Χριστῷ
1075 3149 1292 3218 Ἰησοῦ.
1320 3153 1430 3206 Καὶ
1457 3153 1632 3208 ταῦτα
1667 3153 1832 3223 λέγω,
1858 3155 1979 3226 οὐχὶ

307 3240 408 3311 τὴν
452 3239 676 3310 νεότητα
716 3239 1028 3310 ἀτιμάζων·
1063 3237 1186 3292 ἐπεὶ
1217 3239 1312 3293 καὶ
1337 3239 1388 3291 οί
1423 3238 1520 3312 τήν
1554 3241 1782 3312 κάμινον
1807 3259 1978 3296 κατα-

273 3326 284 3337 “
311 3328 654 3398 πατήσαντες
681 3325 886 3390 παῖδες,
915 3325 1023 3378 νέοι
1059 3324 1262 3396 σφόδρα
1292 3326 1386 3378 καὶ
1417 3327 1676 3398 μειράκια
1713 3323 1853 3399 ἦσαν
1883 3347 1976 3382 κο-

305 3413 461 3485 μιδῇ,
504 3414 598 3468 καὶ
633 3415 661 3466 ό
687 3413 786 3484 τὴν
831 3413 1162 3484 προφητείαν
1213 3409 1504 3483 δεξάμενος
1545 3413 1811 3486 Ἱερεμίας
1835 3431 1850 3446 ·
1885 3417 1980 3470 καὶ

309 3501 506 3572 Δανιὴλ
553 3501 630 3568 δέ,
659 3503 748 3554 ὅτε
785 3503 911 3564 τοὺς
936 3500 1156 3562 λέοντας
1185 3500 1453 3570 ἐχαλίνου,
1483 3502 1577 3555 καὶ
1604 3503 1692 3558 διά
1719 3504 1817 3576 τὴν
1847 3505 1984 3575 ἀφα-

308 3604 401 3640 τον
446 3588 610 3642 αὑτοῦ
656 3587 966 3660 παρρησίαν
994 3586 1062 3640 τὰ
1090 3587 1376 3659 ἀπόρρητα
1413 3588 1596 3644 ἐκεῖνα
1621 3589 1728 3643 τῶν
1758 3591 1851 3644 τοῦ
1885 3592 1982 3663 βα-

311 3674 502 3740 σιλέως
533 3675 826 3746 ὀνειράτων
877 3676 956 3738 είς
990 3673 1157 3745 μέσον
1189 3673 1350 3744 ἐξῆγε
1391 3675 1487 3730 καὶ
1531 3676 1666 3748 δῆλα
1693 3677 1866 3732 ἐποίει
1903 3679 1980 3752 τῷ

283 3749 645 3832 Ὃεασαμένῳ,
673 3761 878 3832 σφόδρα
901 3761 1018 3826 νέος
1041 3757 1156 3833 ἦγ’
1173 3761 1266 3814 καὶ
1289 3761 1438 3816 οὐδὲν
1465 3763 1497 3834 ἡ
1517 3764 1702 3832 νεότης
1727 3749 1981 3837 ἐμπόδιον

309 3853 498 3922 γέγονε
533 3853 667 3924 πρὸς
711 3852 810 3924 τὴν
859 3852 1059 3925 ἀρετὴν
1096 3853 1190 3906 τοῦ
1222 3852 1432 3926 ἀνδρός.
1451 3854 1574 3909 Ἐπὶ
1605 3855 1702 3925 μὲν
1729 3856 1838 3928 γὰρ
1873 3856 1981 3913 τῶν

309 3939 530 4005 ἔξωθεν,
561 3941 696 4012 ὅπερ
741 3939 911 4011 ἔφθην
957 3939 1148 4005 εἰπὼν,
1183 3941 1276 3996 καὶ
1305 3942 1484 4012 γῆρας
1510 3939 1711 4016 ἔξωρον
1739 3946 1832 3998 καὶ
1863 3945 1983 4000 νεό-

308 4044 410 4097 της
451 4028 626 4098 ἄωρος
677 4028 906 4098 μέγιστα
953 4026 1251 4098 κωλύματα
1297 4029 1490 4097 γένοιτ’
1521 4029 1617 4082 ἀν’
1665 4032 1756 4084 ἐπὶ
1793 4031 1850 4086 δὲ
1873 4033 1982 4088 τῶν

311 4115 702 4184 παλαισμάτων
725 4117 822 4184 τῆς
848 4115 1045 4186 ἀρετῆς
1081 4115 1180 4169 οὐκ
1211 4115 1312 4179 ἔτι,
1341 4115 1454 4172 ἀλλ’
1483 4116 1600 4180 ἐνδς
1633 4117 1809 4188 χρεία,
1839 4119 1981 4188 γνώ-

315 4216 424 4270 μης
455 4201 612 4270 μόνον
643 4201 736 4252 καὶ
757 4199 932 4272 ψυχῆς
955 4203 1499 4274 παρεσκευασμένης,
1529 4205 1622 4258 καὶ
1649 4203 1770 4260 οὔτε
1793 4207 1981 4280 νεότης

312 4287 601 4356 ἄχρηστος,
633 4285 754 4340 οὔτε
788 4289 962 4360 γῆρας
995 4290 1382 4361 ἀνεπιτήδειον,
1419 4291 1532 4344 ἀλλ’
1561 4293 1618 4344 ἐν
1646 4294 1882 4366 ἑκατέρᾳ
1912 4299 1978 4368 τῇ

314 4371 500 4442 ἡλικίᾳ
541 4370 748 4443 ὦριμον
787 4374 882 4427 ῖδοι
921 4391 1006 4436 τις
1038 4375 1104 4430 ἂν
1134 4375 1364 4448 βρύοντα
1394 4378 1486 4432 τὸν
1514 4379 1746 4451 καρπὸν,
1799 4383 1978 4453 μόνον,

313 4459 450 4530 ὅπερ
469 4458 638 4529 ἔφθην
667 4459 856 4526 εἰπὼν,
885 4463 934 4514 εί
955 4461 1134 4533 ψυχήν
1171 4480 1256 4526 τις
1297 4463 1409 4518 ἃνι
1452 4465 1564 4540 ἔχοι
1595 4469 1868 4540 νήφουσαν
1889 4469 1982 4522 καὶ

313 4543 624 4614 φιλοσοφεῖν
653 4546 1038 4618 ἐπισταμένην,
1070 4551 1163 4602 καὶ
1184 4549 1274 4603 διὰ
1297 4551 1399 4620 τῆς
1427 4551 1622 4623 πολλῆς
1660 4555 1860 4625 ἀρετῆς
1884 4553 1978 4606 τοῦ

313 4631 449 4685 Θεοῦ
494 4633 590 4704 τὴν
619 4631 832 4686 εὔνοιαν
863 4637 1273 4709 ἐπισπωμένην.
1306 4637 1394 4710 Μὴ
1421 4639 1598 4692 τοίνυν
1633 4641 1819 4710 μηδεὶς
1847 4657 1980 4712 προ·

313 4719 560 4774 ϐαλέσθω
594 4721 732 4791 μήτε
759 4721 984 4791 νεότητα
1011 4723 1149 4796 μήτε
1173 4725 1348 4795 γῆρας
1375 4727 1455 4789 είς
1487 4727 1780 4797 ἀπολογίαν
1814 4728 1978 4799 ρᾳθυ-

315 4807 638 4877 μίαςοιέπεὶ
669 4808 762 4862 καὶ
797 4807 894 4862 νῦν
924 4809 1108 4863 πολλοὶ
1133 4811 1260 4881 παρ’
1291 4813 1421 4884 ἡμῖν
1457 4813 1569 4866 νέοι
1597 4813 1659 4866 τὸ
1685 4831 1979 4886 πνευματι-

313 4895 409 4948 κὸν
437 4893 592 4948 τοῦτο
622 4895 886 4968 πληροῦσι
919 4896 1165 4968 θέατρον,
1189 4899 1240 4952 οἱ
1269 4898 1326 4952 δὲ
1345 4900 1711 4971 γεγηρακότες
1735 4903 1792 4954 ἐν
1815 4903 1977 4956 ἱππο-

309 4980 560 5052 δρομίαις
587 4983 953 5054 ἀσχημονοῦσι
973 4999 985 5014 ·
1010 4985 1186 5056 ἕτεροι
1205 4985 1251 5038 δ’
1273 4981 1340 5039 αὖ
1371 4985 1531 5040 πάλιν
1560 4987 1811 5058 γέροντες
1841 4989 1978 5060 μετά

309 5071 412 5141 τῆς
449 5069 638 5134 πολιάς
672 5071 812 5146 [καὶ]
843 5075 910 5144 τῇ
940 5073 1199 5146 ἀκροάσει
1231 5074 1578 5146 κοσμοῦνται,
1621 5076 1730 5130 νέοι
1774 5075 1830 5130 δὲ
1878 5077 1976 5150 τὴν

313 5158 535 5229 νεότητα
574 5158 662 5211 διά
691 5159 790 5229 τῆς
819 5159 1052 5232 θεωρίας
1089 5161 1186 5230 τῆς
1231 5163 1408 5214 ἐκεῖσε
1436 5161 1778 5234 ἀλογωτέραν
1809 5181 1978 5218 κατα-

313 5244 684 5310 σκευάζουσιν.
719 5246 781 5297 El
807 5246 918 5317 γάρ
950 5248 1044 5300 καὶ
1077 5247 1260 5302 πολλοὶ
1291 5249 1339 5302 οἱ
1369 5249 1631 5320 παρόντες
1675 5251 1830 5320 ἡμῖν,
1860 5251 1975 5305 ἀλλ’

309 5335 410 5388 ούκ
437 5335 544 5404 ἔχω
578 5335 770 5406 κόρονο
799 5337 862 5390 ού
885 5336 994 5408 γὰρ
1027 5337 1252 5402 πολλοὺς
1282 5339 1582 5410 ἐϐουλόμην
1612 5345 1865 5411 παρεῖναι
1889 5343 1978 5413 μό-

309 5429 420 5484 νον,
443 5421 586 5473 ’ἀλλά
601 5421 830 5486 πάντας,
861 5423 956 5476 καὶ
983 5424 1184 5494 μηδένα
1206 5423 1308 5495 τῆς
1337 5425 1630 5497 ἐκκλησίας
1663 5427 1978 5497 ἀπολιμπά-

308 5507 494 5562 νεσθαι
522 5524 536 5538 ⁸
572 5507 732 5572 ὥστε,
765 5508 870 5572 ἐως
897 5509 962 5564 ἀν
995 5511 1226 5582 φάνηται
1257 5512 1360 5566 κάν
1397 5507 1479 5576 εἷς
1511 5512 1976 5585 ἀποϐουκολούμε-

313 5609 419 5657 νος,
453 5594 856 5666 διαρῤήγνυμαι
890 5599 984 5652 καὶ
1019 5600 1380 5672 διακόπτομαι
1412 5601 1532 5664 ταῖς
1573 5599 1802 5666 ὀδύναις.
1823 5603 1976 5656 Ἐπεὶ

321 5747 334 5754 ’
375 5761 402 5788 ³
425 5759 566 5807 Tulle
597 5760 674 5806 ἄν.

1142 327 1202 388 S.
1237 327 1525 385 JOANNIS
1559 326 2042 387 CIIRYSOSTOMI
2080 328 2400 386 ARCIIIEP.
2440 327 3006 421 (ΣΟΝΞΤΑΝἸΊΝΟΡ.ἶ
3631 328 3719 386 5'8

2075 448 2170 500 καὶ
2193 448 2223 501 ό
2252 448 2454 519 ποιμήν
2479 449 2682 512 ἐκεῖνος
2705 448 2774 502 τά
2802 447 3278 518 ἐνενηκονταεννέα
3309 448 3551 520 πρόϐατα
3579 469 3725 507 κατα-

2075 533 2266 599 λιπιῖιν,
2299 536 2390 588 ἐπὶ
2417 535 2476 588 τὸ
2510 535 2568 588 ἓν
2607 535 2669 588 τὸ
2702 535 3113 606 πεπλανημένον
3149 534 3533 610 κατηπείγετο,
3559 541 3642 594 καὶ
3667 542 3722 596 οὐ

2077 621 2343 694 πρότερον
2365 622 2598 693 ἀπέστη,
2627 622 2734 687 ἓως
2765 622 2830 676 ἀν
2849 623 2876 663 ιι
2909 623 3042 676 αὐτὸ
3074 623 3211 692 πρὸς
3249 624 3349 696 τὴν
3394 625 3590 698 ἀγέλην
3635 627 3723 679 ἐπ-

2073 710 2338 780 ανήγαγε,
2370 710 2463 763 καὶ
2491 703 2690 780 πολλήν
2719 709 2859 780 ὑπὲρ
2888 709 3052 764 αὑτοῦ
3091 711 3326 783 σπουδήν
3355 713 3583 768 ἐποιεῖτο
3603 732 3616 744 ·
3641 716 3727 770 καὶ

2075 795 2184 866 γάρ
2211 795 2472 867 ἐχώλευεν
2505 798 2534 850 ό
2557 795 2664 850 τῶν
2693 797 2888 850 ἑκατὸν
2911 797 3164 869 ἀριθμὸς,
3184 798 3288 863 ἓως
3311 799 3549 854 ἀπέλαϐε
3573 801 3628 855 τὺ
3651 801 3722 868 ἒν,

2075 882 2170 937 καὶ
2201 883 2269 936 τά
2297 883 2489 937 ἑκατὸν
2519 883 2638 937 τότε
2664 883 2856 938 ἑκατὸν
2885 884 3120 952 ἐγένετο,
3142 885 3230 938 ὅτε
3261 885 3536 940 καὶτοῦτο
3555 887 3727 942 διεσὼ-

2077 967 2167 1035 θη.
2200 969 2294 1041 Μὴ
2321 969 2386 1040 δή
2424 987 2514 1038 μοι
2538 969 2662 1039 λέγε
2694 970 2776 1023 δτι
2805 965 2884 1034 εἷς
2913 969 3064 1042 [589]
3093 971 3240 1025 ἐστιν
3268 971 3298 1024 ὁ
3323 973 3548 1042 ἀδελφὸς
3570 975 3596 1026 ό
3615 976 3730 1030 ἀπο·

2075 1055 2259 1120 λωλώς
2281 1073 2296 1087 ⁸
2346 1057 2463 1110 ἀλλ’
2489 1057 2738 1128 ἐννόησον
2769 1056 2852 1112 ὅτι
2897 1057 3144 1128 ἀδελφὸς,
3185 1059 3247 1113 τὺ
3290 1063 3728 1131 περισπούδαστον

2075 1141 2154 1214 τῷ
2184 1142 2302 1213 Θεῷ
2330 1143 2488 1207 ζῶον,
2523 1143 2664 1216 ὑπὲρ
2697 1137 2758 1198 οὗ
2794 1142 3036 1199 τοσαῦτα
3062 1145 3296 1214 ἐγένετο,
3327 1149 3469 1220 ὑπὲρ
3505 1142 3564 1203 οὗ
3587 1149 3642 1203 τδ
3662 1151 3729 1204 τίς

2081 1247 2201 1301 μιον
2230 1227 2370 1301 αἷμα
2396 1231 2564 1301 ἐχύθη
2594 1232 2688 1284 καὶ
2710 1232 2842 1304 τιμή
2871 1233 3181 1304 κατεϐλήθη
3213 1236 3469 1306 τοσαύτη,
3495 1236 3561 1290 δι’
3581 1237 3634 1290 ὃν
3653 1239 3730 1291 ού-

2080 1319 2239 1390 ρανὸς
2285 1317 2472 1390 ἐτάθη,
2503 1319 2597 1372 καὶ
2629 1317 2776 1389 ἥλιος
2806 1319 3044 1392 ἀνήφθη,
3072 1321 3166 1374 καὶ
3199 1321 3396 1394 σελήνη
3423 1322 3620 1394 τρέχει,
3645 1325 3729 1380 καὶ

2079 1407 2319 1472 ποικίλος
2364 1409 2608 1480 ἀστέρων
2653 1409 3000 1479 καταλάμπει
3033 1412 3210 1483 χορὸς,
3244 1413 3339 1467 καὶ
3367 1414 3476 1487 ἀὴρ
3499 1415 3726 1486 ήπλώθη,

2077 1495 2170 1549 καὶ
2203 1495 2446 1549 θάλασσα
2488 1488 2740 1566 ἐξεχύθη,
2773 1497 2868 1551 καὶ
2909 1497 2982 1568 γῆ
3038 1498 3394 1572 ἐθεμελιώθη,
3441 1503 3540 1556 καὶ
3575 1505 3730 1574 πηγαὶ

2079 1580 2324 1652 βρύουσι,
2372 1582 2468 1636 καὶ
2503 1585 2738 1653 ποταμοὶ
2771 1582 2978 1655 ῥέουσι,
3002 1585 3097 1638 καὶ
3145 1585 3246 1658 δρη
3297 1587 3511 1660 πέπηγε
3535 1606 3548 1620 ·
3595 1590 3654 1643 δι’
3675 1591 3730 1643 ὃν

2078 1667 2342 1737 λειμῶνες
2369 1671 2464 1722 καὶ
2497 1669 2834 1742 παράδεισοι,
2857 1669 2926 1724 δι’
2954 1671 3013 1726 ὃν
3041 1673 3330 1744 σπέρματα
3361 1676 3459 1729 καὶ
3496 1678 3646 1746 φυτά,
3667 1677 3731 1732 δι’

2077 1753 2134 1808 ὃν
2163 1754 2230 1809 τὰ
2260 1755 2478 1811 ποικίλα
2505 1756 2614 1834 τῷν
2646 1758 2828 1826 φυτῶν
2854 1758 3008 1830 γένη,
3039 1759 3105 1813 δι’
3131 1759 3189 1814 ὃν
3218 1761 3286 1814 τά
3307 1763 3365 1816 ἐν
3393 1763 3564 1835 ὄρεσι,
3587 1765 3648 1818 τά
3677 1765 3733 1819 ἐν

2077 1843 2354 1914 ἐρημίαις,
2388 1844 2456 1898 τά
2487 1845 2544 1896 ἐν
2577 1843 2784 1908 πόλεσι,
2824 1844 2894 1898 τὰ
2916 1845 2974 1898 ἐν
2999 1846 3225 1910 πεδίοις.
3253 1849 3322 1903 τά
3351 1849 3409 1903 ἐν
3441 1851 3649 1916 νάπαις.
3668 1852 3734 1907 τά

2087 1930 2146 1982 ἐν
2177 1928 2420 1998 βουνοῖς·
2449 1929 2516 1982 δι’
2545 1929 2604 1983 ὃν
2628 1931 2678 1982 οἱ
2708 1929 2889 2002 μυρίοι
2911 1930 3020 1985 τῶν
3059 1932 3254 2002 ἰχθύων
3292 1935 3473 2006 δῆμοι,
3502 1937 3636 1991 δι’όν
3670 1937 3733 1992 τά

2079 2015 2298 2070 ποικίλα
2330 2013 2440 2068 τῶν
2465 2017 2806 2086 τετραπόδων
2837 2017 2989 2089 γένη,
3019 2018 3086 2073 δι’
3114 2020 3174 2074 ὃν
3204 2021 3270 2074 τά
3299 2023 3609 2078 παντοδαπά
3633 2025 3736 2080 τῶν

2077 2101 2305 2173 ὀρνίθων
2351 2101 2514 2172 φῦλα,
2542 2102 2610 2156 δι’
2635 2102 2695 2156 δν
2726 2103 2908 2174 νόμος,
2935 2104 3000 2159 δι’
3031 2104 3091 2160 ὃν
3126 2108 3421 2180 προφῆται,
3447 2109 3516 2164 δι’
3537 2111 3593 2164 ὃν
3614 2113 3739 2166 ἀπό-

2081 2188 2278 2252 στολοι,
2307 2189 2374 2242 δι’
2403 2189 2462 2242 ὃν
2493 2189 2562 2244 τά
2587 2190 2756 2262 μυρία
2781 2189 3034 2262 θαύματα
3061 2193 3251 2262 γέγονε
3270 2211 3285 2226 ο
3311 2195 3364 2249 τί
3385 2197 3556 2252 δεῖτά
3579 2200 3739 2255 πολλά

2078 2275 2288 2346 λέγειν;
2316 2276 2385 2331 δι’
2417 2275 2476 2330 ὃν
2509 2278 2536 2330 ό
2571 2278 2864 2350 μονογενὴς
2890 2278 3018 2346 Υἱὸς
3051 2281 3146 2334 τοῦ
3182 2281 3318 2337 Θεοῦ
3355 2284 3632 2357 ἄνθρωπος
3655 2289 3737 2358 γέ-

2081 2379 2224 2433 γονε,
2255 2362 2352 2417 καὶ⁵
2375 2364 2665 2434 γενόμενος
2692 2363 2926 2437 ἐσφάγη.

2153 2449 2218 2520 β’,
2264 2449 2544 2522 Ἐννόησον
2576 2451 2674 2522 ὅση
2702 2450 2780 2523 τῷ
2824 2452 2942 2524 Θεῷ
2969 2456 3322 2527 πραγματεία
3349 2458 3489 2531 ὑπὲρ
3519 2460 3618 2531 τῆς
3635 2461 3743 2518 τῶν

2081 2537 2382 2610 ἀνθρώπων
2413 2539 2701 2610 σωτηρίας,
2732 2540 2826 2593 καὶ
2854 2540 2929 2612 μὴ
2951 2544 3368 2616 καταφρονήσῃς
3399 2547 3622 2618 μηδενὸς
3645 2549 3740 2603 ἀνο

2082 2623 2325 2696 θρώπου,
2359 2623 2494 2678 ἀλλά
2517 2624 2852 2690 διαλυθέντος
2876 2626 2967 2680 τοῦ
3001 2626 3228 2700 θεάτρου
3253 2631 3442 2684 τούτου
3470 2633 3564 2686 τοῦ
3582 2651 3745 2688 πνευο

2089 2710 2342 2784 ματικοῦ,
2373 2711 2712 2782 ἀναζήτησον
2739 2712 2828 2766 τὸν
2850 2713 3244 2784 ἀπολειφθέντα
3264 2757 3280 2780 ,
3322 2721 3416 2773 καὶ
3444 2719 3521 2790 μὴ
3553 2721 3746 2793 πρότε-

2082 2814 2178 2870 ρον
2227 2799 2470 2870 ἀποστῇς
2503 2797 2605 2862 ἕως
2651 2798 2718 2852 ἀν
2769 2799 2932 2854 αὐτὸν
2978 2801 3288 2877 ἐπαγάγῃς,
3338 2806 3434 2859 καὶ
3489 2810 3557 2878 τῇ
3587 2810 3748 2881 μητρὶ

2085 2884 2356 2960 συνάψῃς,
2419 2885 2514 2940 καὶ
2578 2885 2680 2956 τῆς
2754 2889 2996 2959 πονηρᾶς
3068 2889 3365 2964 ἀπαγάγῃς
3434 2894 3745 2965 συνηθείας,

2083 2973 2180 3026 καὶ
2253 2971 2346 3025 τὸν
2427 2971 2768 3044 αἰχμάλωτον
2833 2973 3103 3049 διασώσῃς
3153 2978 3251 3032 καὶ
3301 2977 3398 3032 τὸν
3435 2997 3752 3040 καταποντι-

2086 3057 2282 3112 σθέντα
2327 3058 2568 3133 ἀνιμήσῃ
2591 3099 2606 3124 ,
2664 3060 2759 3114 καὶ
2811 3060 2902 3116 τὸν
2958 3061 3293 3135 θηριάλωτον
3345 3065 3456 3120 τῶν
3505 3069 3752 3140 χαλεπῶν

2083 3145 2394 3220 ἀπαλλάξῃς
2433 3146 2655 3218 θηρίων.
2695 3147 2828 3202 Τίνα
2887 3149 2995 3223 γὰρ
3048 3151 3114 3206 ἂν
3163 3153 3350 3226 σχοίης
3406 3156 3748 3229 συγγνώμην,

2083 3232 2204 3285 τίνα
2273 3233 2594 3302 ἀπολογίαν;
2649 3235 2744 3299 Εἰς
2821 3237 3133 3292 ἀποστόλων
3190 3244 3597 3316 παραγινύμιθα
3644 3245 3751 3318 θή-

2085 3335 2236 3403 καςοῌ
2263 3319 2476 3389 ὁρῶμεν
2518 3319 2700 3374 αὐτῶν
2754 3321 2823 3376 τὰ
2857 3323 3146 3396 τραύματα
3198 3328 3298 3382 καὶ
3339 3329 3410 3384 τά
3458 3331 3752 3403 στίγματα,

2083 3405 2146 3480 τὸ
2173 3400 2311 3476 αἷμα
2354 3407 2414 3459 τὺ
2460 3407 2582 3478 ῥέον
2611 3407 2672 3461 τὸ
2710 3411 2934 3480 χρυσίου
2980 3411 3343 3487 τιμιώτερον,
3371 3415 3470 3480 τὰς
3498 3400 3754 3486 ἁλύσεις,

2085 3494 2179 3556 τὰς
2215 3495 2481 3566 μάστιγας
2504 3535 2519 3557 ,
2562 3497 2688 3559 τοὺς
2729 3496 2994 3565 θανάτους
3027 3503 3153 3566 τοὺς
3199 3503 3594 3576 καθημερινοὺς
3614 3548 3632 3572 ,
3661 3507 3757 3573 οὓς

2085 3579 2228 3650 ὑπὲρ
2251 3577 2352 3650 τῆς
2385 3579 2710 3650 Ἑκκλησίας
2742 3582 2941 3639 έπαθον
2965 3601 2979 3615 ·
3002 3586 3095 3641 τὸν
3122 3588 3334 3643 Παύλου
3353 3587 3601 3663 μαθητὴν
3619 3595 3759 3664 μετὰ

2085 3665 2299 3720 Παύλου
2319 3667 2592 3738 πανταχοῦ
2625 3671 3033 3742 περιτρέχοντα,
3069 3675 3164 3728 καὶ
3187 3676 3264 3748 τῷ
3283 3676 3588 3750 διδασκάλῳ
3613 3696 3758 3752 παρ-

2089 3753 2368 3824 ισούμενον
2387 3795 2402 3818 ,
2451 3755 2542 3808 καὶ
2578 3755 2670 3810 τὶν
2720 3757 2918 3829 μόσχον
2956 3759 3032 3832 τῷ
3065 3762 3248 3836 ταύρῳ
3281 3765 3759 3839 συμϐεϐλημένον

2085 3840 2176 3920 τὸν
2197 3841 2290 3894 τοῦ
2317 3841 2533 3914 πρώτου
2573 3841 2680 3896 τῶν
2713 3845 3024 3901 ἀποστόλων
3049 3849 3275 3920 ἀδελφὸν
3293 3891 3310 3916 ,
3349 3851 3442 3906 τὸν
3482 3853 3638 3908 ἀλιέα
3665 3855 3763 3909 τὸν

2089 3917 2329 3998 σαγήνην
2359 3927 2692 3999 ἀπλώσαντα
2727 3931 2820 3984 καὶ
2847 3931 3165 4004 ἀνθρώπους
3190 3917 3318 3990 ἀντὶ
3354 3939 3552 4009 ἰχθύων
3582 3940 3764 3994 ἀλιεύο

2088 4030 2276 4078 σαντα,
2307 4014 2398 4069 τὸν
2411 4011 2504 4066 τοῦ
2537 4015 2862 4087 Εὑαγγελίου
2895 4022 3140 4092 κήρυκα·
3165 4025 3260 4078 καὶ
3287 4025 3541 4098 καθάπερ
3571 4029 3631 4081 ἐν
3650 4029 3766 4081 λειι

2091 4101 2228 4174 μῶνι
2283 4106 2396 4168 τοῖς
2441 4105 2642 4160 τούτων
2694 4107 3050 4180 ἐντρυφῶμεν
3099 4112 3543 4186 κατορθώμασιν.
3601 4117 3666 4170 Οἱ
3704 4117 3766 4170 δὲ

2087 4190 2315 4259 ἀφέντες
2331 4195 2365 4263 ή
2372 4193 2498 4264 μᾶς,
2518 4192 2698 4248 ίππων
2715 4193 2920 4265 ἀλόγων
2941 4197 3205 4270 κάθηνται
3221 4203 3531 4274 γιγνόμενοι
3545 4202 3766 4268 θεαταὶ,

2086 4276 2376 4350 λοιδορίαις
2418 4279 2510 4333 καὶ
2541 4279 2761 4354 ὕϐρεσιν
2797 4283 3054 4354 ἀλλήλους
3093 4286 3415 4354 πλύνοντες,
3459 4289 3636 4361 θυμὸν
3669 4291 3769 4346 καὶ

2094 4366 2276 4436 μάχην
2305 4367 2404 4420 οὐκ
2432 4365 2659 4438 ἔχουσαν
2681 4369 2950 4441 πρόφασιν
2979 4371 3328 4440 ἀνάπτοντες,
3349 4375 3641 4448 χαίροντες
3667 4395 3769 4448 χα-

2088 4453 2184 4522 ράν
2203 4452 2378 4524 λύπης
2397 4452 2749 4527 ἀθλιωτέραν,
2766 4457 2802 4537 ύ
2812 4458 2914 4528 πέρ
2939 4457 3168 4530 ἡνιόχων
3187 4461 3485 4528 νικώντων,
3508 4463 3660 4537 ύπέρ
3684 4465 3772 4517 ἰπ-

2085 4555 2202 4591 πων
2245 4539 2628 4612 διακλωμένων
2657 4559 2670 4574 °
2715 4536 2776 4597 οὗ
2816 4545 2869 4598 τί
2922 4545 3115 4614 γένοιτ’
3160 4547 3227 4604 ἃν
3273 4549 3618 4626 ἀλογώτερον
3629 4536 3651 4618 νς
3698 4551 3768 4605 Τί

2083 4627 2192 4710 γὰρ
2216 4629 2442 4696 χαίρεις,
2465 4629 2587 4682 εἰπέ
2623 4647 2740 4700 μοις
2771 4631 2824 4684 τί
2855 4631 2913 4684 δὲ
2943 4637 3167 4706 σκιρτᾷς
3192 4638 3286 4690 καὶ
3307 4639 3485 4710 πηδᾷς
3509 4642 3608 4694 καὶ
3637 4657 3772 4708 σαι·-

2082 4709 2206 4780 δρὸς
2223 4714 2568 4779 καταϐαίνεις
2596 4716 2836 4782 ἐκεῖθεν;
2864 4719 2936 4772 Σὺ
2958 4719 3014 4774 δέ
3037 4720 3181 4786 τίνος
3225 4723 3412 4778 ἕνεκεν
3427 4709 3630 4794 ἀλγεῖς
3670 4727 3773 4780 καὶ

2083 4798 2396 4872 ἐγκαλύπτῃ
2419 4803 2514 4854 καὶ⁵
2535 4803 2684 4856 κάτω
2710 4803 2937 4870 κύπτεις
2966 4809 3060 4862 καὶ
3083 4809 3180 4880 τὴν
3207 4811 3404 4866 σαυτοῦ
3431 4813 3616 4885 ψυχὴν
3646 4813 3772 4866 ὀδυ-

2082 4887 2200 4971 νᾷς,
2222 4887 2304 4940 ὅτι
2333 4889 2362 4940 ὁ
2397 4888 2544 4941 δεῖνα
2571 4890 2861 4962 ἐκράτησε,
2885 4894 2979 4946 καὶ
3007 4895 3281 4967 ἐκρατήθη
3302 4898 3548 4971 θάτερος;
3577 4899 3676 4952 καὶ
3704 4897 3764 4951 τί

2083 4970 2256 5057 ταῦτα
2295 4973 2430 5044 πρὸς
2456 4975 2550 5036 σέ;
2591 4979 2743 5030 ποῖον
2775 4978 2808 5048 ή
2841 4978 2984 5050 λύπη
3027 4981 3202 5052 αῦτη,
3249 4984 3284 5054 ἢ
3315 4986 3349 5056 ή
3401 4970 3551 5057 ήδονή
3606 4983 3770 5056 αῦτη

2082 5055 2238 5126 λόγον
2268 5058 2334 5112 ἂν
2365 5059 2514 5130 ἔχοις
2547 5063 2693 5126 τίνος
2737 5063 2796 5116 δὲ
2825 5065 2923 5118 ούκ
2954 5066 3020 5119 ἂν
3051 5068 3134 5138 εἴη
3184 5055 3459 5136 κολάσεως
3487 5055 3778 5144 ἑκάτερος

2081 5146 2234 5216 ὑμῶν
2259 5147 2426 5212 ἄξιος,
2451 5152 2550 5220 τῆς
2581 5151 2679 5221 μὲν
2707 5153 2899 5206 ἐαυτοῦ
2917 5153 3094 5226 ψυχῆς
3127 5157 3246 5211 καθ’
3271 5159 3510 5231 ἑκάστην
3535 5159 3778 5233 ἡμέραν

2083 5233 2189 5288 ὑπὸ
2218 5233 2326 5288 τῶν
2353 5235 2542 5289 παθῶν
2581 5241 3040 5312 παρασυρομένης
3067 5244 3255 5298 οὐδένα
3301 5247 3638 5320 ποιούμενος
3681 5247 3781 5300 16-

2081 5337 2196 5390 γον,
2227 5321 2361 5393 ὑπὲρ
2388 5322 2444 5376 δέ
2473 5323 2683 5392 ἀλόγων
2701 5324 2853 5388 ζώων
2882 5330 2974 5382 καὶ
2995 5330 3092 5383 ἀνθ
3101 5330 3297 5402 ρώπων
3316 5334 3523 5406 ἐτέρων
3540 5335 3784 5403 ἀλόγων

2080 5407 2306 5480 χαίρων,
2331 5409 2768 5482 ἠ’όδυνὼμενος;
2818 5415 2964 5468 Ἀλλ’
2996 5418 3081 5471 ἵνα
3111 5421 3186 5490 μὴ
3225 5421 3386 5476 πάλιν
3410 5423 3512 5495 τὴν
3538 5423 3790 5478 ἃπασαν

2080 5495 2310 5561 διάλεξιν
2353 5498 2433 5560 είς
2472 5497 2646 5554 ταῦτα
2684 5503 3183 5574 καταναλώσαντες,
3223 5507 3649 5584 δαπανήσωμεν
3690 5511 3794 5565 τὸν

2082 5585 2302 5672 καιρὸν,
2335 5584 2432 5672 τήν
2479 5584 2762 5658 διόρθωσιν
2798 5590 3020 5644 ἐκείνων
3057 5593 3452 5667 ἐπιτρέψαντες
3493 5599 3676 5672 ὑμῶν
3720 5601 3796 5670 τῇ

2083 5671 2290 5744 ἀγάπῃ,
2323 5671 2431 5725 τῶν
2464 5673 2702 5746 σήμερον
2737 5677 3190 5744 ἀναγνωσθέντων
3221 5683 3513 5758 ἁψώμεθα,
3536 5671 3680 5743 καὶ
3709 5689 3802 5749 εἰς

2150 5779 2176 5817 ι’
2196 5779 2436 5842 Βοίοημίσ,
2457 5789 2512 5831 ιιι
2530 5783 2741 5845 videtur,
2767 5787 2998 5848 particula
3017 5789 3092 5838 ἄν.
3573 5766 3590 5774 ’
