3966 6160
301 328 386 383 517

297 447 485 494 atatem
517 436 779 508 pervenit,
810 449 918 490 non
949 443 1125 504 potest
1148 446 1329 488 arcum
1361 429 1601 495 tendere,
1634 442 1740 482 non
1770 433 1853 481 te-

297 530 384 585 lum
411 529 656 584 emittere
676 569 692 594 ,
724 543 831 583 non
860 528 1065 582 hastam
1094 525 1304 580 vibrare
1322 563 1338 587 ,
1369 535 1543 592 neque
1568 521 1622 575 in
1660 531 1856 590 equum

295 619 663 683 conscendere,
692 632 867 689 neque
892 633 1074 673 muros
1099 630 1408 687 oppugnare
1430 655 1447 682 ,
1497 626 1673 684 neque
1712 608 1858 666 aliud

294 710 548 781 quidpiam
574 710 834 780 ejusmodi
863 708 1040 764 facere
1067 724 1082 761 :
1112 716 1169 763 et
1191 707 1520 778 gubernator
1541 745 1558 773 ,
1605 717 1728 759 cum
1772 715 1859 756 se-

295 812 463 858 nectus
491 802 632 856 vires
650 801 968 869 attenuavit,
989 814 1097 855 non
1125 808 1301 869 potest
1316 796 1470 852 funes
1486 794 1724 861 tendere,
1749 808 1856 848 non

295 898 395 953 vela
424 895 738 965 extendere,
758 908 867 951 non
895 892 1307 962 gubernaculum
1340 899 1591 955 tractare,
1615 902 1723 941 non
1749 886 1859 941 cla-

294 1004 378 1044 vos
399 986 709 1054 transferre,
741 1003 850 1044 non
875 1000 1000 1043 cum
1026 984 1274 1041 ﬂuctibus
1311 995 1568 1053 pugnare,
1606 993 1706 1034 nec
1730 974 1857 1049 quid

294 1082 451 1136 simile
492 1080 687 1135 facere.
722 1078 928 1134 Rursus
975 1076 1209 1147 agricola
1256 1075 1313 1130 in
1358 1082 1516 1129 aetate
1558 1070 1712 1127 senili
1751 1083 1858 1125 non

295 1174 442 1230 boves
468 1173 713 1245 jungere,
745 1185 851 1226 non
879 1180 1115 1226 aratrum
1143 1168 1379 1231 trahere,
1408 1182 1514 1222 non
1540 1178 1726 1221 secare
1753 1171 1863 1219 ter-

296 1280 394 1319 ram
424 1273 515 1318 aut
533 1263 713 1319 sulcos
739 1260 987 1317 scindere
1005 1303 1020 1328 ,
1047 1276 1156 1316 non
1199 1260 1451 1315 arborem
1490 1256 1667 1313 colere
1688 1286 1708 1322 ι
1750 1268 1857 1308 ιιοη

296 1357 606 1412 metentibus
632 1371 691 1412 se
715 1354 1044 1426 atljungere,
1079 1368 1182 1407 non
1223 1350 1424 1421 aliquid
1467 1348 1640 1404 simile
1685 1346 1861 1401 facere

297 1449 479 1517 poterit
510 1465 523 1502 :
557 1446 649 1502 sed
677 1460 862 1502 eorum
895 1445 1089 1516 singuli
1107 1442 1251 1499 domi
1274 1442 1482 1506 sedent,
1506 1439 1678 1493 relatis
1706 1436 1864 1492 debi-

297 1537 433 1594 litate
470 1539 695 1605 detenti,
728 1553 795 1593 ac
844 1537 1166 1593 necessitate
1205 1547 1396 1604 magna
1424 1540 1479 1587 et
1504 1530 1631 1585 nihil
1655 1528 1863 1583 valente

294 1640 555 1686 senectute
584 1630 891 1701 compediti.
910 1629 1106 1685 Verum
1131 1644 1235 1682 non
1263 1626 1341 1682 sic
1372 1625 1619 1680 Ecclesia:
1640 1622 1860 1688 doctor;

294 1725 378 1777 sed
403 1733 524 1777 tunc
550 1723 788 1778 maxime
830 1721 1199 1786 concertabit,
1244 1717 1599 1787 concionique
1644 1728 1863 1784 Operam

293 1813 461 1881 dabit,
494 1815 793 1871 doctrinam
822 1820 1119 1885 proponet,
1142 1820 1194 1867 et
1226 1809 1406 1881 pepuli
1435 1822 1613 1863 mores
1641 1819 1865 1875 compo.

296 1924 416 1964 nere
444 1908 747 1964 conabitur.
779 1908 1041 1963 Senectus
1072 1905 1214 1960 enim
1241 1904 1294 1957 in
1320 1902 1439 1957 aliis
1481 1897 1696 1970 quidem
1736 1910 1868 1951 cou-

293 2000 577 2058 ditionibus
607 2000 808 2055 inutilis
838 2009 940 2064 est,
967 2000 1019 2053 in
1044 1994 1282 2052 Ecclesia
1313 2002 1493 2049 autem
1531 2000 1582 2047 et
1615 1992 1668 2045 in
1699 1989 1868 2044 virtu-

295 2092 359 2147 tis
424 2089 697 2146 laboribus
743 2090 1049 2145 utilissima.
1097 2087 1309 2143 Etenim
1354 2084 1543 2140 beatus
1594 2080 1867 2154 Abraham

296 2194 413 2237 tunc
453 2184 742 2237 maximum
770 2190 1046 2237 certamen
1089 2178 1206 2234 iniit
1245 2190 1367 2234 cum
1400 2170 1702 2244 hujusmodi
1732 2182 1862 2226 teta-

295 2276 361 2329 tis
395 2285 554 2331 esset.
587 2275 736 2330 Tunc
778 2274 945 2341 enim,
998 2282 1125 2328 tunc
1169 2280 1375 2326 naturae
1427 2263 1759 2342 tyrannidem
1789 2261 1866 2316 vi-

293 2369 384 2434 cit,
411 2377 466 2425 et
487 2368 651 2423 lilium
679 2368 929 2423 mactavit
956 2383 972 2423 :
1007 2364 1258 2421 mactavit
1278 2361 1421 2417 enim
1444 2360 1491 2415 si
1518 2374 1624 2413 non
1653 2370 1731 2419 re,
1763 2353 1868 2408 sal-

296 2472 401 2515 tem
427 2461 723 2527 voluntate;
756 2461 924 2516 sinon
945 2474 1064 2514 cum
1084 2458 1161 2513 rei
1183 2458 1310 2524 line,
1333 2462 1388 2509 at
1409 2469 1529 2510 cum
1553 2447 1862 2522 proposito;

295 2554 341 2606 si
363 2568 465 2606 non
495 2567 680 2622 opere,
711 2561 766 2605 at
793 2561 973 2605 mente
1005 2569 1017 2604 :
1049 2560 1175 2604 tunc
1211 2561 1429 2602 suorum
1463 2544 1577 2613 ipse
1600 2543 1867 2597 viscerum

292 2642 542 2696 sacerdos
568 2640 738 2696 factus
763 2649 867 2705 est,
894 2650 947 2695 et
976 2655 1041 2695 ex
1068 2640 1184 2709 ipsa
1210 2637 1322 2693 fere
1351 2645 1539 2690 natura
1555 2648 1675 2689 sese
1694 2641 1869 2686 trans-

291 2735 497 2797 ferens,
529 2743 585 2787 et
616 2734 668 2786 in
713 2731 903 2787 cadum
946 2730 1227 2801 appellens
1254 2770 1270 2795 ,
1320 2724 1694 2781 admirandum
1737 2720 1869 2776 illud

289 2840 344 2882 et
371 2826 688 2897 stupendum
718 2840 852 2897 opus
877 2823 1119 2895 perfecit.
1144 2822 1212 2876 Et
1233 2821 1449 2886 Paulus,
1479 2818 1628 2872 orbis
1653 2814 1865 2881 doctor,

291 2923 345 2976 in
365 2919 618 2991 profunda
634 2927 908 2974 senectute
924 2917 992 2971 ad
1016 2915 1286 2972 mirabiles
1306 2914 1426 2968 illos
1438 2927 1634 2984 agones
1648 2923 1871 2979 appara-

291 3026 378 3069 tus
406 3021 539 3080 erat,
567 3020 622 3067 et
646 3011 876 3075 vincula,
923 3018 1141 3063 catenas
1181 3014 1236 3062 et
1276 3018 1523 3060 carceres
1555 3004 1608 3057 in
1655 3000 1873 3055 seniore

288 3118 524 3173 corpore
550 3117 673 3157 cum
717 3100 883 3155 multa
926 3097 1225 3153 constantia
1269 3094 1512 3150 ferebat:
1541 3100 1594 3147 et
1631 3090 1736 3146 hoc
1782 3089 1874 3145 ille

202 3193 208 3197 ’
288 3195 572 3250 declarans
598 3192 812 3248 dicebat
835 3209 848 3243 :
876 3189 943 3246 Ut
968 3188 1166 3244 Paulus
1187 3203 1339 3243 aenea:
1362 3229 1377 3251 ,
1422 3201 1556 3240 nunc
1582 3192 1635 3239 et
1677 3184 1874 3237 vinctus

287 3290 343 3342 in
374 3287 572 3340 Christo
590 3283 717 3340 Jesu
742 3282 1003 3355 (Philem.
1032 3282 1118 3352 9).
1151 3282 1219 3336 Et
1260 3280 1376 3335 haec
1410 3279 1556 3344 dico,
1599 3293 1706 3332 non
1730 3275 1873 3348 quod

290 3380 623 3448 juventutem
650 3390 897 3446 spernam
931 3389 948 3433 ς
992 3388 1113 3428 nam
1142 3371 1294 3428 etilli
1315 3370 1405 3442 qtti
1452 3370 1721 3424 fornacem
1769 3367 1877 3422 cal-

294 3478 524 3533 carunt,
555 3468 776 3537 juvenes
816 3464 1104 3521 admodum
1157 3473 1212 3519 et
1256 3463 1408 3534 pueri
1459 3468 1648 3525 erant;
1691 3470 1744 3514 et
1787 3459 1878 3529 qui

299 3562 597 3632 prophetia:
625 3561 824 3615 donum
851 3559 1058 3628 accepit
1099 3557 1397 3622 Jeremias;
1438 3555 1618 3609 Daniel
1669 3566 1880 3623 quoque

292 3671 422 3710 cum
449 3655 632 3709 leones
654 3652 927 3717 frenabat,
960 3660 1015 3706 et
1044 3659 1262 3721 prepter
1288 3647 1605 3704 ineffabilem
1634 3643 1880 3698 fiduciam

290 3761 493 3802 arcana
548 3745 636 3800 illa
671 3744 1000 3800 somniorum
1046 3742 1189 3813 regis
1236 3741 1291 3795 in
1337 3738 1572 3795 medium
1618 3736 1877 3802 adduxit,

291 3842 460 3908 eique
485 3839 573 3908 qui
604 3837 813 3892 viderat
837 3835 1156 3900 declaravit,
1190 3831 1476 3887 admodum
1499 3830 1710 3899 juvenis
1736 3836 1880 3894 erat;

293 3942 355 3988 et
374 3930 511 3986 nihil
537 3927 906 3999 impedimenti
927 3927 1174 3997 juventus
1197 3923 1375 3979 attulit
1399 3922 1466 3978 ad
1492 3922 1741 3975 virtutem
1762 3919 1881 3973 viri.

294 4025 352 4078 In
374 4022 614 4078 externis
635 4020 777 4077 enim
797 4018 979 4085 rebus,
999 4027 1058 4073 ut
1077 4017 1209 4085 disi,
1235 4024 1289 4072 et
1303 4022 1551 4070 senectus
1566 4021 1812 4084 provecta
1832 4018 1886 4065 et

285 4116 556 4184 juventus
589 4112 869 4166 immatura
900 4109 1124 4164 multum
1152 4107 1533 4178 impedimento
1562 4102 1755 4158 fuerint
1784 4118 1798 4155 :
1833 4102 1885 4156 in

291 4205 517 4261 virtutis
540 4221 670 4259 vero
691 4202 1076 4259 certaminibus
1104 4217 1210 4256 non
1240 4199 1389 4263 item,
1422 4197 1515 4252 sed
1544 4211 1649 4250 uno
1677 4203 1882 4277 tantum

289 4299 466 4353 animi
511 4297 784 4368 proposito
826 4303 911 4350 est
946 4308 1083 4363 opus
1124 4292 1408 4360 animaque
1452 4295 1777 4359 praeparata;
1824 4298 1889 4340 ac

293 4405 481 4460 neque
505 4388 758 4458 juventus
787 4392 870 4441 est
896 4383 1133 4449 inutilis,
1160 4397 1333 4453 neque
1359 4378 1566 4434 senium
1611 4377 1884 4444 ineptum;

291 4482 397 4537 sed
420 4481 470 4536 in
486 4489 709 4551 utraque
725 4487 880 4534 actate
893 4476 1018 4532 oriri
1032 4474 1230 4530 videris
1247 4485 1483 4527 maturos
1501 4469 1699 4524 fructus
1717 4467 1888 4537 pullu-

295 4576 481 4630 lantes
506 4613 523 4641 ,
548 4570 860 4635 dummodo,
884 4577 943 4623 ut
969 4567 1210 4623 dicebam
1235 4606 1249 4630 ,
1277 4562 1507 4616 animam
1535 4559 1653 4631 quis
1694 4557 1891 4612 habeat

293 4666 555 4735 vigilem,
581 4672 635 4717 et
656 4677 777 4734 quae
802 4661 935 4716 sciat
963 4654 1346 4730 philosophari,
1396 4663 1554 4720 atque
1587 4666 1651 4706 ex
1699 4662 1889 4720 magna

291 4760 511 4811 virtute
573 4755 670 4810 Dei
726 4751 1151 4810 benevolentiam
1181 4746 1431 4802 attrahat.
1479 4744 1557 4801 Ne
1597 4743 1717 4815 quis
1763 4756 1892 4812 ergo

288 4849 530 4917 objiciat
555 4846 622 4900 ad
646 4843 890 4916 segnitiei
918 4841 1317 4897 excusationem
1350 4837 1430 4892 vel
1449 4836 1785 4907 juventutem
1808 4831 1891 4886 vel

286 4946 642 4995 senectutem
662 4951 679 4999 ;
706 4931 1133 5006 quandoquidem
1153 4931 1311 4985 etiam
1331 4943 1472 4983 nunc
1487 4925 1638 4981 multi
1658 4925 1893 4995 juvenes

291 5035 411 5087 huc
440 5030 721 5102 spirituale
762 5027 1030 5083 theatrum
1060 5023 1266 5095 replent
1287 5039 1301 5087 ;
1319 5035 1478 5077 senes
1497 5030 1675 5075 autem
1706 5018 1759 5073 in
1777 5017 1892 5088 hip-

292 5126 412 5195 pod
423 5125 589 5179 remis
617 5123 868 5178 indecore
890 5136 948 5175 se
974 5125 1185 5190 gerunt.
1215 5113 1321 5170 Alii
1352 5129 1478 5169 vero
1498 5127 1657 5168 senes
1681 5125 1893 5168 rursum

286 5217 564 5272 canitiem
586 5216 901 5269 concionem
926 5209 1206 5264 audientes
1225 5217 1457 5271 ornant;
1495 5205 1718 5276 juvenes
1766 5216 1895 5258 vero

285 5310 391 5363 alii
424 5324 523 5378 per
549 5308 639 5360 illa
665 5303 965 5374 spectacula
1002 5300 1334 5371 juventutem
1378 5311 1527 5351 suam
1555 5292 1773 5350 rationis
1790 5303 1889 5377 ex—

288 5409 519 5470 pertem
550 5402 990 5454 connnonstrant.
1027 5389 1246 5446 Etiamsi
1277 5389 1420 5443 enim
1450 5385 1602 5440 multi
1630 5385 1717 5439 hic
1745 5398 1896 5439 corr-

286 5498 616 5567 pareant,at
641 5502 749 5544 non
777 5487 941 5551 satior
973 5499 987 5535 :
1014 5496 1187 5552 neque
1204 5479 1344 5535 enim
1365 5478 1556 5532 multos
1582 5486 1780 5530 tantum
1811 5473 1897 5528 hic

285 5564 504 5637 adesse
545 5579 761 5643 vellem,
791 5575 886 5631 sed
932 5589 1138 5635 omnes,
1168 5581 1221 5626 et
1248 5570 1511 5625 neminem
1554 5567 1623 5620 ab
1668 5564 1895 5620 ecclesia

286 5674 525 5728 abesse.
558 5671 894 5740 Quapropter
918 5664 1170 5739 quamdiu
1201 5672 1350 5717 extra
1376 5660 1582 5714 caulam
1629 5656 1702 5712 illi
1748 5665 1891 5717 sunt,

288 5763 595 5829 dirumpor
618 5773 669 5815 et
692 5758 962 5812 doloribus
989 5754 1278 5808 discimlor.
1308 5752 1436 5805 Nam
1464 5763 1643 5823 pastor
1686 5749 1771 5804 ille
1802 5746 1890 5818 qui

638 5856 908 5918 PATBOL.
956 5853 1073 5914 Gn.
1123 5849 1344 5911 LXIII.

994 321 1039 379 Χ
1078 317 1383 383 IIOMILIA,
1426 315 1489 372 IN
1531 313 1754 381 ILLUD,
1796 312 2035 370 MESSIS
2071 311 2334 382 QUIDEM
2376 312 2633 383 MULTA,
2676 313 2807 371 ETC

3435 318 3540 370 MS

1970 427 2257 496 nonaginta
2284 444 2475 483 novem
2501 431 2690 486 ovibus
2715 431 2917 487 reliCtis
2957 431 3025 486 ad
3072 448 3228 487 unam
3270 414 3538 488 errantem

1965 519 2318 589 properabat,
2350 536 2522 592 natiue
2551 522 2697 591 prius
2719 523 2958 590 abstitit,
2986 539 3145 595 quam
3168 524 3315 581 illam
3335 528 3401 581 ad
3420 544 3540 597 greo

1894 605 1924 630 "
1960 625 2080 680 gem
2100 611 2438 680 reduxisset;
2466 615 2795 687 multamque
2810 631 2873 672 ea
2897 616 2950 672 in
2976 633 3038 673 re
3055 632 3239 674 curam
3257 618 3541 691 impendit.

1962 698 2312 758 Centenarius
2337 705 2479 759 enim
2508 721 2761 763 numerus
2787 709 3139 778 claudicabat,
3175 711 3347 769 donec
3376 728 3539 769 unam

1963 795 2197 861 accepit,
2220 802 2273 848 et
2296 805 2421 850 tunc
2439 807 2652 851 centum
2679 812 2806 853 vere
2825 810 3038 856 centum
3069 801 3220 859 fuere
3244 844 3258 869 ,
3296 819 3419 861 cum
3453 805 3542 861 illa

1964 882 2180 938 reducta
2213 892 2268 939 et
2291 894 2501 940 servata
2529 885 2647 941 fuit.
2676 886 2751 943 Ne
2779 890 2908 960 er'go
2944 890 3073 946 mihi
3123 892 3325 951 dixeris
3371 911 3536 950 unum

1963 986 2084 1028 esse
2097 972 2313 1029 fratrem
2330 976 2417 1046 qui
2445 978 2619 1046 periit;
2643 979 2733 1033 sed
2755 981 2928 1050 cogita
2942 982 3083 1051 quod
3101 984 3171 1038 sit
3190 984 3377 1051 frater,
3397 987 3541 1056 quod

1965 1066 2096 1122 illud
2119 1067 2207 1133 sit,
2243 1068 2442 1125 animal
2469 1072 2622 1141 cujus
2650 1072 2791 1127 Deus
2822 1082 3023 1129 tantam
3060 1089 3242 1132 curam
3264 1080 3420 1150 gerit,
3444 1095 3545 1150 pro

1964 1172 2072 1228 qtto
2089 1165 2232 1212 tanta
2252 1156 2388 1213 facta
2408 1159 2579 1227 fuere,
2598 1177 2693 1231 pro
2710 1178 2817 1233 quo
2836 1165 3100 1233 pretiosus
3120 1171 3333 1239 sanguis
3345 1170 3545 1227 ell'usus

1962 1257 2018 1303 et
2039 1256 2243 1304 tantum
2265 1251 2493 1320 pretium
2517 1253 2749 1308 solutum
2780 1254 2909 1310 fuit:
2933 1266 3152 1327 propter
3170 1276 3327 1329 quem
3350 1264 3541 1318 caelum

1965 1350 2246 1396 extensum
2265 1352 2367 1411 est,
2391 1345 2471 1398 sol
2498 1360 2755 1401 accensus
2780 1359 2880 1414 est,
2900 1349 3021 1403 luna
3044 1351 3233 1417 currit,
3257 1355 3433 1408 varius
3456 1355 3546 1411 ille

1966 1434 2238 1490 stellarum
2266 1436 2464 1494 chorus
2497 1437 2680 1510 fulget,
2709 1455 2805 1495 aer
2832 1453 3085 1499 extensus
3107 1454 3210 1511 est,
3240 1461 3387 1503 mare
3411 1447 3544 1502 effu-

1966 1540 2106 1592 sum,
2147 1535 2287 1582 terra
2332 1528 2550 1583 fundata
2578 1540 2682 1596 est,
2729 1532 2905 1588 fontes
2949 1536 3268 1602 scaturiunt,
3324 1537 3544 1595 llutnina

1968 1630 2206 1688 manant,
2233 1634 2446 1679 montes
2468 1624 2663 1679 firmati
2699 1634 2824 1681 sunt
2849 1644 2863 1682 :
2887 1638 3104 1699 propter
3129 1644 3286 1701 quem
3315 1641 3463 1701 prata
3493 1643 3549 1689 et

1971 1710 2133 1779 horti,
2167 1725 2384 1784 propter
2404 1733 2563 1786 quem
2592 1719 2799 1774 semina
2819 1729 2872 1774 et
2887 1720 3129 1786 arbores,
3151 1732 3370 1795 propter
3386 1741 3544 1795 quem

1968 1801 2176 1859 diversa
2201 1805 2500 1876 plantarum
2545 1824 2761 1879 genera,
2806 1821 3025 1882 prepter
3063 1829 3221 1883 quem
3262 1829 3325 1869 ea
3350 1831 3470 1886 qua:
3494 1819 3546 1871 in

1969 1897 2259 1966 montibus,
2300 1914 2419 1970 qua:
2463 1900 2516 1955 in
2542 1901 2793 1969 desertis,
2838 1919 2959 1973 qua:
2985 1904 3038 1958 in
3070 1904 3311 1973 urbibus,
3350 1922 3468 1977 qua:
3493 1909 3545 1962 in

1969 1985 2206 2056 planitie,
2234 2003 2353 2059 qua:
2382 1991 2437 2044 in
2476 1991 2731 2058 saltibus,
2763 2009 2882 2063 qua:
2909 1994 2962 2048 in
2994 1995 3222 2052 collibus
3271 2016 3286 2052 :
3335 2008 3549 2068 propter

1969 2093 2127 2148 quem
2149 2079 2424 2135 innumera
2440 2081 2664 2152 piscium
2681 2084 3214 2158 multitudo,propter
3226 2105 3384 2159 quem
3407 2091 3549 2145 varia

1969 2168 2372 2241 quadrupedum
2402 2189 2625 2243 genera,
2671 2185 2776 2230 tam
2818 2176 3045 2232 diversa:
3092 2181 3268 2235 avium
3307 2181 3550 2251 species;

1970 2273 2189 2332 propter
2210 2280 2368 2334 quem
2395 2266 2501 2334 lex,
2524 2267 2822 2338 prephette,
2846 2270 3076 2338 apostoli
3102 2288 3116 2336 ;
3143 2283 3363 2342 propter
3392 2289 3549 2342 quem

1971 2353 2252 2411 innumera
2292 2359 2547 2414 miracula
2598 2359 2734 2415 facta
2776 2370 2946 2416 sunt:
2976 2362 3102 2432 quid
3138 2379 3274 2432 opus
3311 2375 3395 2420 est
3446 2375 3552 2419 lant

1975 2449 2138 2503 multa
2169 2450 2387 2506 dicere?
2416 2460 2636 2522 prepter
2681 2468 2840 2522 quem
2882 2455 3188 2526 unigenitus
3240 2458 3333 2514 Dei
3387 2459 3555 2516 Filius

1973 2540 2134 2596 homo
2163 2541 2334 2597 faetus
2363 2553 2468 2607 est,
2496 2551 2550 2598 et
2578 2544 2807 2600 occisus.

2040 2637 2096 2693 2.
2122 2635 2322 2693 Caritas
2349 2653 2468 2707 erga
2510 2638 2796 2709 proximum
2844 2641 3251 2697 commendatur.
3290 2641 3475 2698 Theca:
3510 2658 3556 2698 et

1970 2731 2195 2802 reliquiae
2229 2731 2603 2802 apostolorum.
2623 2765 2691 2775 —
2717 2730 2901 2806 Cogita
2927 2741 3125 2806 quanta
3143 2734 3285 2791 Deus
3305 2747 3557 2805 eperatus

1973 2822 2043 2876 sit
2060 2838 2155 2891 pro
2167 2824 2339 2879 salute
2354 2824 2650 2891 hominum,
2670 2834 2724 2881 et
2745 2826 2950 2882 nullum
2970 2826 3235 2898 despicias
3255 2827 3554 2894 hominem;

1974 2914 2070 2971 sed
2095 2924 2379 2986 postquam
2410 2916 2516 2972 hoc
2540 2917 2820 2987 spirituale
2850 2918 3117 2976 theatrqu
3166 2922 3398 2976 solutum
3442 2924 3555 2979 fue-

1975 3006 2064 3072 rit,
2086 3007 2434 3077 quaereillum
2452 3009 2542 3079 qui
2572 3008 2763 3072 abfuit,
2795 3019 2851 3065 et
2875 3025 2943 3065 ne
2973 3012 3119 3082 prius
3149 3011 3376 3091 desistas
3397 3031 3555 3084 quani

1975 3097 2126 3154 illum
2156 3099 2444 3154 adduxeris
2470 3107 2526 3155 et
2551 3100 2705 3155 matri
2733 3101 3077 3171 conjunxeris
3097 3145 3110 3169 ,
3140 3111 3300 3174 atque
3342 3119 3370 3157 a
3422 3105 3560 3159 maLt

1976 3191 2363 3247 consuetudine
2389 3191 2698 3259 abduxeris,
2723 3202 2776 3248 et
2800 3195 3069 3265 captivum
3099 3196 3396 3251 servaveris
3417 3235 3432 3259 ,
3477 3208 3556 3250 at-

1977 3300 2082 3355 que
2109 3288 2443 3340 submersum
2471 3285 2522 3339 in
2551 3302 2698 3341 mare
2724 3288 3044 3353 extraxeris,
3065 3296 3164 3344 eta
3194 3286 3324 3343 feris
3344 3298 3558 3358 captum

1979 3375 2046 3429 ab
2074 3375 2392 3431 immanibus
2424 3376 2616 3433 belluis
2638 3378 2971 3435 liberaveris.
2985 3380 3154 3449 Quam
3170 3381 3313 3435 enim
3328 3381 3559 3447 veniam,

1981 3482 2140 3537 quam
2174 3467 2545 3524 defensionem
2568 3468 2862 3525 habueris?
2885 3471 2965 3526 Ad
2992 3471 3358 3541 apostolorum
3383 3471 3564 3525 thecas

1982 3561 2227 3614 venimus
2253 3577 2267 3614 :
2299 3559 2542 3616 videmus
2581 3562 2656 3634 (a)
2698 3563 2935 3632 ipsorum
2962 3563 3179 3619 vulnera
3202 3572 3257 3619 et
3278 3563 3524 3633 stigmata
3546 3605 3561 3628 ,

1985 3654 2294 3723 sanguinem
2347 3653 2603 3708 fluentem
2655 3668 2788 3708 auro
2841 3654 3256 3724 pretiosiorem,
3302 3664 3561 3717 catenas,

1986 3743 2216 3812 ﬂagella,
2248 3754 2447 3799 mortes
2474 3743 2834 3814 quotidianus,
2867 3760 2999 3814 quas
3029 3760 3126 3813 pro
3154 3745 3396 3800 Ecclesia
3425 3747 3564 3815 passi

1988 3844 2112 3890 sunt
2141 3855 2155 3891 :
2190 3836 2336 3890 Pauli
2367 3835 2685 3904 discipulum
2715 3835 2911 3905 ubique
2950 3850 3072 3889 cum
3119 3835 3289 3891 Paulo
3334 3835 3566 3891 circum-

1987 3935 2313 3994 currentem,
2344 3938 2399 3983 et
2425 3929 2682 3997 magistro
2709 3926 3049 3997 aaquandutn,
3083 3927 3414 3998 vitulumque
3443 3943 3566 3982 cunt

1991 4031 2142 4075 tauro
2165 4022 2438 4092 jugatum;
2469 4021 2625 4091 primi
2669 4019 3030 4090 apostolorum
3058 4021 3296 4085 fratrem,
3341 4021 3570 4088 piscato-

1990 4130 2135 4179 rem,
2190 4115 2277 4184 qui
2324 4128 2573 4183 sagenam
2600 4113 2913 4183 explicavit,
2966 4124 3020 4168 et
3061 4113 3308 4168 homines
3349 4126 3448 4182 pro
3490 4113 3572 4182 pi-

1999 4204 2176 4259 scibus
2201 4207 2435 4275 piscatus
2461 4216 2542 4262 est
2560 4224 2575 4274 ;
2595 4206 2864 4278 Evangelii
2884 4219 3188 4277 praeconem
3213 4226 3226 4264 :
3248 4213 3301 4260 et
3332 4204 3484 4275 quasi
3517 4204 3569 4257 in

1995 4308 2150 4368 prato
2178 4297 2244 4352 de
2270 4297 2386 4368 ejus
2413 4297 2690 4368 praeclaris
2716 4298 2881 4368 gestis
2904 4300 3161 4352 lmtemur.
3195 4297 3294 4365 Qui
3324 4313 3450 4354 vero
3475 4312 3573 4352 nos

1996 4390 2380 4455 deseruerunt,
2437 4405 2698 4461 equorum
2755 4390 3198 4447 irrationabilium
3245 4399 3572 4462 spectatores

1993 4484 2200 4549 sedent,
2221 4483 2479 4538 conviciis
2505 4491 2559 4538 et
2574 4483 2913 4537 contumeliis
2934 4497 2993 4536 se
3021 4490 3207 4537 mutuo
3230 4482 3571 4554 impetentes,

1997 4576 2231 4632 furorem
2281 4586 2337 4631 et
2379 4590 2631 4647 pugnam,
2688 4591 2808 4644 qua:
2853 4574 3053 4629 nullam
3081 4588 3295 4629 causam
3347 4572 3572 4637 habeat,

1999 4667 2379 4734 incendentes,
2419 4666 2610 4737 gaudio
2657 4664 2894 4721 fruentes
2933 4664 3072 4736 quod
3104 4663 3461 4719 miserabilius
3488 4672 3575 4721 est

2000 4761 2115 4831 ipso
2139 4759 2323 4814 dolore
2344 4802 2357 4824 ,
2393 4759 2461 4813 de
2504 4758 2704 4828 aurigis
2744 4758 3035 4812 victoribus
3061 4756 3148 4822 ,de
3173 4754 3420 4825 equis”
3464 4754 3574 4810 ft'av

1998 4855 2097 4910 ctis
2128 4869 2266 4924 :quo
2295 4851 2419 4922 quid
2451 4850 2870 4906 irrationabilius
2892 4848 3082 4904 fuerit?
3101 4847 3208 4901 Cur
3232 4861 3415 4917 quaeso
3438 4861 3569 4916 gau~

1999 4944 2134 5001 des?
2160 4959 2255 5000 cur
2270 4943 2530 5008 exsultas,
2572 4956 2669 4997 cur
2685 4940 2866 4995 exsilis
2885 4980 2902 5005 ,
2933 4947 2987 4993 et
3008 4937 3132 4992 inde
3161 4937 3313 4991 hctus
3347 4935 3569 4991 descen-

1999 5037 2116 5092 dis?
2137 5036 2215 5090 Tu
2227 5050 2356 5090 vero
2368 5049 2461 5089 cur
2472 5034 2641 5099 doles,
2663 5041 2712 5088 et
2731 5047 2840 5102 pra:
2863 5029 3067 5101 pudore
3086 5038 3139 5083 te
3160 5028 3399 5083 occultas
3415 5035 3577 5097 caput

2001 5130 2284 5196 inclinans,
2313 5130 2653 5198 antu-tumque
2686 5135 2831 5180 tuum
2854 5124 3115 5187 lacerans,
3145 5121 3287 5193 quod
3315 5120 3405 5176 ille
3427 5120 3574 5184 vicit,

2001 5223 2207 5277 etalter
2235 5220 2404 5275 victus
2442 5218 2562 5272 est?
2592 5227 2646 5272 et
2673 5215 2800 5287 quid
2846 5216 2960 5269 haec
2987 5213 3051 5267 ad
3085 5212 3179 5267 te?
3221 5226 3378 5282 quam
3416 5212 3580 5265 ratio-

2003 5329 2128 5369 nem
2158 5311 2355 5367 habere
2376 5307 2544 5380 poSsit
2569 5305 2682 5361 lucc
2704 5321 2800 5360 seu
2827 5303 3063 5368 tristitia,
3095 5317 3189 5357 seu
3222 5300 3442 5355 laetitia?
3470 5316 3578 5372 quo

2004 5404 2267 5473 supplicio
2311 5411 2532 5469 uterque
2561 5396 2700 5467 digni
2731 5410 2838 5449 non
2866 5393 3069 5449 fueritis
3091 5435 3105 5457 ,
3136 5407 3256 5447 cum
3282 5391 3459 5446 anima
3492 5400 3579 5444 tua

2004 5494 2243 5567 quotidie
2287 5492 2337 5545 in
2381 5488 2519 5542 vitiis
2570 5487 2851 5550 volutetur,
2899 5483 2950 5538 id
2992 5482 3119 5536 nihil
3182 5496 3308 5536 cura
3337 5521 3351 5546 ,
3404 5480 3581 5549 deque

2005 5587 2322 5643 animalibus
2373 5578 2854 5642 irrationabilibus,
2905 5575 3077 5645 deque
3103 5573 3409 5629 hominibus
3449 5572 3575 5643 ipsis

2070 5750 2142 5813 (a)
2167 5747 2258 5799 \‘el
2285 5746 2332 5794 iu
2360 5745 2543 5807 pictura
2567 5739 2645 5792 vel
2671 5751 2758 5803 per
2785 5738 3175 5803 imaginationem

3089 5813 3163 5876 26
