  <div class='ocr_page' id='page_1' title='image "/cluster/home/n/w/nwhite01/storage/ocr_20150623/63/mdp.39015008641394/411.png"; bbox 0 0 3966 6160; ppageno 0'>
   <div class='ocr_carea' id='block_1_1' title="bbox 438 370 568 428">
    <p class='ocr_par' dir='ltr' id='par_1_1' title="bbox 438 370 568 428">
     <span class='ocr_line' id='line_1_1' title="bbox 438 370 568 428; baseline 0.023 -4"><span class='ocrx_word' id='word_1_1' title='bbox 438 370 524 425; x_wconf 66' lang='lat'><strong>1‘5!</strong></span> <span class='ocrx_word' id='word_1_2' title='bbox 535 372 568 428; x_wconf 68' lang='grc' dir='ltr'>θ</span> 
     </span>
    </p>
   </div>
   <div class='ocr_carea' id='block_1_2' title="bbox 459 467 2032 548">
    <p class='ocr_par' dir='ltr' id='par_1_2' title="bbox 459 467 2032 548">
     <span class='ocr_line' id='line_1_2' title="bbox 459 467 2032 548; baseline -0.009 -10"><span class='ocrx_word' id='word_1_3' title='bbox 459 485 624 540; x_wconf 82' lang='lat' dir='ltr'><strong>etiam</strong></span> <span class='ocrx_word' id='word_1_4' title='bbox 675 480 882 536; x_wconf 76' lang='lat' dir='ltr'><strong>ratione</strong></span> <span class='ocrx_word' id='word_1_5' title='bbox 914 474 1275 540; x_wconf 69' lang='lat' dir='ltr'><strong>carentibus,</strong></span> <span class='ocrx_word' id='word_1_6' title='bbox 1307 473 1508 548; x_wconf 84' lang='lat' dir='ltr'><strong>gaudes</strong></span> <span class='ocrx_word' id='word_1_7' title='bbox 1554 471 1639 528; x_wconf 86' lang='lat' dir='ltr'><strong>vel</strong></span> <span class='ocrx_word' id='word_1_8' title='bbox 1680 469 1875 529; x_wconf 74' lang='lat' dir='ltr'><strong>doles?</strong></span> <span class='ocrx_word' id='word_1_9' title='bbox 1926 467 2032 525; x_wconf 89' lang='lat' dir='ltr'><strong>Sed</strong></span> 
     </span>
    </p>
   </div>
   <div class='ocr_carea' id='block_1_3' title="bbox 459 562 2032 628">
    <p class='ocr_par' dir='ltr' id='par_1_3' title="bbox 459 562 2032 628">
     <span class='ocr_line' id='line_1_3' title="bbox 459 562 2032 628; baseline -0.01 0"><span class='ocrx_word' id='word_1_10' title='bbox 459 589 528 628; x_wconf 85' lang='lat' dir='ltr'><strong>ne</strong></span> <span class='ocrx_word' id='word_1_11' title='bbox 559 586 745 627; x_wconf 84' lang='lat' dir='ltr'><strong>rursus</strong></span> <span class='ocrx_word' id='word_1_12' title='bbox 772 578 935 625; x_wconf 86' lang='lat' dir='ltr'><strong>totam</strong></span> <span class='ocrx_word' id='word_1_13' title='bbox 964 565 1277 624; x_wconf 87' lang='lat' dir='ltr'><strong>concionem</strong></span> <span class='ocrx_word' id='word_1_14' title='bbox 1310 566 1362 620; x_wconf 90' lang='lat' dir='ltr'><strong>in</strong></span> <span class='ocrx_word' id='word_1_15' title='bbox 1393 565 1511 620; x_wconf 80' lang='lat' dir='ltr'><strong>haec</strong></span> <span class='ocrx_word' id='word_1_16' title='bbox 1535 562 1865 619; x_wconf 79' lang='lat' dir='ltr'><strong>insumentes</strong></span> <span class='ocrx_word' id='word_1_17' title='bbox 1896 569 2032 616; x_wconf 85' lang='lat' dir='ltr'><strong>tem-</strong></span> 
     </span>
    </p>
   </div>
   <div class='ocr_carea' id='block_1_4' title="bbox 460 648 2057 732">
    <p class='ocr_par' dir='ltr' id='par_1_4' title="bbox 460 648 2057 732">
     <span class='ocr_line' id='line_1_4' title="bbox 460 648 2057 732; baseline -0.006 -16"><span class='ocrx_word' id='word_1_18' title='bbox 460 677 558 732; x_wconf 86' lang='lat' dir='ltr'><strong>pus</strong></span> <span class='ocrx_word' id='word_1_19' title='bbox 612 671 889 727; x_wconf 88' lang='lat' dir='ltr'><strong>teramus,</strong></span> <span class='ocrx_word' id='word_1_20' title='bbox 920 660 1153 715; x_wconf 83' lang='lat' dir='ltr'><strong>illorum</strong></span> <span class='ocrx_word' id='word_1_21' title='bbox 1201 656 1540 725; x_wconf 89' lang='lat' dir='ltr'><strong>correptione</strong></span> <span class='ocrx_word' id='word_1_22' title='bbox 1583 663 1777 709; x_wconf 76' lang='lat' dir='ltr'><strong>vestra:</strong></span> <span class='ocrx_word' id='word_1_23' title='bbox 1823 648 2057 707; x_wconf 77' lang='lat' dir='ltr'><strong>caritati</strong></span> 
     </span>
    </p>
   </div>
   <div class='ocr_carea' id='block_1_5' title="bbox 452 744 2031 819">
    <p class='ocr_par' dir='ltr' id='par_1_5' title="bbox 452 744 2031 819">
     <span class='ocr_line' id='line_1_5' title="bbox 452 744 2031 819; baseline -0.008 -11"><span class='ocrx_word' id='word_1_24' title='bbox 452 751 851 813; x_wconf 85' lang='lat' dir='ltr'><strong>commendata,</strong></span> <span class='ocrx_word' id='word_1_25' title='bbox 879 750 1092 819; x_wconf 67' lang='lat' dir='ltr'><strong>iisquae</strong></span> <span class='ocrx_word' id='word_1_26' title='bbox 1138 747 1297 802; x_wconf 80' lang='lat' dir='ltr'><strong>hodie</strong></span> <span class='ocrx_word' id='word_1_27' title='bbox 1344 748 1479 803; x_wconf 87' lang='lat' dir='ltr'><strong>lecta</strong></span> <span class='ocrx_word' id='word_1_28' title='bbox 1528 753 1652 799; x_wconf 89' lang='lat' dir='ltr'><strong>sunt</strong></span> <span class='ocrx_word' id='word_1_29' title='bbox 1675 744 1865 798; x_wconf 89' lang='lat' dir='ltr'><strong>demus</strong></span> <span class='ocrx_word' id='word_1_30' title='bbox 1894 755 2031 810; x_wconf 86' lang='lat' dir='ltr'><strong>ope-</strong></span> 
     </span>
    </p>
   </div>
   <div class='ocr_carea' id='block_1_6' title="bbox 450 832 2032 909">
    <p class='ocr_par' dir='ltr' id='par_1_6' title="bbox 450 832 2032 909">
     <span class='ocr_line' id='line_1_6' title="bbox 450 832 2032 909; baseline -0.008 -11"><span class='ocrx_word' id='word_1_31' title='bbox 450 861 603 908; x_wconf 71' lang='lat' dir='ltr'><strong>ram,-</strong></span> <span class='ocrx_word' id='word_1_32' title='bbox 622 853 677 898; x_wconf 92' lang='lat' dir='ltr'><strong>et</strong></span> <span class='ocrx_word' id='word_1_33' title='bbox 699 843 751 897; x_wconf 88' lang='lat' dir='ltr'><strong>in</strong></span> <span class='ocrx_word' id='word_1_34' title='bbox 781 841 1177 909; x_wconf 87' lang='lat' dir='ltr'><strong>Scripturarum</strong></span> <span class='ocrx_word' id='word_1_35' title='bbox 1197 839 1495 893; x_wconf 88' lang='lat' dir='ltr'><strong>divinarum</strong></span> <span class='ocrx_word' id='word_1_36' title='bbox 1518 844 1723 906; x_wconf 87' lang='lat' dir='ltr'><strong>pratum</strong></span> <span class='ocrx_word' id='word_1_37' title='bbox 1744 848 1840 888; x_wconf 89' lang='lat' dir='ltr'><strong>vos</strong></span> <span class='ocrx_word' id='word_1_38' title='bbox 1873 832 2032 886; x_wconf 81' lang='lat' dir='ltr'><strong>indu-</strong></span> 
     </span>
    </p>
   </div>
   <div class='ocr_carea' id='block_1_7' title="bbox 448 922 2030 999">
    <p class='ocr_par' dir='ltr' id='par_1_7' title="bbox 448 922 2030 999">
     <span class='ocr_line' id='line_1_7' title="bbox 448 922 2030 999; baseline -0.009 -9"><span class='ocrx_word' id='word_1_39' title='bbox 448 950 575 990; x_wconf 85' lang='lat' dir='ltr'><strong>cere</strong></span> <span class='ocrx_word' id='word_1_40' title='bbox 607 930 924 991; x_wconf 88' lang='lat' dir='ltr'><strong>conabimur</strong></span> <span class='ocrx_word' id='word_1_41' title='bbox 952 948 966 984; x_wconf 89' lang='lat'><strong>:</strong></span> <span class='ocrx_word' id='word_1_42' title='bbox 998 946 1121 985; x_wconf 87' lang='lat' dir='ltr'><strong>nam</strong></span> <span class='ocrx_word' id='word_1_43' title='bbox 1154 930 1241 983; x_wconf 88' lang='lat' dir='ltr'><strong>illa</strong></span> <span class='ocrx_word' id='word_1_44' title='bbox 1289 937 1442 999; x_wconf 89' lang='lat' dir='ltr'><strong>prato</strong></span> <span class='ocrx_word' id='word_1_45' title='bbox 1480 934 1605 982; x_wconf 88' lang='lat' dir='ltr'><strong>sunt</strong></span> <span class='ocrx_word' id='word_1_46' title='bbox 1629 924 1848 980; x_wconf 75' lang='lat' dir='ltr'><strong>similia.</strong></span> <span class='ocrx_word' id='word_1_47' title='bbox 1879 922 2030 978; x_wconf 89' lang='lat' dir='ltr'><strong>Sicut</strong></span> 
     </span>
    </p>
   </div>
   <div class='ocr_carea' id='block_1_8' title="bbox 446 1013 2026 1098">
    <p class='ocr_par' dir='ltr' id='par_1_8' title="bbox 446 1013 2026 1098">
     <span class='ocr_line' id='line_1_8' title="bbox 446 1013 2026 1098; baseline -0.009 -15"><span class='ocrx_word' id='word_1_48' title='bbox 446 1028 592 1083; x_wconf 88' lang='lat' dir='ltr'><strong>enim</strong></span> <span class='ocrx_word' id='word_1_49' title='bbox 623 1027 679 1082; x_wconf 91' lang='lat' dir='ltr'><strong>in</strong></span> <span class='ocrx_word' id='word_1_50' title='bbox 708 1033 863 1098; x_wconf 84' lang='lat' dir='ltr'><strong>prato</strong></span> <span class='ocrx_word' id='word_1_51' title='bbox 890 1022 1089 1079; x_wconf 80' lang='lat' dir='ltr'><strong>diversi</strong></span> <span class='ocrx_word' id='word_1_52' title='bbox 1114 1021 1279 1077; x_wconf 82' lang='lat' dir='ltr'><strong>tiores</strong></span> <span class='ocrx_word' id='word_1_53' title='bbox 1302 1031 1442 1083; x_wconf 89' lang='lat' dir='ltr'><strong>sunt,</strong></span> <span class='ocrx_word' id='word_1_54' title='bbox 1473 1031 1662 1074; x_wconf 89' lang='lat' dir='ltr'><strong>omnes</strong></span> <span class='ocrx_word' id='word_1_55' title='bbox 1698 1024 1874 1071; x_wconf 91' lang='lat' dir='ltr'><strong>autem</strong></span> <span class='ocrx_word' id='word_1_56' title='bbox 1906 1013 2026 1084; x_wconf 84' lang='lat' dir='ltr'><strong>pul-</strong></span> 
     </span>
    </p>
   </div>
   <div class='ocr_carea' id='block_1_9' title="bbox 434 1102 2027 1186">
    <p class='ocr_par' dir='ltr' id='par_1_9' title="bbox 434 1102 2027 1186">
     <span class='ocr_line' id='line_1_9' title="bbox 434 1102 2027 1186; baseline -0.011 -11"><span class='ocrx_word' id='word_1_57' title='bbox 434 1117 702 1175; x_wconf 69' lang='lat' dir='ltr'><strong>cherrimi</strong></span> <span class='ocrx_word' id='word_1_58' title='bbox 725 1116 1042 1186; x_wconf 88' lang='lat' dir='ltr'><strong>spectatoris</strong></span> <span class='ocrx_word' id='word_1_59' title='bbox 1071 1112 1256 1167; x_wconf 88' lang='lat' dir='ltr'><strong>oculos</strong></span> <span class='ocrx_word' id='word_1_60' title='bbox 1273 1111 1547 1165; x_wconf 81' lang='lat' dir='ltr'><strong>attrahunt</strong></span> <span class='ocrx_word' id='word_1_61' title='bbox 1576 1124 1589 1160; x_wconf 93' lang='lat'><strong>:</strong></span> <span class='ocrx_word' id='word_1_62' title='bbox 1619 1107 1688 1161; x_wconf 91' lang='lat' dir='ltr'><strong>ita</strong></span> <span class='ocrx_word' id='word_1_63' title='bbox 1717 1116 1770 1161; x_wconf 90' lang='lat' dir='ltr'><strong>et</strong></span> <span class='ocrx_word' id='word_1_64' title='bbox 1799 1106 1851 1160; x_wconf 91' lang='lat' dir='ltr'><strong>in</strong></span> <span class='ocrx_word' id='word_1_65' title='bbox 1881 1102 2027 1159; x_wconf 89' lang='lat' dir='ltr'><strong>Scri-</strong></span> 
     </span>
    </p>
   </div>
   <div class='ocr_carea' id='block_1_10' title="bbox 438 1196 2025 1282">
    <p class='ocr_par' dir='ltr' id='par_1_10' title="bbox 438 1196 2025 1282">
     <span class='ocr_line' id='line_1_10' title="bbox 438 1196 2025 1282; baseline -0.01 -14"><span class='ocrx_word' id='word_1_66' title='bbox 438 1212 618 1282; x_wconf 71' lang='lat' dir='ltr'><strong>pturis</strong></span> <span class='ocrx_word' id='word_1_67' title='bbox 649 1209 845 1266; x_wconf 82' lang='lat' dir='ltr'><strong>divinis</strong></span> <span class='ocrx_word' id='word_1_68' title='bbox 894 1207 1076 1262; x_wconf 79' lang='lat' dir='ltr'><strong>videre</strong></span> <span class='ocrx_word' id='word_1_69' title='bbox 1112 1213 1216 1259; x_wconf 85' lang='lat' dir='ltr'><strong>est.</strong></span> <span class='ocrx_word' id='word_1_70' title='bbox 1248 1202 1379 1258; x_wconf 84' lang='lat' dir='ltr'><strong>Nam</strong></span> <span class='ocrx_word' id='word_1_71' title='bbox 1425 1201 1612 1256; x_wconf 90' lang='lat' dir='ltr'><strong>beatus</strong></span> <span class='ocrx_word' id='word_1_72' title='bbox 1639 1199 1804 1254; x_wconf 81' lang='lat' dir='ltr'><strong>David</strong></span> <span class='ocrx_word' id='word_1_73' title='bbox 1853 1196 1920 1252; x_wconf 86' lang='lat' dir='ltr'><strong>ad</strong></span> <span class='ocrx_word' id='word_1_74' title='bbox 1963 1210 2025 1252; x_wconf 83' lang='lat' dir='ltr'><strong>se</strong></span> 
     </span>
    </p>
   </div>
   <div class='ocr_carea' id='block_1_11' title="bbox 430 1289 2020 1362">
    <p class='ocr_par' dir='ltr' id='par_1_11' title="bbox 430 1289 2020 1362">
     <span class='ocr_line' id='line_1_11' title="bbox 430 1289 2020 1362; baseline -0.011 -3"><span class='ocrx_word' id='word_1_75' title='bbox 430 1292 681 1358; x_wconf 44' lang='lat' dir='ltr'><strong>amentem</strong></span> <span class='ocrx_word' id='word_1_76' title='bbox 699 1310 936 1356; x_wconf 88' lang='lat' dir='ltr'><strong>nostram</strong></span> <span class='ocrx_word' id='word_1_77' title='bbox 954 1294 1190 1359; x_wconf 87' lang='lat' dir='ltr'><strong>attrahit,</strong></span> <span class='ocrx_word' id='word_1_78' title='bbox 1208 1304 1268 1349; x_wconf 87' lang='lat' dir='ltr'><strong>et</strong></span> <span class='ocrx_word' id='word_1_79' title='bbox 1285 1292 1638 1362; x_wconf 85' lang='lat' dir='ltr'><strong>apostolicum</strong></span> <span class='ocrx_word' id='word_1_80' title='bbox 1661 1289 1859 1345; x_wconf 86' lang='lat' dir='ltr'><strong>dictum</strong></span> <span class='ocrx_word' id='word_1_81' title='bbox 1878 1289 2020 1343; x_wconf 87' lang='lat' dir='ltr'><strong>circa</strong></span> 
     </span>
    </p>
   </div>
   <div class='ocr_carea' id='block_1_12' title="bbox 439 1380 2018 1459">
    <p class='ocr_par' dir='ltr' id='par_1_12' title="bbox 439 1380 2018 1459">
     <span class='ocr_line' id='line_1_12' title="bbox 439 1380 2018 1459; baseline -0.009 -12"><span class='ocrx_word' id='word_1_82' title='bbox 439 1393 818 1459; x_wconf 62' lang='lat' dir='ltr'><strong>Timotheum;</strong></span> <span class='ocrx_word' id='word_1_83' title='bbox 849 1388 1174 1457; x_wconf 83' lang='lat' dir='ltr'><strong>insuperque</strong></span> <span class='ocrx_word' id='word_1_84' title='bbox 1190 1384 1364 1439; x_wconf 77' lang='lat' dir='ltr'><strong>audax</strong></span> <span class='ocrx_word' id='word_1_85' title='bbox 1395 1383 1486 1438; x_wconf 91' lang='lat' dir='ltr'><strong>ille</strong></span> <span class='ocrx_word' id='word_1_86' title='bbox 1516 1382 1680 1437; x_wconf 89' lang='lat' dir='ltr'><strong>lsaias</strong></span> <span class='ocrx_word' id='word_1_87' title='bbox 1700 1381 1768 1436; x_wconf 91' lang='lat' dir='ltr'><strong>de</strong></span> <span class='ocrx_word' id='word_1_88' title='bbox 1787 1380 2018 1434; x_wconf 89' lang='lat' dir='ltr'><strong>humana</strong></span> 
     </span>
    </p>
   </div>
   <div class='ocr_carea' id='block_1_13' title="bbox 428 1469 2019 1552">
    <p class='ocr_par' dir='ltr' id='par_1_13' title="bbox 428 1469 2019 1552">
     <span class='ocr_line' id='line_1_13' title="bbox 428 1469 2019 1552; baseline -0.009 -14"><span class='ocrx_word' id='word_1_89' title='bbox 428 1493 631 1538; x_wconf 29' lang='lat' dir='ltr'><strong>inatura</strong></span> <span class='ocrx_word' id='word_1_90' title='bbox 661 1478 1068 1552; x_wconf 77' lang='lat' dir='ltr'><strong>philosopharis,</strong></span> <span class='ocrx_word' id='word_1_91' title='bbox 1103 1475 1423 1545; x_wconf 86' lang='lat' dir='ltr'><strong>illorumque</strong></span> <span class='ocrx_word' id='word_1_92' title='bbox 1452 1473 1707 1527; x_wconf 87' lang='lat' dir='ltr'><strong>Dominus</strong></span> <span class='ocrx_word' id='word_1_93' title='bbox 1732 1471 1890 1526; x_wconf 81' lang='lat' dir='ltr'><strong>Jesus</strong></span> <span class='ocrx_word' id='word_1_94' title='bbox 1933 1469 2019 1524; x_wconf 84' lang='lat' dir='ltr'><strong>di-</strong></span> 
     </span>
    </p>
   </div>
   <div class='ocr_carea' id='block_1_14' title="bbox 441 1562 2010 1643">
    <p class='ocr_par' dir='ltr' id='par_1_14' title="bbox 441 1562 2010 1643">
     <span class='ocr_line' id='line_1_14' title="bbox 441 1562 2010 1643; baseline -0.01 -14"><span class='ocrx_word' id='word_1_95' title='bbox 441 1574 678 1643; x_wconf 89' lang='lat' dir='ltr'><strong>scipulos</strong></span> <span class='ocrx_word' id='word_1_96' title='bbox 705 1571 1005 1640; x_wconf 81' lang='lat' dir='ltr'><strong>alloquens,</strong></span> <span class='ocrx_word' id='word_1_97' title='bbox 1036 1583 1098 1622; x_wconf 89' lang='lat' dir='ltr'><strong>ac</strong></span> <span class='ocrx_word' id='word_1_98' title='bbox 1127 1567 1312 1622; x_wconf 84' lang='lat' dir='ltr'><strong>dicens</strong></span> <span class='ocrx_word' id='word_1_99' title='bbox 1343 1582 1357 1618; x_wconf 89' lang='lat'><strong>:</strong></span> <span class='ocrx_word' id='word_1_100' title='bbox 1391 1563 1571 1618; x_wconf 80' lang='lat' dir='ltr'><strong>Messis</strong></span> <span class='ocrx_word' id='word_1_101' title='bbox 1597 1563 1798 1634; x_wconf 81' lang='lat' dir='ltr'><strong>quidem</strong></span> <span class='ocrx_word' id='word_1_102' title='bbox 1830 1562 2010 1626; x_wconf 79' lang='lat' dir='ltr'><strong>multa,</strong></span> 
     </span>
    </p>
   </div>
   <div class='ocr_carea' id='block_1_15' title="bbox 426 1652 2017 1734">
    <p class='ocr_par' dir='ltr' id='par_1_15' title="bbox 426 1652 2017 1734">
     <span class='ocr_line' id='line_1_15' title="bbox 426 1652 2017 1734; baseline -0.008 -15"><span class='ocrx_word' id='word_1_103' title='bbox 426 1663 664 1734; x_wconf 62' lang='lat' dir='ltr'><strong>operarii</strong></span> <span class='ocrx_word' id='word_1_104' title='bbox 710 1671 879 1715; x_wconf 83' lang='lat' dir='ltr'><strong>autem</strong></span> <span class='ocrx_word' id='word_1_105' title='bbox 923 1659 1074 1730; x_wconf 80' lang='lat' dir='ltr'><strong>pauci</strong></span> <span class='ocrx_word' id='word_1_106' title='bbox 1118 1655 1349 1730; x_wconf 75' lang='lat' dir='ltr'><strong>(Matth.</strong></span> <span class='ocrx_word' id='word_1_107' title='bbox 1394 1654 1448 1710; x_wconf 88' lang='lat'><strong>9.</strong></span> <span class='ocrx_word' id='word_1_108' title='bbox 1478 1655 1544 1709; x_wconf 81' lang='lat'><strong>&#39;57</strong></span> <span class='ocrx_word' id='word_1_109' title='bbox 1567 1656 1609 1725; x_wconf 86' lang='lat'><strong>).</strong></span> <span class='ocrx_word' id='word_1_110' title='bbox 1642 1656 1753 1725; x_wconf 83' lang='lat' dir='ltr'><strong>Age</strong></span> <span class='ocrx_word' id='word_1_111' title='bbox 1786 1652 2017 1722; x_wconf 87' lang='lat' dir='ltr'><strong>igitur,si</strong></span> 
     </span>
    </p>
   </div>
   <div class='ocr_carea' id='block_1_16' title="bbox 437 1743 2016 1825">
    <p class='ocr_par' dir='ltr' id='par_1_16' title="bbox 437 1743 2016 1825">
     <span class='ocr_line' id='line_1_16' title="bbox 437 1743 2016 1825; baseline -0.008 -15"><span class='ocrx_word' id='word_1_112' title='bbox 437 1757 635 1825; x_wconf 80' lang='lat' dir='ltr'><strong>placet,</strong></span> <span class='ocrx_word' id='word_1_113' title='bbox 662 1752 762 1808; x_wconf 88' lang='lat' dir='ltr'><strong>hoc</strong></span> <span class='ocrx_word' id='word_1_114' title='bbox 787 1752 985 1807; x_wconf 87' lang='lat' dir='ltr'><strong>dictum</strong></span> <span class='ocrx_word' id='word_1_115' title='bbox 1012 1751 1061 1802; x_wconf 91' lang='lat' dir='ltr'><strong>in</strong></span> <span class='ocrx_word' id='word_1_116' title='bbox 1087 1748 1320 1804; x_wconf 86' lang='lat' dir='ltr'><strong>medium</strong></span> <span class='ocrx_word' id='word_1_117' title='bbox 1346 1746 1693 1810; x_wconf 81' lang='lat' dir='ltr'><strong>adducentes,</strong></span> <span class='ocrx_word' id='word_1_118' title='bbox 1719 1743 1832 1813; x_wconf 85' lang='lat' dir='ltr'><strong>ejus</strong></span> <span class='ocrx_word' id='word_1_119' title='bbox 1859 1757 2016 1799; x_wconf 87' lang='lat' dir='ltr'><strong>sensa</strong></span> 
     </span>
    </p>
   </div>
   <div class='ocr_carea' id='block_1_17' title="bbox 422 1836 2018 1916">
    <p class='ocr_par' dir='ltr' id='par_1_17' title="bbox 422 1836 2018 1916">
     <span class='ocr_line' id='line_1_17' title="bbox 422 1836 2018 1916; baseline -0.006 -15"><span class='ocrx_word' id='word_1_120' title='bbox 422 1847 765 1916; x_wconf 69' lang='lat' dir='ltr'><strong>explicemus</strong></span> <span class='ocrx_word' id='word_1_121' title='bbox 798 1862 812 1898; x_wconf 87' lang='lat'><strong>:</strong></span> <span class='ocrx_word' id='word_1_122' title='bbox 840 1842 939 1898; x_wconf 81' lang='lat' dir='ltr'><strong>etsi</strong></span> <span class='ocrx_word' id='word_1_123' title='bbox 992 1842 1133 1898; x_wconf 86' lang='lat' dir='ltr'><strong>enim</strong></span> <span class='ocrx_word' id='word_1_124' title='bbox 1185 1841 1346 1896; x_wconf 81' lang='lat' dir='ltr'><strong>breve</strong></span> <span class='ocrx_word' id='word_1_125' title='bbox 1391 1838 1592 1894; x_wconf 90' lang='lat' dir='ltr'><strong>dictum</strong></span> <span class='ocrx_word' id='word_1_126' title='bbox 1633 1836 1762 1892; x_wconf 90' lang='lat' dir='ltr'><strong>illud</strong></span> <span class='ocrx_word' id='word_1_127' title='bbox 1806 1848 1909 1901; x_wconf 86' lang='lat' dir='ltr'><strong>est,</strong></span> <span class='ocrx_word' id='word_1_128' title='bbox 1962 1844 2018 1892; x_wconf 88' lang='lat' dir='ltr'><strong>at</strong></span> 
     </span>
    </p>
   </div>
   <div class='ocr_carea' id='block_1_18' title="bbox 436 1927 2015 2007">
    <p class='ocr_par' dir='ltr' id='par_1_18' title="bbox 436 1927 2015 2007">
     <span class='ocr_line' id='line_1_18' title="bbox 436 1927 2015 2007; baseline -0.008 -16"><span class='ocrx_word' id='word_1_129' title='bbox 436 1942 651 2007; x_wconf 77' lang='lat' dir='ltr'><strong>pelagus</strong></span> <span class='ocrx_word' id='word_1_130' title='bbox 694 1935 1014 1989; x_wconf 88' lang='lat' dir='ltr'><strong>immensum</strong></span> <span class='ocrx_word' id='word_1_131' title='bbox 1043 1930 1427 1986; x_wconf 83' lang='lat' dir='ltr'><strong>sententiarum</strong></span> <span class='ocrx_word' id='word_1_132' title='bbox 1472 1929 1627 1983; x_wconf 89' lang='lat' dir='ltr'><strong>nobis</strong></span> <span class='ocrx_word' id='word_1_133' title='bbox 1665 1927 1839 1982; x_wconf 77' lang='lat' dir='ltr'><strong>oil‘ert.</strong></span> <span class='ocrx_word' id='word_1_134' title='bbox 1872 1927 2015 1995; x_wconf 84' lang='lat' dir='ltr'><strong>Qua-</strong></span> 
     </span>
    </p>
   </div>
   <div class='ocr_carea' id='block_1_19' title="bbox 420 2019 2011 2099">
    <p class='ocr_par' dir='ltr' id='par_1_19' title="bbox 420 2019 2011 2099">
     <span class='ocr_line' id='line_1_19' title="bbox 420 2019 2011 2099; baseline -0.006 -15"><span class='ocrx_word' id='word_1_135' title='bbox 420 2037 652 2099; x_wconf 65' lang='lat' dir='ltr'><strong>propter</strong></span> <span class='ocrx_word' id='word_1_136' title='bbox 702 2026 771 2082; x_wconf 90' lang='lat' dir='ltr'><strong>ad</strong></span> <span class='ocrx_word' id='word_1_137' title='bbox 816 2025 991 2097; x_wconf 91' lang='lat' dir='ltr'><strong>ipsum</strong></span> <span class='ocrx_word' id='word_1_138' title='bbox 1046 2040 1168 2078; x_wconf 92' lang='lat' dir='ltr'><strong>eum</strong></span> <span class='ocrx_word' id='word_1_139' title='bbox 1221 2039 1414 2092; x_wconf 83' lang='lat' dir='ltr'><strong>magno</strong></span> <span class='ocrx_word' id='word_1_140' title='bbox 1462 2021 1638 2076; x_wconf 90' lang='lat' dir='ltr'><strong>studio</strong></span> <span class='ocrx_word' id='word_1_141' title='bbox 1668 2019 2011 2075; x_wconf 90' lang='lat' dir='ltr'><strong>accedamus.</strong></span> 
     </span>
    </p>
   </div>
   <div class='ocr_carea' id='block_1_20' title="bbox 414 2112 2015 2195">
    <p class='ocr_par' dir='ltr' id='par_1_20' title="bbox 414 2112 2015 2195">
     <span class='ocr_line' id='line_1_20' title="bbox 414 2112 2015 2195; baseline -0.006 -18"><span class='ocrx_word' id='word_1_142' title='bbox 414 2122 565 2195; x_wconf 62' lang='lat' dir='ltr'><strong>Quia</strong></span> <span class='ocrx_word' id='word_1_143' title='bbox 594 2122 739 2177; x_wconf 89' lang='lat' dir='ltr'><strong>enim</strong></span> <span class='ocrx_word' id='word_1_144' title='bbox 771 2120 920 2183; x_wconf 86' lang='lat' dir='ltr'><strong>vidit,</strong></span> <span class='ocrx_word' id='word_1_145' title='bbox 952 2117 1146 2189; x_wconf 85' lang='lat' dir='ltr'><strong>inquit,</strong></span> <span class='ocrx_word' id='word_1_146' title='bbox 1179 2114 1574 2172; x_wconf 87' lang='lat' dir='ltr'><strong>multitudinem</strong></span> <span class='ocrx_word' id='word_1_147' title='bbox 1604 2113 1865 2170; x_wconf 89' lang='lat' dir='ltr'><strong>divulsam</strong></span> <span class='ocrx_word' id='word_1_148' title='bbox 1886 2156 1902 2180; x_wconf 92' lang='lat'><strong>,</strong></span> <span class='ocrx_word' id='word_1_149' title='bbox 1932 2112 2015 2168; x_wconf 88' lang='lat' dir='ltr'><strong>di-</strong></span> 
     </span>
    </p>
   </div>
   <div class='ocr_carea' id='block_1_21' title="bbox 430 2208 2012 2285">
    <p class='ocr_par' dir='ltr' id='par_1_21' title="bbox 430 2208 2012 2285">
     <span class='ocr_line' id='line_1_21' title="bbox 430 2208 2012 2285; baseline -0.006 -14"><span class='ocrx_word' id='word_1_150' title='bbox 430 2218 504 2271; x_wconf 90' lang='lat' dir='ltr'><strong>cit</strong></span> <span class='ocrx_word' id='word_1_151' title='bbox 531 2214 809 2285; x_wconf 78' lang='lat' dir='ltr'><strong>discipulis</strong></span> <span class='ocrx_word' id='word_1_152' title='bbox 836 2229 851 2267; x_wconf 92' lang='lat'><strong>:</strong></span> <span class='ocrx_word' id='word_1_153' title='bbox 884 2211 1065 2267; x_wconf 72' lang='lat' dir='ltr'><strong>Messi:</strong></span> <span class='ocrx_word' id='word_1_154' title='bbox 1093 2209 1298 2281; x_wconf 80' lang='lat' dir='ltr'><strong>quidem</strong></span> <span class='ocrx_word' id='word_1_155' title='bbox 1327 2210 1486 2264; x_wconf 81' lang='lat' dir='ltr'><strong>multa</strong></span> <span class='ocrx_word' id='word_1_156' title='bbox 1509 2251 1525 2277; x_wconf 88' lang='lat'><strong>,</strong></span> <span class='ocrx_word' id='word_1_157' title='bbox 1572 2208 1793 2279; x_wconf 79' lang='lat' dir='ltr'><strong>operarii</strong></span> <span class='ocrx_word' id='word_1_158' title='bbox 1846 2218 2012 2262; x_wconf 84' lang='lat' dir='ltr'><strong>autem</strong></span> 
     </span>
    </p>
   </div>
   <div class='ocr_carea' id='block_1_22' title="bbox 419 2298 2014 2374">
    <p class='ocr_par' dir='ltr' id='par_1_22' title="bbox 419 2298 2014 2374">
     <span class='ocr_line' id='line_1_22' title="bbox 419 2298 2014 2374; baseline -0.006 -12"><span class='ocrx_word' id='word_1_159' title='bbox 419 2306 602 2374; x_wconf 61' lang='grc' dir='ltr'><strong>φακοὶ.</strong></span> <span class='ocrx_word' id='word_1_160' title='bbox 636 2306 766 2372; x_wconf 62' lang='lat' dir='ltr'><strong>Quae</strong></span> <span class='ocrx_word' id='word_1_161' title='bbox 793 2304 1003 2366; x_wconf 85' lang='lat' dir='ltr'><strong>messis,</strong></span> <span class='ocrx_word' id='word_1_162' title='bbox 1038 2301 1125 2357; x_wconf 86' lang='lat' dir='ltr'><strong>die</strong></span> <span class='ocrx_word' id='word_1_163' title='bbox 1154 2302 1307 2368; x_wconf 89' lang='lat' dir='ltr'><strong>mihi,</strong></span> <span class='ocrx_word' id='word_1_164' title='bbox 1339 2308 1394 2355; x_wconf 87' lang='lat' dir='ltr'><strong>et</strong></span> <span class='ocrx_word' id='word_1_165' title='bbox 1420 2315 1517 2355; x_wconf 88' lang='lat' dir='ltr'><strong>cur</strong></span> <span class='ocrx_word' id='word_1_166' title='bbox 1545 2300 1623 2355; x_wconf 91' lang='lat' dir='ltr'><strong>sic</strong></span> <span class='ocrx_word' id='word_1_167' title='bbox 1646 2299 1784 2354; x_wconf 87' lang='lat' dir='ltr'><strong>hanc</strong></span> <span class='ocrx_word' id='word_1_168' title='bbox 1811 2298 2014 2354; x_wconf 88' lang='lat' dir='ltr'><strong>doctri-</strong></span> 
     </span>
    </p>
   </div>
   <div class='ocr_carea' id='block_1_23' title="bbox 430 2390 2010 2463">
    <p class='ocr_par' dir='ltr' id='par_1_23' title="bbox 430 2390 2010 2463">
     <span class='ocr_line' id='line_1_23' title="bbox 430 2390 2010 2463; baseline -0.002 -15"><span class='ocrx_word' id='word_1_169' title='bbox 430 2414 552 2450; x_wconf 93' lang='lat' dir='ltr'><strong>nam</strong></span> <span class='ocrx_word' id='word_1_170' title='bbox 580 2394 829 2451; x_wconf 89' lang='lat' dir='ltr'><strong>vocavit?</strong></span> <span class='ocrx_word' id='word_1_171' title='bbox 870 2393 1017 2463; x_wconf 84' lang='lat' dir='ltr'><strong>atqui</strong></span> <span class='ocrx_word' id='word_1_172' title='bbox 1048 2393 1238 2446; x_wconf 78' lang='lat' dir='ltr'><strong>messis</strong></span> <span class='ocrx_word' id='word_1_173' title='bbox 1287 2392 1363 2445; x_wconf 88' lang='lat' dir='ltr'><strong>rei</strong></span> <span class='ocrx_word' id='word_1_174' title='bbox 1405 2390 1529 2447; x_wconf 76' lang='lat' dir='ltr'><strong>linis</strong></span> <span class='ocrx_word' id='word_1_175' title='bbox 1569 2400 1673 2446; x_wconf 90' lang='lat' dir='ltr'><strong>est.</strong></span> <span class='ocrx_word' id='word_1_176' title='bbox 1721 2390 2010 2460; x_wconf 73' lang='lat' dir='ltr'><strong>Postquam</strong></span> 
     </span>
    </p>
   </div>
   <div class='ocr_carea' id='block_1_24' title="bbox 414 2477 2011 2554">
    <p class='ocr_par' dir='ltr' id='par_1_24' title="bbox 414 2477 2011 2554">
     <span class='ocr_line' id='line_1_24' title="bbox 414 2477 2011 2554; baseline -0.003 -10"><span class='ocrx_word' id='word_1_177' title='bbox 414 2477 569 2544; x_wconf 65' lang='lat' dir='ltr'><strong>enim</strong></span> <span class='ocrx_word' id='word_1_178' title='bbox 595 2504 777 2543; x_wconf 85' lang='lat' dir='ltr'><strong>semen</strong></span> <span class='ocrx_word' id='word_1_179' title='bbox 802 2486 1041 2541; x_wconf 80' lang='lat' dir='ltr'><strong>insinum</strong></span> <span class='ocrx_word' id='word_1_180' title='bbox 1062 2494 1216 2539; x_wconf 70' lang='lat' dir='ltr'><strong>terrm</strong></span> <span class='ocrx_word' id='word_1_181' title='bbox 1232 2484 1431 2554; x_wconf 69' lang='lat' dir='ltr'><strong>iactum</strong></span> <span class='ocrx_word' id='word_1_182' title='bbox 1457 2482 1773 2537; x_wconf 87' lang='lat' dir='ltr'><strong>humiditate</strong></span> <span class='ocrx_word' id='word_1_183' title='bbox 1793 2483 2011 2539; x_wconf 81' lang='lat' dir='ltr'><strong>fruitum</strong></span> 
     </span>
    </p>
   </div>
   <div class='ocr_carea' id='block_1_25' title="bbox 425 2573 2006 2644">
    <p class='ocr_par' dir='ltr' id='par_1_25' title="bbox 425 2573 2006 2644">
     <span class='ocr_line' id='line_1_25' title="bbox 425 2573 2006 2644; baseline -0.004 -11"><span class='ocrx_word' id='word_1_184' title='bbox 425 2589 528 2644; x_wconf 89' lang='lat' dir='ltr'><strong>est,</strong></span> <span class='ocrx_word' id='word_1_185' title='bbox 547 2578 740 2634; x_wconf 90' lang='lat' dir='ltr'><strong>deinde</strong></span> <span class='ocrx_word' id='word_1_186' title='bbox 757 2577 1118 2631; x_wconf 90' lang='lat' dir='ltr'><strong>humectatum</strong></span> <span class='ocrx_word' id='word_1_187' title='bbox 1136 2584 1191 2629; x_wconf 88' lang='lat' dir='ltr'><strong>et</strong></span> <span class='ocrx_word' id='word_1_188' title='bbox 1208 2575 1258 2627; x_wconf 92' lang='lat' dir='ltr'><strong>in</strong></span> <span class='ocrx_word' id='word_1_189' title='bbox 1268 2574 1446 2628; x_wconf 76' lang='lat' dir='ltr'><strong>[latum</strong></span> <span class='ocrx_word' id='word_1_190' title='bbox 1459 2573 1787 2642; x_wconf 73' lang='lat' dir='ltr'><strong>adiacentem</strong></span> <span class='ocrx_word' id='word_1_191' title='bbox 1813 2584 2006 2628; x_wconf 87' lang='lat' dir='ltr'><strong>terram</strong></span> 
     </span>
    </p>
   </div>
   <div class='ocr_carea' id='block_1_26' title="bbox 418 2664 2004 2740">
    <p class='ocr_par' dir='ltr' id='par_1_26' title="bbox 418 2664 2004 2740">
     <span class='ocr_line' id='line_1_26' title="bbox 418 2664 2004 2740; baseline -0.006 -15"><span class='ocrx_word' id='word_1_192' title='bbox 418 2670 976 2740; x_wconf 80' lang='lat' dir='ltr'><strong>occupavit;~poslea</strong></span> <span class='ocrx_word' id='word_1_193' title='bbox 1030 2667 1084 2721; x_wconf 89' lang='lat' dir='ltr'><strong>in</strong></span> <span class='ocrx_word' id='word_1_194' title='bbox 1134 2666 1429 2720; x_wconf 72' lang='lat' dir='ltr'><strong>divisiones</strong></span> <span class='ocrx_word' id='word_1_195' title='bbox 1477 2664 1675 2719; x_wconf 89' lang='lat' dir='ltr'><strong>multas</strong></span> <span class='ocrx_word' id='word_1_196' title='bbox 1712 2678 2004 2734; x_wconf 76' lang='lat' dir='ltr'><strong>expansum</strong></span> 
     </span>
    </p>
   </div>
   <div class='ocr_carea' id='block_1_27' title="bbox 422 2753 2007 2832">
    <p class='ocr_par' dir='ltr' id='par_1_27' title="bbox 422 2753 2007 2832">
     <span class='ocr_line' id='line_1_27' title="bbox 422 2753 2007 2832; baseline -0.003 -17"><span class='ocrx_word' id='word_1_197' title='bbox 422 2767 480 2816; x_wconf 80' lang='lat' dir='ltr'><strong>in</strong></span> <span class='ocrx_word' id='word_1_198' title='bbox 511 2758 829 2832; x_wconf 78' lang='lat' dir='ltr'><strong>profundum</strong></span> <span class='ocrx_word' id='word_1_199' title='bbox 858 2756 1065 2812; x_wconf 85' lang='lat' dir='ltr'><strong>radices</strong></span> <span class='ocrx_word' id='word_1_200' title='bbox 1094 2770 1219 2810; x_wconf 88' lang='lat' dir='ltr'><strong>suas</strong></span> <span class='ocrx_word' id='word_1_201' title='bbox 1244 2755 1425 2811; x_wconf 84' lang='lat' dir='ltr'><strong>misit:</strong></span> <span class='ocrx_word' id='word_1_202' title='bbox 1468 2755 1695 2826; x_wconf 89' lang='lat' dir='ltr'><strong>primum</strong></span> <span class='ocrx_word' id='word_1_203' title='bbox 1720 2753 2007 2824; x_wconf 85' lang='lat' dir='ltr'><strong>prospieile</strong></span> 
     </span>
    </p>
   </div>
   <div class='ocr_carea' id='block_1_28' title="bbox 430 2846 2004 2923">
    <p class='ocr_par' dir='ltr' id='par_1_28' title="bbox 430 2846 2004 2923">
     <span class='ocr_line' id='line_1_28' title="bbox 430 2846 2004 2923; baseline -0.005 -15"><span class='ocrx_word' id='word_1_204' title='bbox 430 2851 752 2923; x_wconf 72' lang='lat' dir='ltr'><strong>superficie;</strong></span> <span class='ocrx_word' id='word_1_205' title='bbox 781 2848 975 2906; x_wconf 90' lang='lat' dir='ltr'><strong>deinde</strong></span> <span class='ocrx_word' id='word_1_206' title='bbox 1002 2847 1276 2920; x_wconf 83' lang='lat' dir='ltr'><strong>paulatim,</strong></span> <span class='ocrx_word' id='word_1_207' title='bbox 1306 2847 1439 2913; x_wconf 90' lang='lat' dir='ltr'><strong>sole,</strong></span> <span class='ocrx_word' id='word_1_208' title='bbox 1471 2846 1649 2918; x_wconf 86' lang='lat' dir='ltr'><strong>pluvia</strong></span> <span class='ocrx_word' id='word_1_209' title='bbox 1676 2856 1730 2902; x_wconf 92' lang='lat' dir='ltr'><strong>et</strong></span> <span class='ocrx_word' id='word_1_210' title='bbox 1750 2860 1876 2901; x_wconf 89' lang='lat' dir='ltr'><strong>aere</strong></span> <span class='ocrx_word' id='word_1_211' title='bbox 1902 2861 2004 2900; x_wconf 87' lang='lat' dir='ltr'><strong>nu-</strong></span> 
     </span>
    </p>
   </div>
   <div class='ocr_carea' id='block_1_29' title="bbox 427 2939 2003 3014">
    <p class='ocr_par' dir='ltr' id='par_1_29' title="bbox 427 2939 2003 3014">
     <span class='ocr_line' id='line_1_29' title="bbox 427 2939 2003 3014; baseline -0.003 -15"><span class='ocrx_word' id='word_1_212' title='bbox 427 2948 608 3001; x_wconf 76' lang='lat' dir='ltr'><strong>tritum</strong></span> <span class='ocrx_word' id='word_1_213' title='bbox 639 2941 1030 3014; x_wconf 79' lang='lat' dir='ltr'><strong>germinatione</strong></span> <span class='ocrx_word' id='word_1_214' title='bbox 1060 2949 1217 2996; x_wconf 83' lang='lat' dir='ltr'><strong>terrae</strong></span> <span class='ocrx_word' id='word_1_215' title='bbox 1248 2948 1470 3010; x_wconf 79' lang='lat' dir='ltr'><strong>augetur</strong></span> <span class='ocrx_word' id='word_1_216' title='bbox 1489 2980 1505 3005; x_wconf 89' lang='lat'><strong>,</strong></span> <span class='ocrx_word' id='word_1_217' title='bbox 1542 2949 1597 2994; x_wconf 89' lang='lat' dir='ltr'><strong>et</strong></span> <span class='ocrx_word' id='word_1_218' title='bbox 1624 2939 1856 2994; x_wconf 79' lang='lat' dir='ltr'><strong>efficitur</strong></span> <span class='ocrx_word' id='word_1_219' title='bbox 1883 2939 2003 3010; x_wconf 86' lang='lat' dir='ltr'><strong>qui-</strong></span> 
     </span>
    </p>
   </div>
   <div class='ocr_carea' id='block_1_30' title="bbox 416 3029 1997 3105">
    <p class='ocr_par' dir='ltr' id='par_1_30' title="bbox 416 3029 1997 3105">
     <span class='ocr_line' id='line_1_30' title="bbox 416 3029 1997 3105; baseline -0.005 -14"><span class='ocrx_word' id='word_1_220' title='bbox 416 3037 541 3091; x_wconf 84' lang='lat' dir='ltr'><strong>dem</strong></span> <span class='ocrx_word' id='word_1_221' title='bbox 564 3034 792 3105; x_wconf 90' lang='lat' dir='ltr'><strong>primum</strong></span> <span class='ocrx_word' id='word_1_222' title='bbox 820 3032 1225 3099; x_wconf 86' lang='lat' dir='ltr'><strong>herbavirens,</strong></span> <span class='ocrx_word' id='word_1_223' title='bbox 1255 3041 1309 3086; x_wconf 90' lang='lat' dir='ltr'><strong>et</strong></span> <span class='ocrx_word' id='word_1_224' title='bbox 1355 3040 1540 3086; x_wconf 87' lang='lat' dir='ltr'><strong>tenera</strong></span> <span class='ocrx_word' id='word_1_225' title='bbox 1585 3029 1711 3086; x_wconf 80' lang='lat' dir='ltr'><strong>folia</strong></span> <span class='ocrx_word' id='word_1_226' title='bbox 1762 3030 1997 3097; x_wconf 87' lang='lat' dir='ltr'><strong>emittit;</strong></span> 
     </span>
    </p>
   </div>
   <div class='ocr_carea' id='block_1_31' title="bbox 420 3121 2002 3194">
    <p class='ocr_par' dir='ltr' id='par_1_31' title="bbox 420 3121 2002 3194">
     <span class='ocr_line' id='line_1_31' title="bbox 420 3121 2002 3194; baseline -0.004 -11"><span class='ocrx_word' id='word_1_227' title='bbox 420 3126 615 3183; x_wconf 90' lang='lat' dir='ltr'><strong>deinde</strong></span> <span class='ocrx_word' id='word_1_228' title='bbox 642 3124 981 3179; x_wconf 86' lang='lat' dir='ltr'><strong>immaturam</strong></span> <span class='ocrx_word' id='word_1_229' title='bbox 1009 3122 1211 3194; x_wconf 82' lang='lat' dir='ltr'><strong>spicam</strong></span> <span class='ocrx_word' id='word_1_230' title='bbox 1246 3121 1458 3190; x_wconf 78' lang='lat' dir='ltr'><strong>effert,</strong></span> <span class='ocrx_word' id='word_1_231' title='bbox 1501 3129 1559 3178; x_wconf 91' lang='lat' dir='ltr'><strong>et</strong></span> <span class='ocrx_word' id='word_1_232' title='bbox 1598 3121 1831 3177; x_wconf 81' lang='lat' dir='ltr'><strong>instante</strong></span> <span class='ocrx_word' id='word_1_233' title='bbox 1877 3136 2002 3177; x_wconf 87' lang='lat' dir='ltr'><strong>vere</strong></span> 
     </span>
    </p>
   </div>
   <div class='ocr_carea' id='block_1_32' title="bbox 417 3213 1999 3289">
    <p class='ocr_par' dir='ltr' id='par_1_32' title="bbox 417 3213 1999 3289">
     <span class='ocr_line' id='line_1_32' title="bbox 417 3213 1999 3289; baseline -0.003 -15"><span class='ocrx_word' id='word_1_234' title='bbox 417 3234 607 3274; x_wconf 89' lang='lat' dir='ltr'><strong>rursus</strong></span> <span class='ocrx_word' id='word_1_235' title='bbox 640 3217 895 3289; x_wconf 81' lang='lat' dir='ltr'><strong>paulatim</strong></span> <span class='ocrx_word' id='word_1_236' title='bbox 923 3213 1342 3270; x_wconf 84' lang='lat' dir='ltr'><strong>maturatumad</strong></span> <span class='ocrx_word' id='word_1_237' title='bbox 1383 3214 1630 3285; x_wconf 88' lang='lat' dir='ltr'><strong>stipulam</strong></span> <span class='ocrx_word' id='word_1_238' title='bbox 1670 3220 1730 3270; x_wconf 86' lang='lat' dir='ltr'><strong>et</strong></span> <span class='ocrx_word' id='word_1_239' title='bbox 1768 3216 1999 3283; x_wconf 88' lang='lat' dir='ltr'><strong>aristas,</strong></span> 
     </span>
    </p>
   </div>
   <div class='ocr_carea' id='block_1_33' title="bbox 416 3304 1997 3382">
    <p class='ocr_par' dir='ltr' id='par_1_33' title="bbox 416 3304 1997 3382">
     <span class='ocr_line' id='line_1_33' title="bbox 416 3304 1997 3382; baseline -0.004 -16"><span class='ocrx_word' id='word_1_240' title='bbox 416 3311 633 3382; x_wconf 85' lang='lat' dir='ltr'><strong>plenum</strong></span> <span class='ocrx_word' id='word_1_241' title='bbox 659 3307 889 3364; x_wconf 79' lang='lat' dir='ltr'><strong>fructum</strong></span> <span class='ocrx_word' id='word_1_242' title='bbox 915 3305 1112 3363; x_wconf 90' lang='lat' dir='ltr'><strong>reddit.</strong></span> <span class='ocrx_word' id='word_1_243' title='bbox 1142 3305 1293 3362; x_wconf 90' lang='lat' dir='ltr'><strong>Tunc</strong></span> <span class='ocrx_word' id='word_1_244' title='bbox 1320 3305 1536 3361; x_wconf 89' lang='lat' dir='ltr'><strong>demum</strong></span> <span class='ocrx_word' id='word_1_245' title='bbox 1580 3305 1812 3375; x_wconf 83' lang='lat' dir='ltr'><strong>agricola</strong></span> <span class='ocrx_word' id='word_1_246' title='bbox 1834 3346 1849 3371; x_wconf 94' lang='lat'><strong>,</strong></span> <span class='ocrx_word' id='word_1_247' title='bbox 1898 3304 1997 3360; x_wconf 84' lang='lat' dir='ltr'><strong>fal-</strong></span> 
     </span>
    </p>
   </div>
   <div class='ocr_carea' id='block_1_34' title="bbox 417 3395 1998 3469">
    <p class='ocr_par' dir='ltr' id='par_1_34' title="bbox 417 3395 1998 3469">
     <span class='ocr_line' id='line_1_34' title="bbox 417 3395 1998 3469; baseline -0.004 -13"><span class='ocrx_word' id='word_1_248' title='bbox 417 3416 538 3456; x_wconf 83' lang='lat' dir='ltr'><strong>cem</strong></span> <span class='ocrx_word' id='word_1_249' title='bbox 568 3414 790 3469; x_wconf 87' lang='lat' dir='ltr'><strong>acuens,</strong></span> <span class='ocrx_word' id='word_1_250' title='bbox 818 3412 1089 3453; x_wconf 83' lang='lat' dir='ltr'><strong>messores</strong></span> <span class='ocrx_word' id='word_1_251' title='bbox 1116 3405 1426 3467; x_wconf 77' lang='lat' dir='ltr'><strong>congregat,</strong></span> <span class='ocrx_word' id='word_1_252' title='bbox 1472 3404 1527 3451; x_wconf 90' lang='lat' dir='ltr'><strong>et</strong></span> <span class='ocrx_word' id='word_1_253' title='bbox 1567 3395 1854 3451; x_wconf 90' lang='lat' dir='ltr'><strong>collectum</strong></span> <span class='ocrx_word' id='word_1_254' title='bbox 1884 3395 1998 3450; x_wconf 86' lang='lat' dir='ltr'><strong>l‘ru-</strong></span> 
     </span>
    </p>
   </div>
   <div class='ocr_carea' id='block_1_35' title="bbox 411 3487 1999 3561">
    <p class='ocr_par' dir='ltr' id='par_1_35' title="bbox 411 3487 1999 3561">
     <span class='ocr_line' id='line_1_35' title="bbox 411 3487 1999 3561; baseline -0.005 -10"><span class='ocrx_word' id='word_1_255' title='bbox 411 3505 571 3551; x_wconf 73' lang='lat' dir='ltr'><strong>~etum</strong></span> <span class='ocrx_word' id='word_1_256' title='bbox 612 3495 664 3547; x_wconf 91' lang='lat' dir='ltr'><strong>in</strong></span> <span class='ocrx_word' id='word_1_257' title='bbox 692 3493 853 3548; x_wconf 93' lang='lat' dir='ltr'><strong>domo</strong></span> <span class='ocrx_word' id='word_1_258' title='bbox 879 3491 1118 3561; x_wconf 89' lang='lat' dir='ltr'><strong>deponit.</strong></span> <span class='ocrx_word' id='word_1_259' title='bbox 1150 3489 1339 3545; x_wconf 75' lang='lat' dir='ltr'><strong>Messis</strong></span> <span class='ocrx_word' id='word_1_260' title='bbox 1367 3497 1449 3544; x_wconf 88' lang='lat' dir='ltr'><strong>est</strong></span> <span class='ocrx_word' id='word_1_261' title='bbox 1476 3489 1636 3559; x_wconf 84' lang='lat' dir='ltr'><strong>igitur</strong></span> <span class='ocrx_word' id='word_1_262' title='bbox 1674 3487 1796 3542; x_wconf 83' lang='lat' dir='ltr'><strong>linis</strong></span> <span class='ocrx_word' id='word_1_263' title='bbox 1823 3489 1999 3544; x_wconf 88' lang='lat' dir='ltr'><strong>omnis</strong></span> 
     </span>
    </p>
   </div>
   <div class='ocr_carea' id='block_1_36' title="bbox 421 3578 1997 3657">
    <p class='ocr_par' dir='ltr' id='par_1_36' title="bbox 421 3578 1997 3657">
     <span class='ocr_line' id='line_1_36' title="bbox 421 3578 1997 3657; baseline -0.006 -14"><span class='ocrx_word' id='word_1_264' title='bbox 421 3587 622 3644; x_wconf 88' lang='lat' dir='ltr'><strong>laboris</strong></span> <span class='ocrx_word' id='word_1_265' title='bbox 647 3595 704 3643; x_wconf 89' lang='lat' dir='ltr'><strong>et</strong></span> <span class='ocrx_word' id='word_1_266' title='bbox 744 3585 1103 3657; x_wconf 70' lang='lat' dir='ltr'><strong>agriculturce.</strong></span> <span class='ocrx_word' id='word_1_267' title='bbox 1150 3580 1430 3649; x_wconf 83' lang='lat' dir='ltr'><strong>Quomodo</strong></span> <span class='ocrx_word' id='word_1_268' title='bbox 1468 3594 1632 3650; x_wconf 82' lang='lat' dir='ltr'><strong>ergo,</strong></span> <span class='ocrx_word' id='word_1_269' title='bbox 1678 3595 1896 3651; x_wconf 71' lang='lat' dir='ltr'><strong>qumso,</strong></span> <span class='ocrx_word' id='word_1_270' title='bbox 1942 3578 1997 3634; x_wconf 90' lang='lat' dir='ltr'><strong>id</strong></span> 
     </span>
    </p>
   </div>
   <div class='ocr_carea' id='block_1_37' title="bbox 422 3670 1997 3744">
    <p class='ocr_par' dir='ltr' id='par_1_37' title="bbox 422 3670 1997 3744">
     <span class='ocr_line' id='line_1_37' title="bbox 422 3670 1997 3744; baseline -0.006 -10"><span class='ocrx_word' id='word_1_271' title='bbox 422 3694 653 3735; x_wconf 79' lang='lat' dir='ltr'><strong>messem</strong></span> <span class='ocrx_word' id='word_1_272' title='bbox 680 3685 855 3744; x_wconf 89' lang='lat' dir='ltr'><strong>vocat,</strong></span> <span class='ocrx_word' id='word_1_273' title='bbox 879 3689 998 3730; x_wconf 91' lang='lat' dir='ltr'><strong>cum</strong></span> <span class='ocrx_word' id='word_1_274' title='bbox 1027 3689 1115 3730; x_wconf 87' lang='lat' dir='ltr'><strong>res</strong></span> <span class='ocrx_word' id='word_1_275' title='bbox 1143 3672 1318 3728; x_wconf 90' lang='lat' dir='ltr'><strong>adhuc</strong></span> <span class='ocrx_word' id='word_1_276' title='bbox 1338 3673 1388 3726; x_wconf 92' lang='lat' dir='ltr'><strong>in</strong></span> <span class='ocrx_word' id='word_1_277' title='bbox 1416 3671 1692 3741; x_wconf 70' lang='lat' dir='ltr'><strong>prowmiis</strong></span> <span class='ocrx_word' id='word_1_278' title='bbox 1738 3679 1793 3725; x_wconf 89' lang='lat' dir='ltr'><strong>et</strong></span> <span class='ocrx_word' id='word_1_279' title='bbox 1834 3670 1997 3725; x_wconf 86' lang='lat' dir='ltr'><strong>mitiis</strong></span> 
     </span>
    </p>
   </div>
   <div class='ocr_carea' id='block_1_38' title="bbox 416 3762 1994 3841">
    <p class='ocr_par' dir='ltr' id='par_1_38' title="bbox 416 3762 1994 3841">
     <span class='ocr_line' id='line_1_38' title="bbox 416 3762 1994 3841; baseline -0.008 -11"><span class='ocrx_word' id='word_1_280' title='bbox 416 3775 598 3830; x_wconf 83' lang='lat' dir='ltr'><strong>esset?</strong></span> <span class='ocrx_word' id='word_1_281' title='bbox 622 3771 872 3841; x_wconf 89' lang='lat' dir='ltr'><strong>Impietas</strong></span> <span class='ocrx_word' id='word_1_282' title='bbox 888 3770 1030 3825; x_wconf 90' lang='lat' dir='ltr'><strong>enim</strong></span> <span class='ocrx_word' id='word_1_283' title='bbox 1063 3768 1259 3837; x_wconf 89' lang='lat' dir='ltr'><strong>ubique</strong></span> <span class='ocrx_word' id='word_1_284' title='bbox 1285 3776 1548 3820; x_wconf 89' lang='lat' dir='ltr'><strong>terrarum</strong></span> <span class='ocrx_word' id='word_1_285' title='bbox 1574 3762 1949 3818; x_wconf 85' lang='lat' dir='ltr'><strong>dominabatur</strong></span> <span class='ocrx_word' id='word_1_286' title='bbox 1978 3779 1994 3817; x_wconf 88' lang='lat'><strong>:</strong></span> 
     </span>
    </p>
   </div>
   <div class='ocr_carea' id='block_1_39' title="bbox 416 3854 1995 3924">
    <p class='ocr_par' dir='ltr' id='par_1_39' title="bbox 416 3854 1995 3924">
     <span class='ocr_line' id='line_1_39' title="bbox 416 3854 1995 3924; baseline -0.004 -7"><span class='ocrx_word' id='word_1_287' title='bbox 416 3881 525 3919; x_wconf 72' lang='lat' dir='ltr'><strong>anc</strong></span> <span class='ocrx_word' id='word_1_288' title='bbox 548 3862 840 3924; x_wconf 88' lang='lat' dir='ltr'><strong>ardebant,</strong></span> <span class='ocrx_word' id='word_1_289' title='bbox 869 3869 922 3915; x_wconf 88' lang='lat' dir='ltr'><strong>et</strong></span> <span class='ocrx_word' id='word_1_290' title='bbox 948 3859 1088 3915; x_wconf 87' lang='lat' dir='ltr'><strong>idola</strong></span> <span class='ocrx_word' id='word_1_291' title='bbox 1120 3856 1501 3920; x_wconf 87' lang='lat' dir='ltr'><strong>adorabantur,</strong></span> <span class='ocrx_word' id='word_1_292' title='bbox 1544 3854 1703 3910; x_wconf 81' lang='lat' dir='ltr'><strong>Jesus</strong></span> <span class='ocrx_word' id='word_1_293' title='bbox 1728 3854 1995 3924; x_wconf 87' lang='lat' dir='ltr'><strong>despicie-</strong></span> 
     </span>
    </p>
   </div>
   <div class='ocr_carea' id='block_1_40' title="bbox 419 3946 1999 4024">
    <p class='ocr_par' dir='ltr' id='par_1_40' title="bbox 419 3946 1999 4024">
     <span class='ocr_line' id='line_1_40' title="bbox 419 3946 1999 4024; baseline -0.006 -16"><span class='ocrx_word' id='word_1_294' title='bbox 419 3957 597 4019; x_wconf 81' lang='lat' dir='ltr'><strong>batur,</strong></span> <span class='ocrx_word' id='word_1_295' title='bbox 614 3962 675 4009; x_wconf 85' lang='lat' dir='ltr'><strong>et</strong></span> <span class='ocrx_word' id='word_1_296' title='bbox 700 3951 961 4024; x_wconf 80' lang='lat' dir='ltr'><strong>profunda</strong></span> <span class='ocrx_word' id='word_1_297' title='bbox 980 3967 1084 4005; x_wconf 85' lang='lat' dir='ltr'><strong>nox</strong></span> <span class='ocrx_word' id='word_1_298' title='bbox 1111 3949 1289 4004; x_wconf 87' lang='lat' dir='ltr'><strong>omnia</strong></span> <span class='ocrx_word' id='word_1_299' title='bbox 1311 3947 1622 4004; x_wconf 87' lang='lat' dir='ltr'><strong>continebat</strong></span> <span class='ocrx_word' id='word_1_300' title='bbox 1647 3963 1661 4000; x_wconf 89' lang='lat'><strong>:</strong></span> <span class='ocrx_word' id='word_1_301' title='bbox 1691 3946 1863 4001; x_wconf 90' lang='lat' dir='ltr'><strong>hiems</strong></span> <span class='ocrx_word' id='word_1_302' title='bbox 1882 3954 1999 4001; x_wconf 89' lang='lat' dir='ltr'><strong>erat</strong></span> 
     </span>
    </p>
   </div>
   <div class='ocr_carea' id='block_1_41' title="bbox 420 4040 1997 4113">
    <p class='ocr_par' dir='ltr' id='par_1_41' title="bbox 420 4040 1997 4113">
     <span class='ocr_line' id='line_1_41' title="bbox 420 4040 1997 4113; baseline -0.004 -13"><span class='ocrx_word' id='word_1_303' title='bbox 420 4046 633 4107; x_wconf 83' lang='lat' dir='ltr'><strong>acerba,</strong></span> <span class='ocrx_word' id='word_1_304' title='bbox 662 4059 815 4098; x_wconf 88' lang='lat' dir='ltr'><strong>mare</strong></span> <span class='ocrx_word' id='word_1_305' title='bbox 862 4042 1275 4113; x_wconf 84' lang='lat' dir='ltr'><strong>tempestatibus</strong></span> <span class='ocrx_word' id='word_1_306' title='bbox 1300 4041 1557 4112; x_wconf 88' lang='lat' dir='ltr'><strong>agitatum</strong></span> <span class='ocrx_word' id='word_1_307' title='bbox 1578 4082 1593 4105; x_wconf 90' lang='lat'><strong>,</strong></span> <span class='ocrx_word' id='word_1_308' title='bbox 1627 4041 1801 4095; x_wconf 91' lang='lat' dir='ltr'><strong>ventis</strong></span> <span class='ocrx_word' id='word_1_309' title='bbox 1830 4040 1997 4096; x_wconf 84' lang='lat' dir='ltr'><strong>vehe-</strong></span> 
     </span>
    </p>
   </div>
   <div class='ocr_carea' id='block_1_42' title="bbox 416 4133 1997 4204">
    <p class='ocr_par' dir='ltr' id='par_1_42' title="bbox 416 4133 1997 4204">
     <span class='ocr_line' id='line_1_42' title="bbox 416 4133 1997 4204; baseline -0.003 -12"><span class='ocrx_word' id='word_1_310' title='bbox 416 4137 686 4192; x_wconf 76' lang='lat' dir='ltr'><strong>mentibus</strong></span> <span class='ocrx_word' id='word_1_311' title='bbox 712 4137 996 4190; x_wconf 85' lang='lat' dir='ltr'><strong>humanam</strong></span> <span class='ocrx_word' id='word_1_312' title='bbox 1029 4136 1190 4189; x_wconf 88' lang='lat' dir='ltr'><strong>vitam</strong></span> <span class='ocrx_word' id='word_1_313' title='bbox 1222 4134 1560 4189; x_wconf 86' lang='lat' dir='ltr'><strong>turbantibus</strong></span> <span class='ocrx_word' id='word_1_314' title='bbox 1583 4173 1598 4196; x_wconf 90' lang='lat'><strong>,</strong></span> <span class='ocrx_word' id='word_1_315' title='bbox 1626 4133 1769 4189; x_wconf 83' lang='lat' dir='ltr'><strong>vitiis</strong></span> <span class='ocrx_word' id='word_1_316' title='bbox 1815 4142 1997 4204; x_wconf 83' lang='lat' dir='ltr'><strong>tyran-</strong></span> 
     </span>
    </p>
   </div>
   <div class='ocr_carea' id='block_1_43' title="bbox 421 4225 1996 4297">
    <p class='ocr_par' dir='ltr' id='par_1_43' title="bbox 421 4225 1996 4297">
     <span class='ocr_line' id='line_1_43' title="bbox 421 4225 1996 4297; baseline -0.001 -14"><span class='ocrx_word' id='word_1_317' title='bbox 421 4230 599 4283; x_wconf 88' lang='lat' dir='ltr'><strong>nidem</strong></span> <span class='ocrx_word' id='word_1_318' title='bbox 631 4229 1002 4283; x_wconf 84' lang='lat' dir='ltr'><strong>exercentibus</strong></span> <span class='ocrx_word' id='word_1_319' title='bbox 1023 4268 1038 4291; x_wconf 93' lang='lat'><strong>,</strong></span> <span class='ocrx_word' id='word_1_320' title='bbox 1070 4227 1443 4297; x_wconf 86' lang='lat' dir='ltr'><strong>immersisque</strong></span> <span class='ocrx_word' id='word_1_321' title='bbox 1471 4226 1740 4283; x_wconf 88' lang='lat' dir='ltr'><strong>omnibus.</strong></span> <span class='ocrx_word' id='word_1_322' title='bbox 1789 4225 1996 4296; x_wconf 81' lang='lat' dir='ltr'><strong>Ubique</strong></span> 
     </span>
    </p>
   </div>
   <div class='ocr_carea' id='block_1_44' title="bbox 416 4316 1997 4387">
    <p class='ocr_par' dir='ltr' id='par_1_44' title="bbox 416 4316 1997 4387">
     <span class='ocr_line' id='line_1_44' title="bbox 416 4316 1997 4387; baseline -0.003 -12"><span class='ocrx_word' id='word_1_323' title='bbox 416 4317 888 4383; x_wconf 79' lang='lat' dir='ltr'><strong>enim-fornicatio,</strong></span> <span class='ocrx_word' id='word_1_324' title='bbox 911 4318 1227 4373; x_wconf 86' lang='lat' dir='ltr'><strong>adulterium</strong></span> <span class='ocrx_word' id='word_1_325' title='bbox 1256 4318 1543 4373; x_wconf 83' lang='lat' dir='ltr'><strong>etlascivia</strong></span> <span class='ocrx_word' id='word_1_326' title='bbox 1564 4334 1578 4371; x_wconf 90' lang='lat'><strong>:</strong></span> <span class='ocrx_word' id='word_1_327' title='bbox 1599 4317 1793 4387; x_wconf 89' lang='lat' dir='ltr'><strong>ubique</strong></span> <span class='ocrx_word' id='word_1_328' title='bbox 1821 4316 1997 4371; x_wconf 87' lang='lat' dir='ltr'><strong>avari-</strong></span> 
     </span>
    </p>
   </div>
   <div class='ocr_carea' id='block_1_45' title="bbox 424 4407 1993 4478">
    <p class='ocr_par' dir='ltr' id='par_1_45' title="bbox 424 4407 1993 4478">
     <span class='ocr_line' id='line_1_45' title="bbox 424 4407 1993 4478; baseline -0.001 -15"><span class='ocrx_word' id='word_1_329' title='bbox 424 4410 516 4473; x_wconf 86' lang='lat' dir='ltr'><strong>tia,</strong></span> <span class='ocrx_word' id='word_1_330' title='bbox 547 4408 766 4478; x_wconf 73' lang='lat' dir='ltr'><strong>rapinze,</strong></span> <span class='ocrx_word' id='word_1_331' title='bbox 793 4407 933 4464; x_wconf 87' lang='lat' dir='ltr'><strong>bella</strong></span> <span class='ocrx_word' id='word_1_332' title='bbox 967 4426 980 4461; x_wconf 88' lang='lat'>:</span> <span class='ocrx_word' id='word_1_333' title='bbox 1012 4409 1228 4478; x_wconf 80' lang='lat' dir='ltr'><strong>sanguis</strong></span> <span class='ocrx_word' id='word_1_334' title='bbox 1254 4407 1305 4462; x_wconf 90' lang='lat' dir='ltr'><strong>in</strong></span> <span class='ocrx_word' id='word_1_335' title='bbox 1331 4417 1491 4472; x_wconf 88' lang='lat' dir='ltr'><strong>terra,</strong></span> <span class='ocrx_word' id='word_1_336' title='bbox 1517 4409 1732 4478; x_wconf 79' lang='lat' dir='ltr'><strong>sanguis</strong></span> <span class='ocrx_word' id='word_1_337' title='bbox 1759 4409 1808 4462; x_wconf 93' lang='lat' dir='ltr'><strong>in</strong></span> <span class='ocrx_word' id='word_1_338' title='bbox 1837 4407 1993 4475; x_wconf 90' lang='lat' dir='ltr'><strong>mari,</strong></span> 
     </span>
    </p>
   </div>
   <div class='ocr_carea' id='block_1_46' title="bbox 422 4498 1996 4570">
    <p class='ocr_par' dir='ltr' id='par_1_46' title="bbox 422 4498 1996 4570">
     <span class='ocr_line' id='line_1_46' title="bbox 422 4498 1996 4570; baseline -0.001 -15"><span class='ocrx_word' id='word_1_339' title='bbox 422 4500 640 4569; x_wconf 76' lang='lat' dir='ltr'><strong>sanguis</strong></span> <span class='ocrx_word' id='word_1_340' title='bbox 661 4514 848 4555; x_wconf 89' lang='lat' dir='ltr'><strong>eorum</strong></span> <span class='ocrx_word' id='word_1_341' title='bbox 878 4500 966 4570; x_wconf 89' lang='lat' dir='ltr'><strong>qui</strong></span> <span class='ocrx_word' id='word_1_342' title='bbox 1010 4499 1247 4554; x_wconf 88' lang='lat' dir='ltr'><strong>immersi</strong></span> <span class='ocrx_word' id='word_1_343' title='bbox 1295 4498 1524 4565; x_wconf 81' lang='lat' dir='ltr'><strong>fuerant,</strong></span> <span class='ocrx_word' id='word_1_344' title='bbox 1559 4508 1612 4554; x_wconf 89' lang='lat' dir='ltr'><strong>et</strong></span> <span class='ocrx_word' id='word_1_345' title='bbox 1636 4500 1812 4556; x_wconf 64' lang='lat' dir='ltr'><strong>eatdes</strong></span> <span class='ocrx_word' id='word_1_346' title='bbox 1859 4500 1996 4554; x_wconf 92' lang='lat' dir='ltr'><strong>istuc</strong></span> 
     </span>
    </p>
   </div>
   <div class='ocr_carea' id='block_1_47' title="bbox 416 4588 1994 4662">
    <p class='ocr_par' dir='ltr' id='par_1_47' title="bbox 416 4588 1994 4662">
     <span class='ocr_line' id='line_1_47' title="bbox 416 4588 1994 4662; baseline 0.001 -17"><span class='ocrx_word' id='word_1_347' title='bbox 416 4592 711 4645; x_wconf 83' lang='lat' dir='ltr'><strong>intulerant</strong></span> <span class='ocrx_word' id='word_1_348' title='bbox 740 4588 878 4644; x_wconf 89' lang='lat' dir='ltr'><strong>bella</strong></span> <span class='ocrx_word' id='word_1_349' title='bbox 904 4589 1202 4659; x_wconf 82' lang='lat' dir='ltr'><strong>frequentia</strong></span> <span class='ocrx_word' id='word_1_350' title='bbox 1231 4597 1285 4644; x_wconf 89' lang='lat' dir='ltr'><strong>et</strong></span> <span class='ocrx_word' id='word_1_351' title='bbox 1306 4605 1492 4660; x_wconf 73' lang='lat' dir='ltr'><strong>pugnm</strong></span> <span class='ocrx_word' id='word_1_352' title='bbox 1511 4632 1526 4657; x_wconf 94' lang='lat'><strong>,</strong></span> <span class='ocrx_word' id='word_1_353' title='bbox 1559 4592 1847 4662; x_wconf 87' lang='lat' dir='ltr'><strong>civilesque</strong></span> <span class='ocrx_word' id='word_1_354' title='bbox 1885 4607 1994 4647; x_wconf 79' lang='lat' dir='ltr'><strong>ca:-</strong></span> 
     </span>
    </p>
   </div>
   <div class='ocr_carea' id='block_1_48' title="bbox 415 4678 1995 4751">
    <p class='ocr_par' dir='ltr' id='par_1_48' title="bbox 415 4678 1995 4751">
     <span class='ocr_line' id='line_1_48' title="bbox 415 4678 1995 4751; baseline 0.002 -16"><span class='ocrx_word' id='word_1_355' title='bbox 415 4682 533 4745; x_wconf 86' lang='lat' dir='ltr'><strong>des,</strong></span> <span class='ocrx_word' id='word_1_356' title='bbox 579 4679 758 4735; x_wconf 54' lang='lat' dir='ltr'><strong>caedes</strong></span> <span class='ocrx_word' id='word_1_357' title='bbox 802 4680 1016 4751; x_wconf 85' lang='lat' dir='ltr'><strong>inquam</strong></span> <span class='ocrx_word' id='word_1_358' title='bbox 1067 4678 1316 4734; x_wconf 90' lang='lat' dir='ltr'><strong>omnibus</strong></span> <span class='ocrx_word' id='word_1_359' title='bbox 1368 4681 1995 4738; x_wconf 76' lang='lat' dir='ltr'><strong>exsecrabilioresznam</strong></span> 
     </span>
    </p>
   </div>
   <div class='ocr_carea' id='block_1_49' title="bbox 421 4762 1993 4842">
    <p class='ocr_par' dir='ltr' id='par_1_49' title="bbox 421 4762 1993 4842">
     <span class='ocr_line' id='line_1_49' title="bbox 421 4762 1993 4842; baseline 0.002 -18"><span class='ocrx_word' id='word_1_360' title='bbox 421 4762 707 4826; x_wconf 76' lang='lat' dir='ltr'><strong>etiamiilii</strong></span> <span class='ocrx_word' id='word_1_361' title='bbox 745 4769 904 4827; x_wconf 89' lang='lat' dir='ltr'><strong>idolis</strong></span> <span class='ocrx_word' id='word_1_362' title='bbox 919 4771 1370 4840; x_wconf 89' lang='lat' dir='ltr'><strong>immolabantur;</strong></span> <span class='ocrx_word' id='word_1_363' title='bbox 1400 4781 1586 4825; x_wconf 88' lang='lat' dir='ltr'><strong>natura</strong></span> <span class='ocrx_word' id='word_1_364' title='bbox 1631 4772 1993 4842; x_wconf 77' lang='lat' dir='ltr'><strong>ignorabatur,</strong></span> 
     </span>
    </p>
   </div>
   <div class='ocr_carea' id='block_1_50' title="bbox 422 4862 1995 4935">
    <p class='ocr_par' dir='ltr' id='par_1_50' title="bbox 422 4862 1995 4935">
     <span class='ocr_line' id='line_1_50' title="bbox 422 4862 1995 4935; baseline 0.001 -16"><span class='ocrx_word' id='word_1_365' title='bbox 422 4864 670 4934; x_wconf 77' lang='lat' dir='ltr'><strong>cognatio</strong></span> <span class='ocrx_word' id='word_1_366' title='bbox 700 4863 1070 4919; x_wconf 85' lang='lat' dir='ltr'><strong>invertebatnr</strong></span> <span class='ocrx_word' id='word_1_367' title='bbox 1102 4880 1115 4915; x_wconf 87' lang='lat'><strong>:</strong></span> <span class='ocrx_word' id='word_1_368' title='bbox 1151 4862 1344 4932; x_wconf 88' lang='lat' dir='ltr'><strong>ubique</strong></span> <span class='ocrx_word' id='word_1_369' title='bbox 1391 4864 1682 4933; x_wconf 65' lang='lat' dir='ltr'><strong>praecipitia</strong></span> <span class='ocrx_word' id='word_1_370' title='bbox 1715 4876 1761 4921; x_wconf 86' lang='lat' dir='ltr'><strong>et</strong></span> <span class='ocrx_word' id='word_1_371' title='bbox 1791 4866 1995 4935; x_wconf 91' lang='lat' dir='ltr'><strong>scopuli</strong></span> 
     </span>
    </p>
   </div>
   <div class='ocr_carea' id='block_1_51' title="bbox 414 4953 1996 5025">
    <p class='ocr_par' dir='ltr' id='par_1_51' title="bbox 414 4953 1996 5025">
     <span class='ocr_line' id='line_1_51' title="bbox 414 4953 1996 5025; baseline 0 -15"><span class='ocrx_word' id='word_1_372' title='bbox 414 4964 477 5010; x_wconf 85' lang='lat' dir='ltr'><strong>et</strong></span> <span class='ocrx_word' id='word_1_373' title='bbox 502 4969 630 5008; x_wconf 79' lang='lat' dir='ltr'><strong>saxa</strong></span> <span class='ocrx_word' id='word_1_374' title='bbox 660 4954 876 5009; x_wconf 88' lang='lat' dir='ltr'><strong>latentia</strong></span> <span class='ocrx_word' id='word_1_375' title='bbox 905 4955 1122 5025; x_wconf 64' lang='lat' dir='ltr'><strong>gratia;</strong></span> <span class='ocrx_word' id='word_1_376' title='bbox 1153 4962 1209 5008; x_wconf 89' lang='lat' dir='ltr'><strong>et</strong></span> <span class='ocrx_word' id='word_1_377' title='bbox 1239 4953 1416 5009; x_wconf 85' lang='lat' dir='ltr'><strong>nullus</strong></span> <span class='ocrx_word' id='word_1_378' title='bbox 1465 4955 1626 5009; x_wconf 91' lang='lat' dir='ltr'><strong>homo</strong></span> <span class='ocrx_word' id='word_1_379' title='bbox 1671 4954 1996 5024; x_wconf 88' lang='lat' dir='ltr'><strong>gubernator</strong></span> 
     </span>
    </p>
   </div>
   <div class='ocr_carea' id='block_1_52' title="bbox 420 5045 1992 5118">
    <p class='ocr_par' dir='ltr' id='par_1_52' title="bbox 420 5045 1992 5118">
     <span class='ocr_line' id='line_1_52' title="bbox 420 5045 1992 5118; baseline 0.001 -16"><span class='ocrx_word' id='word_1_380' title='bbox 420 5058 534 5102; x_wconf 91' lang='lat' dir='ltr'><strong>erat</strong></span> <span class='ocrx_word' id='word_1_381' title='bbox 567 5063 581 5101; x_wconf 88' lang='lat'><strong>:</strong></span> <span class='ocrx_word' id='word_1_382' title='bbox 616 5047 726 5101; x_wconf 89' lang='lat' dir='ltr'><strong>imo</strong></span> <span class='ocrx_word' id='word_1_383' title='bbox 753 5047 1137 5117; x_wconf 84' lang='lat' dir='ltr'><strong>gubernatores</strong></span> <span class='ocrx_word' id='word_1_384' title='bbox 1171 5045 1319 5115; x_wconf 91' lang='lat' dir='ltr'><strong>pauci</strong></span> <span class='ocrx_word' id='word_1_385' title='bbox 1370 5045 1421 5099; x_wconf 92' lang='lat' dir='ltr'><strong>in</strong></span> <span class='ocrx_word' id='word_1_386' title='bbox 1454 5045 1761 5101; x_wconf 56' lang='lat' dir='ltr'><strong>Judaiorum</strong></span> <span class='ocrx_word' id='word_1_387' title='bbox 1799 5058 1992 5118; x_wconf 86' lang='lat' dir='ltr'><strong>gente;</strong></span> 
     </span>
    </p>
   </div>
   <div class='ocr_carea' id='block_1_53' title="bbox 421 5136 1996 5208">
    <p class='ocr_par' dir='ltr' id='par_1_53' title="bbox 421 5136 1996 5208">
     <span class='ocr_line' id='line_1_53' title="bbox 421 5136 1996 5208; baseline 0.001 -14"><span class='ocrx_word' id='word_1_388' title='bbox 421 5136 581 5196; x_wconf 81' lang='lat' dir='ltr'><strong>nemo</strong></span> <span class='ocrx_word' id='word_1_389' title='bbox 612 5152 741 5194; x_wconf 87' lang='lat' dir='ltr'><strong>vero</strong></span> <span class='ocrx_word' id='word_1_390' title='bbox 763 5148 877 5193; x_wconf 89' lang='lat' dir='ltr'><strong>erat</strong></span> <span class='ocrx_word' id='word_1_391' title='bbox 913 5138 1002 5208; x_wconf 91' lang='lat' dir='ltr'><strong>qui</strong></span> <span class='ocrx_word' id='word_1_392' title='bbox 1043 5137 1282 5203; x_wconf 82' lang='lat' dir='ltr'><strong>audiret,</strong></span> <span class='ocrx_word' id='word_1_393' title='bbox 1330 5138 1505 5192; x_wconf 89' lang='lat' dir='ltr'><strong>nautis</strong></span> <span class='ocrx_word' id='word_1_394' title='bbox 1541 5137 1682 5192; x_wconf 89' lang='lat' dir='ltr'><strong>inter</strong></span> <span class='ocrx_word' id='word_1_395' title='bbox 1726 5154 1784 5193; x_wconf 90' lang='lat' dir='ltr'><strong>se</strong></span> <span class='ocrx_word' id='word_1_396' title='bbox 1814 5149 1996 5195; x_wconf 90' lang='lat' dir='ltr'><strong>mutuo</strong></span> 
     </span>
    </p>
   </div>
   <div class='ocr_carea' id='block_1_54' title="bbox 418 5228 1993 5301">
    <p class='ocr_par' dir='ltr' id='par_1_54' title="bbox 418 5228 1993 5301">
     <span class='ocr_line' id='line_1_54' title="bbox 418 5228 1993 5301; baseline 0 -15"><span class='ocrx_word' id='word_1_397' title='bbox 418 5229 865 5301; x_wconf 86' lang='lat' dir='ltr'><strong>disceptantibus,</strong></span> <span class='ocrx_word' id='word_1_398' title='bbox 898 5238 952 5284; x_wconf 89' lang='lat' dir='ltr'><strong>et</strong></span> <span class='ocrx_word' id='word_1_399' title='bbox 977 5228 1148 5285; x_wconf 86' lang='lat' dir='ltr'><strong>altero</strong></span> <span class='ocrx_word' id='word_1_400' title='bbox 1175 5229 1400 5283; x_wconf 87' lang='lat' dir='ltr'><strong>alterum</strong></span> <span class='ocrx_word' id='word_1_401' title='bbox 1425 5230 1832 5285; x_wconf 89' lang='lat' dir='ltr'><strong>concidentibus</strong></span> <span class='ocrx_word' id='word_1_402' title='bbox 1854 5240 1906 5285; x_wconf 89' lang='lat' dir='ltr'><strong>et</strong></span> <span class='ocrx_word' id='word_1_403' title='bbox 1942 5233 1993 5286; x_wconf 90' lang='lat' dir='ltr'><strong>in</strong></span> 
     </span>
    </p>
   </div>
   <div class='ocr_carea' id='block_1_55' title="bbox 419 5321 1993 5393">
    <p class='ocr_par' dir='ltr' id='par_1_55' title="bbox 419 5321 1993 5393">
     <span class='ocr_line' id='line_1_55' title="bbox 419 5321 1993 5393; baseline -0.001 -16"><span class='ocrx_word' id='word_1_404' title='bbox 419 5339 566 5377; x_wconf 87' lang='lat' dir='ltr'><strong>mare</strong></span> <span class='ocrx_word' id='word_1_405' title='bbox 624 5321 1099 5393; x_wconf 67' lang='lat' dir='ltr'><strong>prmeipiLantibus.</strong></span> <span class='ocrx_word' id='word_1_406' title='bbox 1155 5321 1365 5375; x_wconf 87' lang='lat' dir='ltr'><strong>Etenim</strong></span> <span class='ocrx_word' id='word_1_407' title='bbox 1426 5321 1674 5393; x_wconf 77' lang='lat' dir='ltr'><strong>Seythm,</strong></span> <span class='ocrx_word' id='word_1_408' title='bbox 1718 5322 1993 5386; x_wconf 80' lang='lat' dir='ltr'><strong>Thraces,</strong></span> 
     </span>
    </p>
   </div>
   <div class='ocr_carea' id='block_1_56' title="bbox 421 5410 1995 5482">
    <p class='ocr_par' dir='ltr' id='par_1_56' title="bbox 421 5410 1995 5482">
     <span class='ocr_line' id='line_1_56' title="bbox 421 5410 1995 5482; baseline -0.001 -16"><span class='ocrx_word' id='word_1_409' title='bbox 421 5410 608 5474; x_wconf 79' lang='lat' dir='ltr'><strong>Mauri,</strong></span> <span class='ocrx_word' id='word_1_410' title='bbox 640 5412 770 5478; x_wconf 92' lang='lat' dir='ltr'><strong>indi,</strong></span> <span class='ocrx_word' id='word_1_411' title='bbox 802 5413 1000 5475; x_wconf 62' lang='lat' dir='ltr'><strong>Persen,</strong></span> <span class='ocrx_word' id='word_1_412' title='bbox 1028 5412 1309 5476; x_wconf 72' lang='lat' dir='ltr'><strong>Sarmatm,</strong></span> <span class='ocrx_word' id='word_1_413' title='bbox 1340 5420 1393 5466; x_wconf 87' lang='lat' dir='ltr'><strong>et</strong></span> <span class='ocrx_word' id='word_1_414' title='bbox 1418 5413 1504 5482; x_wconf 88' lang='lat' dir='ltr'><strong>qui</strong></span> <span class='ocrx_word' id='word_1_415' title='bbox 1534 5412 1795 5467; x_wconf 71' lang='lat' dir='ltr'><strong>Grarciam</strong></span> <span class='ocrx_word' id='word_1_416' title='bbox 1827 5422 1880 5466; x_wconf 89' lang='lat' dir='ltr'><strong>et</strong></span> <span class='ocrx_word' id='word_1_417' title='bbox 1905 5413 1995 5481; x_wconf 88' lang='lat' dir='ltr'><strong>qui</strong></span> 
     </span>
    </p>
   </div>
   <div class='ocr_carea' id='block_1_57' title="bbox 418 5500 1998 5573">
    <p class='ocr_par' dir='ltr' id='par_1_57' title="bbox 418 5500 1998 5573">
     <span class='ocr_line' id='line_1_57' title="bbox 418 5500 1998 5573; baseline -0.001 -14"><span class='ocrx_word' id='word_1_418' title='bbox 418 5500 640 5573; x_wconf 82' lang='lat' dir='ltr'><strong>Epirum</strong></span> <span class='ocrx_word' id='word_1_419' title='bbox 668 5502 988 5569; x_wconf 88' lang='lat' dir='ltr'><strong>incolebant,</strong></span> <span class='ocrx_word' id='word_1_420' title='bbox 1027 5512 1078 5557; x_wconf 90' lang='lat' dir='ltr'><strong>et</strong></span> <span class='ocrx_word' id='word_1_421' title='bbox 1105 5502 1281 5557; x_wconf 89' lang='lat' dir='ltr'><strong>omnis</strong></span> <span class='ocrx_word' id='word_1_422' title='bbox 1309 5501 1420 5557; x_wconf 81' lang='lat' dir='ltr'><strong>fere</strong></span> <span class='ocrx_word' id='word_1_423' title='bbox 1464 5519 1580 5572; x_wconf 72' lang='lat' dir='ltr'><strong>qua:</strong></span> <span class='ocrx_word' id='word_1_424' title='bbox 1612 5504 1710 5556; x_wconf 85' lang='lat' dir='ltr'><strong>sub</strong></span> <span class='ocrx_word' id='word_1_425' title='bbox 1747 5503 1880 5557; x_wconf 71' lang='lat' dir='ltr'><strong>cmlo</strong></span> <span class='ocrx_word' id='word_1_426' title='bbox 1915 5512 1998 5557; x_wconf 91' lang='lat' dir='ltr'><strong>est</strong></span> 
     </span>
    </p>
   </div>
   <div class='ocr_carea' id='block_1_58' title="bbox 418 5594 1994 5663">
    <p class='ocr_par' dir='ltr' id='par_1_58' title="bbox 418 5594 1994 5663">
     <span class='ocr_line' id='line_1_58' title="bbox 418 5594 1994 5663; baseline 0.001 -16"><span class='ocrx_word' id='word_1_427' title='bbox 418 5604 581 5663; x_wconf 83' lang='lat' dir='ltr'><strong>terra,</strong></span> <span class='ocrx_word' id='word_1_428' title='bbox 610 5595 884 5651; x_wconf 78' lang='lat' dir='ltr'><strong>daemones</strong></span> <span class='ocrx_word' id='word_1_429' title='bbox 912 5595 1163 5661; x_wconf 85' lang='lat' dir='ltr'><strong>colebat,</strong></span> <span class='ocrx_word' id='word_1_430' title='bbox 1195 5604 1247 5649; x_wconf 91' lang='lat' dir='ltr'><strong>et</strong></span> <span class='ocrx_word' id='word_1_431' title='bbox 1274 5595 1340 5650; x_wconf 90' lang='lat' dir='ltr'><strong>ab</strong></span> <span class='ocrx_word' id='word_1_432' title='bbox 1368 5594 1712 5650; x_wconf 83' lang='lat' dir='ltr'><strong>exsccrandis</strong></span> <span class='ocrx_word' id='word_1_433' title='bbox 1743 5594 1849 5647; x_wconf 90' lang='lat' dir='ltr'><strong>illis</strong></span> <span class='ocrx_word' id='word_1_434' title='bbox 1882 5594 1994 5662; x_wconf 85' lang='lat' dir='ltr'><strong>spi-</strong></span> 
     </span>
    </p>
   </div>
   <div class='ocr_carea' id='block_1_59' title="bbox 417 5684 1996 5757">
    <p class='ocr_par' dir='ltr' id='par_1_59' title="bbox 417 5684 1996 5757">
     <span class='ocr_line' id='line_1_59' title="bbox 417 5684 1996 5757; baseline 0.001 -19"><span class='ocrx_word' id='word_1_435' title='bbox 417 5689 609 5740; x_wconf 81' lang='lat' dir='ltr'><strong>ritibus</strong></span> <span class='ocrx_word' id='word_1_436' title='bbox 640 5688 816 5741; x_wconf 89' lang='lat' dir='ltr'><strong>omnia</strong></span> <span class='ocrx_word' id='word_1_437' title='bbox 858 5687 1361 5757; x_wconf 85' lang='lat' dir='ltr'><strong>pessumdabantur,</strong></span> <span class='ocrx_word' id='word_1_438' title='bbox 1406 5686 1553 5757; x_wconf 85' lang='lat' dir='ltr'><strong>regio</strong></span> <span class='ocrx_word' id='word_1_439' title='bbox 1594 5684 1816 5755; x_wconf 75' lang='lat' dir='ltr'><strong>quaevis,</strong></span> <span class='ocrx_word' id='word_1_440' title='bbox 1869 5685 1996 5740; x_wconf 87' lang='lat' dir='ltr'><strong>urbs</strong></span> 
     </span>
    </p>
   </div>
   <div class='ocr_carea' id='block_1_60' title="bbox 415 5776 1993 5844">
    <p class='ocr_par' dir='ltr' id='par_1_60' title="bbox 415 5776 1993 5844">
     <span class='ocr_line' id='line_1_60' title="bbox 415 5776 1993 5844; baseline 0.002 -15"><span class='ocrx_word' id='word_1_441' title='bbox 415 5787 466 5829; x_wconf 77' lang='lat' dir='ltr'><strong>et</strong></span> <span class='ocrx_word' id='word_1_442' title='bbox 487 5778 780 5843; x_wconf 84' lang='lat' dir='ltr'><strong>desertum,</strong></span> <span class='ocrx_word' id='word_1_443' title='bbox 807 5786 945 5833; x_wconf 80' lang='lat' dir='ltr'><strong>terra</strong></span> <span class='ocrx_word' id='word_1_444' title='bbox 979 5786 1030 5830; x_wconf 88' lang='lat' dir='ltr'><strong>ct</strong></span> <span class='ocrx_word' id='word_1_445' title='bbox 1056 5792 1220 5844; x_wconf 87' lang='lat' dir='ltr'><strong>mare,</strong></span> <span class='ocrx_word' id='word_1_446' title='bbox 1250 5777 1491 5833; x_wconf 80' lang='lat' dir='ltr'><strong>barbaria</strong></span> <span class='ocrx_word' id='word_1_447' title='bbox 1519 5786 1571 5832; x_wconf 92' lang='lat' dir='ltr'><strong>et</strong></span> <span class='ocrx_word' id='word_1_448' title='bbox 1592 5776 1815 5844; x_wconf 65' lang='lat' dir='ltr'><strong>Graecia,</strong></span> <span class='ocrx_word' id='word_1_449' title='bbox 1842 5791 1993 5832; x_wconf 83' lang='lat' dir='ltr'><strong>mon-</strong></span> 
     </span>
    </p>
   </div>
   <div class='ocr_carea' id='block_1_61' title="bbox 1199 352 3012 428">
    <p class='ocr_par' dir='ltr' id='par_1_61' title="bbox 1199 352 3012 428">
     <span class='ocr_line' id='line_1_61' title="bbox 1199 352 3012 428; baseline -0.003 -11"><span class='ocrx_word' id='word_1_450' title='bbox 1199 361 1258 417; x_wconf 88' lang='lat' dir='ltr'><strong>S.</strong></span> <span class='ocrx_word' id='word_1_451' title='bbox 1296 356 1571 428; x_wconf 46' lang='lat' dir='ltr'><strong>10.13le</strong></span> <span class='ocrx_word' id='word_1_452' title='bbox 1606 352 2085 412; x_wconf 71' lang='lat' dir='ltr'><strong>CHRYSOSTOMI</strong></span> <span class='ocrx_word' id='word_1_453' title='bbox 2124 352 2435 409; x_wconf 78' lang='lat' dir='ltr'><strong>ARCIIIEP.</strong></span> <span class='ocrx_word' id='word_1_454' title='bbox 2479 352 3012 413; x_wconf 73' lang='lat' dir='ltr'><strong>CUNSTANTINOP.</strong></span> 
     </span>
    </p>
   </div>
   <div class='ocr_carea' id='block_1_62' title="bbox 3578 362 3661 420">
    <p class='ocr_par' dir='ltr' id='par_1_62' title="bbox 3578 362 3661 420">
     <span class='ocr_line' id='line_1_62' title="bbox 3578 362 3661 420; baseline 0.036 -3"><span class='ocrx_word' id='word_1_455' title='bbox 3578 362 3661 420; x_wconf 69' lang='lat'><strong>53.0</strong></span> 
     </span>
    </p>
   </div>
   <div class='ocr_carea' id='block_1_63' title="bbox 2147 467 3659 551">
    <p class='ocr_par' dir='ltr' id='par_1_63' title="bbox 2147 467 3659 551">
     <span class='ocr_line' id='line_1_63' title="bbox 2147 467 3659 551; baseline 0.006 -30"><span class='ocrx_word' id='word_1_456' title='bbox 2147 476 2247 537; x_wconf 81' lang='lat' dir='ltr'><strong>tes,</strong></span> <span class='ocrx_word' id='word_1_457' title='bbox 2299 467 2467 524; x_wconf 87' lang='lat' dir='ltr'><strong>saltus</strong></span> <span class='ocrx_word' id='word_1_458' title='bbox 2516 479 2569 524; x_wconf 85' lang='lat' dir='ltr'><strong>et</strong></span> <span class='ocrx_word' id='word_1_459' title='bbox 2621 470 2824 526; x_wconf 90' lang='lat' dir='ltr'><strong>colles:</strong></span> <span class='ocrx_word' id='word_1_460' title='bbox 2856 486 2959 526; x_wconf 86' lang='lat' dir='ltr'><strong>una</strong></span> <span class='ocrx_word' id='word_1_461' title='bbox 3013 470 3320 529; x_wconf 68' lang='lat' dir='ltr'><strong>Judmorum</strong></span> <span class='ocrx_word' id='word_1_462' title='bbox 3372 476 3524 543; x_wconf 85' lang='lat' dir='ltr'><strong>natio,</strong></span> <span class='ocrx_word' id='word_1_463' title='bbox 3567 495 3659 551; x_wconf 69' lang='lat' dir='ltr'><strong>qum</strong></span> 
     </span>
    </p>
   </div>
   <div class='ocr_carea' id='block_1_64' title="bbox 2141 556 3664 635">
    <p class='ocr_par' dir='ltr' id='par_1_64' title="bbox 2141 556 3664 635">
     <span class='ocr_line' id='line_1_64' title="bbox 2141 556 3664 635; baseline 0.013 -27"><span class='ocrx_word' id='word_1_464' title='bbox 2141 556 2390 635; x_wconf 83' lang='lat' dir='ltr'><strong>pietatem</strong></span> <span class='ocrx_word' id='word_1_465' title='bbox 2438 561 2631 615; x_wconf 80' lang='lat' dir='ltr'><strong>sectari</strong></span> <span class='ocrx_word' id='word_1_466' title='bbox 2689 561 3005 628; x_wconf 80' lang='lat' dir='ltr'><strong>videbatur,</strong></span> <span class='ocrx_word' id='word_1_467' title='bbox 3059 562 3345 635; x_wconf 83' lang='lat' dir='ltr'><strong>prophetas</strong></span> <span class='ocrx_word' id='word_1_468' title='bbox 3387 565 3589 623; x_wconf 85' lang='lat' dir='ltr'><strong>habebat</strong></span> <span class='ocrx_word' id='word_1_469' title='bbox 3620 583 3664 628; x_wconf 82' lang='lat' dir='ltr'><strong>et</strong></span> 
     </span>
    </p>
   </div>
   <div class='ocr_carea' id='block_1_65' title="bbox 2138 646 3660 732">
    <p class='ocr_par' dir='ltr' id='par_1_65' title="bbox 2138 646 3660 732">
     <span class='ocr_line' id='line_1_65' title="bbox 2138 646 3660 732; baseline 0.011 -31"><span class='ocrx_word' id='word_1_470' title='bbox 2138 646 2333 702; x_wconf 79' lang='lat' dir='ltr'><strong>divime</strong></span> <span class='ocrx_word' id='word_1_471' title='bbox 2363 651 2685 720; x_wconf 84' lang='lat' dir='ltr'><strong>cognitionis</strong></span> <span class='ocrx_word' id='word_1_472' title='bbox 2714 667 2875 720; x_wconf 85' lang='lat' dir='ltr'><strong>parva</strong></span> <span class='ocrx_word' id='word_1_473' title='bbox 2913 652 3162 719; x_wconf 87' lang='lat' dir='ltr'><strong>semina;</strong></span> <span class='ocrx_word' id='word_1_474' title='bbox 3206 669 3383 710; x_wconf 89' lang='lat' dir='ltr'><strong>verum</strong></span> <span class='ocrx_word' id='word_1_475' title='bbox 3426 658 3502 712; x_wconf 88' lang='lat' dir='ltr'><strong>illa</strong></span> <span class='ocrx_word' id='word_1_476' title='bbox 3540 661 3660 732; x_wconf 83' lang='lat' dir='ltr'><strong>lapsu</strong></span> 
     </span>
    </p>
   </div>
   <div class='ocr_carea' id='block_1_66' title="bbox 2138 740 3665 818">
    <p class='ocr_par' dir='ltr' id='par_1_66' title="bbox 2138 740 3665 818">
     <span class='ocr_line' id='line_1_66' title="bbox 2138 740 3665 818; baseline 0.009 -26"><span class='ocrx_word' id='word_1_477' title='bbox 2138 740 2392 813; x_wconf 82' lang='lat' dir='ltr'><strong>temporis</strong></span> <span class='ocrx_word' id='word_1_478' title='bbox 2422 742 2608 795; x_wconf 87' lang='lat' dir='ltr'><strong>obruta</strong></span> <span class='ocrx_word' id='word_1_479' title='bbox 2637 755 2811 811; x_wconf 90' lang='lat' dir='ltr'><strong>erant,</strong></span> <span class='ocrx_word' id='word_1_480' title='bbox 2838 754 2892 800; x_wconf 90' lang='lat' dir='ltr'><strong>et</strong></span> <span class='ocrx_word' id='word_1_481' title='bbox 2918 744 3171 801; x_wconf 90' lang='lat' dir='ltr'><strong>doctores</strong></span> <span class='ocrx_word' id='word_1_482' title='bbox 3200 748 3368 818; x_wconf 83' lang='lat' dir='ltr'><strong>gentis</strong></span> <span class='ocrx_word' id='word_1_483' title='bbox 3388 749 3515 804; x_wconf 82' lang='lat' dir='ltr'><strong>illius</strong></span> <span class='ocrx_word' id='word_1_484' title='bbox 3536 766 3665 807; x_wconf 82' lang='lat' dir='ltr'><strong>accu-</strong></span> 
     </span>
    </p>
   </div>
   <div class='ocr_carea' id='block_1_67' title="bbox 2134 835 3662 904">
    <p class='ocr_par' dir='ltr' id='par_1_67' title="bbox 2134 835 3662 904">
     <span class='ocr_line' id='line_1_67' title="bbox 2134 835 3662 904; baseline 0.012 -22"><span class='ocrx_word' id='word_1_485' title='bbox 2134 839 2339 901; x_wconf 80' lang='lat' dir='ltr'><strong>satores</strong></span> <span class='ocrx_word' id='word_1_486' title='bbox 2365 835 2542 889; x_wconf 86' lang='lat' dir='ltr'><strong>acerbi</strong></span> <span class='ocrx_word' id='word_1_487' title='bbox 2574 847 2912 904; x_wconf 84' lang='lat' dir='ltr'><strong>peccatorum</strong></span> <span class='ocrx_word' id='word_1_488' title='bbox 2945 837 3050 891; x_wconf 87' lang='lat' dir='ltr'><strong>illis</strong></span> <span class='ocrx_word' id='word_1_489' title='bbox 3074 837 3196 893; x_wconf 75' lang='lat' dir='ltr'><strong>facti</strong></span> <span class='ocrx_word' id='word_1_490' title='bbox 3224 849 3377 904; x_wconf 89' lang='lat' dir='ltr'><strong>sunt;</strong></span> <span class='ocrx_word' id='word_1_491' title='bbox 3403 856 3461 896; x_wconf 91' lang='lat' dir='ltr'><strong>ac</strong></span> <span class='ocrx_word' id='word_1_492' title='bbox 3499 844 3662 900; x_wconf 84' lang='lat' dir='ltr'><strong>nedum</strong></span> 
     </span>
    </p>
   </div>
   <div class='ocr_carea' id='block_1_68' title="bbox 2132 924 3666 1000">
    <p class='ocr_par' dir='ltr' id='par_1_68' title="bbox 2132 924 3666 1000">
     <span class='ocr_line' id='line_1_68' title="bbox 2132 924 3666 1000; baseline 0.007 -23"><span class='ocrx_word' id='word_1_493' title='bbox 2132 924 2268 980; x_wconf 90' lang='lat' dir='ltr'><strong>alios</strong></span> <span class='ocrx_word' id='word_1_494' title='bbox 2321 926 2599 982; x_wconf 88' lang='lat' dir='ltr'><strong>erudirent</strong></span> <span class='ocrx_word' id='word_1_495' title='bbox 2656 937 2711 983; x_wconf 90' lang='lat' dir='ltr'><strong>et</strong></span> <span class='ocrx_word' id='word_1_496' title='bbox 2765 927 2833 983; x_wconf 86' lang='lat' dir='ltr'><strong>ad</strong></span> <span class='ocrx_word' id='word_1_497' title='bbox 2896 929 3150 1000; x_wconf 89' lang='lat' dir='ltr'><strong>pietatem</strong></span> <span class='ocrx_word' id='word_1_498' title='bbox 3215 931 3568 999; x_wconf 89' lang='lat' dir='ltr'><strong>instituerent,</strong></span> <span class='ocrx_word' id='word_1_499' title='bbox 3616 946 3666 988; x_wconf 88' lang='lat' dir='ltr'><strong>ut</strong></span> 
     </span>
    </p>
   </div>
   <div class='ocr_carea' id='block_1_69' title="bbox 2132 1015 3890 1085">
    <p class='ocr_par' dir='ltr' id='par_1_69' title="bbox 2132 1015 3890 1085">
     <span class='ocr_line' id='line_1_69' title="bbox 2132 1015 3890 1085; baseline 0.007 -12"><span class='ocrx_word' id='word_1_500' title='bbox 2132 1015 2296 1073; x_wconf 83' lang='lat' dir='ltr'><strong>etiam</strong></span> <span class='ocrx_word' id='word_1_501' title='bbox 2349 1017 2468 1071; x_wconf 85' lang='lat' dir='ltr'><strong>aliis</strong></span> <span class='ocrx_word' id='word_1_502' title='bbox 2516 1018 2839 1075; x_wconf 69' lang='lat' dir='ltr'><strong>oﬂ‘endiculo</strong></span> <span class='ocrx_word' id='word_1_503' title='bbox 2869 1029 2996 1076; x_wconf 88' lang='lat' dir='ltr'><strong>tunc</strong></span> <span class='ocrx_word' id='word_1_504' title='bbox 3039 1032 3214 1077; x_wconf 90' lang='lat' dir='ltr'><strong>erant.</strong></span> <span class='ocrx_word' id='word_1_505' title='bbox 3262 1018 3328 1078; x_wconf 83' lang='lat' dir='ltr'><strong>Et</strong></span> <span class='ocrx_word' id='word_1_506' title='bbox 3370 1024 3464 1079; x_wconf 89' lang='lat' dir='ltr'><strong>hoc</strong></span> <span class='ocrx_word' id='word_1_507' title='bbox 3512 1025 3666 1080; x_wconf 77' lang='lat' dir='ltr'><strong>deela-</strong></span> <span class='ocrx_word' id='word_1_508' title='bbox 3878 1030 3890 1085; x_wconf 81' lang='lat' dir='ltr'><strong>i</strong></span> 
     </span>
    </p>
   </div>
   <div class='ocr_carea' id='block_1_70' title="bbox 2130 1108 3666 1193">
    <p class='ocr_par' dir='ltr' id='par_1_70' title="bbox 2130 1108 3666 1193">
     <span class='ocr_line' id='line_1_70' title="bbox 2130 1108 3666 1193; baseline 0.01 -36"><span class='ocrx_word' id='word_1_509' title='bbox 2130 1120 2259 1193; x_wconf 77' lang='lat' dir='ltr'><strong>rans</strong></span> <span class='ocrx_word' id='word_1_510' title='bbox 2305 1108 2567 1178; x_wconf 87' lang='lat' dir='ltr'><strong>propheta</strong></span> <span class='ocrx_word' id='word_1_511' title='bbox 2615 1109 2827 1166; x_wconf 89' lang='lat' dir='ltr'><strong>dicebat</strong></span> <span class='ocrx_word' id='word_1_512' title='bbox 2858 1130 2871 1167; x_wconf 90' lang='lat'><strong>:</strong></span> <span class='ocrx_word' id='word_1_513' title='bbox 2908 1111 3129 1184; x_wconf 81' lang='lat' dir='ltr'><strong>PrOpter</strong></span> <span class='ocrx_word' id='word_1_514' title='bbox 3179 1130 3267 1170; x_wconf 76' lang='lat' dir='ltr'><strong>vos</strong></span> <span class='ocrx_word' id='word_1_515' title='bbox 3324 1132 3493 1171; x_wconf 80' lang='lat' dir='ltr'><strong>nomen</strong></span> <span class='ocrx_word' id='word_1_516' title='bbox 3529 1134 3666 1172; x_wconf 77' lang='lat' dir='ltr'><strong>meum</strong></span> 
     </span>
    </p>
   </div>
   <div class='ocr_carea' id='block_1_71' title="bbox 2128 1198 3664 1278">
    <p class='ocr_par' dir='ltr' id='par_1_71' title="bbox 2128 1198 3664 1278">
     <span class='ocr_line' id='line_1_71' title="bbox 2128 1198 3664 1278; baseline 0.01 -29"><span class='ocrx_word' id='word_1_517' title='bbox 2128 1198 2510 1274; x_wconf 64' lang='lat' dir='ltr'><strong>blasphematur</strong></span> <span class='ocrx_word' id='word_1_518' title='bbox 2571 1202 2625 1256; x_wconf 85' lang='lat' dir='ltr'><strong>in</strong></span> <span class='ocrx_word' id='word_1_519' title='bbox 2687 1204 2919 1274; x_wconf 74' lang='lat' dir='ltr'><strong>gentibus</strong></span> <span class='ocrx_word' id='word_1_520' title='bbox 2980 1205 3151 1278; x_wconf 71' lang='lat' dir='ltr'><strong>(Iani.</strong></span> <span class='ocrx_word' id='word_1_521' title='bbox 3209 1204 3298 1263; x_wconf 72' lang='grc'>52.</span> <span class='ocrx_word' id='word_1_522' title='bbox 3339 1208 3392 1264; x_wconf 85' lang='grc'>5.</span> <span class='ocrx_word' id='word_1_523' title='bbox 3438 1208 3574 1263; x_wconf 85' lang='lat' dir='ltr'><strong>Rom.</strong></span> <span class='ocrx_word' id='word_1_524' title='bbox 3620 1210 3664 1265; x_wconf 76' lang='lat'><strong>9..</strong></span> 
     </span>
    </p>
   </div>
   <div class='ocr_carea' id='block_1_72' title="bbox 2124 1289 2516 1361">
    <p class='ocr_par' dir='ltr' id='par_1_72' title="bbox 2124 1289 2516 1361">
     <span class='ocr_line' id='line_1_72' title="bbox 2124 1289 2516 1361; baseline 0.01 -18"><span class='ocrx_word' id='word_1_525' title='bbox 2124 1289 2256 1361; x_wconf 63' lang='grc' dir='ltr'><strong>ει).</strong></span> <span class='ocrx_word' id='word_1_526' title='bbox 2507 1293 2516 1302; x_wconf 95' lang='grc'>·</span> 
     </span>
    </p>
   </div>
   <div class='ocr_carea' id='block_1_73' title="bbox 2194 1381 3667 1461">
    <p class='ocr_par' dir='ltr' id='par_1_73' title="bbox 2194 1381 3667 1461">
     <span class='ocr_line' id='line_1_73' title="bbox 2194 1381 3667 1461; baseline 0.006 -26"><span class='ocrx_word' id='word_1_527' title='bbox 2194 1381 2247 1436; x_wconf 79' lang='lat'><strong>5.</strong></span> <span class='ocrx_word' id='word_1_528' title='bbox 2289 1381 2570 1451; x_wconf 85' lang='lat' dir='ltr'><strong>Quomodo</strong></span> <span class='ocrx_word' id='word_1_529' title='bbox 2612 1402 2775 1458; x_wconf 86' lang='lat' dir='ltr'><strong>ergo,</strong></span> <span class='ocrx_word' id='word_1_530' title='bbox 2809 1394 2931 1442; x_wconf 88' lang='lat' dir='ltr'><strong>e&#39;um</strong></span> <span class='ocrx_word' id='word_1_531' title='bbox 2971 1398 3050 1443; x_wconf 93' lang='lat' dir='ltr'><strong>tot</strong></span> <span class='ocrx_word' id='word_1_532' title='bbox 3076 1389 3214 1444; x_wconf 89' lang='lat' dir='ltr'><strong>mala</strong></span> <span class='ocrx_word' id='word_1_533' title='bbox 3245 1390 3428 1446; x_wconf 89' lang='lat' dir='ltr'><strong>orbem</strong></span> <span class='ocrx_word' id='word_1_534' title='bbox 3457 1406 3667 1461; x_wconf 81' lang='lat' dir='ltr'><strong>oecupa-</strong></span> 
     </span>
    </p>
   </div>
   <div class='ocr_carea' id='block_1_74' title="bbox 2121 1478 3666 1554">
    <p class='ocr_par' dir='ltr' id='par_1_74' title="bbox 2121 1478 3666 1554">
     <span class='ocr_line' id='line_1_74' title="bbox 2121 1478 3666 1554; baseline 0.006 -27"><span class='ocrx_word' id='word_1_535' title='bbox 2121 1483 2273 1541; x_wconf 86' lang='lat' dir='ltr'><strong>rent,</strong></span> <span class='ocrx_word' id='word_1_536' title='bbox 2300 1490 2364 1531; x_wconf 92' lang='lat' dir='ltr'><strong>ac</strong></span> <span class='ocrx_word' id='word_1_537' title='bbox 2385 1478 2622 1532; x_wconf 87' lang='lat' dir='ltr'><strong>nomium</strong></span> <span class='ocrx_word' id='word_1_538' title='bbox 2652 1480 2854 1534; x_wconf 88' lang='lat' dir='ltr'><strong>semina</strong></span> <span class='ocrx_word' id='word_1_539' title='bbox 2876 1482 3019 1552; x_wconf 88' lang='lat' dir='ltr'><strong>jacta</strong></span> <span class='ocrx_word' id='word_1_540' title='bbox 3051 1481 3272 1537; x_wconf 78' lang='lat' dir='ltr'><strong>fuissent</strong></span> <span class='ocrx_word' id='word_1_541' title='bbox 3301 1482 3527 1554; x_wconf 89' lang='lat' dir='ltr'><strong>(ubique</strong></span> <span class='ocrx_word' id='word_1_542' title='bbox 3548 1485 3666 1540; x_wconf 87' lang='lat' dir='ltr'><strong>enim</strong></span> 
     </span>
    </p>
   </div>
   <div class='ocr_carea' id='block_1_75' title="bbox 2121 1564 3667 1646">
    <p class='ocr_par' dir='ltr' id='par_1_75' title="bbox 2121 1564 3667 1646">
     <span class='ocr_line' id='line_1_75' title="bbox 2121 1564 3667 1646; baseline 0.006 -28"><span class='ocrx_word' id='word_1_543' title='bbox 2121 1565 2312 1634; x_wconf 70' lang='lat' dir='ltr'><strong>apium,</strong></span> <span class='ocrx_word' id='word_1_544' title='bbox 2346 1568 2550 1632; x_wconf 87' lang='lat' dir='ltr'><strong>tribuli,</strong></span> <span class='ocrx_word' id='word_1_545' title='bbox 2599 1568 2780 1625; x_wconf 75' lang='lat' dir='ltr'><strong>herba:</strong></span> <span class='ocrx_word' id='word_1_546' title='bbox 2823 1572 3044 1643; x_wconf 80' lang='lat' dir='ltr'><strong>noxiae),</strong></span> <span class='ocrx_word' id='word_1_547' title='bbox 3094 1573 3333 1626; x_wconf 88' lang='lat' dir='ltr'><strong>nondum</strong></span> <span class='ocrx_word' id='word_1_548' title='bbox 3413 1564 3667 1646; x_wconf 71' lang='lat' dir='ltr'><strong>expurgat:</strong></span> 
     </span>
    </p>
   </div>
   <div class='ocr_carea' id='block_1_76' title="bbox 2124 1663 3668 1734">
    <p class='ocr_par' dir='ltr' id='par_1_76' title="bbox 2124 1663 3668 1734">
     <span class='ocr_line' id='line_1_76' title="bbox 2124 1663 3668 1734; baseline 0.006 -24"><span class='ocrx_word' id='word_1_549' title='bbox 2124 1666 2298 1725; x_wconf 90' lang='lat' dir='ltr'><strong>terra,</strong></span> <span class='ocrx_word' id='word_1_550' title='bbox 2331 1674 2502 1730; x_wconf 89' lang='lat' dir='ltr'><strong>neque</strong></span> <span class='ocrx_word' id='word_1_551' title='bbox 2546 1671 2726 1716; x_wconf 89' lang='lat' dir='ltr'><strong>aratro</strong></span> <span class='ocrx_word' id='word_1_552' title='bbox 2774 1663 3010 1718; x_wconf 89' lang='lat' dir='ltr'><strong>admisso</strong></span> <span class='ocrx_word' id='word_1_553' title='bbox 3041 1664 3296 1734; x_wconf 87' lang='lat' dir='ltr'><strong>nulloque</strong></span> <span class='ocrx_word' id='word_1_554' title='bbox 3324 1666 3470 1720; x_wconf 79' lang='lat' dir='ltr'><strong>sulco</strong></span> <span class='ocrx_word' id='word_1_555' title='bbox 3515 1666 3668 1719; x_wconf 79' lang='lat' dir='ltr'><strong>facto:</strong></span> 
     </span>
    </p>
   </div>
   <div class='ocr_carea' id='block_1_77' title="bbox 2119 1749 3674 1836">
    <p class='ocr_par' dir='ltr' id='par_1_77' title="bbox 2119 1749 3674 1836">
     <span class='ocr_line' id='line_1_77' title="bbox 2119 1749 3674 1836; baseline 0.005 -37"><span class='ocrx_word' id='word_1_556' title='bbox 2119 1749 2421 1836; x_wconf 81' lang='lat' dir='ltr'><strong>quomodo,</strong></span> <span class='ocrx_word' id='word_1_557' title='bbox 2453 1751 2668 1821; x_wconf 86' lang='lat' dir='ltr'><strong>inquam</strong></span> <span class='ocrx_word' id='word_1_558' title='bbox 2691 1794 2705 1816; x_wconf 90' lang='lat'><strong>,</strong></span> <span class='ocrx_word' id='word_1_559' title='bbox 2736 1753 2803 1807; x_wconf 88' lang='lat' dir='ltr'><strong>de</strong></span> <span class='ocrx_word' id='word_1_560' title='bbox 2830 1768 3007 1809; x_wconf 90' lang='lat' dir='ltr'><strong>messe</strong></span> <span class='ocrx_word' id='word_1_561' title='bbox 3032 1755 3271 1825; x_wconf 87' lang='lat' dir='ltr'><strong>loquitur</strong></span> <span class='ocrx_word' id='word_1_562' title='bbox 3302 1766 3355 1810; x_wconf 90' lang='lat' dir='ltr'><strong>et</strong></span> <span class='ocrx_word' id='word_1_563' title='bbox 3380 1756 3524 1817; x_wconf 90' lang='lat' dir='ltr'><strong>dicit,</strong></span> <span class='ocrx_word' id='word_1_564' title='bbox 3556 1755 3674 1808; x_wconf 74' lang='lat' dir='ltr'><strong>Mes-</strong></span> 
     </span>
    </p>
   </div>
   <div class='ocr_carea' id='block_1_78' title="bbox 2118 1841 3676 1915">
    <p class='ocr_par' dir='ltr' id='par_1_78' title="bbox 2118 1841 3676 1915">
     <span class='ocr_line' id='line_1_78' title="bbox 2118 1841 3676 1915; baseline 0.003 -20"><span class='ocrx_word' id='word_1_565' title='bbox 2118 1841 2186 1895; x_wconf 78' lang='lat' dir='ltr'><strong>sis</strong></span> <span class='ocrx_word' id='word_1_566' title='bbox 2211 1842 2367 1895; x_wconf 76' lang='lat' dir='ltr'><strong>mttlla</strong></span> <span class='ocrx_word' id='word_1_567' title='bbox 2388 1843 2414 1896; x_wconf 82' lang='lat'><strong><em>?</em></strong></span> <span class='ocrx_word' id='word_1_568' title='bbox 2435 1851 2491 1898; x_wconf 90' lang='lat' dir='ltr'><strong>et</strong></span> <span class='ocrx_word' id='word_1_569' title='bbox 2520 1859 2618 1898; x_wconf 87' lang='lat' dir='ltr'><strong>cur</strong></span> <span class='ocrx_word' id='word_1_570' title='bbox 2648 1845 2726 1898; x_wconf 89' lang='lat' dir='ltr'><strong>sic</strong></span> <span class='ocrx_word' id='word_1_571' title='bbox 2742 1846 3086 1915; x_wconf 79' lang='lat' dir='ltr'><strong>Evangelium</strong></span> <span class='ocrx_word' id='word_1_572' title='bbox 3136 1848 3338 1901; x_wconf 75' lang='lat' dir='ltr'><strong>vocat?</strong></span> <span class='ocrx_word' id='word_1_573' title='bbox 3367 1848 3514 1902; x_wconf 69' lang='lat' dir='ltr'><strong>(Zur?</strong></span> <span class='ocrx_word' id='word_1_574' title='bbox 3552 1847 3676 1914; x_wconf 85' lang='lat' dir='ltr'><strong>Quo-</strong></span> 
     </span>
    </p>
   </div>
   <div class='ocr_carea' id='block_1_79' title="bbox 2117 1932 3677 2006">
    <p class='ocr_par' dir='ltr' id='par_1_79' title="bbox 2117 1932 3677 2006">
     <span class='ocr_line' id='line_1_79' title="bbox 2117 1932 3677 2006; baseline 0.004 -21"><span class='ocrx_word' id='word_1_575' title='bbox 2117 1932 2259 1986; x_wconf 87' lang='lat' dir='ltr'><strong>niam</strong></span> <span class='ocrx_word' id='word_1_576' title='bbox 2286 1949 2375 1989; x_wconf 91' lang='lat' dir='ltr'><strong>res</strong></span> <span class='ocrx_word' id='word_1_577' title='bbox 2415 1935 2485 1989; x_wconf 89' lang='lat' dir='ltr'><strong>ita</strong></span> <span class='ocrx_word' id='word_1_578' title='bbox 2507 1935 2785 2006; x_wconf 74' lang='lat' dir='ltr'><strong>diSpositm</strong></span> <span class='ocrx_word' id='word_1_579' title='bbox 2816 1948 2999 2004; x_wconf 85' lang='lat' dir='ltr'><strong>erant,</strong></span> <span class='ocrx_word' id='word_1_580' title='bbox 3049 1949 3101 1994; x_wconf 91' lang='lat' dir='ltr'><strong>et</strong></span> <span class='ocrx_word' id='word_1_581' title='bbox 3144 1939 3413 1993; x_wconf 88' lang='lat' dir='ltr'><strong>missurus</strong></span> <span class='ocrx_word' id='word_1_582' title='bbox 3466 1950 3575 1995; x_wconf 85' lang='lat' dir='ltr'><strong>erat</strong></span> <span class='ocrx_word' id='word_1_583' title='bbox 3622 1941 3677 1993; x_wconf 89' lang='lat' dir='ltr'><strong>il-</strong></span> 
     </span>
    </p>
   </div>
   <div class='ocr_carea' id='block_1_80' title="bbox 2117 2023 3678 2096">
    <p class='ocr_par' dir='ltr' id='par_1_80' title="bbox 2117 2023 3678 2096">
     <span class='ocr_line' id='line_1_80' title="bbox 2117 2023 3678 2096; baseline 0.004 -17"><span class='ocrx_word' id='word_1_584' title='bbox 2117 2023 2199 2080; x_wconf 89' lang='lat' dir='ltr'><strong>los</strong></span> <span class='ocrx_word' id='word_1_585' title='bbox 2250 2043 2343 2095; x_wconf 84' lang='lat' dir='ltr'><strong>per</strong></span> <span class='ocrx_word' id='word_1_586' title='bbox 2402 2035 2571 2082; x_wconf 90' lang='lat' dir='ltr'><strong>totum</strong></span> <span class='ocrx_word' id='word_1_587' title='bbox 2614 2031 2831 2096; x_wconf 82' lang='lat' dir='ltr'><strong>orbem;</strong></span> <span class='ocrx_word' id='word_1_588' title='bbox 2864 2032 3152 2087; x_wconf 72' lang='lat' dir='ltr'><strong>verisimile</strong></span> <span class='ocrx_word' id='word_1_589' title='bbox 3191 2043 3375 2088; x_wconf 88' lang='lat' dir='ltr'><strong>autem</strong></span> <span class='ocrx_word' id='word_1_590' title='bbox 3420 2043 3531 2088; x_wconf 87' lang='lat' dir='ltr'><strong>erat</strong></span> <span class='ocrx_word' id='word_1_591' title='bbox 3575 2032 3678 2086; x_wconf 85' lang='lat' dir='ltr'><strong>illos</strong></span> 
     </span>
    </p>
   </div>
   <div class='ocr_carea' id='block_1_81' title="bbox 2118 2116 3682 2194">
    <p class='ocr_par' dir='ltr' id='par_1_81' title="bbox 2118 2116 3682 2194">
     <span class='ocr_line' id='line_1_81' title="bbox 2118 2116 3682 2194; baseline 0.004 -24"><span class='ocrx_word' id='word_1_592' title='bbox 2118 2116 2360 2173; x_wconf 88' lang='lat' dir='ltr'><strong>turbatos</strong></span> <span class='ocrx_word' id='word_1_593' title='bbox 2401 2119 2606 2185; x_wconf 81' lang='lat' dir='ltr'><strong>fuisse,</strong></span> <span class='ocrx_word' id='word_1_594' title='bbox 2658 2133 2710 2175; x_wconf 91' lang='lat' dir='ltr'><strong>et</strong></span> <span class='ocrx_word' id='word_1_595' title='bbox 2754 2137 2934 2178; x_wconf 90' lang='lat' dir='ltr'><strong>secum</strong></span> <span class='ocrx_word' id='word_1_596' title='bbox 2980 2125 3320 2194; x_wconf 79' lang='lat' dir='ltr'><strong>reputavisse</strong></span> <span class='ocrx_word' id='word_1_597' title='bbox 3368 2141 3431 2180; x_wconf 91' lang='lat' dir='ltr'><strong>ac</strong></span> <span class='ocrx_word' id='word_1_598' title='bbox 3465 2124 3682 2180; x_wconf 76' lang='lat' dir='ltr'><strong>dixisse:</strong></span> 
     </span>
    </p>
   </div>
   <div class='ocr_carea' id='block_1_82' title="bbox 2116 2206 3684 2284">
    <p class='ocr_par' dir='ltr' id='par_1_82' title="bbox 2116 2206 3684 2284">
     <span class='ocr_line' id='line_1_82' title="bbox 2116 2206 3684 2284; baseline 0.006 -23"><span class='ocrx_word' id='word_1_599' title='bbox 2116 2206 2394 2284; x_wconf 82' lang='lat' dir='ltr'><strong>Quomodo</strong></span> <span class='ocrx_word' id='word_1_600' title='bbox 2417 2226 2545 2265; x_wconf 84' lang='lat' dir='ltr'><strong>vero</strong></span> <span class='ocrx_word' id='word_1_601' title='bbox 2575 2211 2686 2266; x_wconf 84' lang='lat' dir='ltr'><strong>ﬁeri</strong></span> <span class='ocrx_word' id='word_1_602' title='bbox 2728 2221 2942 2284; x_wconf 84' lang='lat' dir='ltr'><strong>potest,</strong></span> <span class='ocrx_word' id='word_1_603' title='bbox 2974 2228 3094 2269; x_wconf 91' lang='lat' dir='ltr'><strong>eum</strong></span> <span class='ocrx_word' id='word_1_604' title='bbox 3118 2215 3374 2271; x_wconf 90' lang='lat' dir='ltr'><strong>undecim</strong></span> <span class='ocrx_word' id='word_1_605' title='bbox 3409 2225 3600 2270; x_wconf 87' lang='lat' dir='ltr'><strong>tantum</strong></span> <span class='ocrx_word' id='word_1_606' title='bbox 3622 2217 3684 2270; x_wconf 89' lang='lat' dir='ltr'><strong>si-</strong></span> 
     </span>
    </p>
   </div>
   <div class='ocr_carea' id='block_1_83' title="bbox 2114 2299 3688 2376">
    <p class='ocr_par' dir='ltr' id='par_1_83' title="bbox 2114 2299 3688 2376">
     <span class='ocr_line' id='line_1_83' title="bbox 2114 2299 3688 2376; baseline 0.006 -26"><span class='ocrx_word' id='word_1_607' title='bbox 2114 2311 2234 2352; x_wconf 89' lang='lat' dir='ltr'><strong>mus</strong></span> <span class='ocrx_word' id='word_1_608' title='bbox 2262 2299 2280 2368; x_wconf 90' lang='lat'>(</span> <span class='ocrx_word' id='word_1_609' title='bbox 2308 2315 2446 2354; x_wconf 84' lang='lat' dir='ltr'><strong>unus</strong></span> <span class='ocrx_word' id='word_1_610' title='bbox 2481 2303 2625 2355; x_wconf 86' lang='lat' dir='ltr'><strong>enim</strong></span> <span class='ocrx_word' id='word_1_611' title='bbox 2657 2317 2685 2354; x_wconf 92' lang='lat' dir='ltr'><strong>a</strong></span> <span class='ocrx_word' id='word_1_612' title='bbox 2717 2303 2931 2358; x_wconf 85' lang='lat' dir='ltr'><strong>diabolo</strong></span> <span class='ocrx_word' id='word_1_613' title='bbox 2962 2313 3152 2374; x_wconf 87' lang='lat' dir='ltr'><strong>captus</strong></span> <span class='ocrx_word' id='word_1_614' title='bbox 3179 2317 3271 2361; x_wconf 86' lang='lat' dir='ltr'><strong>est</strong></span> <span class='ocrx_word' id='word_1_615' title='bbox 3293 2306 3313 2376; x_wconf 96' lang='lat'>)</span> <span class='ocrx_word' id='word_1_616' title='bbox 3333 2349 3347 2373; x_wconf 94' lang='lat'><strong>,</strong></span> <span class='ocrx_word' id='word_1_617' title='bbox 3384 2307 3570 2361; x_wconf 89' lang='lat' dir='ltr'><strong>idiotas</strong></span> <span class='ocrx_word' id='word_1_618' title='bbox 3591 2347 3605 2373; x_wconf 95' lang='lat'><strong>,</strong></span> <span class='ocrx_word' id='word_1_619' title='bbox 3633 2308 3688 2359; x_wconf 87' lang='lat' dir='ltr'><strong>il-</strong></span> 
     </span>
    </p>
   </div>
   <div class='ocr_carea' id='block_1_84' title="bbox 2114 2387 3687 2463">
    <p class='ocr_par' dir='ltr' id='par_1_84' title="bbox 2114 2387 3687 2463">
     <span class='ocr_line' id='line_1_84' title="bbox 2114 2387 3687 2463; baseline 0.007 -22"><span class='ocrx_word' id='word_1_620' title='bbox 2114 2387 2351 2444; x_wconf 88' lang='lat' dir='ltr'><strong>iiteratos</strong></span> <span class='ocrx_word' id='word_1_621' title='bbox 2372 2432 2387 2455; x_wconf 89' lang='lat'><strong>,</strong></span> <span class='ocrx_word' id='word_1_622' title='bbox 2414 2408 2695 2462; x_wconf 86' lang='lat' dir='ltr'><strong>pauperes,</strong></span> <span class='ocrx_word' id='word_1_623' title='bbox 2724 2395 3007 2463; x_wconf 89' lang='lat' dir='ltr'><strong>obscuros,</strong></span> <span class='ocrx_word' id='word_1_624' title='bbox 3038 2397 3218 2451; x_wconf 90' lang='lat' dir='ltr'><strong>nudos</strong></span> <span class='ocrx_word' id='word_1_625' title='bbox 3239 2439 3256 2462; x_wconf 91' lang='lat'><strong>,</strong></span> <span class='ocrx_word' id='word_1_626' title='bbox 3287 2414 3449 2452; x_wconf 88' lang='lat' dir='ltr'><strong>unam</strong></span> <span class='ocrx_word' id='word_1_627' title='bbox 3475 2400 3687 2454; x_wconf 88' lang='lat' dir='ltr'><strong>tunicam</strong></span> 
     </span>
    </p>
   </div>
   <div class='ocr_carea' id='block_1_85' title="bbox 2114 2479 3690 2561">
    <p class='ocr_par' dir='ltr' id='par_1_85' title="bbox 2114 2479 3690 2561">
     <span class='ocr_line' id='line_1_85' title="bbox 2114 2479 3690 2561; baseline 0.006 -28"><span class='ocrx_word' id='word_1_628' title='bbox 2114 2479 2370 2536; x_wconf 82' lang='lat' dir='ltr'><strong>habentes</strong></span> <span class='ocrx_word' id='word_1_629' title='bbox 2390 2524 2404 2548; x_wconf 93' lang='lat'><strong>,</strong></span> <span class='ocrx_word' id='word_1_630' title='bbox 2439 2483 2732 2554; x_wconf 86' lang='lat' dir='ltr'><strong>nudipedes</strong></span> <span class='ocrx_word' id='word_1_631' title='bbox 2755 2527 2769 2550; x_wconf 90' lang='lat'><strong>,</strong></span> <span class='ocrx_word' id='word_1_632' title='bbox 2807 2502 2914 2541; x_wconf 88' lang='lat' dir='ltr'><strong>non</strong></span> <span class='ocrx_word' id='word_1_633' title='bbox 2949 2503 3137 2541; x_wconf 87' lang='lat' dir='ltr'><strong>zonam</strong></span> <span class='ocrx_word' id='word_1_634' title='bbox 3158 2528 3173 2553; x_wconf 95' lang='lat'><strong>,</strong></span> <span class='ocrx_word' id='word_1_635' title='bbox 3210 2505 3322 2543; x_wconf 87' lang='lat' dir='ltr'><strong>non</strong></span> <span class='ocrx_word' id='word_1_636' title='bbox 3352 2489 3575 2561; x_wconf 88' lang='lat' dir='ltr'><strong>virgam,</strong></span> <span class='ocrx_word' id='word_1_637' title='bbox 3599 2506 3690 2542; x_wconf 87' lang='lat' dir='ltr'><strong>non</strong></span> 
     </span>
    </p>
   </div>
   <div class='ocr_carea' id='block_1_86' title="bbox 2112 2571 3692 2651">
    <p class='ocr_par' dir='ltr' id='par_1_86' title="bbox 2112 2571 3692 2651">
     <span class='ocr_line' id='line_1_86' title="bbox 2112 2571 3692 2651; baseline 0.007 -26"><span class='ocrx_word' id='word_1_638' title='bbox 2112 2571 2326 2627; x_wconf 70' lang='lat' dir='ltr'><strong>obofum</strong></span> <span class='ocrx_word' id='word_1_639' title='bbox 2388 2573 2655 2641; x_wconf 78' lang='lat' dir='ltr'><strong>ferentes,</strong></span> <span class='ocrx_word' id='word_1_640' title='bbox 2711 2587 2769 2631; x_wconf 92' lang='lat' dir='ltr'><strong>ut</strong></span> <span class='ocrx_word' id='word_1_641' title='bbox 2831 2587 3000 2632; x_wconf 83' lang='lat' dir='ltr'><strong>totum</strong></span> <span class='ocrx_word' id='word_1_642' title='bbox 3063 2579 3336 2635; x_wconf 91' lang='lat' dir='ltr'><strong>mundum</strong></span> <span class='ocrx_word' id='word_1_643' title='bbox 3397 2596 3692 2651; x_wconf 86' lang='lat' dir='ltr'><strong>percurrere</strong></span> 
     </span>
    </p>
   </div>
   <div class='ocr_carea' id='block_1_87' title="bbox 2111 2665 3694 2742">
    <p class='ocr_par' dir='ltr' id='par_1_87' title="bbox 2111 2665 3694 2742">
     <span class='ocr_line' id='line_1_87' title="bbox 2111 2665 3694 2742; baseline 0.006 -26"><span class='ocrx_word' id='word_1_644' title='bbox 2111 2665 2382 2742; x_wconf 72' lang='lat' dir='ltr'><strong>valeamus</strong></span> <span class='ocrx_word' id='word_1_645' title='bbox 2423 2666 2500 2721; x_wconf 86' lang='lat' dir='ltr'><strong>sic</strong></span> <span class='ocrx_word' id='word_1_646' title='bbox 2530 2667 2845 2737; x_wconf 78' lang='lat' dir='ltr'><strong>dispositum</strong></span> <span class='ocrx_word' id='word_1_647' title='bbox 2873 2710 2888 2734; x_wconf 92' lang='lat'><strong>,</strong></span> <span class='ocrx_word' id='word_1_648' title='bbox 2938 2669 3226 2740; x_wconf 87' lang='lat' dir='ltr'><strong>ipsumque</strong></span> <span class='ocrx_word' id='word_1_649' title='bbox 3276 2687 3308 2726; x_wconf 89' lang='lat' dir='ltr'><strong>a</strong></span> <span class='ocrx_word' id='word_1_650' title='bbox 3354 2672 3528 2728; x_wconf 82' lang='lat' dir='ltr'><strong>veteri</strong></span> <span class='ocrx_word' id='word_1_651' title='bbox 3576 2688 3694 2727; x_wconf 84' lang='lat' dir='ltr'><strong>cun—</strong></span> 
     </span>
    </p>
   </div>
   <div class='ocr_carea' id='block_1_88' title="bbox 2108 2754 3695 2832">
    <p class='ocr_par' dir='ltr' id='par_1_88' title="bbox 2108 2754 3695 2832">
     <span class='ocr_line' id='line_1_88' title="bbox 2108 2754 3695 2832; baseline 0.004 -23"><span class='ocrx_word' id='word_1_652' title='bbox 2108 2754 2390 2810; x_wconf 85' lang='lat' dir='ltr'><strong>suetudine</strong></span> <span class='ocrx_word' id='word_1_653' title='bbox 2451 2756 2714 2823; x_wconf 84' lang='lat' dir='ltr'><strong>avellere,</strong></span> <span class='ocrx_word' id='word_1_654' title='bbox 2778 2769 2831 2813; x_wconf 90' lang='lat' dir='ltr'><strong>et</strong></span> <span class='ocrx_word' id='word_1_655' title='bbox 2875 2758 2942 2813; x_wconf 92' lang='lat' dir='ltr'><strong>ad</strong></span> <span class='ocrx_word' id='word_1_656' title='bbox 2989 2760 3114 2815; x_wconf 84' lang='lat' dir='ltr'><strong>novi</strong></span> <span class='ocrx_word' id='word_1_657' title='bbox 3173 2760 3525 2817; x_wconf 78' lang='lat' dir='ltr'><strong>Testamenti</strong></span> <span class='ocrx_word' id='word_1_658' title='bbox 3574 2762 3695 2832; x_wconf 88' lang='lat' dir='ltr'><strong>dog-</strong></span> 
     </span>
    </p>
   </div>
   <div class='ocr_carea' id='block_1_89' title="bbox 2109 2846 3697 2923">
    <p class='ocr_par' dir='ltr' id='par_1_89' title="bbox 2109 2846 3697 2923">
     <span class='ocr_line' id='line_1_89' title="bbox 2109 2846 3697 2923; baseline 0.004 -22"><span class='ocrx_word' id='word_1_659' title='bbox 2109 2854 2249 2901; x_wconf 86' lang='lat' dir='ltr'><strong>mata</strong></span> <span class='ocrx_word' id='word_1_660' title='bbox 2280 2846 2565 2915; x_wconf 88' lang='lat' dir='ltr'><strong>inducere,</strong></span> <span class='ocrx_word' id='word_1_661' title='bbox 2611 2858 2666 2904; x_wconf 91' lang='lat' dir='ltr'><strong>et</strong></span> <span class='ocrx_word' id='word_1_662' title='bbox 2707 2852 3040 2921; x_wconf 86' lang='lat' dir='ltr'><strong>pcregrinam</strong></span> <span class='ocrx_word' id='word_1_663' title='bbox 3070 2853 3378 2923; x_wconf 86' lang='lat' dir='ltr'><strong>quamdam</strong></span> <span class='ocrx_word' id='word_1_664' title='bbox 3411 2856 3697 2911; x_wconf 89' lang='lat' dir='ltr'><strong>doctrinam</strong></span> 
     </span>
    </p>
   </div>
   <div class='ocr_carea' id='block_1_90' title="bbox 2109 2940 3698 3020">
    <p class='ocr_par' dir='ltr' id='par_1_90' title="bbox 2109 2940 3698 3020">
     <span class='ocr_line' id='line_1_90' title="bbox 2109 2940 3698 3020; baseline 0.005 -27"><span class='ocrx_word' id='word_1_665' title='bbox 2109 2940 2377 2995; x_wconf 87' lang='lat' dir='ltr'><strong>inculcare</strong></span> <span class='ocrx_word' id='word_1_666' title='bbox 2397 2941 2420 2993; x_wconf 73' lang='lat' dir='ltr'><strong>‘t</strong></span> <span class='ocrx_word' id='word_1_667' title='bbox 2439 2942 2779 3011; x_wconf 87' lang='lat' dir='ltr'><strong>quandouam</strong></span> <span class='ocrx_word' id='word_1_668' title='bbox 2801 2946 2982 3014; x_wconf 89' lang='lat' dir='ltr'><strong>spinas</strong></span> <span class='ocrx_word' id='word_1_669' title='bbox 3004 2947 3316 3003; x_wconf 86' lang='lat' dir='ltr'><strong>avellemns</strong></span> <span class='ocrx_word' id='word_1_670' title='bbox 3332 2948 3358 3004; x_wconf 87' lang='lat'><strong>?</strong></span> <span class='ocrx_word' id='word_1_671' title='bbox 3376 2951 3698 3020; x_wconf 86' lang='lat' dir='ltr'><strong>quaudnnam</strong></span> 
     </span>
    </p>
   </div>
   <div class='ocr_carea' id='block_1_91' title="bbox 2106 3031 3704 3111">
    <p class='ocr_par' dir='ltr' id='par_1_91' title="bbox 2106 3031 3704 3111">
     <span class='ocr_line' id='line_1_91' title="bbox 2106 3031 3704 3111; baseline 0.004 -25"><span class='ocrx_word' id='word_1_672' title='bbox 2106 3031 2308 3086; x_wconf 88' lang='lat' dir='ltr'><strong>semina</strong></span> <span class='ocrx_word' id='word_1_673' title='bbox 2346 3032 2643 3101; x_wconf 88' lang='lat' dir='ltr'><strong>jaciemus?</strong></span> <span class='ocrx_word' id='word_1_674' title='bbox 2669 3035 2882 3105; x_wconf 91' lang='lat' dir='ltr'><strong>quando</strong></span> <span class='ocrx_word' id='word_1_675' title='bbox 2918 3046 3149 3091; x_wconf 90' lang='lat' dir='ltr'><strong>mentem</strong></span> <span class='ocrx_word' id='word_1_676' title='bbox 3190 3054 3397 3095; x_wconf 88' lang='lat' dir='ltr'><strong>eorum</strong></span> <span class='ocrx_word' id='word_1_677' title='bbox 3442 3049 3503 3095; x_wconf 91' lang='lat' dir='ltr'><strong>ut</strong></span> <span class='ocrx_word' id='word_1_678' title='bbox 3531 3054 3704 3111; x_wconf 77' lang='lat' dir='ltr'><strong>agrum</strong></span> 
     </span>
    </p>
   </div>
   <div class='ocr_carea' id='block_1_92' title="bbox 2104 3122 3706 3199">
    <p class='ocr_par' dir='ltr' id='par_1_92' title="bbox 2104 3122 3706 3199">
     <span class='ocr_line' id='line_1_92' title="bbox 2104 3122 3706 3199; baseline 0.004 -22"><span class='ocrx_word' id='word_1_679' title='bbox 2104 3122 2380 3177; x_wconf 84' lang='lat' dir='ltr'><strong>colemus?</strong></span> <span class='ocrx_word' id='word_1_680' title='bbox 2404 3122 2618 3194; x_wconf 88' lang='lat' dir='ltr'><strong>quando</strong></span> <span class='ocrx_word' id='word_1_681' title='bbox 2643 3125 2894 3181; x_wconf 87' lang='lat' dir='ltr'><strong>reddetur</strong></span> <span class='ocrx_word' id='word_1_682' title='bbox 2911 3127 3289 3199; x_wconf 87' lang='lat' dir='ltr'><strong>semeu?quis</strong></span> <span class='ocrx_word' id='word_1_683' title='bbox 3318 3146 3423 3186; x_wconf 87' lang='lat' dir='ltr'><strong>nos</strong></span> <span class='ocrx_word' id='word_1_684' title='bbox 3447 3148 3553 3186; x_wconf 92' lang='lat' dir='ltr'><strong>non</strong></span> <span class='ocrx_word' id='word_1_685' title='bbox 3578 3131 3706 3185; x_wconf 85' lang='lat' dir='ltr'><strong>abri-</strong></span> 
     </span>
    </p>
   </div>
   <div class='ocr_carea' id='block_1_93' title="bbox 2106 3213 3709 3294">
    <p class='ocr_par' dir='ltr' id='par_1_93' title="bbox 2106 3213 3709 3294">
     <span class='ocr_line' id='line_1_93' title="bbox 2106 3213 3709 3294; baseline 0.006 -28"><span class='ocrx_word' id='word_1_686' title='bbox 2106 3213 2252 3283; x_wconf 80' lang='lat' dir='ltr'><strong>piet?</strong></span> <span class='ocrx_word' id='word_1_687' title='bbox 2271 3213 2391 3284; x_wconf 91' lang='lat' dir='ltr'><strong>quis</strong></span> <span class='ocrx_word' id='word_1_688' title='bbox 2418 3229 2521 3268; x_wconf 88' lang='lat' dir='ltr'><strong>non</strong></span> <span class='ocrx_word' id='word_1_689' title='bbox 2552 3230 2644 3285; x_wconf 88' lang='lat' dir='ltr'><strong>per</strong></span> <span class='ocrx_word' id='word_1_690' title='bbox 2668 3217 2958 3287; x_wconf 67' lang='lat' dir='ltr'><strong>praecipitia</strong></span> <span class='ocrx_word' id='word_1_691' title='bbox 2987 3218 3185 3274; x_wconf 80' lang='lat' dir='ltr'><strong>dabit?</strong></span> <span class='ocrx_word' id='word_1_692' title='bbox 3208 3222 3501 3292; x_wconf 90' lang='lat' dir='ltr'><strong>quomodo</strong></span> <span class='ocrx_word' id='word_1_693' title='bbox 3524 3221 3709 3294; x_wconf 82' lang='lat' dir='ltr'><strong>poteri-</strong></span> 
     </span>
    </p>
   </div>
   <div class='ocr_carea' id='block_1_94' title="bbox 2104 3303 3905 3386">
    <p class='ocr_par' dir='ltr' id='par_1_94' title="bbox 2104 3303 3905 3386">
     <span class='ocr_line' id='line_1_94' title="bbox 2104 3303 3905 3386; baseline 0.006 -29"><span class='ocrx_word' id='word_1_694' title='bbox 2104 3317 2222 3357; x_wconf 92' lang='lat' dir='ltr'><strong>mus</strong></span> <span class='ocrx_word' id='word_1_695' title='bbox 2250 3303 2331 3357; x_wconf 88' lang='lat' dir='ltr'><strong>vel</strong></span> <span class='ocrx_word' id='word_1_696' title='bbox 2355 3319 2414 3358; x_wconf 94' lang='lat' dir='ltr'><strong>os</strong></span> <span class='ocrx_word' id='word_1_697' title='bbox 2443 3305 2675 3375; x_wconf 84' lang='lat' dir='ltr'><strong>aperire,</strong></span> <span class='ocrx_word' id='word_1_698' title='bbox 2705 3316 2871 3372; x_wconf 88' lang='lat' dir='ltr'><strong>stare,</strong></span> <span class='ocrx_word' id='word_1_699' title='bbox 2892 3307 3204 3379; x_wconf 87' lang='lat' dir='ltr'><strong>disputare,</strong></span> <span class='ocrx_word' id='word_1_700' title='bbox 3239 3328 3573 3386; x_wconf 86' lang='lat' dir='ltr'><strong>comparere</strong></span> <span class='ocrx_word' id='word_1_701' title='bbox 3598 3322 3711 3368; x_wconf 89' lang='lat' dir='ltr'><strong>ante</strong></span> <span class='ocrx_word' id='word_1_702' title='bbox 3904 3316 3905 3386; x_wconf 49' lang='grc' dir='ltr'>ξ</span> 
     </span>
    </p>
   </div>
   <div class='ocr_carea' id='block_1_95' title="bbox 2104 3376 3905 3473">
    <p class='ocr_par' dir='ltr' id='par_1_95' title="bbox 2104 3376 3905 3473">
     <span class='ocr_line' id='line_1_95' title="bbox 2104 3376 3905 3473; baseline 0.005 -24"><span class='ocrx_word' id='word_1_703' title='bbox 2104 3403 2184 3449; x_wconf 89' lang='lat' dir='ltr'><strong>tot</strong></span> <span class='ocrx_word' id='word_1_704' title='bbox 2223 3394 2390 3449; x_wconf 91' lang='lat' dir='ltr'><strong>millia</strong></span> <span class='ocrx_word' id='word_1_705' title='bbox 2423 3395 2734 3453; x_wconf 88' lang='lat' dir='ltr'><strong>hominum?</strong></span> <span class='ocrx_word' id='word_1_706' title='bbox 2772 3400 3042 3469; x_wconf 91' lang='lat' dir='ltr'><strong>quomodo</strong></span> <span class='ocrx_word' id='word_1_707' title='bbox 3074 3376 3462 3473; x_wconf 75' lang='lat' dir='ltr'><strong>tyrannorum</strong></span> <span class='ocrx_word' id='word_1_708' title='bbox 3491 3406 3713 3459; x_wconf 81' lang='lat' dir='ltr'><strong>furorem</strong></span> <span class='ocrx_word' id='word_1_709' title='bbox 3904 3376 3905 3399; x_wconf 15' lang='grc' dir='ltr'><em>Χ</em></span> 
     </span>
    </p>
   </div>
   <div class='ocr_carea' id='block_1_96' title="bbox 2103 3485 3715 3566">
    <p class='ocr_par' dir='ltr' id='par_1_96' title="bbox 2103 3485 3715 3566">
     <span class='ocr_line' id='line_1_96' title="bbox 2103 3485 3715 3566; baseline 0.008 -29"><span class='ocrx_word' id='word_1_710' title='bbox 2103 3485 2551 3554; x_wconf 89' lang='lat' dir='ltr'><strong>eomprimcmus,</strong></span> <span class='ocrx_word' id='word_1_711' title='bbox 2578 3489 2910 3559; x_wconf 88' lang='lat' dir='ltr'><strong>populorum</strong></span> <span class='ocrx_word' id='word_1_712' title='bbox 2950 3492 3440 3561; x_wconf 77' lang='lat' dir='ltr'><strong>insurrectiones,</strong></span> <span class='ocrx_word' id='word_1_713' title='bbox 3476 3496 3715 3566; x_wconf 87' lang='lat' dir='ltr'><strong>philoso-</strong></span> 
     </span>
    </p>
   </div>
   <div class='ocr_carea' id='block_1_97' title="bbox 2104 3571 3718 3657">
    <p class='ocr_par' dir='ltr' id='par_1_97' title="bbox 2104 3571 3718 3657">
     <span class='ocr_line' id='line_1_97' title="bbox 2104 3571 3718 3657; baseline 0.01 -34"><span class='ocrx_word' id='word_1_714' title='bbox 2104 3571 2340 3641; x_wconf 90' lang='lat' dir='ltr'><strong>phorum</strong></span> <span class='ocrx_word' id='word_1_715' title='bbox 2371 3577 2877 3643; x_wconf 83' lang='lat' dir='ltr'><strong>argumentationes</strong></span> <span class='ocrx_word' id='word_1_716' title='bbox 2897 3619 2911 3643; x_wconf 91' lang='lat'><strong>,</strong></span> <span class='ocrx_word' id='word_1_717' title='bbox 2947 3580 3252 3637; x_wconf 83' lang='lat' dir='ltr'><strong>rhetorum</strong></span> <span class='ocrx_word' id='word_1_718' title='bbox 3299 3586 3718 3657; x_wconf 80' lang='lat' dir='ltr'><strong>eloquentiam,</strong></span> 
     </span>
    </p>
   </div>
   <div class='ocr_carea' id='block_1_98' title="bbox 2102 3663 3722 3738">
    <p class='ocr_par' dir='ltr' id='par_1_98' title="bbox 2102 3663 3722 3738">
     <span class='ocr_line' id='line_1_98' title="bbox 2102 3663 3722 3738; baseline 0.008 -22"><span class='ocrx_word' id='word_1_719' title='bbox 2102 3663 2442 3734; x_wconf 68' lang='lat' dir='ltr'><strong>prtejudicati</strong></span> <span class='ocrx_word' id='word_1_720' title='bbox 2476 3666 2643 3721; x_wconf 90' lang='lat' dir='ltr'><strong>animi</strong></span> <span class='ocrx_word' id='word_1_721' title='bbox 2666 3670 3028 3738; x_wconf 82' lang='lat' dir='ltr'><strong>tyrannidem,</strong></span> <span class='ocrx_word' id='word_1_722' title='bbox 3050 3678 3275 3731; x_wconf 87' lang='lat' dir='ltr'><strong>veteris</strong></span> <span class='ocrx_word' id='word_1_723' title='bbox 3298 3677 3722 3734; x_wconf 87' lang='lat' dir='ltr'><strong>consuetudinis</strong></span> 
     </span>
    </p>
   </div>
   <div class='ocr_carea' id='block_1_99' title="bbox 2103 3754 3718 3826">
    <p class='ocr_par' dir='ltr' id='par_1_99' title="bbox 2103 3754 3718 3826">
     <span class='ocr_line' id='line_1_99' title="bbox 2103 3754 3718 3826; baseline 0.006 -18"><span class='ocrx_word' id='word_1_724' title='bbox 2103 3754 2556 3820; x_wconf 69' lang='lat' dir='ltr'><strong>vim,dazmonum</strong></span> <span class='ocrx_word' id='word_1_725' title='bbox 2572 3758 3035 3822; x_wconf 88' lang='lat' dir='ltr'><strong>insidias,animas</strong></span> <span class='ocrx_word' id='word_1_726' title='bbox 3050 3765 3211 3821; x_wconf 85' lang='lat' dir='ltr'><strong>mille</strong></span> <span class='ocrx_word' id='word_1_727' title='bbox 3232 3770 3464 3826; x_wconf 84' lang='lat' dir='ltr'><strong>morbis</strong></span> <span class='ocrx_word' id='word_1_728' title='bbox 3476 3765 3718 3825; x_wconf 78' lang='lat' dir='ltr'><strong>aﬂ‘ectas?</strong></span> 
     </span>
    </p>
   </div>
   <div class='ocr_carea' id='block_1_100' title="bbox 2103 3847 3721 3929">
    <p class='ocr_par' dir='ltr' id='par_1_100' title="bbox 2103 3847 3721 3929">
     <span class='ocr_line' id='line_1_100' title="bbox 2103 3847 3721 3929; baseline 0.006 -28"><span class='ocrx_word' id='word_1_729' title='bbox 2103 3862 2201 3903; x_wconf 88' lang='lat' dir='ltr'><strong>nos</strong></span> <span class='ocrx_word' id='word_1_730' title='bbox 2231 3847 2390 3920; x_wconf 81' lang='lat' dir='ltr'><strong>igitur</strong></span> <span class='ocrx_word' id='word_1_731' title='bbox 2420 3848 2703 3917; x_wconf 89' lang='lat' dir='ltr'><strong>undecim,</strong></span> <span class='ocrx_word' id='word_1_732' title='bbox 2730 3851 3001 3923; x_wconf 91' lang='lat' dir='ltr'><strong>quomodo</strong></span> <span class='ocrx_word' id='word_1_733' title='bbox 3030 3869 3238 3913; x_wconf 91' lang='lat' dir='ltr'><strong>omnes</strong></span> <span class='ocrx_word' id='word_1_734' title='bbox 3274 3859 3376 3928; x_wconf 90' lang='lat' dir='ltr'><strong>qui</strong></span> <span class='ocrx_word' id='word_1_735' title='bbox 3414 3875 3516 3929; x_wconf 89' lang='lat' dir='ltr'><strong>per</strong></span> <span class='ocrx_word' id='word_1_736' title='bbox 3544 3859 3721 3912; x_wconf 89' lang='lat' dir='ltr'><strong>orbem</strong></span> 
     </span>
    </p>
   </div>
   <div class='ocr_carea' id='block_1_101' title="bbox 2101 3938 3721 4013">
    <p class='ocr_par' dir='ltr' id='par_1_101' title="bbox 2101 3938 3721 4013">
     <span class='ocr_line' id='line_1_101' title="bbox 2101 3938 3721 4013; baseline 0.006 -21"><span class='ocrx_word' id='word_1_737' title='bbox 2101 3946 2225 3992; x_wconf 87' lang='lat' dir='ltr'><strong>sunt</strong></span> <span class='ocrx_word' id='word_1_738' title='bbox 2269 3938 2632 4009; x_wconf 79' lang='lat' dir='ltr'><strong>corrigemus,</strong></span> <span class='ocrx_word' id='word_1_739' title='bbox 2678 3941 2860 3996; x_wconf 86' lang='lat' dir='ltr'><strong>idiotae</strong></span> <span class='ocrx_word' id='word_1_740' title='bbox 2902 3944 3222 4013; x_wconf 86' lang='lat' dir='ltr'><strong>sapientes,</strong></span> <span class='ocrx_word' id='word_1_741' title='bbox 3266 3950 3410 4004; x_wconf 89' lang='lat' dir='ltr'><strong>nudi</strong></span> <span class='ocrx_word' id='word_1_742' title='bbox 3459 3954 3721 4012; x_wconf 75' lang='lat' dir='ltr'><strong>armatos,</strong></span> 
     </span>
    </p>
   </div>
   <div class='ocr_carea' id='block_1_102' title="bbox 2101 4031 3728 4113">
    <p class='ocr_par' dir='ltr' id='par_1_102' title="bbox 2101 4031 3728 4113">
     <span class='ocr_line' id='line_1_102' title="bbox 2101 4031 3728 4113; baseline 0.006 -27"><span class='ocrx_word' id='word_1_743' title='bbox 2101 4031 2299 4087; x_wconf 89' lang='lat' dir='ltr'><strong>subditi</strong></span> <span class='ocrx_word' id='word_1_744' title='bbox 2333 4032 2623 4103; x_wconf 87' lang='lat' dir='ltr'><strong>principes,</strong></span> <span class='ocrx_word' id='word_1_745' title='bbox 2648 4035 2738 4104; x_wconf 90' lang='lat' dir='ltr'><strong>qui</strong></span> <span class='ocrx_word' id='word_1_746' title='bbox 2770 4050 2931 4090; x_wconf 87' lang='lat' dir='ltr'><strong>unam</strong></span> <span class='ocrx_word' id='word_1_747' title='bbox 2964 4045 3227 4094; x_wconf 85' lang='lat' dir='ltr'><strong>tenemus</strong></span> <span class='ocrx_word' id='word_1_748' title='bbox 3253 4041 3515 4113; x_wconf 82' lang='lat' dir='ltr'><strong>linguam</strong></span> <span class='ocrx_word' id='word_1_749' title='bbox 3545 4043 3728 4097; x_wconf 72' lang='lat' dir='ltr'><strong>advel&quot;</strong></span> 
     </span>
    </p>
   </div>
   <div class='ocr_carea' id='block_1_103' title="bbox 2101 4125 3728 4210">
    <p class='ocr_par' dir='ltr' id='par_1_103' title="bbox 2101 4125 3728 4210">
     <span class='ocr_line' id='line_1_103' title="bbox 2101 4125 3728 4210; baseline 0.007 -32"><span class='ocrx_word' id='word_1_750' title='bbox 2101 4140 2191 4179; x_wconf 80' lang='lat' dir='ltr'><strong>sus</strong></span> <span class='ocrx_word' id='word_1_751' title='bbox 2219 4125 2525 4180; x_wconf 89' lang='lat' dir='ltr'><strong>innumeras</strong></span> <span class='ocrx_word' id='word_1_752' title='bbox 2553 4125 2760 4196; x_wconf 75' lang='lat' dir='ltr'><strong>linguas</strong></span> <span class='ocrx_word' id='word_1_753' title='bbox 2785 4127 3123 4198; x_wconf 89' lang='lat' dir='ltr'><strong>disputantes</strong></span> <span class='ocrx_word' id='word_1_754' title='bbox 3145 4174 3161 4197; x_wconf 84' lang='lat'><strong>,</strong></span> <span class='ocrx_word' id='word_1_755' title='bbox 3204 4144 3267 4189; x_wconf 90' lang='lat' dir='ltr'><strong>et</strong></span> <span class='ocrx_word' id='word_1_756' title='bbox 3304 4137 3587 4194; x_wconf 77' lang='lat' dir='ltr'><strong>adversus</strong></span> <span class='ocrx_word' id='word_1_757' title='bbox 3610 4152 3728 4210; x_wconf 88' lang='lat' dir='ltr'><strong>gen-</strong></span> 
     </span>
    </p>
   </div>
   <div class='ocr_carea' id='block_1_104' title="bbox 2102 4215 3735 4299">
    <p class='ocr_par' dir='ltr' id='par_1_104' title="bbox 2102 4215 3735 4299">
     <span class='ocr_line' id='line_1_104' title="bbox 2102 4215 3735 4299; baseline 0.007 -29"><span class='ocrx_word' id='word_1_758' title='bbox 2102 4226 2182 4272; x_wconf 87' lang='lat' dir='ltr'><strong>tes</strong></span> <span class='ocrx_word' id='word_1_759' title='bbox 2213 4216 2465 4271; x_wconf 90' lang='lat' dir='ltr'><strong>barbaras</strong></span> <span class='ocrx_word' id='word_1_760' title='bbox 2493 4215 2825 4290; x_wconf 71' lang='lat' dir='ltr'><strong>diversaeque</strong></span> <span class='ocrx_word' id='word_1_761' title='bbox 2854 4218 3242 4293; x_wconf 72' lang='lat' dir='ltr'><strong>lingu-.e‘iquis</strong></span> <span class='ocrx_word' id='word_1_762' title='bbox 3269 4243 3391 4282; x_wconf 87' lang='lat' dir='ltr'><strong>non</strong></span> <span class='ocrx_word' id='word_1_763' title='bbox 3421 4228 3588 4295; x_wconf 84' lang='lat' dir='ltr'><strong>feret,</strong></span> <span class='ocrx_word' id='word_1_764' title='bbox 3608 4244 3735 4299; x_wconf 87' lang='lat' dir='ltr'><strong>quo-</strong></span> 
     </span>
    </p>
   </div>
   <div class='ocr_carea' id='block_1_105' title="bbox 2101 4309 3734 4389">
    <p class='ocr_par' dir='ltr' id='par_1_105' title="bbox 2101 4309 3734 4389">
     <span class='ocr_line' id='line_1_105' title="bbox 2101 4309 3734 4389; baseline 0.006 -25"><span class='ocrx_word' id='word_1_765' title='bbox 2101 4314 2218 4364; x_wconf 84' lang='lat' dir='ltr'><strong>rum</strong></span> <span class='ocrx_word' id='word_1_766' title='bbox 2256 4325 2323 4366; x_wconf 90' lang='lat' dir='ltr'><strong>ne</strong></span> <span class='ocrx_word' id='word_1_767' title='bbox 2366 4309 2580 4378; x_wconf 89' lang='lat' dir='ltr'><strong>quidem</strong></span> <span class='ocrx_word' id='word_1_768' title='bbox 2613 4310 2850 4381; x_wconf 85' lang='lat' dir='ltr'><strong>linguam</strong></span> <span class='ocrx_word' id='word_1_769' title='bbox 2882 4311 3198 4383; x_wconf 86' lang='lat' dir='ltr'><strong>intelligere</strong></span> <span class='ocrx_word' id='word_1_770' title='bbox 3236 4322 3482 4389; x_wconf 83' lang='lat' dir='ltr'><strong>possit?</strong></span> <span class='ocrx_word' id='word_1_771' title='bbox 3528 4337 3597 4377; x_wconf 90' lang='lat' dir='ltr'><strong>ne</strong></span> <span class='ocrx_word' id='word_1_772' title='bbox 3640 4320 3734 4375; x_wconf 88' lang='lat' dir='ltr'><strong>hoc</strong></span> 
     </span>
    </p>
   </div>
   <div class='ocr_carea' id='block_1_106' title="bbox 2099 4405 3734 4483">
    <p class='ocr_par' dir='ltr' id='par_1_106' title="bbox 2099 4405 3734 4483">
     <span class='ocr_line' id='line_1_106' title="bbox 2099 4405 3734 4483; baseline 0.005 -26"><span class='ocrx_word' id='word_1_773' title='bbox 2099 4418 2280 4457; x_wconf 85' lang='lat' dir='ltr'><strong>secum</strong></span> <span class='ocrx_word' id='word_1_774' title='bbox 2330 4411 2640 4472; x_wconf 89' lang='lat' dir='ltr'><strong>reputantes</strong></span> <span class='ocrx_word' id='word_1_775' title='bbox 2680 4405 3040 4472; x_wconf 90' lang='lat' dir='ltr'><strong>turbarentur,</strong></span> <span class='ocrx_word' id='word_1_776' title='bbox 3076 4409 3478 4483; x_wconf 85' lang='lat' dir='ltr'><strong>Evangelium</strong></span> <span class='ocrx_word' id='word_1_777' title='bbox 3513 4430 3734 4470; x_wconf 84' lang='lat' dir='ltr'><strong>messem</strong></span> 
     </span>
    </p>
   </div>
   <div class='ocr_carea' id='block_1_107' title="bbox 2100 4492 3734 4580">
    <p class='ocr_par' dir='ltr' id='par_1_107' title="bbox 2100 4492 3734 4580">
     <span class='ocr_line' id='line_1_107' title="bbox 2100 4492 3734 4580; baseline 0.006 -34"><span class='ocrx_word' id='word_1_778' title='bbox 2100 4492 2421 4580; x_wconf 84' lang='lat' dir='ltr'><strong>appellavit;</strong></span> <span class='ocrx_word' id='word_1_779' title='bbox 2453 4508 2517 4547; x_wconf 90' lang='lat' dir='ltr'><strong>ac</strong></span> <span class='ocrx_word' id='word_1_780' title='bbox 2545 4494 2588 4547; x_wconf 88' lang='lat' dir='ltr'><strong>si</strong></span> <span class='ocrx_word' id='word_1_781' title='bbox 2625 4492 2831 4549; x_wconf 91' lang='lat' dir='ltr'><strong>diceret</strong></span> <span class='ocrx_word' id='word_1_782' title='bbox 2861 4494 3090 4551; x_wconf 89' lang='lat' dir='ltr'><strong>:Omnia</strong></span> <span class='ocrx_word' id='word_1_783' title='bbox 3117 4512 3420 4571; x_wconf 82' lang='lat' dir='ltr'><strong>apparata</strong></span> <span class='ocrx_word' id='word_1_784' title='bbox 3445 4516 3599 4573; x_wconf 90' lang='lat' dir='ltr'><strong>sunt,</strong></span> <span class='ocrx_word' id='word_1_785' title='bbox 3626 4518 3734 4561; x_wconf 88' lang='lat' dir='ltr'><strong>om-</strong></span> 
     </span>
    </p>
   </div>
   <div class='ocr_carea' id='block_1_108' title="bbox 2102 4585 3739 4656">
    <p class='ocr_par' dir='ltr' id='par_1_108' title="bbox 2102 4585 3739 4656">
     <span class='ocr_line' id='line_1_108' title="bbox 2102 4585 3739 4656; baseline 0.007 -16"><span class='ocrx_word' id='word_1_786' title='bbox 2102 4586 2186 4640; x_wconf 87' lang='lat' dir='ltr'><strong>nia</strong></span> <span class='ocrx_word' id='word_1_787' title='bbox 2216 4586 2457 4641; x_wconf 88' lang='lat' dir='ltr'><strong>ordinata</strong></span> <span class='ocrx_word' id='word_1_788' title='bbox 2483 4602 2499 4641; x_wconf 87' lang='lat'><strong>:</strong></span> <span class='ocrx_word' id='word_1_789' title='bbox 2524 4585 2589 4640; x_wconf 91' lang='lat' dir='ltr'><strong>ad</strong></span> <span class='ocrx_word' id='word_1_790' title='bbox 2618 4596 2856 4656; x_wconf 89' lang='lat' dir='ltr'><strong>paratam</strong></span> <span class='ocrx_word' id='word_1_791' title='bbox 2881 4603 2978 4643; x_wconf 83' lang='lat' dir='ltr'><strong>vos</strong></span> <span class='ocrx_word' id='word_1_792' title='bbox 3006 4587 3313 4649; x_wconf 79' lang='lat' dir='ltr'><strong>fructuum</strong></span> <span class='ocrx_word' id='word_1_793' title='bbox 3349 4600 3739 4655; x_wconf 82' lang='lat' dir='ltr'><strong>collectionem</strong></span> 
     </span>
    </p>
   </div>
   <div class='ocr_carea' id='block_1_109' title="bbox 2101 4675 3742 4760">
    <p class='ocr_par' dir='ltr' id='par_1_109' title="bbox 2101 4675 3742 4760">
     <span class='ocr_line' id='line_1_109' title="bbox 2101 4675 3742 4760; baseline 0.005 -28"><span class='ocrx_word' id='word_1_794' title='bbox 2101 4679 2256 4732; x_wconf 89' lang='lat' dir='ltr'><strong>mitto</strong></span> <span class='ocrx_word' id='word_1_795' title='bbox 2284 4693 2297 4729; x_wconf 90' lang='lat'><strong>:</strong></span> <span class='ocrx_word' id='word_1_796' title='bbox 2332 4676 2521 4731; x_wconf 87' lang='lat' dir='ltr'><strong>eodem</strong></span> <span class='ocrx_word' id='word_1_797' title='bbox 2566 4675 2683 4750; x_wconf 81' lang='lat' dir='ltr'><strong>ipso</strong></span> <span class='ocrx_word' id='word_1_798' title='bbox 2711 4677 2798 4733; x_wconf 86' lang='lat' dir='ltr'><strong>die</strong></span> <span class='ocrx_word' id='word_1_799' title='bbox 2823 4687 2877 4733; x_wconf 90' lang='lat' dir='ltr'><strong>et</strong></span> <span class='ocrx_word' id='word_1_800' title='bbox 2903 4679 3190 4738; x_wconf 86' lang='lat' dir='ltr'><strong>seminare</strong></span> <span class='ocrx_word' id='word_1_801' title='bbox 3224 4695 3290 4740; x_wconf 88' lang='lat' dir='ltr'><strong>et</strong></span> <span class='ocrx_word' id='word_1_802' title='bbox 3337 4698 3571 4745; x_wconf 88' lang='lat' dir='ltr'><strong>metere</strong></span> <span class='ocrx_word' id='word_1_803' title='bbox 3601 4696 3742 4760; x_wconf 85' lang='lat' dir='ltr'><strong>pote—</strong></span> 
     </span>
    </p>
   </div>
   <div class='ocr_carea' id='block_1_110' title="bbox 2101 4766 3745 4854">
    <p class='ocr_par' dir='ltr' id='par_1_110' title="bbox 2101 4766 3745 4854">
     <span class='ocr_line' id='line_1_110' title="bbox 2101 4766 3745 4854; baseline 0.005 -31"><span class='ocrx_word' id='word_1_804' title='bbox 2101 4769 2236 4823; x_wconf 88' lang='lat' dir='ltr'><strong>ritis.</strong></span> <span class='ocrx_word' id='word_1_805' title='bbox 2261 4766 2412 4823; x_wconf 91' lang='lat' dir='ltr'><strong>Sicut</strong></span> <span class='ocrx_word' id='word_1_806' title='bbox 2442 4767 2601 4838; x_wconf 85' lang='lat' dir='ltr'><strong>igitur</strong></span> <span class='ocrx_word' id='word_1_807' title='bbox 2640 4769 2875 4839; x_wconf 85' lang='lat' dir='ltr'><strong>agricola</strong></span> <span class='ocrx_word' id='word_1_808' title='bbox 2904 4769 2971 4826; x_wconf 87' lang='lat' dir='ltr'><strong>ad</strong></span> <span class='ocrx_word' id='word_1_809' title='bbox 3001 4786 3261 4830; x_wconf 87' lang='lat' dir='ltr'><strong>messem</strong></span> <span class='ocrx_word' id='word_1_810' title='bbox 3314 4782 3532 4836; x_wconf 78' lang='lat' dir='ltr'><strong>exiens</strong></span> <span class='ocrx_word' id='word_1_811' title='bbox 3560 4780 3745 4854; x_wconf 81' lang='lat' dir='ltr'><strong>gaudet</strong></span> 
     </span>
    </p>
   </div>
   <div class='ocr_carea' id='block_1_111' title="bbox 2102 4859 3743 4927">
    <p class='ocr_par' dir='ltr' id='par_1_111' title="bbox 2102 4859 3743 4927">
     <span class='ocr_line' id='line_1_111' title="bbox 2102 4859 3743 4927; baseline 0.002 -10"><span class='ocrx_word' id='word_1_812' title='bbox 2102 4869 2157 4917; x_wconf 87' lang='lat' dir='ltr'><strong>et</strong></span> <span class='ocrx_word' id='word_1_813' title='bbox 2183 4861 2336 4915; x_wconf 85' lang='lat' dir='ltr'><strong>laetus</strong></span> <span class='ocrx_word' id='word_1_814' title='bbox 2364 4859 2630 4924; x_wconf 80' lang='lat' dir='ltr'><strong>exsultat,</strong></span> <span class='ocrx_word' id='word_1_815' title='bbox 2664 4860 2877 4916; x_wconf 90' lang='lat' dir='ltr'><strong>labores</strong></span> <span class='ocrx_word' id='word_1_816' title='bbox 2910 4870 2965 4917; x_wconf 90' lang='lat' dir='ltr'><strong>et</strong></span> <span class='ocrx_word' id='word_1_817' title='bbox 2997 4861 3396 4925; x_wconf 80' lang='lat' dir='ltr'><strong>difﬁcultates</strong></span> <span class='ocrx_word' id='word_1_818' title='bbox 3428 4889 3548 4927; x_wconf 93' lang='lat' dir='ltr'><strong>non</strong></span> <span class='ocrx_word' id='word_1_819' title='bbox 3581 4870 3743 4927; x_wconf 83' lang='lat' dir='ltr'><strong>consi-</strong></span> 
     </span>
    </p>
   </div>
   <div class='ocr_carea' id='block_1_112' title="bbox 2102 4949 3749 5026">
    <p class='ocr_par' dir='ltr' id='par_1_112' title="bbox 2102 4949 3749 5026">
     <span class='ocr_line' id='line_1_112' title="bbox 2102 4949 3749 5026; baseline 0.002 -20"><span class='ocrx_word' id='word_1_820' title='bbox 2102 4952 2296 5006; x_wconf 81' lang='lat' dir='ltr'><strong>(lt-ratis</strong></span> <span class='ocrx_word' id='word_1_821' title='bbox 2321 4992 2335 5016; x_wconf 94' lang='lat'><strong>,</strong></span> <span class='ocrx_word' id='word_1_822' title='bbox 2364 4949 2456 5006; x_wconf 89' lang='lat' dir='ltr'><strong>sed</strong></span> <span class='ocrx_word' id='word_1_823' title='bbox 2489 4951 2640 5020; x_wconf 89' lang='lat' dir='ltr'><strong>quasi</strong></span> <span class='ocrx_word' id='word_1_824' title='bbox 2669 4950 2736 5006; x_wconf 91' lang='lat' dir='ltr'><strong>ad</strong></span> <span class='ocrx_word' id='word_1_825' title='bbox 2761 4961 3077 5023; x_wconf 88' lang='lat' dir='ltr'><strong>proventum</strong></span> <span class='ocrx_word' id='word_1_826' title='bbox 3112 4969 3416 5026; x_wconf 80' lang='lat' dir='ltr'><strong>paratum</strong></span> <span class='ocrx_word' id='word_1_827' title='bbox 3447 4965 3715 5020; x_wconf 64' lang='lat' dir='ltr'><strong>festinans</strong></span> <span class='ocrx_word' id='word_1_828' title='bbox 3735 5002 3749 5025; x_wconf 87' lang='lat'><strong>,</strong></span> 
     </span>
    </p>
   </div>
   <div class='ocr_carea' id='block_1_113' title="bbox 2100 5044 3754 5130">
    <p class='ocr_par' dir='ltr' id='par_1_113' title="bbox 2100 5044 3754 5130">
     <span class='ocr_line' id='line_1_113' title="bbox 2100 5044 3754 5130; baseline 0.005 -31"><span class='ocrx_word' id='word_1_829' title='bbox 2100 5054 2156 5099; x_wconf 87' lang='lat' dir='ltr'><strong>et</strong></span> <span class='ocrx_word' id='word_1_830' title='bbox 2184 5044 2246 5096; x_wconf 88' lang='lat' dir='ltr'><strong>ad</strong></span> <span class='ocrx_word' id='word_1_831' title='bbox 2277 5058 2483 5097; x_wconf 83' lang='lat' dir='ltr'><strong>atmuos</strong></span> <span class='ocrx_word' id='word_1_832' title='bbox 2539 5044 2741 5099; x_wconf 81' lang='lat' dir='ltr'><strong>fructus</strong></span> <span class='ocrx_word' id='word_1_833' title='bbox 2783 5060 3039 5111; x_wconf 87' lang='lat' dir='ltr'><strong>currens,</strong></span> <span class='ocrx_word' id='word_1_834' title='bbox 3069 5057 3133 5102; x_wconf 83' lang='lat' dir='ltr'><strong>et</strong></span> <span class='ocrx_word' id='word_1_835' title='bbox 3192 5055 3353 5110; x_wconf 88' lang='lat' dir='ltr'><strong>nihil</strong></span> <span class='ocrx_word' id='word_1_836' title='bbox 3388 5066 3485 5113; x_wconf 86' lang='lat' dir='ltr'><strong>est</strong></span> <span class='ocrx_word' id='word_1_837' title='bbox 3520 5060 3624 5130; x_wconf 80' lang='lat' dir='ltr'><strong>ipsi</strong></span> <span class='ocrx_word' id='word_1_838' title='bbox 3672 5058 3754 5110; x_wconf 90' lang='lat' dir='ltr'><strong>im-</strong></span> 
     </span>
    </p>
   </div>
   <div class='ocr_carea' id='block_1_114' title="bbox 2102 5134 3759 5216">
    <p class='ocr_par' dir='ltr' id='par_1_114' title="bbox 2102 5134 3759 5216">
     <span class='ocr_line' id='line_1_114' title="bbox 2102 5134 3759 5216; baseline 0.006 -26"><span class='ocrx_word' id='word_1_839' title='bbox 2102 5135 2393 5206; x_wconf 88' lang='lat' dir='ltr'><strong>pedimenti</strong></span> <span class='ocrx_word' id='word_1_840' title='bbox 2441 5135 2519 5188; x_wconf 82' lang='lat' dir='ltr'><strong>vel</strong></span> <span class='ocrx_word' id='word_1_841' title='bbox 2557 5134 2746 5203; x_wconf 89' lang='lat' dir='ltr'><strong>obicis,</strong></span> <span class='ocrx_word' id='word_1_842' title='bbox 2787 5136 2926 5190; x_wconf 86' lang='lat' dir='ltr'><strong>nulla</strong></span> <span class='ocrx_word' id='word_1_843' title='bbox 2977 5136 3152 5195; x_wconf 85' lang='lat' dir='ltr'><strong>futuri</strong></span> <span class='ocrx_word' id='word_1_844' title='bbox 3212 5143 3626 5216; x_wconf 87' lang='lat' dir='ltr'><strong>iucertitudo;</strong></span> <span class='ocrx_word' id='word_1_845' title='bbox 3660 5164 3759 5205; x_wconf 88' lang='lat' dir='ltr'><strong>non</strong></span> 
     </span>
    </p>
   </div>
   <div class='ocr_carea' id='block_1_115' title="bbox 2104 5226 3760 5298">
    <p class='ocr_par' dir='ltr' id='par_1_115' title="bbox 2104 5226 3760 5298">
     <span class='ocr_line' id='line_1_115' title="bbox 2104 5226 3760 5298; baseline 0.007 -16"><span class='ocrx_word' id='word_1_846' title='bbox 2104 5228 2336 5291; x_wconf 80' lang='lat' dir='ltr'><strong>imbres,</strong></span> <span class='ocrx_word' id='word_1_847' title='bbox 2366 5226 2684 5297; x_wconf 85' lang='lat' dir='ltr'><strong>grandines,</strong></span> <span class='ocrx_word' id='word_1_848' title='bbox 2716 5228 2931 5283; x_wconf 83' lang='lat' dir='ltr'><strong>siccitas</strong></span> <span class='ocrx_word' id='word_1_849' title='bbox 2955 5270 2969 5294; x_wconf 88' lang='lat'><strong>,</strong></span> <span class='ocrx_word' id='word_1_850' title='bbox 3000 5247 3111 5285; x_wconf 88' lang='lat' dir='ltr'><strong>non</strong></span> <span class='ocrx_word' id='word_1_851' title='bbox 3149 5237 3359 5294; x_wconf 81' lang='lat' dir='ltr'><strong>malus</strong></span> <span class='ocrx_word' id='word_1_852' title='bbox 3392 5241 3498 5298; x_wconf 90' lang='lat' dir='ltr'><strong>ille</strong></span> <span class='ocrx_word' id='word_1_853' title='bbox 3525 5243 3760 5298; x_wconf 79' lang='lat' dir='ltr'><strong>locusta-</strong></span> 
     </span>
    </p>
   </div>
   <div class='ocr_carea' id='block_1_116' title="bbox 2100 5321 3766 5406">
    <p class='ocr_par' dir='ltr' id='par_1_116' title="bbox 2100 5321 3766 5406">
     <span class='ocr_line' id='line_1_116' title="bbox 2100 5321 3766 5406; baseline 0.005 -30"><span class='ocrx_word' id='word_1_854' title='bbox 2100 5338 2215 5406; x_wconf 75' lang='lat' dir='ltr'><strong>rum</strong></span> <span class='ocrx_word' id='word_1_855' title='bbox 2267 5321 2542 5375; x_wconf 83' lang='lat' dir='ltr'><strong>exercitus</strong></span> <span class='ocrx_word' id='word_1_856' title='bbox 2573 5338 2585 5372; x_wconf 94' lang='lat'>:</span> <span class='ocrx_word' id='word_1_857' title='bbox 2614 5336 2732 5374; x_wconf 89' lang='lat' dir='ltr'><strong>nam</strong></span> <span class='ocrx_word' id='word_1_858' title='bbox 2765 5323 2856 5392; x_wconf 90' lang='lat' dir='ltr'><strong>qui</strong></span> <span class='ocrx_word' id='word_1_859' title='bbox 2902 5323 3064 5377; x_wconf 86' lang='lat' dir='ltr'><strong>messi</strong></span> <span class='ocrx_word' id='word_1_860' title='bbox 3118 5324 3233 5382; x_wconf 81' lang='lat' dir='ltr'><strong>dat</strong></span> <span class='ocrx_word' id='word_1_861' title='bbox 3298 5348 3590 5403; x_wconf 79' lang='lat' dir='ltr'><strong>operam,</strong></span> <span class='ocrx_word' id='word_1_862' title='bbox 3641 5332 3766 5390; x_wconf 81' lang='lat' dir='ltr'><strong>nihil</strong></span> 
     </span>
    </p>
   </div>
   <div class='ocr_carea' id='block_1_117' title="bbox 2105 5411 3770 5493">
    <p class='ocr_par' dir='ltr' id='par_1_117' title="bbox 2105 5411 3770 5493">
     <span class='ocr_line' id='line_1_117' title="bbox 2105 5411 3770 5493; baseline 0.01 -29"><span class='ocrx_word' id='word_1_863' title='bbox 2105 5411 2209 5464; x_wconf 84' lang='lat' dir='ltr'><strong>tale</strong></span> <span class='ocrx_word' id='word_1_864' title='bbox 2260 5411 2592 5481; x_wconf 86' lang='lat' dir='ltr'><strong>suspicatur;</strong></span> <span class='ocrx_word' id='word_1_865' title='bbox 2650 5411 2770 5466; x_wconf 90' lang='lat' dir='ltr'><strong>ideo</strong></span> <span class='ocrx_word' id='word_1_866' title='bbox 2829 5412 3055 5469; x_wconf 89' lang='lat' dir='ltr'><strong>choreas</strong></span> <span class='ocrx_word' id='word_1_867' title='bbox 3108 5422 3422 5493; x_wconf 83' lang='lat' dir='ltr'><strong>agentes,</strong></span> <span class='ocrx_word' id='word_1_868' title='bbox 3491 5428 3770 5483; x_wconf 77' lang='lat' dir='ltr'><strong>exsultan-</strong></span> 
     </span>
    </p>
   </div>
   <div class='ocr_carea' id='block_1_118' title="bbox 2107 5501 3773 5587">
    <p class='ocr_par' dir='ltr' id='par_1_118' title="bbox 2107 5501 3773 5587">
     <span class='ocr_line' id='line_1_118' title="bbox 2107 5501 3773 5587; baseline 0.012 -33"><span class='ocrx_word' id='word_1_869' title='bbox 2107 5501 2226 5564; x_wconf 86' lang='lat' dir='ltr'><strong>tes,</strong></span> <span class='ocrx_word' id='word_1_870' title='bbox 2284 5502 2556 5556; x_wconf 88' lang='lat' dir='ltr'><strong>iaboribus</strong></span> <span class='ocrx_word' id='word_1_871' title='bbox 2612 5502 2924 5559; x_wconf 87' lang='lat' dir='ltr'><strong>incumbunt</strong></span> <span class='ocrx_word' id='word_1_872' title='bbox 2967 5524 2981 5561; x_wconf 89' lang='lat'><strong>:</strong></span> <span class='ocrx_word' id='word_1_873' title='bbox 3034 5506 3119 5560; x_wconf 81' lang='lat' dir='ltr'><strong>ita</strong></span> <span class='ocrx_word' id='word_1_874' title='bbox 3173 5520 3243 5566; x_wconf 86' lang='lat' dir='ltr'><strong>et</strong></span> <span class='ocrx_word' id='word_1_875' title='bbox 3293 5531 3434 5587; x_wconf 81' lang='lat' dir='ltr'><strong>vos,</strong></span> <span class='ocrx_word' id='word_1_876' title='bbox 3485 5522 3605 5576; x_wconf 80' lang='lat' dir='ltr'><strong>imo</strong></span> <span class='ocrx_word' id='word_1_877' title='bbox 3654 5536 3773 5575; x_wconf 89' lang='lat' dir='ltr'><strong>cum</strong></span> 
     </span>
    </p>
   </div>
   <div class='ocr_carea' id='block_1_119' title="bbox 2106 5591 3780 5667">
    <p class='ocr_par' dir='ltr' id='par_1_119' title="bbox 2106 5591 3780 5667">
     <span class='ocr_line' id='line_1_119' title="bbox 2106 5591 3780 5667; baseline 0.014 -23"><span class='ocrx_word' id='word_1_878' title='bbox 2106 5591 2293 5661; x_wconf 81' lang='lat' dir='ltr'><strong>majori</strong></span> <span class='ocrx_word' id='word_1_879' title='bbox 2323 5591 2592 5660; x_wconf 76' lang='lat' dir='ltr'><strong>voiuplate</strong></span> <span class='ocrx_word' id='word_1_880' title='bbox 2635 5593 2685 5646; x_wconf 92' lang='lat' dir='ltr'><strong>in</strong></span> <span class='ocrx_word' id='word_1_881' title='bbox 2719 5596 2901 5650; x_wconf 87' lang='lat' dir='ltr'><strong>orbem</strong></span> <span class='ocrx_word' id='word_1_882' title='bbox 2930 5597 3089 5651; x_wconf 81' lang='lat' dir='ltr'><strong>exire</strong></span> <span class='ocrx_word' id='word_1_883' title='bbox 3124 5614 3393 5662; x_wconf 82' lang='lat' dir='ltr'><strong>necesse</strong></span> <span class='ocrx_word' id='word_1_884' title='bbox 3433 5620 3553 5667; x_wconf 90' lang='lat' dir='ltr'><strong>est.</strong></span> <span class='ocrx_word' id='word_1_885' title='bbox 3592 5612 3780 5667; x_wconf 72' lang='lat' dir='ltr'><strong>Messis</strong></span> 
     </span>
    </p>
   </div>
   <div class='ocr_carea' id='block_1_120' title="bbox 2104 5685 3782 5760">
    <p class='ocr_par' dir='ltr' id='par_1_120' title="bbox 2104 5685 3782 5760">
     <span class='ocr_line' id='line_1_120' title="bbox 2104 5685 3782 5760; baseline 0.011 -21"><span class='ocrx_word' id='word_1_886' title='bbox 2104 5685 2247 5739; x_wconf 78' lang='lat' dir='ltr'><strong>enim</strong></span> <span class='ocrx_word' id='word_1_887' title='bbox 2274 5694 2356 5741; x_wconf 91' lang='lat' dir='ltr'><strong>est</strong></span> <span class='ocrx_word' id='word_1_888' title='bbox 2387 5703 2471 5741; x_wconf 84' lang='lat' dir='ltr'><strong>res</strong></span> <span class='ocrx_word' id='word_1_889' title='bbox 2511 5686 2655 5740; x_wconf 61' lang='lat' dir='ltr'><strong>istinc</strong></span> <span class='ocrx_word' id='word_1_890' title='bbox 2677 5727 2691 5751; x_wconf 93' lang='lat'><strong>,</strong></span> <span class='ocrx_word' id='word_1_891' title='bbox 2721 5688 2913 5743; x_wconf 87' lang='lat' dir='ltr'><strong>messis</strong></span> <span class='ocrx_word' id='word_1_892' title='bbox 2954 5689 3211 5747; x_wconf 84' lang='lat' dir='ltr'><strong>multam</strong></span> <span class='ocrx_word' id='word_1_893' title='bbox 3262 5694 3509 5757; x_wconf 78' lang='lat' dir='ltr'><strong>habens</strong></span> <span class='ocrx_word' id='word_1_894' title='bbox 3558 5707 3782 5760; x_wconf 79' lang='lat' dir='ltr'><strong>facilita-</strong></span> 
     </span>
    </p>
   </div>
   <div class='ocr_carea' id='block_1_121' title="bbox 2108 5780 3782 5870">
    <p class='ocr_par' dir='ltr' id='par_1_121' title="bbox 2108 5780 3782 5870">
     <span class='ocr_line' id='line_1_121' title="bbox 2108 5780 3782 5870; baseline 0.011 -35"><span class='ocrx_word' id='word_1_895' title='bbox 2108 5789 2245 5845; x_wconf 84' lang='lat' dir='ltr'><strong>tem,</strong></span> <span class='ocrx_word' id='word_1_896' title='bbox 2295 5784 2482 5836; x_wconf 67' lang='lat' dir='ltr'><strong>ntesxis</strong></span> <span class='ocrx_word' id='word_1_897' title='bbox 2508 5798 2626 5853; x_wconf 72' lang='lat' dir='ltr'><strong>qua:</strong></span> <span class='ocrx_word' id='word_1_898' title='bbox 2669 5791 2875 5853; x_wconf 86' lang='lat' dir='ltr'><strong>paratas</strong></span> <span class='ocrx_word' id='word_1_899' title='bbox 2924 5780 3093 5838; x_wconf 76' lang='lat' dir='ltr'><strong>vobis</strong></span> <span class='ocrx_word' id='word_1_900' title='bbox 3147 5801 3465 5850; x_wconf 80' lang='lat' dir='ltr'><strong>monstrat</strong></span> <span class='ocrx_word' id='word_1_901' title='bbox 3511 5811 3782 5870; x_wconf 80' lang='lat' dir='ltr'><strong>segetes:</strong></span> 
     </span>
    </p>
   </div>
  </div>
