3966 6160
400 364 509 419 589

393 486 488 538 τὸν
513 485 751 556 λειμῶνα
782 485 923 556 ὑμᾶς
955 488 1164 552 εἰσάξει
1199 490 1571 561 πειρασόμεθα
1609 493 1714 546 τῶν
1749 492 1908 546 θείων
1928 493 2068 564 Γρα-

391 572 512 640 φῶν
537 589 549 601 ⁸
587 575 681 624 καὶ
715 571 825 645 γάρ
858 574 1082 645 λειμῶνι
1107 576 1248 629 ἔοικε
1270 577 1339 630 τὰ
1370 578 1596 634 ἐκεῖθεν.
1641 580 1852 651 Ὥσπερ
1879 579 1987 649 γάρ
2008 581 2068 634 ὲν

390 658 469 728 τῷ
501 658 724 726 λειμῶνι
755 660 987 732 διάφορα
1016 662 1114 733 μὲν
1138 663 1206 716 τά
1238 663 1395 735 ἄνθη,
1415 664 1593 719 πάντα
1620 666 1675 718 δὲ
1713 666 1911 736 ἐφεξῆς
1933 668 2065 722 κάλ-

389 744 547 800 λιστα
566 746 895 801 ἀνθέλκοντα
916 747 1064 821 [590]
1090 749 1223 821 πρὸς
1244 750 1413 805 ἑαυτά
1426 752 1535 807 τῶν
1554 754 1847 825 δρωμένων
1861 756 2066 810 ἕκαστα

389 834 485 889 τοῦ
508 835 703 890 θεατοῦ
733 835 831 907 την
878 837 1000 906 ὅφιν
1018 859 1030 871 ·
1056 837 1200 895 οὕτω
1230 841 1296 911 δὴ
1347 843 1442 896 καὶ
1485 843 1543 895 ὲν
1568 845 1688 907 ταῖς
1726 842 1898 909 θείαις
1927 846 2064 916 Γραο

390 925 517 990 φαῖς
549 925 693 977 ἔστιν
716 924 866 977 ἰδεῖν.
895 926 1008 979 Καὶ
1040 926 1149 998 γὰρ
1170 928 1200 981 6
1224 928 1490 999 μακάριος
1519 930 1682 984 Δαυίδ
1707 931 1845 1002 πρὸς
1872 933 2064 987 ἐαυτὸν

387 1009 639 1062 ἀνθέλκει
662 1010 762 1081 τὴν
791 1009 1030 1067 διάνοιαν
1056 1013 1157 1085 τὴν
1181 1015 1457 1087 ἡμετέραν
1478 1054 1492 1079 ,
1531 1018 1626 1072 καὶ
1660 1020 1694 1088 ἠ
1734 1018 2063 1092 ἀποστολικη

390 1094 552 1164 ῥῆσις
586 1096 620 1165 ἡ
655 1096 786 1166 περὶ
816 1097 1087 1168 Τιμοθέου
1118 1099 1404 1170 λεχθεῖσαο
1433 1100 1514 1155 ἐτι
1552 1102 1657 1175 μὴν
1680 1104 1775 1158 καὶ
1810 1107 1838 1157 6
1864 1106 2066 1177 τολμη-

387 1182 488 1251 τὴς
526 1183 752 1245 Ἠσαῑας
786 1184 1047 1256 περὶτῆς
1084 1185 1437 1260 ἀνθρωπίνης
1476 1189 1692 1259 φύσεως
1732 1190 2060 1261 φιλοσοφῶν,

388 1275 486 1330 καὶ
507 1275 535 1327 6
564 1273 771 1328 τούτων
802 1275 1080 1349 Δεσπότης
1122 1278 1332 1349 Ἰησοῦς
1360 1282 1474 1345 τοῖς
1518 1281 1787 1359 μαθηταῖς
1814 1282 2058 1353 διαλεγό‹

390 1378 553 1432 μενος
583 1362 676 1416 καὶ
704 1362 906 1430 λέγων·
967 1365 1022 1416 ὀ
1050 1365 1169 1434 μὲν
1203 1367 1484 1436 θερισμὸς
1510 1369 1705 1436 πολὺς
1724 1409 1740 1435 ,
1778 1373 1831 1425 οἱ
1862 1370 1932 1425 δὲ
1967 1372 2059 1441 ἐρ-

388 1454 561 1522 γάται
596 1455 805 1525 ὀλίγοι.
840 1456 977 1527 Φέρε
1009 1450 1128 1523 οῦν,
1155 1458 1207 1511 εἰ
1236 1457 1400 1523 δοκεῖ,
1429 1458 1634 1531 ταύτην
1661 1462 1741 1524 εἰς
1768 1462 1933 1532 μέσον
1960 1464 2060 1534 τὴν

387 1543 553 1613 ῥῆσιν
589 1545 916 1613 ἀγαγόντες,
968 1547 1365 1621 ἀναπτύξωμεν
1409 1549 1580 1622 αὐτῆς
1603 1550 1673 1605 τὰ
1700 1553 1972 1623 νοήματα·
2008 1555 2059 1606 εἰ

387 1630 497 1702 γάρ
537 1631 628 1684 καὶ
647 1631 872 1703 βραχεῖά
896 1633 982 1695 τίς
1002 1635 1119 1688 ἔστι
1152 1635 1230 1706 τῷ
1263 1636 1466 1708 μέτρῳ,
1505 1638 1641 1692 ἀλλά
1666 1639 1900 1709 πέλαγος
1928 1643 2058 1713 ἡμῖν

385 1719 673 1789 νοημάτων
704 1720 979 1776 δείκνυσιν
1010 1724 1226 1793 ἀχανές.
1260 1725 1350 1779 Διὺ
1376 1725 1438 1797 δὴ
1483 1727 1577 1781 καί
1609 1728 1696 1782 ἐπ’
1723 1730 1892 1801 αὐτὴν
1919 1728 2059 1802 μετά

385 1803 588 1874 πολλῆς
613 1805 943 1877 βαδιούμεθα
960 1809 1059 1880 τῆς
1082 1810 1335 1881 σπουδῆς.
1371 1812 1586 1884 Ἐπειδὴ
1611 1815 1720 1886 γὰρ
1743 1811 1870 1882 εἶδε,
1896 1817 2054 1886 φησι,

383 1891 455 1944 τά
485 1892 664 1964 πλήθη
688 1894 1012 1966 ἐσκυλμένα,
1043 1896 1190 1966 λέγει
1225 1903 1336 1963 τοῖς
1365 1900 1661 1971 μαθηταῖς·
1700 1902 1753 1955 '0
1773 1904 1891 1973 μὲν
1914 1906 2057 1971 θερι-

382 1979 541 2047 σμὸς
565 1981 790 2048 πολὺς,
826 1987 883 2037 οἱ
908 1983 979 2036 δέ
1018 1985 1256 2055 ἐργάται
1288 1988 1500 2057 ὀλίγοι.
1555 1990 1715 2053 noto;
1757 1989 2049 2062 θερισμὸς,

380 2066 505 2118 εἰπέ
537 2070 778 2147 μοι,.καί
798 2070 941 2134 τίνος
981 2071 1167 2125 ἕνεκεν
1199 2072 1370 2138 οὕτως
1399 2075 1647 2146 ὠνόμασε
1675 2076 1774 2147 τὴν
1798 2078 2053 2131 διδασκα-

383 2151 504 2204 λίαν
530 2135 734 2225 ταύτῆν
758 2172 772 2219 ;
800 2155 976 2210 καίτοι
1002 2174 1064 2225 γε
1095 2161 1123 2212 6
1149 2158 1202 2213 ὃς
1215 2135 1407 2231 ρισμδς
1438 2135 1589 2227 τέλος
1613 2135 1742 2217 ἐστὶ.
1761 2163 1901 2237 [τοῦ]
1921 2166 2053 2237 πρά-

380 2253 612 2310 γματος.
645 2242 815 2298 Ὅταν
852 2245 960 2317 γάρ
982 2247 1044 2300 τὸ
1084 2248 1305 2321 σπέρμα
1336 2251 1415 2313 εἰς
1442 2251 1541 2316 τὰς
1564 2250 1794 2321 λαγόνας
1823 2255 1923 2324 τῆς
1950 2255 2053 2325 γῆς

380 2329 726 2401 καταϐληθὲν
748 2333 1034 2407 ἀπολαύσῃ
1059 2337 1282 2405 νοτίδος,
1302 2332 1420 2392 εἶτα
1451 2340 1741 2410 γενόμενον
1768 2341 2051 2413 διάϐροχον

378 2415 476 2499 καὶ
508 2415 835 2488 διαφυσηθὲν
865 2420 1129 2494 δράξηται
1157 2422 1257 2493 τῆς
1280 2427 1689 2499 παρακειμένης
1705 2428 1829 2498 γῆς,
1853 2429 1945 2482 καὶ
1970 2431 2049 2494 εἰς

374 2496 502 2589 ἶνας
528 2504 726 2569 πολλάς
752 2507 1065 2564 ἀναπλωθέν
1103 2512 1241 2584 πρὸς
1279 2514 1341 2567 τὸ
1385 2496 1547 2585 βάθος
1592 2496 1925 2589 καταπέμψῃ
1950 2518 2049 2582 τὰς

378 2588 557 2660 ῥίζας,
596 2592 898 2663 προκύπτει
947 2596 1049 2667 τῆς
1099 2600 1415 2668 ἐπιφανείας
1452 2604 1699 2674 πρῶτον,
1745 2601 1862 2658 εἶτα
1906 2607 2049 2660 κατά

377 2676 576 2747 μικρὸν
600 2677 744 2765 Ῠὴλίῳ
767 2697 827 2734 τε
856 2682 951 2736 καί
983 2683 1123 2755 ὐετῷ
1164 2685 1260 2740 καὶ
1294 2687 1417 2759 ἀέρι
1467 2690 1828 2762 τρεφόμενον,
1861 2697 1926 2765 τῇ
1952 2695 2046 2748 ὲκ-

374 2763 539 2832 ιρύσει
559 2764 660 2837 τῆς
686 2767 789 2838 γῆς
814 2767 1054 2834 αὔξεται,
1079 2772 1173 2825 καὶ
1200 2773 1405 2841 γίνεται
1435 2776 1702 2849 πρότερον
1736 2780 1835 2848 μὲν
1851 2763 2048 2854 χλοερά

373 2877 460 2928 τις
481 2863 679 2938 βοτάνη
707 2869 799 2921 καὶ
818 2868 1086 2941 ἁπαλά,τά
1114 2871 1286 2943 φύλλα
1309 2874 1624 2946 προϐάλλει,
1644 2873 1760 2931 εἶτα
1782 2879 1873 2933 τὸν
1889 2881 2046 2935 ἄστα-

374 2968 478 3021 χυν
508 2952 685 3025 ἀωρόν
724 2972 845 3009 τινα
899 2957 1165 3028 ἐκφέρει,
1201 2960 1296 3013 καὶ
1335 2960 1430 3015 τοῦ
1474 2962 1634 3036 ἔαρος
1687 2966 2042 3033 ἐπιστάντος,

376 3039 543 3093 πάλιν
570 3042 712 3096 κατά
742 3044 935 3115 μικρὸν
966 3047 1361 3119 πεπαινόμενος
1387 3052 1465 3115 εἰς
1498 3054 1748 3125 καλάμην
1774 3057 1866 3109 καί
1888 3056 2046 3110 ἀνθέ-

376 3139 556 3196 ρικας,
588 3126 775 3199 πλήρη
810 3130 903 3183 τὸν
938 3133 1148 3203 καρπὸν
1186 3135 1496 3192 ἀποδίδωσι.
1534 3140 1666 3194 Τότε
1702 3142 1766 3213 δὴ
1807 3142 1989 3199 λοιπὸν
2015 3147 2043 3201 6

373 3213 609 3283 γηπόνος
629 3255 643 3279 ,
673 3215 947 3288 δρεπάνην
975 3219 1276 3291 ἀκονήσας,
1301 3222 1557 3297 θεριστὰς
1591 3229 1911 3298 καταλέγει,
1948 3233 2044 3286 καὶ

372 3302 697 3372 συναγαγὼν
734 3306 826 3358 τὸν
851 3308 1063 3380 καρπὸν
1091 3309 1404 3369 ἀποτίθεται
1427 3314 1586 3372 οἴκοι.
1616 3317 1776 3372 Ὅθεν
1804 3319 1869 3391 δὴ
1891 3320 2043 3387 τέλος

369 3390 570 3476 παντὸς
601 3392 766 3446 πόνου
802 3394 895 3447 καὶ
936 3396 1036 3468 τῆς
1069 3400 1341 3469 γεωργίας
1372 3402 1518 3455 ἐστὶν
1549 3405 1577 3456 6
1612 3390 1884 3476 θερισμός.
1915 3408 2041 3476 Πῶς

366 3470 486 3539 οῦν,
507 3477 630 3529 εἰπέ
656 3494 767 3547 μοι,
802 3479 1059 3552 θερισμὸν
1087 3483 1258 3551 καλεῖ,
1281 3486 1388 3540 τῶν
1414 3470 1749 3561 πραγμάτιον
1768 3470 1827 3547 έν
1853 3470 2038 3566 προοιί

368 3579 519 3649 μίοις
550 3580 718 3635 ὄντων
745 3582 861 3649 ἔτι;
896 3584 1001 3639 Καὶ
1029 3587 1140 3660 γάρ
1166 3590 1388 3646 ἀσέϐεια
1425 3595 1696 3666 πανταχοῦ
1728 3598 1826 3668 τῆς
1861 3600 2038 3654 οἰκου-

369 3670 543 3742 μένης
576 3671 814 3743 ἐκράτει,
851 3676 941 3728 καὶ
973 3677 1146 3748 βωμοὶ
1171 3680 1502 3746 ἀνεκαίοντο,
1525 3685 1616 3737 καὶ
1645 3685 1836 3740 εἴδωλα
1868 3704 2037 3759 προσ-

364 3760 630 3825 εκυνεῖτο,
657 3762 751 3812 καὶ
792 3761 996 3831 Ἰησοῦς
1029 3765 1343 3836 ἡτιμάζετο,
1397 3771 1489 3824 καὶ
1525 3770 1713 3840 βαθεῖα
1738 3772 1834 3839 νὺξ
1858 3775 2036 3832 πάντα

364 3850 608 3916 κατεῖχε,
632 3849 724 3901 καὶ
753 3849 957 3919 χειμὼν
990 3847 1056 3922 ἦν
1088 3853 1340 3922 χαλεπὸς,
1359 3856 1458 3928 τῆς
1481 3858 1752 3934 Θαλάσσης
1775 3880 2036 3934 κυμαινο-

361 3933 559 4006 μένης.
586 3933 694 3987 τῶν
720 3936 925 4007 ἀγρίων
950 3939 1273 4010 πνευμάτων
1299 3945 1693 4001 διακοπτόντων
1717 3950 1805 4003 τὸν
1826 3933 2035 4024 ἀνθρὼ-

361 4036 523 4074 πινον
554 4020 687 4092 βίον,
717 4023 826 4077 τῶν
868 4025 1055 4081 παθῶν
1093 4031 1525 4099 τυραννούντων,
1555 4035 1650 4088 καὶ
1688 4036 2032 4109 ὑποϐρυχίων

359 4107 619 4162 ἁπάντων
649 4111 970 4182 γινομένων.
1004 4115 1288 4186 Πανταχοῦ
1315 4119 1423 4190 γάρ
1452 4122 1675 4193 πορνεία
1695 4123 1789 4177 καὶ
1817 4107 2032 4196 μοιχεία

356 4193 461 4248 καὶ
517 4195 772 4265 ἀσέλγεια
793 4213 806 4227 ·
847 4201 1115 4272 πανταχοῦ
1162 4203 1464 4270 πλεονεξίαι
1503 4208 1598 4261 καὶ
1646 4193 1891 4281 ἁρπαγαὶ
1911 4193 2031 4267 ’καὶ

356 4281 591 4373 πόλεμοι
616 4301 631 4315 ·
664 4285 757 4338 καὶ
773 4286 980 4356 αἵματα
1014 4289 1112 4359 μὲν
1149 4292 1206 4345 ἐν
1234 4295 1327 4364 γῇ,
1360 4295 1567 4364 αἵματα
1596 4297 1651 4350 δέ
1674 4300 1733 4350 ἐν
1762 4299 2025 4373 Θαλάττῃ,

354 4366 471 4421 τῶν
502 4372 948 4426 καταποντιστῶν
981 4375 1073 4429 καὶ
1127 4378 1242 4431 ἐκεῖ
1272 4381 1397 4443 τοὺς
1442 4382 1637 4451 φόνους
1677 4385 2024 4453 εἰσαγόντων,

355 4454 458 4544 καί
507 4456 733 4544 πόλεμοι
762 4465 1007 4541 συνεχεῖς
1041 4465 1135 4519 καὶ
1177 4467 1350 4536 μάχαι
1392 4470 1485 4523 καὶ
1529 4471 1779 4541 ἐμφύλιοι
1822 4477 2027 4544 σφαγαὶ

352 4541 454 4594 καὶ
488 4543 636 4611 φόνοι
666 4534 841 4615 φόνων
886 4549 1140 4605 ἁπάντων
1173 4534 1516 4627 ἐναγέστεροι
1537 4534 1684 4612 ’.καὶ
1722 4561 1830 4632 γὰρ
1861 4534 2025 4619 τέκνα

350 4630 625 4698 ἐσφάζετο
653 4638 764 4698 τοῖς
794 4636 1033 4701 εἰδώλοις
1052 4656 1065 4668 ο
1093 4640 1185 4694 καί
1210 4643 1241 4711 ή
1272 4642 1431 4710 φύσις
1455 4645 1698 4715 ἠγνοεῖτο
1721 4630 1813 4702 καί
1842 4652 1873 4721 ή
1898 4668 2024 4721 συγ-

346 4716 544 4785 γένεια
559 4721 908 4792 άνετρέπετο,
944 4727 1038 4780 καὶ
1065 4728 1340 4799 πανταχοῦ
1380 4735 1611 4803 κρημνοὶ
1638 4736 1729 4788 καὶ
1772 4739 2021 4795 σκόπελοι

344 4816 451 4871 καὶ
484 4816 677 4886 ὕφαλοι
708 4822 904 4894 πέτραι
945 4826 1039 4878 καὶ
1075 4828 1327 4891 σπιλάδες
1354 4829 1587 4900 βαρεῖαι,
1625 4836 1717 4888 καί
1756 4838 2021 4911 κυϐερνη-

338 4919 457 4991 της
481 4905 667 4991 οὐδεὶς
701 4909 1022 4980 ἄνθρωπος·
1066 4913 1265 4981 μᾶλλον
1291 4916 1347 4969 δὲ
1383 4918 1709 4990 κυϐερνῆται
1747 4905 1914 4991 ὀλίγοί
1961 4905 2019 4982 έν

336 4984 430 5054 τῷ
480 4988 748 5045 Ἰουδαίων
790 4993 966 5058 ἔθνει,
1017 4998 1045 5049 6
1080 4997 1136 5050 δὲ
1169 4999 1382 5053 ἀκούων
1426 5003 1618 5069 οὐδεὶς,
1663 5006 1769 5059 τῶν
1807 5012 2017 5065 ναυτῶν

341 5074 493 5144 πρὸς
521 5077 717 5141 αὐτοὺς
735 5079 1242 5151 διαστασιαζόντων,
1261 5087 1351 5140 καὶ
1374 5089 1630 5161 ἀλλήλους
1661 5099 2018 5153 κατακοπτόν-

335 5180 458 5215 των
501 5165 594 5218 καὶ
621 5170 1140 5232 καταποντιζόντων.
1170 5173 1371 5229 Σκύθαι
1399 5176 1500 5247 μὲν
1538 5179 1642 5252 γὰρ
1681 5184 1773 5237 καὶ
1803 5184 2014 5257 Θρᾷκες

335 5250 444 5304 καὶ
469 5251 684 5321 Μαῦροι
729 5255 823 5308 καὶ
853 5256 1000 5309 Ἰνδοὶ
1035 5260 1128 5311 καὶ
1158 5261 1363 5331 Πέρσαι
1389 5266 1481 5316 καὶ
1507 5250 1903 5339 Σαυρομάται,
1922 5250 2013 5328 καί

334 5337 394 5389 οἰ
422 5336 523 5407 τὴν
559 5338 783 5395 Ἐλλάδα
804 5342 897 5396 καὶ
916 5345 965 5396 οἱ
998 5345 1095 5415 τὴν
1117 5347 1380 5418 Ἤπειρον
1397 5351 1687 5419 οἰκοῦντες,
1722 5359 1815 5411 καὶ
1841 5362 2008 5425 πᾶσα,

332 5424 423 5486 ὡς
465 5426 639 5480 εἰπεῖν
663 5467 678 5490 ,
709 5430 742 5498 ἡ
775 5429 863 5497 ὐφ’
894 5429 1030 5502 ἡλίῳ
1054 5434 1164 5495 τοῖς
1199 5432 1445 5504 δαίμοσιν
1488 5440 1750 5509 ἐτελεῖτο,
1787 5449 1878 5501 καὶ
1908 5450 2011 5503 ὐπὸ

330 5509 455 5562 τῶν
496 5512 811 5584 ἀλαστόρων
868 5517 1089 5571 ἐκείνων
1131 5519 1522 5591 ἐξεϐακχεύετο
1570 5531 1664 5582 καὶ
1723 5531 1875 5603 χώρα
1917 5537 2010 5591 καὶ

333 5597 497 5660 πόλις
537 5601 629 5654 καὶ
660 5602 882 5674 ἔρημος,
922 5608 1014 5659 καὶ
1051 5608 1119 5676 γῆ
1162 5610 1256 5662 καὶ
1300 5609 1535 5666 θάλαττα
1558 5656 1572 5679 ,
1610 5618 1702 5669 καὶ
1725 5597 2009 5695 βάρϐαρος

335 5689 439 5739 καὶ
471 5688 680 5754 Ἑλλὰς,
717 5693 810 5747 καὶ
848 5694 947 5764 ὅρη
983 5697 1076 5749 καὶ
1105 5698 1272 5751 νάπαι
1304 5700 1397 5752 καὶ
1431 5703 1643 5771 βουνοί’
1677 5709 1834 5775 μόνον
1858 5713 1912 5764 δὲ
1949 5715 2008 5768 τὸ

349 5774 620 5831 Ἰουδαίων
643 5779 793 5843 ἔθνος
823 5782 880 5835 τὸ
912 5782 1098 5837 δοκοῦν
1122 5786 1363 5839 εὐσεϐεῖν
1401 5793 1680 5862 προφήτας
1712 5794 1859 5868 [391]
1891 5797 2002 5870 εἶχε

1141 367 1187 421 Χ
1230 366 1532 436 ιιοιιιιιΑ,
1574 369 1642 423 IN
1682 368 1908 435 ILLUD,
1951 323 2197 426 MESSIS
2222 372 2485 438 QUIDEM
2523 374 2707 431 MULT

2276 372 2485 428 UIDEM
2523 374 2782 443 MULTA,
2826 374 2980 431 ETC.
3741 381 3842 437 3-20

2168 494 2262 546 καὶ
2286 494 2618 563 θεογνωσίας
2644 496 2932 567 σπέρματα
2958 496 3133 569 μικρά
3153 513 3169 529 ο
3196 497 3333 552 άλλά
3354 499 3445 552 καί
3470 500 3641 555 ταῦτα
3668 505 3844 575 χρόνῳ

2168 581 2557 652 κατεχώννυτο,
2595 585 2690 637 καὶ
2720 584 2770 636 οἱ
2790 583 3101 639 διδάσκαλοι
3133 585 3229 639 τοῦ
3258 587 3450 655 γένους
3472 588 3683 643 ἐκείνου
3713 608 3844 645 κατ-

2165 668 2355 740 ήγοροι
2406 671 2596 742 πικροὶ
2634 669 2744 724 τῶν
2782 672 3245 744 ἁμαρτανομένων
3314 676 3498 738 αὐτοῖς
3556 677 3799 747 ἐγίνοντο
3823 696 3840 713 ·

2166 757 2264 810 καὶ
2309 757 2564 811 τοσοῦτον
2586 760 2812 830 ἀπεῖχον
2850 762 2977 825 τοὺς
3013 761 3204 827 ἄλλους
3244 763 3524 819 παιδεύειν
3569 766 3664 819 καὶ
3702 767 3843 838 πρὸς

2166 843 2447 899 εὐσέϐειαν
2473 849 2855 916 χειραγωγεῖν,
2879 848 2960 901 ὅτι
2982 848 3045 919 δὴ
3069 849 3292 913 καὶτοῖς
3316 849 3498 915 ἀλλοις
3523 853 3842 909 σκανδάλων

2166 932 2328 985 αῖτιοι
2354 930 2474 985 τότε
2507 933 2750 1001 ἐγίνοντο
2767 950 2781 963 ο
2804 935 3076 989 καὶτοῦτο
3093 936 3268 1008 δηλῶν
3289 940 3320 992 6
3344 941 3628 1013 προφήτης
3652 941 3806 1011 ἔλεγε
3822 960 3835 973 ·

2165 1018 2245 1072 Δι’
2271 1017 2429 1088 ὑμᾶς
2455 1020 2523 1073 τὸ
2552 1019 2741 1090 ὄνομά
2773 1039 2893 1091 μου
2907 1023 3353 1094 βλασφημεῖται
3377 1028 3447 1081 ἐν
3470 1028 3596 1095 τοῖς
3614 1030 3836 1086 ἔθνεσι.

2233 1112 2307 1173 γ’.
2335 1106 2461 1171 Πῶς
2493 1102 2585 1161 οῦν
2610 1110 2880 1163 τοσούτων
2905 1110 3240 1181 κατεχόντων
3263 1113 3363 1183 τὴν
3391 1115 3715 1187 οἰκουμένην
3741 1134 3842 1171 κα-

2163 1193 2295 1260 κῶν,
2327 1195 2422 1250 καὶ
2448 1196 2661 1251 οὐδέπω
2683 1197 2791 1252 τῶν
2825 1201 3156 1272 σπερμάτων
3190 1196 3639 1274 καταϐληθέντων
3672 1206 3839 1275 (πανς

2159 1281 2327 1352 ταχοῦ
2356 1282 2466 1354 γὰρ
2492 1283 2722 1339 ἄκανθαι
2756 1286 2848 1340 καὶ
2879 1286 3117 1359 τριϐόλοι
3152 1290 3245 1344 καὶ
3282 1290 3502 1360 βοτάναι
3540 1294 3834 1365 πονηραὶ),

2161 1369 2373 1424 οὐδέπω
2404 1372 2503 1442 τῆς
2551 1371 2736 1444 χώρας
2772 1374 3230 1447 ὲκκαθαρθείσης,
3265 1378 3388 1431 οὐδὲ
3420 1379 3653 1452 ἀρότρου
3677 1380 3836 1435 ἑλκυ-

2163 1457 2379 1522 σθέντος
2404 1501 2420 1526 ,
2473 1459 2594 1514 οὐδὲ
2639 1459 2878 1526 αῦλακος
2916 1464 3343 1536 ἀνατμηθείσης,
3390 1469 3518 1539 περὶ
3571 1469 3833 1542 θερισμοῦ

2158 1544 2460 1614 διαλέγεται
2498 1547 2589 1601 καί
2632 1565 2832 1619 φησιν’
2872 1549 2933 1603 Ὀ
2965 1553 3248 1621 θερισμὸς
3285 1555 3515 1620 πολὺςτ
3557 1558 3651 1611 καὶ
3691 1557 3836 1620 τίνος

2159 1631 2345 1688 ἕνεκεν
2381 1634 2524 1689 οὕτω
2551 1637 2707 1690 καλεῖ
2737 1638 2798 1691 τὸ
2821 1636 3175 1707 Εὐαγγέλιον;
3213 1640 3370 1704 Τίνος
3396 1641 3615 1708 ἐνεκενς
3645 1645 3832 1717 ἐπειδὴ

2156 1720 2226 1774 τὰ
2254 1722 2556 1794 πράγματα
2602 1725 2744 1779 οὕτω
2764 1726 3027 1790 διέκειτο,
3068 1729 3258 1799 ἔμελλε
3292 1730 3348 1783 δὲ
3390 1732 3598 1796 αὐτοὺς
3625 1751 3833 1787 παντα-

2157 1807 2254 1877 χοῦ
2286 1810 2385 1880 τῆς
2413 1811 2738 1883 οἰκουμένης
2784 1814 3120 1884 ἐκπέμπειν,
3160 1816 3309 1878 εἰκὸς
3349 1818 3405 1870 δέ
3447 1819 3642 1883 αὐτοὺς
3672 1819 3832 1892 θορυ-

2157 1894 2370 1950 ϐεῖσθαι
2407 1899 2503 1951 καὶ
2522 1898 2905 1970 ταράττεσθαι,
2940 1902 3035 1955 καὶ
3078 1903 3215 1976 πρὸς
3245 1906 3469 1969 ἐαυτοὺς
3514 1907 3830 1977 ἀναλογίζε-

2158 1983 2282 2039 σθαι
2301 1985 2408 2049 Καὶ
2437 1986 2616 2057 λέγειν
2635 2000 2654 2020 ⁸
2669 1988 2775 2048 Καὶ
2806 1988 2922 2053 πῶς
2945 1989 3011 2045 ἂν
3044 1990 3254 2059 γένοιτο
3281 1990 3503 2047 δυνατὸν
3525 1994 3716 2048 ἕνδεκα
3734 1996 3828 2050 όν-

2153 2086 2255 2135 τας
2287 2073 2337 2142 (6
2366 2073 2477 2146 γὰρ
2521 2070 2606 2138 εἷς
2639 2074 2974 2147 θηριάλωτος
3013 2077 3294 2147 γέγονεν),
3333 2079 3566 2145 ἰδιώτας,
3602 2082 3826 2154 ἀγραμ-

2157 2158 2394 2229 μάτους,
2461 2162 2697 2234 πένητας
2719 2203 2734 2227 ,
2782 2165 3027 2235 ἀσήμους
3050 2204 3063 2224 .
3128 2168 3401 2238 γυμνοὺς,
3438 2169 3819 2240 μονοχίτωνας.

2153 2247 2527 2314 ἀνυποδέτους,
2550 2250 2623 2321 μὴ
2645 2248 2839 2321 ζώνην,
2866 2252 2941 2322 μὴ
2963 2252 3179 2323 ῥάϐδον,
3203 2253 3277 2326 μὴ
3293 2254 3476 2309 ὀϐολὸν
3496 2258 3827 2330 ἐπιφερομέ-

2151 2349 2298 2398 νους,
2333 2334 2527 2389 διιέναι
2555 2337 2654 2409 τὴν
2705 2338 3031 2409 οἰκουμένην
3057 2339 3278 2394 ἃπασαν
3312 2341 3414 2413 τὴν
3440 2341 3583 2396 οὐτω
3612 2345 3824 2399 διακει-

2152 2420 2342 2491 μένην,
2372 2422 2586 2493 καὶτῆς
2630 2422 2731 2494 μὲν
2763 2424 3000 2489 παλαιᾶς
3033 2426 3287 2499 ἀποσπᾷν
3315 2430 3620 2500 συνηθείας,
3646 2433 3728 2498 εἰς
3752 2435 3824 2489 τά

2149 2508 2250 2578 τῆς
2273 2508 2400 2573 νέας
2422 2509 2478 2563 δὲ
2530 2511 2776 2582 δόγματα
2825 2513 3067 2581 εἰσάγειν
3118 2515 3338 2581 αὐτοὺς,
3392 2518 3486 2571 καὶ
3517 2517 3672 2591 ξένην
3698 2522 3822 2576 τινά

2147 2594 2494 2649 διδασκαλίαν
2531 2599 2716 2661 αὐτοῖς
2732 2600 2945 2672 ἐνηχεῖν
2966 2617 2980 2666 ;
3015 2601 3144 2654 πότε
3168 2602 3279 2672 γὰρ
3304 2603 3694 2678 ἀνασπάσομεν
3721 2609 3822 2674 τὰς

2149 2683 2417 2749 ἀκάνθαςς
2470 2685 2599 2739 πότε
2655 2688 3100 2760 κατασπείρομεν
3145 2690 3268 2743 ιτά
3314 2691 3638 2764 σπέρματα;
3690 2697 3821 2751 πότε

2146 2771 2537 2842 γεωργήσομεν
2571 2772 2750 2827 αὐτῶν
2791 2774 2887 2845 τήν
2909 2774 3187 2840 διάνοιανς
3216 2777 3343 2831 πότε
3373 2779 3761 2852 ἁναδοθήσεται
3787 2785 3819 2837 ό

2148 2856 2378 2927 σπόρος;
2408 2858 2492 2923 τίς
2523 2858 2581 2913 δέ
2601 2862 2749 2931 ἡμᾶς
2770 2861 2830 2915 οὐ
2850 2861 3205 2918 διασπάσεται
3225 2881 3240 2930 ;
3262 2866 3346 2931 τίς
3366 2866 3423 2921 δὲ
3453 2868 3515 2923 οὐ
3538 2886 3818 2943 κατακρη-

2148 2944 2356 3013 μνίσεις
2399 2945 2517 3010 πῶς
2558 2947 2694 3012 ὅλως
2735 2949 3075 3022 δυνησόμεθα
3111 2952 3297 3024 διᾶραι
3333 2955 3545 3027 στόμα,
3586 2959 3774 3029 στῆναι
3798 3000 3816 3026 ,

2143 3030 2511 3104 διαλεχθῆναι,
2557 3036 2791 3108 φανῆναι
2832 3039 3058 3110 μυριάσι
3089 3040 3413 3110 τοσαύταις;
3445 3043 3567 3108 πῶς
3587 3047 3819 3101 καταλύο

2146 3136 2310 3190 σομεν
2328 3121 2608 3193 τυράννων
2630 3123 2822 3195 θυμὸν,
2851 3125 3038 3197 δήμων
3067 3129 3486 3196 ἐπαναστάσεις.
3509 3133 3815 3205 φιλοσόφων

2141 3209 2509 3275 κατασκευάς,
2552 3211 2797 3284 ῥητόρων
2824 3213 3128 3287 δεινότητα,
3155 3217 3473 3291 προλήψεως
3498 3224 3810 3294 τυραννίδα,

2143 3296 2434 3368 συνηθείας
2480 3299 2715 3365 παλαιᾶς
2757 3302 2944 3373 ἰσχὺν,
2972 3304 3244 3376 δαιμόνων
3288 3307 3600 3376 ἐπιϐουλάς,
3630 3311 3813 3385 ψυχὰς

2144 3384 2359 3456 μυρίοις
2420 3388 2690 3457 νοσήμασι
2761 3392 3340 3463 προκατειλημμένας;
3386 3398 3552 3468 ἡμεῖς
3602 3396 3696 3454 οῦν
3736 3384 3808 3454 οἰ

2139 3471 2329 3526 ἕνδεκα
2348 3475 2474 3538 τούς
2500 3476 2579 3539 εἰς
2613 3478 2714 3548 τὴν
2747 3480 3071 3551 οἰκουμένην
3106 3482 3355 3548 ἅπαντας
3379 3484 3498 3549 πῶς
3519 3486 3809 3557 διορθώσο-

2143 3576 2260 3629 μεν,
2282 3562 2330 3613 οἰ
2357 3561 2563 3617 ἰδιῶται
2586 3564 2712 3628 τοὺς
2734 3568 2950 3635 σοφοὺς,
2975 3570 3023 3621 οἱ
3042 3570 3239 3640 γυμνοὶ
3255 3572 3383 3634 τοὺς
3407 3572 3804 3643 ὡπλισμένους,

2136 3646 2185 3697 οἰ
2219 3646 2508 3717 ἀρχόμενοι
2558 3651 2686 3713 τοὺς
2714 3652 3001 3721 ἄρχοντας,
3051 3655 3101 3708 οί
3158 3654 3287 3723 μίαν
3332 3655 3575 3724 γλῶτταν
3605 3677 3807 3734 κεκτη-

2140 3732 2290 3801 μένοι
2323 3733 2469 3803 πρδς
2505 3736 2707 3822 μυρίας
2738 3738 2922 3806 φωνὰς
2961 3740 3354 3814 διαλεγόμενοι,
3386 3747 3480 3799 καὶ
3512 3747 3637 3820 ἔθνη
3671 3732 3806 3822 βάρη

2135 3816 2279 3889 ϐαρα
2312 3820 2405 3873 καὶ
2434 3821 2820 3890 ἀλλόγλωσσα;
2856 3825 2940 3888 τίς
2972 3826 3029 3880 δὲ
3056 3830 3089 3899 ἡ
3100 3828 3214 3898 μῶν
3244 3830 3519 3897 ἀνέξεται,
3554 3816 3636 3888 ὧν
3664 3816 3804 3907 μηδὲ

2133 3907 2232 3976 τῆς
2266 3906 2450 3977 φωνῆς
2483 3908 2773 3963 ἐπακούειν
2805 3910 3007 3966 δύναιτ’
3036 3914 3136 3981 ἀν;
3172 3917 3258 3969 ἵνα
3295 3917 3369 3990 μὴ
3394 3919 3566 3975 ταῦτα
3590 3906 3803 3992 λογιζόι

2137 4007 2289 4062 μενοι
2331 3993 2696 4065 θορυϐῶνται,
2755 3997 3015 4070 θερισμὸν
3076 4002 3137 4056 τὺ
3165 4002 3495 4074 Εὐαγγέλιον
3534 4011 3795 4080 ἐκάλεσε,

2136 4083 2415 4153 μονονουχὶ
2440 4083 2611 4152 λέγων
2630 4103 2640 4114 ·
2657 4086 2839 4141 Πάντα
2862 4089 3241 4161 ηὐτρέπισται,
3266 4094 3441 4150 πάντα
3463 4101 3799 4170 παρεσκεύα-

2133 4187 2253 4223 σται
2271 4186 2286 4199 ⁸
2320 4172 2456 4242 πρὸς
2480 4172 2702 4245 ἑτοίμην
2731 4176 2875 4246 ὑμᾶς
2899 4177 3006 4231 τῶν
3029 4182 3254 4252 καρπῶν
3278 4183 3478 4255 πέμπω
3503 4187 3762 4262 συλλογήν
3777 4205 3795 4225 ⁶

2129 4257 2185 4309 ἐν
2213 4260 2280 4328 τῇ
2302 4259 2437 4349 αὐτῇ
2469 4259 2774 4349 ἡμέρᾳᾲκαὶ
2803 4264 3047 4336 σπείρειν
3088 4268 3180 4321 καὶ
3207 4268 3444 4342 θερίζειν
3479 4257 3792 4349 δυνήσεσθε.

2130 4343 2339 4415 Ὠσπερ
2369 4340 2459 4398 οὖν
2475 4346 2502 4396 6
2520 4347 2757 4416 γηπόνος
2777 4350 2911 4420 πρὸς
2940 4352 3150 4423 ἄμητον
3170 4340 3329 4420 ἐξιὼν
3354 4360 3532 4432 χαίρει
3557 4340 3650 4417 καὶ
3672 4383 3797 4435 φαι-

2128 4429 2253 4500 δρός
2270 4432 2386 4484 ἐστι
2409 4434 2500 4485 καὶ
2525 4433 2777 4505 γέγηθεν,
2800 4439 2899 4492 οὐκ
2925 4429 3384 4515 ἀναλογιζόμενος
3419 4429 3636 4515 πόνους,
3665 4429 3791 4506 οὔτε

2124 4517 2408 4573 δυσκολίαν
2422 4520 2561 4586 τινὰ,
2578 4522 2694 4576 ἀλλ’
2710 4523 2785 4589 ὠς
2805 4526 2892 4579 ἐπὶ
2913 4528 3167 4599 πρόσοδον
3184 4533 3402 4605 ἑτοίμην
3419 4537 3785 4609 ἐπειγόμενος,

2123 4606 2218 4658 καὶ
2241 4606 2332 4660 ἐπὶ
2357 4607 2465 4660 τῶν
2500 4609 2784 4665 ἐνιαυσίων
2812 4615 3040 4686 καρπῶν
3065 4617 3292 4688 τρέχων,
3327 4621 3421 4675 καὶ
3446 4606 3788 4679 οὐδὲν-οὐδαέ

2124 4693 2225 4762 μοῦ
2272 4693 2497 4766 κώλυμα
2521 4736 2535 4761 ,
2582 4699 2736 4752 οὐδὲν
2769 4700 3024 4770 ἐμπόδιον
3048 4743 3062 4767 ,
3098 4704 3323 4776 οὐδεμία
3368 4707 3462 4761 τοῦ
3503 4711 3785 4780 μέλλοντος

2119 4780 2331 4851 ἀδηλία,
2359 4783 2675 4856 ἐπομϐρίαι,
2713 4788 2944 4858 χάλαζαι
2977 4792 3069 4844 καί
3096 4793 3314 4863 αὐχμοὶ,
3347 4795 3439 4848 καὶ
3469 4797 3528 4850 τὸ
3550 4800 3782 4871 πονηρὸν

2118 4866 2224 4920 τῶν
2250 4869 2484 4956 ἀκρίδων
2518 4875 2912 4938 στρατόπεδον·
2943 4881 2972 4931 6
3003 4877 3111 4949 γὰρ
3135 4879 3228 4933 τοῦ
3266 4880 3501 4952 θερίζειν
3541 4866 3782 4956 ἀπτόμε-

2116 4969 2205 5017 νος
2223 4994 2235 5013 ,
2269 4955 2418 5009 οὐδὲν
2446 4957 2710 5030 ὑφορᾶται
2729 4962 2966 5017 τοιοῦτον
2986 4980 3001 4995 ο
3031 4965 3117 5018 διὰ
3142 4966 3205 5037 δὴ
3237 4967 3395 5022 τοῦτο
3413 4970 3506 5024 καὶ
3529 4955 3781 5044 χορεύον-

2114 5058 2204 5105 τες
2231 5044 2325 5097 καί
2367 5049 2694 5118 σκιρτῶντες
2725 5050 2832 5104 τῶν
2862 5052 3037 5105 πόνων
3078 5053 3334 5111 ἀπτονται
3357 5073 3370 5087 ·
3404 5056 3550 5111 οὕτω
3579 5055 3643 5133 δὴ
3682 5062 3778 5116 καὶ

2115 5128 2288 5197 ὑμᾶς,
2321 5134 2414 5186 καὶ
2444 5135 2621 5207 πολλῷ
2674 5137 2865 5201 πλέον,
2901 5140 3038 5208 μετά
3084 5141 3284 5211 πολλῆς
3331 5143 3430 5213 τῆς
3475 5128 3665 5219 ἡδονῆς
3698 5151 3778 5210 εἰς

2111 5214 2208 5285 τὴν
2238 5218 2558 5291 οἰκουμένην
2604 5221 2802 5285 ἐξιέναι
2855 5224 3164 5294 ἀναγκαῖον.
3200 5228 3469 5301 Θερισμὸς
3496 5214 3630 5304 γάρ-
3656 5237 3772 5290 ἐστι

2112 5302 2170 5354 τὸ
2199 5306 2426 5375 πρᾶγμα
2450 5347 2464 5372 ,
2502 5307 2759 5378 θερισμὸς
2800 5311 2995 5382 πολλὴν
3022 5314 3271 5368 εὐκολίαν
3305 5316 3443 5387 ἔχων
3467 5360 3483 5385 ,
3513 5302 3771 5393 θερισμὸς

2114 5395 2598 5462 παρεσκευασμένα
2639 5396 2890 5466 παρέχων
2919 5399 3044 5467 ύμῖν
3066 5401 3133 5453 τὰ
3170 5401 3324 5473 λήῖαο
3358 5407 3530 5460 εἰπεῖν
3566 5408 3647 5461 δεῖ
3677 5411 3773 5480 μό-

2109 5494 2217 5539 νον,
2251 5479 2310 5530 οὐ
2342 5484 2553 5549 καμεῖν.
2589 5483 2876 5535 Δανείσατέ
2906 5502 3014 5553 μοι,
3047 5489 3194 5556 φησὶ,
3224 5485 3326 5559 ’τὴν
3360 5491 3601 5560 γλῶτταν
3627 5535 3641 5560 ,
3677 5502 3772 5553 καὶ

2107 5564 2299 5630 ὄψεσθε
2342 5567 2431 5620 τὸν
2460 5569 2670 5637 καρπὸν
2705 5569 2856 5642 [392]
2891 5572 3095 5643 ὧριμον
3132 5577 3211 5639 εἰς
3247 5577 3316 5630 τά
3349 5578 3600 5648 βασιλικὰ
3636 5604 3770 5640 τιτο-

2171 5816 2195 5844 “
2227 5816 2502 5879 ngnndum
2533 5826 2726 5874 vidclnr
2749 5831 3150 5895 κατασπεῃοῦμεν.
