3966 6160
229 357 324 411 53.
1013 342 1070 398 s.
1109 339 1398 397 JOANNIS
1433 336 1922 394 cumsoswm
1947 335 2266 393 ARCIIIEP.
2293 333 2834 393 coxsummon
3536 337 3622 392 59.2

222 462 400 530 δοχεῖα
433 460 802 529 εἰσαγόμενον.
835 457 933 511 Διὰ
964 458 1028 527 δὴ
1061 458 1223 510 τοῦτο
1255 457 1350 510 καὶ
1379 456 1515 526 μετά
1554 454 1726 510 ταῦτα
1756 455 1896 525 πέμο

223 567 342 602 πων
371 550 568 611 αὐτοὺς
602 549 817 616 ἔλεγεν·
854 546 1000 600 Ἰδοὺ
1039 546 1154 616 ἐγὼ
1181 549 1310 614 μεθ’
1339 544 1505 613 ὑμῶν
1543 547 1657 613 εἰμι
1701 544 1903 608 πάσας

222 639 328 701 τὰς
360 636 587 706 ἡμέρας
618 635 729 699 ἕως
770 632 879 701 τῆς
914 633 1274 697 συντελείας
1312 631 1416 684 τοῦ
1449 628 1687 696 αἰῶνος.
1726 629 1902 693 Αὐτὸς

221 724 329 794 7&9
357 719 426 794 ἦν
451 725 481 775 0
506 723 574 775 τά
600 721 831 775 δύσκολα
870 720 1028 791 ῥᾴδια
1061 719 1249 785 ποιῶν,
1273 719 1367 773 καὶ
1395 720 1529 789 ὅπερ
1562 719 1590 771 0
1620 718 1903 788 προφήτης

221 812 424 877 έλιγεν,
450 811 531 863 ὅτι
572 808 719 878 Ἐγὼ
743 808 1086 877 ἔμπροσθέν
1109 824 1228 863 σου
1257 808 1579 876 πορεύομαι
1612 818 1638 847 ι
1664 806 1760 860 καί
1795 806 1902 873 ὅρη

222 894 484 966 ὀμαλιῶ·
537 895 709 949 ταῦτα
761 896 853 948 ἐπὶ
900 893 1008 947 τῶν
1091 894 1404 947 ἀποστόλων
1451 891 1725 965 αἰσθητῶς
1776 908 1903 944 συν-

220 985 436 1038 έϐαινε·
490 980 854 1054 προωδοποίει
897 981 1005 1053 γὰρ
1031 981 1213 1043 αὐτοῖς
1255 982 1285 1033 0
1312 979 1545 1052 Χριστὸς
1585 980 1679 1033 καὶ
1719 978 1905 1050 ῥᾳδίαν

222 1070 394 1123 ἐποίει
421 1070 521 1139 τὴν
550 1069 687 1124 ὀδόν.
731 1068 903 1121 Τοῦτο
936 1067 1031 1120 καὶ
1062 1068 1091 1120 0
1123 1066 1633 1136 μεγαλοφωνότατος
1672 1065 1904 1128 Ἡσαΐας

220 1156 393 1226 δηλῶν
416 1157 568 1224 ἔλεγε
587 1172 603 1187 ·
633 1154 809 1209 Πᾶσα
850 1152 1086 1223 φάραγξ
1118 1152 1577 1221 πληρωθήσεται
1600 1191 1615 1214 ,
1645 1151 1745 1205 καὶ
1777 1149 1903 1204 πᾶν

221 1244 359 1310 ὅρος
389 1243 485 1296 καὶ
514 1240 748 1307 ,ϐουνὸς
780 1239 1287 1305 ταπεινωθήσεται
1310 1254 1325 1269 ’
1361 1238 1422 1291 ού
1471 1238 1598 1309 περὶ
1640 1236 1781 1307 ὀρῶν
1823 1236 1907 1289 λέ-

222 1347 332 1397 γων
359 1331 452 1383 καὶ
481 1328 712 1400 βουνῶν·
742 1328 862 1381 οὑδέ
889 1328 997 1398 7&9
1027 1327 1225 1396 συνέϐη
1244 1325 1399 1379 τοῦτο
1416 1342 1433 1358 ο
1462 1325 1595 1380 ἀλλά
1620 1326 1746 1388 τοὺς
1772 1324 1905 1377 άποο

182 1418 189 1423 ⁴
222 1418 578 1487 νενοημένους
609 1416 703 1469 καὶ
746 1416 1097 1484 φυσωμένους
1133 1415 1228 1467 καὶ
1258 1413 1787 1485 μεγαλοφρονοῦντας
1827 1411 1903 1481 τῷ

222 1503 329 1554 τῶν
381 1501 521 1572 ὀρῶν
552 1502 777 1572 ὀνόματι
827 1500 1027 1556 καλῶν.
1072 1499 1210 1553 Ἀλλ’
1240 1500 1574 1554 ἐταπείνωσε
1616 1500 1824 1562 πάντας
1872 1500 1901 1551 0

223 1589 461 1660 Χριστὸς
487 1590 847 1657 ταπεινότητα
882 1586 1047 1656 ὕψους
1074 1587 1369 1658 γέμουσαν,
1400 1588 1495 1642 καὶ
1519 1586 1584 1641 τά
1610 1587 1711 1658 ὅρη
1740 1587 1898 1639 πεδία

224 1675 479 1745 ἐποίησεν
504 1688 519 1702 ·
554 1672 697 1727 οὕτω
743 1674 800 1726 δέ
853 1674 1011 1727 καλεῖ
1037 1673 1161 1733 τοὺς
1198 1672 1693 1743 άπονενοημένους,
1726 1672 1788 1725 ού
1818 1671 1907 1725 διὰ

224 1768 286 1820 ἐδ
327 1766 459 1835 ὕψος
492 1764 672 1818 αὐτῶν
704 1765 803 1834 τῆς
841 1763 1077 1827 διανοίας
1100 1802 1114 1824 ,
1157 1762 1292 1818 ἀλλά
1318 1762 1409 1816 διὰ
1438 1764 1500 1816 τὸ
1531 1761 1777 1833 ἄκαρπον
1807 1761 1907 1831 τῆς

223 1853 483 1915 ἀπονοίας
502 1892 518 1915 ,
550 1851 646 1905 καὶ
676 1850 738 1904 τὸ
769 1850 961 1919 ἄγονον
984 1851 1082 1921 τῆς
1107 1850 1284 1921 ψυχῆς
1307 1891 1321 1915 ,
1349 1850 1445 1904 καὶ
1483 1849 1544 1902 τὸ
1580 1848 1905 1919 ἀναίσθητον
1959 1859 1973 1869 ⁸

221 1941 328 1993 τῶν
358 1940 550 2007 λόγων.
582 1939 793 2009 Ὥσπερ
823 1937 931 2009 7&9
966 1938 1026 1990 τὸ
1065 1937 1189 2009 090;
1222 1938 1323 1991 οὐκ
1356 1936 1422 1991 ἂν
1469 1937 1667 2007 ἐνέγκῃ
1694 1937 1722 1976 b
1768 1952 1905 2005 καρ-

226 2027 328 2079 πὸν
353 2065 367 2088 ,
402 2026 579 2089 οὕτως
608 2024 729 2079 οὐδὲ
775 2025 1002 2079 ἀπόνοια
1023 2038 1038 2055 ο
1082 2023 1279 2095 μᾶλλον
1305 2022 1362 2076 δέ
1386 2024 1485 2094 οὐχ
1521 2022 1693 2087 οὕτως
1716 2062 1730 2086 ,
1769 2020 1907 2074 ἀλλά

223 2114 319 2168 καὶ
343 2112 521 2183 πολλῷ
545 2110 944 2183 χαλεπώτερον.
974 2111 1048 2164 T0
1075 2112 1174 2181 μὲν
1203 2111 1310 2183 γὰρ
1335 2111 1459 2182 090;
1488 2111 1589 2164 ούκ
1618 2109 1681 2162 ἂν
1706 2108 1903 2180 ἐνέγκῃ

230 2201 453 2272 καρπὸν,
487 2202 521 2270 ἡ
550 2200 607 2252 δὲ
633 2199 859 2252 ἀπόνοια
896 2200 958 2252 οὗ
1010 2198 1168 2269 μόνον
1215 2199 1275 2251 ού
1310 2196 1491 2251 δίδωσί
1518 2214 1638 2249 τινα
1670 2197 1902 2266 καρπὸν,

228 2288 360 2340 ἀλλά
413 2288 507 2339 καὶ
534 2286 626 2338 τὸν
670 2285 799 2339 ὄντα
832 2285 1231 2357 καταμαραίνει
1267 2284 1360 2337 καὶ
1397 2284 1486 2337 τὸν
1527 2282 1905 2353 βλαστήσαντα

229 2374 470 2444 ξηραίνει
498 2389 511 2403 ·
540 2372 728 2445 ὥσπερ
752 2368 843 2426 οὖν
877 2374 910 2445 ὴ
938 2372 1403 2444 ταπεινοφροσύνη
1432 2372 1492 2423 οὐ
1528 2370 1686 2441 μόνον
1710 2370 1907 2423 θάλπει

230 2464 315 2516 τον
337 2462 487 2526 ὄντα,
517 2460 655 2515 ἀλλά
689 2460 784 2515 καὶ
809 2460 900 2513 τὸν
927 2461 1027 2512 οὐκ
1053 2460 1182 2514 ὅντα
1208 2459 1411 2513 τίκτειν
1444 2458 1624 2511 εἴωθε.

296 2550 358 2603 δ’.
406 2551 511 2603 Καὶ
539 2547 646 2602 τῶν
691 2547 998 2619 εἰρημένων
1044 2548 1274 2616 μέγιστα
1316 2546 1733 2618 παραδείγματα
1779 2546 1807 2598 ὅ
1848 2562 1905 2598 τε

229 2640 513 2710 φαρισαῖος
536 2638 629 2691 καλ⁵
659 2639 688 2691 0
719 2634 978 2707 τελώνης.
1005 2636 1063 2688 Ὀ
1094 2636 1191 2706 μὲν
1216 2635 1323 2706 γάρ
1344 2633 1581 2687 ἀνελθὼν
1608 2634 1746 2705 μετά
1772 2635 1908 2687 ἀπο-

232 2726 411 2789 νοίας,
444 2727 505 2778 ού
548 2725 707 2795 μόνον
744 2723 844 2776 οὐκ
874 2722 1029 2776 ἔτεκέ
1072 2740 1193 2777 τινα
1232 2723 1472 2793 καρπὸν,
1507 2721 1644 2777 ἀλλά
1687 2722 1779 2775 καὶ
1816 2721 1907 2776 τὸν

229 2814 358 2867 ὅντα
388 2813 636 2866 ἀπώλεσε
661 2828 675 2842 ⁸
708 2812 737 2865 0
771 2810 827 2863 δὲ
854 2809 1092 2879 τελώνης
1118 2809 1323 2881 ἔρημος
1352 2808 1426 2863 ὣν
1458 2809 1553 2862 καὶ
1586 2808 1738 2863 οὐδὲν
1767 2809 1905 2877 ἀγα-

231 2900 323 2952 θὸν
352 2900 490 2969 ἔχων
514 2937 532 2965 ,
578 2900 725 2952 ποιεῖ
772 2896 950 2968 ἐαυτῷ
979 2897 1310 2969 κατόρθωμα
1329 2912 1340 2925 ·
1389 2894 1578 2967 ἐπειδὴ
1607 2895 1715 2966 7&9
1744 2895 1909 2966 μόνον

229 2985 483 3049 ἐστέναξε
516 2984 610 3038 καὶ
647 2983 798 3037 κάτω
845 2982 1021 3053 κύψας
1058 2982 1251 3036 ἑαυτὸν
1298 2980 1617 3046 ἐταλάνισε,
1671 2981 1906 3051 κατῆλθε

232 3072 402 3142 πολλῇ
433 3070 611 3142 βρύων
636 3072 701 3140 τῇ
727 3068 1042 3141 δικαιοσύνῃ
1070 3069 1163 3122 καὶ
1182 3067 1559 3140 παραδραμὼν
1585 3068 1726 3122 κατά
1751 3068 1907 3121 τοῦτο

230 3160 321 3212 τὸν
354 3160 659 3231 φαρισαῖον.
693 3157 809 3211 ’Ὶνα
840 3156 896 3209 δὲ
925 3158 1017 3209 καὶ
1061 3156 1155 3210 ἀπ’
1189 3156 1368 3210 αὐτῶν
1399 3157 1545 3226 ἴδητε
1571 3155 1680 3208 τῶν
1721 3172 1905 3226 πραγ-

234 3248 437 3317 μάτων,
483 3245 576 3299 καὶ
623 3242 715 3297 ἐπὶ
744 3241 1062 3315 ὡρισμένων
1084 3241 1389 3313 προσώπων
1413 3243 1622 3313 μάθητε
1650 3241 1751 3297 ποῦ
1781 3243 1905 3315 090;

231 3336 325 3388 καὶ
378 3333 564 3405 βουνὸν
613 3332 975 3386 ἐταπείνωσεν
1028 3332 1057 3384 ό
1104 3330 1336 3402 Χριστὸς
1363 3370 1377 3396 ,
1423 3332 1689 3400 εἰσαγέτω
1743 3333 1904 3385 πάλιν

228 3425 361 3492 ἡμῖν
414 3421 504 3475 τὸν
560 3419 769 3474 Παῦλον
827 3421 857 3474 0
905 3417 1081 3486 λόγος.
1122 3413 1289 3481 Οὗτος
1336 3418 1444 3489 γὰρ
1495 3421 1524 3472 0
1584 3420 1904 3489 σκηνοποιὸς

232 3509 443 3580 (ἡδέως
476 3507 585 3579 γάρ
621 3507 718 3577 τὴν
749 3505 942 3577 τέχνην
990 3504 1156 3559 αὑτοῦ
1193 3505 1542 3577 περιστρέφω
1564 3544 1578 3569 ,
1612 3507 1698 3560 ἵνα
1728 3506 1906 3577 μάθῃς

230 3597 312 3650 ὅτι
346 3597 446 3649 οὐκ
484 3594 681 3659 ὄνειδος
734 3595 768 3665 ἡ
810 3594 1004 3664 τέχνη,
1044 3591 1157 3645 ἀλλ’
1194 3594 1227 3663 ή
1284 3593 1451 3663 ἀργία
1480 3594 1781 3664 κατηγορία
1814 3595 1909 3647 καὶ

233 3683 519 3755 ἔγκλημα)
549 3698 563 3712 ο
595 3675 749 3745 οὗτος
776 3681 953 3734 τοίνυν
985 3683 1014 3734 0
1049 3679 1259 3744 Παῦλος
1282 3721 1297 3745 ,
1323 3680 1611 3750 γενόμενος
1649 3682 1707 3734 ἐν
1739 3680 1909 3733 Σαλα-

237 3774 348 3841 μῖνι
371 3812 386 3837 ,
438 3768 697 3839 συνέτυχέ
726 3785 832 3822 τινι
874 3766 1166 3837 ἀνθυπάτῳ
1195 3768 1288 3820 καὶ
1323 3767 1482 3838 μάγῳ
1527 3769 1640 3837 μετ’
1675 3769 1905 3822 ἐκείνου.

234 3857 465 3923 Διπλοῦς
494 3858 524 3912 0
556 3857 800 3929 κρημνὸς
823 3897 838 3919 ,
867 3857 905 3927 ἥ
949 3874 1007 3909 τε
1036 3856 1144 3909 ἀπὸ
1170 3857 1269 3927 τῆς
1291 3857 1463 3928 ἀρχῆς
1489 3857 1742 3916 ἀπόνοια.
1773 3857 1807 3927 ἧ
1849 3874 1908 3910 τε

233 3948 343 3998 ἀπὸ
372 3947 463 3998 τοῦ
496 3945 681 4015 μάγου
712 3943 1052 3998 διδασκαλία.
1077 3943 1192 3995 Καὶ
1226 3943 1411 4013 ἐπειδὴ
1445 3940 1591 4014 ἐώρα
1617 3942 1677 3994 τὸ
1715 3942 1909 4014 μιαρὸν

234 4034 409 4086 ἐκεῖνο
442 4033 535 4084 καὶ
564 4030 920 4100 ἀναίσχυντον
961 4029 1147 4100 θηρίον
1187 4027 1475 4099 ἐμποδίζον
1512 4029 1590 4098 τῷ
1620 4029 1909 4099 ἀνθυπάτῳ

214 4120 330 4173 ’καὶ
357 4119 643 4172 διακόπτον
676 4118 842 4171 αὑτοῦ
885 4117 984 4186 τὴν
1013 4116 1362 4171 διδασκαλίαν
1385 4157 1400 4180 ,
1436 4118 1665 4170 ἄκουσον
1694 4116 1744 4168 τί
1778 4133 1909 4186 φησι

237 4206 499 4276 πλησθεὶς
527 4204 843 4274 Πνεύματος
890 4205 1045 4271 ἁγίου
1074 4222 1085 4235 ·
1116 4206 1177 4256 Ὤ
1205 4204 1433 4269 ,παντὸς
1459 4204 1644 4256 δόλου
1676 4203 1770 4255 καὶ
1802 4203 1912 4256 ,πά-

237 4311 357 4359 σης
404 4292 789 4360 ῥᾳδιουργίας
834 4291 1061 4361 γέμων,
1104 4293 1198 4345 υἱὲ
1240 4292 1546 4344 διαϐόλου.
1582 4291 1656 4343 Οὐ
1704 4290 1808 4363 γὰρ
1850 4291 1912 4345 τὸ

237 4380 477 4452 ὑϐρίζειν
506 4377 780 4448 πανταχοῦ
813 4379 1003 4443 κακὸν,
1036 4377 1171 4432 ἀλλά
1201 4378 1260 4431 τὸ
1282 4378 1406 4447 εἰκῆ
1435 4377 1704 4448 ὑϐρίζειν·
1737 4378 1911 4449 τούτῳ

237 4470 345 4539 7&9
384 4467 478 4521 καὶ
506 4465 723 4519 κόλασιν
768 4467 796 4519 ὁ
820 4464 1055 4537 Χριστὸς
1087 4464 1280 4538 ἔθηκεν
1305 4483 1318 4497 ⁸
1350 4467 1426 4530 ὡς
1453 4467 1482 4519 ὅ
1520 4481 1584 4533 γε
1618 4464 1756 4536 μετά
1787 4484 1910 4519 και-

239 4556 336 4626 ροῦ
384 4555 478 4607 τοῦ
534 4555 903 4626 προσήκοντος
956 4553 1113 4606 τοῦτο
1169 4554 1374 4617 ποιῶν,
1432 4553 1611 4622 ἰατρὸν
1667 4556 1910 4623 μιμεῖται

236 4643 501 4711 τέμνοντα
544 4641 681 4712 μετά
713 4640 806 4694 τοῦ
857 4638 1051 4713 καιροῦ
1103 4639 1196 4693 τοῦ
1250 4642 1649 4710 προσήκοντος,
1700 4639 1793 4692 καὶ
1842 4642 1909 4713 τῇ

238 4732 379 4799 τομῇ
416 4730 513 4800 τὴν
546 4729 814 4799 σηπεδόνα
841 4712 1191 4782 ἐκϐάλλοντα.
1225 4727 1394 4781 Τοῦτο
1424 4727 1487 4798 δὴ
1530 4728 1621 4780 καὶ
1647 4729 1675 4780 0
1703 4712 1910 4790 Παῦλος

241 4820 419 4871 ποιεῖ·
449 4818 532 4871 Οὐ
570 4817 777 4884 παύσῃ
813 4816 1189 4884 διαστρέφων
1220 4815 1327 4881 τὰς
1356 4814 1535 4880 ὀδοὺς
1563 4813 1669 4868 τοῦ
1691 4814 1911 4882 Κιιρίου

240 4908 345 4973 τὰς
365 4907 630 4973 εὐθείας;
673 4906 811 4960 Ἀλλ’
836 4906 936 4961 οὐκ
975 4905 1224 4976 ἀνέχεταί
1256 4923 1347 4958 σου
1394 4905 1501 4958 τῶν
1545 4905 1834 4976 ῥημάτων,
1866 4899 1912 4959 ὦ

243 4994 453 5047 Παῦλε’
486 4993 732 5062 ἐπάγαγέ
762 5011 882 5048 τινα
942 4992 1298 5064 συλλογισμὸν
1342 4991 1725 5055 ἀποστολικὸν,
1774 4992 1911 5046 ἀπόο

241 5082 470 5153 στρεψον
492 5082 592 5151 τὴν
619 5081 887 5150 γλῶτταν.
907 5081 1186 5152 ἔμφραξον
1219 5079 1383 5133 αὐτοῦ
1412 5079 1472 5132 τὸ
1506 5079 1698 5149 στόμα,
1721 5083 1911 5151 στῆσον

241 5171 308 5224 τά
340 5168 544 5239 πονηρά
581 5168 848 5239 ῥεύματα.
877 5169 941 5220 Τί
980 5164 1073 5222 οὖν
1110 5168 1286 5232 ποιεῖ;
1317 5167 1543 5229 Δεικνῦς
1577 5166 1658 5219 ὃτι
1682 5167 1741 5219 οὐ
1778 5166 1912 5238 πρὸς

240 5258 365 5320 τοὺς
404 5254 725 5326 ἀνθρώπους
766 5258 793 5309 0
829 5255 1065 5327 πόλεμος
1098 5254 1267 5325 αὐτῷ,
1301 5255 1467 5326 φησί’
1497 5254 1605 5310 Καὶ
1631 5255 1745 5308 νῦν
1780 5254 1910 5308 ἰδοὺ

244 5346 367 5413 χεὶρ
401 5344 619 5411 Κυρίου
645 5343 744 5396 ἐπὶ
777 5343 869 5397 σέ.
905 5344 1074 5408 Αὐτὸς
1120 5344 1228 5416 γάρ
1276 5345 1304 5397 0
1341 5341 1543 5404 εἰπὼν,
1580 5343 1718 5396 Μεθ’
1748 5340 1913 5409 ὑμῶν

244 5431 533 5503 15951ε1μι
560 5428 759 5496 πάσας
798 5431 901 5497 τὰς
926 5432 1179 5501 ἡμέρας,
1227 5431 1407 5502 παρῆν
1453 5429 1547 5482 καὶ
1596 5428 1674 5498 τῷ
1717 5427 1913 5498 Παύλῳ

241 5521 385 5582 τότε,
410 5520 502 5572 καὶ
523 5517 723 5589 ταύτην
758 5518 893 5587 ἔχων
917 5519 1011 5589 τὴν
1041 5520 1331 5590 ὑπόσχεσιν
1363 5516 1518 5571 καλεῖ
1539 5533 1597 5569 τε
1626 5514 1789 5571 αὐτὸν
1822 5516 1910 5571 καὶ

307 5669 329 5695 ⁸
363 5666 411 5713 In
437 5663 609 5713 Bibliis
629 5662 943 5770 πορεύσομαι,
976 5667 1178 5713 reclim.

309 5728 335 5766 ιι
363 5728 449 5770 Hic
476 5733 525 5770 οι
548 5728 690 5770 mulo
715 5732 823 5770 post
865 5726 1176 5770 enendumm‘:

246 5789 277 5835 ἀ
309 5728 335 5766 ιι
363 5728 449 5774 Hic
476 5733 525 5772 et
548 5728 690 5788 pmlu
714 5732 823 5786 post
844 5723 1109 5786 legendum
1122 5727 1209 5774 οὐκ
1239 5726 1294 5773 ἂν
1318 5725 1515 5785 ἐνέγκοι,
1542 5729 1595 5773 el
1617 5736 1727 5775 mox
1752 5723 1858 5773 ούδέ
1879 5726 1909 5781 ἦ

280 5804 464 5835 ποίοισι.

280 5804 464 5836 ποίοισι.

2006 454 2149 520 ἀξιοῖ
2174 453 2426 523 γενέσθαι
2452 453 2712 523 τιμωρὸν,
2746 452 2839 505 καὶ
2865 450 3273 521 συνεφάψασθαι
3303 454 3400 508 τῶν
3431 473 3626 529 «pom.

2008 543 2184 612 μένων
2208 582 2223 603 ,
2279 542 2371 595 καὶ
2427 544 2495 595 τὰ
2534 540 2832 611 κωλύματα
2860 541 3193 594 ἀνασπάσαι.
3230 542 3335 595 Καὶ
3374 544 3481 598 νῦν
3521 548 3633 604 ιδοὺ

2004 630 2131 698 χείρ
2161 631 2378 697 Κιιρίου
2409 629 2504 682 ἐπὶ
2539 628 2632 683 σέ.
2671 629 2818 697 Πόση
2852 627 2951 680 τοῦ
2969 627 3206 698 Χριστοῦ
3250 630 3283 700 ἠ
3326 636 3612 699 ωγκατάϐα

2006 733 2121 779 σις’
2174 717 2314 788 πόση
2343 716 2439 769 τοῦ
2475 715 2682 769 Παύλου
2725 717 2759 787 ὴ
2803 714 3085 786 παρρησία
3109 731 3124 746 ·
3163 715 3281 779 πῶς
3315 719 3370 772 ἐν
3394 720 3635 789 ἀποφάσει

2005 804 2103 874 τὴν
2136 804 2348 875 πληγὴν
2380 803 2609 870 ἐπάγει,
2646 804 2738 857 καὶ
2776 805 2802 856 0
2828 802 3063 874 Χριστὸς
3097 802 3298 867 εὐθέως
3325 806 3543 860 ἐπινεύει
3568 810 3637 880 τῷ

2004 890 2299 962 λεγομένῳ.
2337 893 2401 945 Τί
2434 894 2550 945 ἐστι
2583 892 2719 960 Χεὶρ
2744 891 3002 958 Kvplov;
3033 890 3269 962 Δύναμις
3296 893 3502 948 ἐναντία
3522 898 3641 967 πλη-

2005 980 2187 1049 κτική.
2207 981 2396 1050 Παρῆν
2429 980 2538 1050 γάρ
2563 979 2745 1042 αὐτοῖς
2774 978 3070 1049 πανταχοῦ,
3097 980 3326 1050 ἐτοίμως
3354 981 3639 1044 ὑπακούων,

2005 1066 2099 1120 καὶ
2131 1066 2388 1138 θερισμὸν
2427 1066 2488 1119 τὸ
2518 1068 2749 1137 πρᾶγμα
2777 1065 2964 1131 ποιῶν,
3004 1066 3107 1120 οὐκ
3139 1067 3317 1135 ἀφιεὶς
3341 1072 3512 1122 πονεῖν
3536 1072 3643 1124 οὐδὲ

2005 1154 2490 1225 ταλαιπωρεῖσθαι,
2528 1154 2666 1207 ἀλλὰ
2690 1157 2759 1207 τά
2782 1152 2912 1225 παρ’
2943 1152 3135 1207 ἑαυτοῦ
3164 1154 3511 1225 συνεισάγων.
3550 1158 3645 1212 Καὶ

2004 1243 2153 1306 ἔστη
2182 1242 2412 1311 τυφλὸς
2431 1281 2446 1303 ,
2474 1241 2560 1311 μὴ
2582 1241 2833 1305 βλέπων
2859 1241 2971 1308 ἕως
2994 1240 3226 1309 καιροῦ.
3265 1238 3417 1306 Εἶδες
3438 1245 3527 1297 καὶ
3559 1245 3647 1314 τὴν

2004 1327 2273 1398 τιμωρίαν
2306 1326 2446 1398 μετά
2489 1327 2898 1396 φιλανθρωπίας
2924 1344 2940 1394 ;
2973 1328 3221 1383 νουθεσία
3247 1328 3357 1399 γὰρ
3376 1370 3390 1390 ,
3419 1330 3479 1383 ού
3506 1331 3650 1384 κόλα-

2007 1431 2092 1478 σις
2145 1416 2179 1485 ἡ
2234 1415 2545 1484 ἀπόφασις,
2594 1414 2913 1485 διόρθωσις,
2956 1416 3058 1470 ούκ
3111 1416 3437 1487 ἀφανισμός.
3475 1419 3565 1470 Διά
3593 1418 3650 1491 δὴ

2006 1503 2162 1557 τοῦτο
2187 1504 2249 1557 οὐ
2277 1505 2434 1575 χεῖρα
2463 1503 2745 1574 ἐξήρανεν,
2765 1504 2825 1557 οὐ
2851 1502 3099 1573 γλῶτταν
3128 1503 3198 1557 τά
3220 1505 3435 1576 πονηρά
3459 1506 3656 1576 ῥήματα

2007 1591 2382 1661 φθεγγομένην
2417 1589 2700 1660 ἐξέκοψεν,
2739 1590 2800 1644 οὐ
2841 1590 3006 1663 σκέλη
3037 1592 3359 1662 ἐπήρωσεν,
3390 1591 3519 1645 ἀλλά
3549 1594 3659 1657 τοὺς

2006 1677 2316 1749 ὀφθαλμοὺς
2352 1678 2570 1742 αὐτούς.
2623 1677 2841 1750 Ἐπειδὴ
2887 1678 2996 1749 γὰρ
3050 1679 3213 1742 αὐτὸς
3257 1678 3506 1733 ἐντεῦθεν
3551 1679 3661 1751 ἰάθη

2008 1767 2103 1819 καὶ
2140 1766 2238 1836 τῆς
2275 1765 2697 1838 πεπλανημένης
2724 1765 2844 1820 ὀδοῦ
2878 1766 2974 1820 καὶ
2999 1765 3109 1820 τῶν
3134 1766 3360 1838 δρόμων
3393 1767 3663 1839 ἀπηλλάγη

2006 1854 2114 1909 τῶν
2150 1853 2447 1925 βλαϐερῶν,
2478 1855 2574 1908 καὶ
2596 1854 2770 1926 τούτῳ
2798 1853 2860 1907 τὸ
2893 1853 3029 1907 αὐτὸ
3058 1854 3360 1925 φάρμακον
3388 1854 3666 1927 ἐπιτίθησι,

2010 1941 2293 2012 μονονουχὶ
2328 1940 2502 2010 λέγων
2525 1941 2807 2012 ’Ἔτρεχον
2857 1941 3014 2010 κάγὼ
3049 1942 3243 2007 κακῶς
3269 1981 3284 2006 ,
3318 1943 3415 1996 καὶ
3463 1942 3670 1997 ἔϐλεπον

2009 2027 2314 2099 θανάσιμα·
2350 2028 2438 2083 διὰ
2468 2026 2624 2081 τοῦτο
2672 2026 2965 2100 ἐπηρώθην
3010 2026 3228 2095 καλῶς,
3269 2028 3360 2082 ἵνα
3397 2029 3673 2098 ἀναϐλέψω

2007 2114 2259 2185 ἄμεινον’
2300 2115 2457 2168 τοῦτο
2499 2114 2593 2168 καὶ
2649 2113 2733 2168 σοὶ
2773 2114 2836 2168 τὸ
2887 2115 3177 2185 φάρμακον
3235 2116 3557 2186 ἐπιτίθημι,
3591 2118 3675 2170 καὶ

2008 2202 2168 2273 πηρῶ
2199 2203 2324 2267 τοὺς
2362 2200 2559 2266 ἔξωθεν
2605 2201 2917 2272 ὀφθαλμοὺς
2943 2243 2958 2265 ,
2993 2203 3081 2255 ἴνα
3113 2204 3323 2269 ἀνοίξω
3362 2203 3431 2257 τά
3465 2203 3674 2269 ,ἔνδοθεν

2009 2289 2250 2359 όμματα.
2289 2289 2420 2342 Τότε
2464 2287 2587 2342 ίδὼν
2629 2290 2657 2342 0
2696 2289 2998 2352 ἀνθύπατος
3028 2289 3089 2341 τὸ
3119 2291 3530 2361 γεγενημένον,
3565 2291 3676 2347 ἐπί-

2009 2392 2249 2430 στευσεν.
2281 2372 2433 2439 Εἶδες
2458 2375 2517 2429 τὸ
2545 2375 2670 2447 090;
2704 2376 2945 2431 ἰσόπεδον
2973 2376 3298 2447 γενόμενον,
3330 2379 3427 2431 καὶ
3454 2377 3544 2431 τὸν
3567 2377 3677 2447 βου-

2008 2462 2097 2515 νὸν
2133 2461 2555 2526 ταπεινωθέντα,
2594 2462 2689 2515 καὶ
2716 2462 2807 2516 τὸν
2836 2461 3094 2534 θερισμὸν
3126 2464 3569 2534 ἀπαρτισθέντα,
3598 2465 3683 2517 καὶ

2006 2548 2097 2601 τὸν
2124 2547 2332 2619 ἄμητον
2366 2548 2913 2621 παρεσκευασμένον,
2956 2556 3050 2603 καὶ
3084 2549 3173 2603 τὸν
3232 2550 3453 2622 καρπὸν
3491 2549 3682 2621 ὥριμον

2010 2635 2394 2705 συναγόμενον,
2418 2636 2515 2688 καὶ
2543 2634 2635 2688 τὸν
2656 2634 2868 2689 Παῦλον
2897 2636 3049 2690 οὐδὲν
3078 2637 3342 2707 καμόντα
3364 2637 3489 2691 οὐδὲ
3513 2637 3686 2691 ταλαι-

2010 2721 2363 2794 πωρηθέντα,
2395 2722 2530 2777 ἀλλά
2564 2723 2768 2794 ῥήματι
2794 2722 2935 2793 ψιλῷ
2961 2723 3394 2795 σαγηνεύσαντα
3449 2725 3541 2777 τὸν
3569 2722 3687 2777 ἀνθ-

2010 2808 2230 2875 ύπατον;
2250 2807 2347 2861 Διά
2375 2807 2533 2862 τοῦτο
2553 2806 2812 2879 θερισμὸν
2834 2808 2897 2862 τὸ
2911 2808 3250 2876 Εὑαγγέλιον
3279 2810 3462 2875 καλεῖ,
3491 2810 3579 2864 διά
3602 2808 3691 2882 τὴν

2007 2895 2283 2967 ταχυτῆτα
2309 2894 2405 2948 καὶ
2435 2894 2535 2966 τὴν
2564 2894 2835 2962 εὐκολίαν,
2861 2898 2926 2966 ἢν
2956 2897 3136 2959 αὐτοῖς
3164 2902 3466 2969 παρεῖχεν.

2078 2983 2232 3037 Οὕτω
2264 2984 2358 3037 καὶ
2391 2986 2419 3038 ό
2450 2984 2702 3055 εὐνοῦχος
2741 2987 2946 3049 ἐκεῖνος
2979 2987 3007 3039 0
3060 2984 3356 3059 βάρϐαρος
3412 2988 3512 3042 κα¹ι
3549 2986 3683 3043 ἀλλόι

2008 3070 2172 3138 φυλος
2202 3072 2294 3123 καὶ
2316 3072 2373 3122 ἐν
2397 3070 2679 3142 δυναστείᾳ.
2716 3071 2927 3144 μεγάλῃ
2953 3072 3244 3138 καθεστὼς
3265 3115 3281 3140 ,
3315 3074 3694 3146 ἐσαγηνεύετο,

2006 3156 2127 3210 οὐδὲ
2169 3159 2285 3210 ἐκεῖ
2317 3158 2506 3229 χρόνου
2538 3158 2681 3222 τινὸς
2720 3158 2753 3229 ἢ
2791 3159 2953 3214 πόνου
2980 3159 3406 3231 δαπανηθέντος
3431 3178 3448 3195 ο
3481 3160 3616 3234 ὁμοῦ
3643 3176 3699 3215 τι

2007 3244 2116 3315 7&9
2149 3244 2318 3316 ἐπέϐη
2352 3243 2445 3298 τοῦ
2496 3244 2739 3317 ἅρματος
2782 3246 2872 3298 καὶ
2910 3249 3169 3317 κατηχείν
3200 3248 3432 3319 ἤρξατο
3457 3266 3472 3280 ·
3514 3248 3701 3319 μᾶλλον

2006 3331 2064 3384 δὲ
2096 3332 2201 3403 πρὸ
2230 3332 2327 3403 τῆς
2354 3332 2659 3396 ὲπιϐάσεως
2683 3333 2859 3387 ἐκεῖνο
2886 3332 3185 3403 θαύμασον,
3226 3336 3356 3400 πῶς
3380 3338 3412 3391 0
3437 3335 3702 3408 βάρϐαρος

2008 3419 2102 3472 καὶ
2135 3418 2430 3487 ἀλλόφυλος
2469 3420 2563 3472 καὶ
2591 3420 2938 3491 φλεγμαίνων
2968 3418 3076 3473 ἀπὸ
3104 3423 3212 3491 τῆς
3251 3422 3591 3488 δυναστείας
3617 3424 3635 3486 (
3649 3422 3704 3475 οὐ

2007 3508 2117 3579 7&9
2150 3507 2349 3578 μικράν
2371 3506 2544 3578 ἀρχὴν
2583 3507 2940 3579 μετεχείριζε)
2964 3547 2979 3572 ,
3014 3506 3105 3561 τὸν
3139 3507 3397 3582 πένητα,
3439 3512 3534 3566 τὸν
3574 3527 3709 3564 πτω-

2008 3595 2122 3666 χὸν,
2154 3594 2245 3649 τὸν
2275 3594 2517 3663 ἀγνῶτα,
2557 3595 2642 3648 τὸν
2670 3595 2922 3649 οὐδέποτε
2951 3595 3100 3666 αὐτῷ
3126 3595 3268 3651 οὔτε
3303 3602 3392 3664 είς
3423 3600 3551 3670 ὄψιν
3595 3598 3712 3653 οὔτε

2008 3685 2089 3746 εἰς
2117 3684 2399 3737 συνουσίαν
2431 3682 2671 3745 ἐλθόντα,
2691 3682 2812 3735 τότε
2845 3682 3059 3755 πρῶτον
3085 3686 3372 3753 φανέντα,
3406 3686 3601 3740 τοῦτον
3626 3685 3711 3741 καὶ

2008 3769 2232 3823 ἐκάλεσε
2266 3771 2358 3824 καί⁵
2386 3769 2674 3823 ἀνεϐίϐασε
2707 3771 2803 3823 καὶ
2832 3768 3007 3840 ἐαυτῷ
3039 3772 3412 3828 συνεκάθισε.
3430 3774 3534 3838 Τίς
3554 3774 3715 3830 ταῦτα

2010 3859 2340 3929 είργάσατο;
2385 3857 2622 3921 Ἐκεῖνος
2675 3858 2705 3910 0
2745 3855 2937 3923 εἰπὼν,
2983 3858 3131 3926 Ἐγὼ
3173 3860 3324 3927 μεθ’
3378 3861 3559 3931 ὑμῶν
3606 3863 3713 3930 ειμι

2010 3947 2215 4013 πάσας
2240 3947 2345 4013 τὰς
2378 3945 2602 4015 ἡμέρας
2632 3944 2743 4010 ἓως
2782 3943 2893 4013 τῆς
2922 3946 3301 4014 συντελείας
3332 3949 3453 4003 τοῦ
3486 3947 3717 4014 αίῶνος⁵

2011 4035 2214 4095 ἐκεῖνος
2239 4032 2594 4103 ἡμερωτέραν
2622 4031 2719 4101 τὴν
2754 4031 3011 4100 πρόσοδον
3060 4031 3337 4103 ἐποίησε,
3376 4036 3481 4089 καὶ
3524 4034 3717 4106 βάρϐα-

2016 4138 2105 4190 ρον
2132 4120 2438 4189 φιλοσοφεῖν
2476 4119 2886 4191 παρεσκεύασε,
2937 4119 3031 4173 καὶ
3072 4118 3134 4171 τὸ
3174 4120 3318 4192 ὅρος
3354 4124 3719 4184 ἐταπείνωσε,

2012 4208 2105 4260 καὶ
2129 4206 2215 4260 τὸν
2246 4207 2461 4275 ἀγνῶτα
2488 4206 2764 4277 γνωρίμου
2788 4206 2984 4269 παντὸς
3006 4207 3361 4279 οἰκειότερον
3389 4212 3722 4281 κατέστησε.

2010 4298 2100 4368 Μὴ
2138 4296 2202 4366 δὴ
2234 4295 2596 4368 παραδράμῃς
2650 4293 2834 4357 ἀπλῶς
2855 4333 2869 4355 ,
2907 4294 3041 4365 μηδὲ
3075 4295 3341 4367 ίστορίαν
3374 4298 3447 4352 τὸ
3499 4299 3728 4370 πρᾶγμα

2012 4384 2239 4456 νομίσῃς
2261 4383 2422 4453 ψιλὴν
2445 4423 2458 4444 ,
2491 4382 2605 4436 ἀλλ’
2636 4381 2884 4452 ἐννόησον
2920 4380 2982 4434 τὸ
3023 4381 3267 4453 μέγεθος
3303 4385 3414 4440 τοῦ
3455 4386 3729 4457 κατορθώ-

2016 4487 2202 4539 ματος.
2234 4472 2297 4523 Εί
2334 4471 2441 4542 γὰρ
2494 4471 2543 4522 οί
2596 4468 2689 4522 νῦν
2745 4470 3036 4541 ἄρχοντες,
3080 4472 3278 4524 πιστοί
3320 4491 3392 4527 τε
3444 4474 3609 4539 ὄντες
3645 4472 3731 4528 καὶ

2012 4560 2455 4627 ταπεινοφρονεῖν
2506 4555 2883 4625 παιδευόμενοι
2923 4556 3016 4609 καὶ
3042 4554 3195 4610 οὐδὲν
3236 4558 3557 4633 βάρϐαρον
3592 4562 3736 4632 ἔχονο

2013 4659 2099 4704 τες
2120 4684 2134 4706 ,
2168 4645 2267 4696 οὐκ
2296 4643 2360 4696 ἂν
2394 4642 2597 4696 ἐλοιντο
2619 4683 2636 4708 ,
2674 4643 2733 4695 ού
2768 4642 2912 4711 λέγω
2947 4643 3165 4711 ἀγνῶτα
3209 4648 3325 4700 καὶ
3369 4649 3538 4713 ξένον
3564 4692 3582 4715 ,
3611 4645 3736 4702 ἀλλά

2012 4730 2119 4783 τῶν
2166 4730 2457 4801 γνωρίμων
2513 4729 2633 4782 τινὰ
2677 4729 2885 4799 ταχέως
2941 4729 3028 4783 ἐπ’
3082 4731 3314 4803 ἀγορᾶς
3385 4737 3595 4800 αὐτοῖς
3656 4753 3740 4786 συ·

2012 4817 2287 4885 γκαθίσαι·
2315 4817 2431 4879 πῶς
2456 4816 2659 4878 ἐκεῖνος
2678 4815 2771 4868 τὸν
2794 4815 2972 4882 ξένον;
2997 4816 3055 4868 οὐ
3078 4817 3194 4886 7&9
3219 4822 3551 4893 παύσομαι
3576 4822 3741 4876 ταῦτα

2012 4906 2184 4973 λέγων
2212 4923 2223 4935 ·
2260 4905 2350 4957 τὸν
2394 4903 2543 4969 ξένον
2569 4942 2584 4965 ,
2606 4903 2703 4955 τὸν
2731 4903 2986 4956 οὐδέποτε
3037 4902 3298 4972 φανέντα
3329 4949 3349 4974 ,
3390 4911 3498 4964 τὸν
3533 4910 3745 4977 εὐτελῆ.

2012 4992 2102 5045 τὸν
2137 4990 2605 5062 εὐκαταφρόνητον
2644 4989 2751 5042 ἀπὸ
2783 4990 2881 5060 τῆς
2917 4989 3091 5060 ὅψεως
3112 5032 3126 5055 ,
3168 4992 3402 5049 τοῦτον
3432 4999 3541 5051 καὶ
3573 4997 3741 5052 ἀνεϐί-

2015 5079 2145 5131 ϐασε
2175 5078 2266 5131 καὶ
2293 5077 2533 5135 ἐκάθισε.
2567 5077 2660 5131 καὶ
2688 5079 2752 5149 τῇ
2788 5076 3002 5150 γλώττῃ
3028 5080 3094 5149 τῇ
3122 5079 3376 5137 ἐκείνου
3408 5087 3524 5157 τὴν
3557 5081 3749 5142 ἐαυτοῦ

2015 5166 2284 5237 σωτηρίαν
2314 5165 2540 5229 ἐξέδωκε
2562 5206 2576 5229 ,
2610 5167 2702 5219 καὶ
2744 5166 2990 5238 μαθητὴς
3025 5165 3303 5235 γενέσθαι
3334 5173 3637 5244 ἠνέσχετο
3668 5173 3750 5226 καὶ

2013 5252 2321 5324 παρακαλεῖ
2356 5253 2448 5305 καὶ
2473 5252 2642 5305 δεῖται
2676 5254 2769 5305 καὶ
2810 5252 3071 5319 ἱκετεύει,
3105 5252 3281 5329 [594]
3338 5259 3592 5331 Δέομαί
3624 5277 3754 5319 σου.

2012 5341 2206 5409 λέγων,
2246 5341 2377 5408 περὶ
2413 5341 2577 5405 τίνος
2618 5343 2649 5393 ὁ
2681 5341 2990 5409 προφήτης
3024 5342 3191 5410 λέγει
3243 5345 3461 5403 τοῦτο
3485 5366 3510 5416 ;
3553 5352 3653 5404 καὶ
3682 5345 3752 5399 δέ.

2014 5442 2164 5496 χεται
2191 5429 2325 5499 μετά
2359 5427 2558 5496 πολλῆς
2587 5429 2861 5497 προσοχῆς
2892 5428 2960 5482 τὰ
2982 5427 3300 5498 λεγόμενα.
3342 5435 3480 5491 Καὶ
3512 5439 3581 5493 οὗ
3608 5437 3757 5493 τοῦτο

2018 5516 2176 5584 μόνον
2205 5557 2219 5578 ,
2251 5514 2387 5568 ἀλλὰ
2429 5514 2719 5583 δεξάμενος
2752 5515 2851 5568 οὐκ
2886 5517 3160 5587 ἠμέλησεν
3189 5556 3210 5581 ,
3258 5520 3383 5576 οὐκ
3424 5526 3755 5579 ἀνεϐάλετο.

2016 5599 2113 5652 οὐκ
2138 5593 2312 5661 εἶπεν,
2343 5599 2435 5661 Εἰς
2464 5598 2563 5668 τὴν
2597 5598 2829 5669 πατρίδα
2854 5598 3129 5654 ἐπανέλθω
3163 5600 3287 5672 τὴν
3320 5606 3611 5677 ἐμαυτοῦ
3636 5652 3649 5669 ,
3674 5608 3761 5660 ἴδω

2013 5688 2138 5749 τοὺς
2172 5686 2357 5755 φίλους
2382 5728 2395 5747 ,
2424 5688 2550 5749 τοὺς
2585 5687 2822 5751 οἰκείους
2844 5689 2936 5742 καὶ
2958 5692 3260 5757 συγγενεῖς
3283 5732 3302 5755 ,
3339 5694 3376 5747 δ
3409 5698 3622 5751 πολλοὶ
3661 5698 3749 5751 τῶ*

2019 5772 2360 5847 Χριστιανῶν
2382 5773 2595 5843 λέγουσι
2622 5773 2717 5830 νῦν
2739 5774 2830 5827 ἐπὶ
2844 5770 3121 5844 βάπτισμα
3137 5771 3553 5849 καλούμενοι·
3567 5776 3633 5831 Ἐ
3644 5791 3742 5828 παν
