3966 6160
437 410 543 472 52f

438 531 580 598 loqui
627 527 802 582 solum
849 530 1095 592 oportet,
1163 535 1271 574 non
1313 519 1578 573 laborare.
1620 516 1839 573 anori
1899 513 2024 570 date

437 621 566 675 mihi
626 618 902 688 linguam,
963 614 1173 684 inquit,
1227 619 1287 667 et
1334 609 1580 666 videbitis
1625 607 1855 664 fructum
1909 623 2020 660 ma-

438 723 614 766 turum
647 711 699 764 in
739 709 882 778 regia
914 706 1109 762 horrea
1161 702 1456 758 inductum.
1504 701 1627 756 Ideo
1658 701 1873 755 mittens
1903 698 2023 752 illos

437 812 622 873 pestea
647 841 664 866 ,
705 799 920 855 dicebat
961 815 974 852 :
1017 797 1151 851 Ecce
1199 812 1292 868 ego
1338 796 1590 850 vobiscum
1635 810 1747 848 sum
1791 792 2022 846 omnibus

438 898 615 950 diebus
640 910 796 964 usque
821 892 888 946 ad
919 887 1614 964 consummationcmswculi
1666 886 1685 958 (
1709 885 1897 939 Matth.
1926 883 2019 939 28.

435 985 550 1055 20).
581 985 700 1054 ipse
727 983 871 1040 enim
901 991 1017 1039 erat
1040 981 1129 1051 qui
1161 979 1397 1035 difﬁcilia
1425 977 1597 1033 facilia
1643 975 1934 1040 reddebat,
1969 982 2025 1028 et

439 1079 582 1149 quod
613 1075 874 1149 propheta
915 1073 1158 1140 dicebat,
1191 1072 1314 1144 Ego-
1335 1079 1456 1125 ante
1481 1080 1528 1124 te
1559 1069 1719 1134 uado,
1749 1077 1799 1123 et
1833 1074 2025 1120 montes

439 1169 776 1240 compfanabo
799 1166 950 1236 (fsai.
977 1166 1065 1221 45.
1084 1165 1171 1234 2);
1192 1164 1308 1218 hinc
1329 1161 1586 1232 apostolis
1603 1158 1845 1214 sensibili
1865 1157 2025 1212 modo

439 1262 782 1332 contigerunt
809 1277 822 1313 :
852 1258 1074 1327 prmibat
1102 1257 1204 1310 illis
1247 1254 1527 1319 Christus,
1556 1259 1612 1306 et
1639 1252 1779 1304 viatn
1815 1248 2024 1303 facilem

443 1351 721 1407 reddebat.
749 1350 864 1405 Hoc
889 1359 942 1404 et
965 1363 1189 1418 magnus
1215 1347 1306 1402 ille
1333 1359 1512 1416 prteco
1533 1342 1697 1398 Isaias
1718 1339 2028 1411 signiﬁcans

443 1445 698 1500 dicebat:
743 1442 923 1496 Omnis
961 1441 1106 1495 vallis
1149 1438 1459 1507 implebitur,
1501 1445 1547 1492 et
1587 1436 1750 1489 omnis
1795 1450 1938 1488 mons
1979 1443 2028 1488 et

443 1537 590 1590 collis
620 1533 969 1588 humiliabitur
997 1531 1154 1601 (lsai.
1184 1532 1273 1586 40.
1305 1530 1362 1599 4)
1389 1547 1401 1582 :
1427 1543 1534 1583 non
1567 1527 1636 1582 de
1674 1525 1946 1580 montibus
1973 1531 2028 1580 et

441 1629 668 1684 collibus
693 1627 954 1696 loquens;
987 1639 1158 1694 neque
1185 1623 1326 1678 enim
1349 1620 1451 1676 hoc
1478 1619 1730 1689 contigit;
1753 1617 1847 1675 sed
1873 1632 2028 1671 arro-

443 1729 630 1790 gantes
649 1761 664 1786 ,
695 1717 909 1772 inﬂatos
937 1725 991 1772 et
1017 1715 1184 1770 altum
1228 1712 1498 1783 sapientes
1525 1710 1786 1765 montium
1811 1707 2028 1764 nomine

442 1812 662 1868 iudicat.
680 1809 878 1864 Verum
900 1821 1088 1862 omnes
1109 1806 1352 1862 Christus
1371 1802 1694 1867 humiliavit,
1727 1799 2028 1854 humilitate

443 1917 561 1973 quas
577 1900 904 1956 sublimitate
931 1897 1084 1967 plena
1097 1904 1200 1963 est,
1218 1903 1272 1951 et
1295 1903 1505 1950 montes
1531 1889 1802 1963 planitiem
1818 1889 2022 1944 eﬁ‘ecit:

444 1994 521 2047 sic
545 1999 722 2045 autem
746 1999 901 2044 vocat
922 1996 1256 2057 arrogantes,
1277 2002 1383 2041 non
1409 1993 1626 2055 propter
1645 1982 2023 2036 sublimitatem

445 2085 640 2140 mentis
672 2084 917 2148 illorum,
952 2082 1046 2136 sed
1079 2090 1298 2152 propter
1339 2079 1722 2134 infructuosam
1765 2092 2026 2145 arrogan-

446 2180 607 2240 tiam,
640 2187 694 2231 et
739 2175 1076 2232 sterilitatem
1112 2174 1339 2239 animat,
1388 2180 1546 2241 atque
1594 2184 1902 2225 sermonum
1946 2168 2026 2222 in-

446 2271 872 2325 sensibilitatem.
914 2265 1374 2335 Quemadmodum
1419 2265 1560 2320 enim
1599 2277 1753 2318 mons
1796 2264 2024 2317 fructum

447 2382 552 2419 non
582 2362 786 2426 tulerit,
812 2362 890 2416 sic
920 2375 1093 2430 neque
1125 2357 1424 2429 arrogantia
1446 2373 1460 2412 :
1486 2357 1594 2410 into
1618 2371 1746 2411 vero
1778 2369 1881 2408 non
1906 2353 1985 2408 sic
2009 2394 2024 2416 ,

445 2457 541 2512 sed
575 2456 742 2510 multo
768 2453 1003 2525 gravius.
1036 2451 1188 2507 Mons
1214 2451 1357 2505 enim
1390 2465 1493 2504 non
1536 2449 1766 2502 fructum
1810 2447 2023 2510 tulerit;

445 2549 754 2619 arrogantia
783 2562 909 2602 vero
942 2561 1046 2601 non
1074 2544 1250 2599 solum
1283 2559 1388 2596 non
1414 2541 1505 2596 dat
1543 2539 1770 2594 fructum
1793 2578 1806 2600 ,
1843 2536 1936 2591 sed
1965 2536 2030 2590 il-

450 2643 561 2696 lum
597 2641 684 2710 qui
712 2638 920 2694 exsistit
950 2646 1003 2692 ut
1030 2643 1326 2690 marcescat
1353 2631 1536 2696 efﬁcit,
1565 2642 1616 2686 et
1639 2629 2026 2700 germinantem

447 2732 684 2786 cxsiccat
709 2748 722 2784 :
743 2731 880 2784 sicut
909 2745 940 2784 e
966 2726 1238 2783 contrario
1263 2724 1536 2778 humilitas
1566 2739 1668 2776 non
1700 2721 1856 2778 modo
1881 2721 2028 2774 illum

448 2823 539 2893 qui
569 2830 742 2876 exstat
773 2821 1000 2876 fructum
1033 2818 1196 2886 fovet,
1225 2817 1318 2872 sed
1338 2818 1496 2871 etiam
1520 2830 1642 2869 eum
1674 2814 1761 2884 qui
1787 2829 1890 2866 non
1913 2821 2030 2867 erat

445 2917 666 2985 gignere
686 2914 843 2968 solet.

521 3009 574 3060 4.
617 3005 817 3059 Eorum
884 3018 1011 3059 vero
1055 3017 1174 3072 qua;
1242 3001 1476 3056 diximus
1540 2997 1785 3066 exempla
1838 3009 2028 3064 magna

448 3107 575 3154 sunt
605 3097 902 3168 pharismus
936 3104 988 3149 et
1020 3094 1351 3165 publicanus.
1404 3091 1496 3148 lllc
1538 3088 1680 3146 enim
1728 3103 1850 3142 eum
1881 3101 2031 3140 arro-

448 3190 627 3260 gantia
671 3186 1006 3248 ascendens,
1068 3200 1174 3239 non
1229 3183 1388 3238 modo
1426 3198 1532 3237 non
1589 3180 1814 3235 fructum
1873 3191 2032 3247 pepe-

453 3285 557 3346 rit,
588 3279 680 3335 sed
703 3279 866 3334 etiam
891 3277 1034 3349 quod
1063 3277 1197 3347 frugi
1221 3277 1395 3331 inerat
1419 3273 1653 3344 perdidit
1677 3290 1690 3326 :
1717 3271 2032 3342 publicanus

454 3390 622 3440 vero,
649 3386 850 3428 vacuus
875 3387 996 3426 cum
1035 3381 1180 3425 esset
1220 3378 1276 3425 et
1299 3368 1432 3424 nihil
1462 3368 1584 3423 boni
1613 3367 1862 3430 haberet,
1898 3379 2034 3434 prm-

451 3467 656 3522 clarum
697 3480 830 3536 opus
855 3464 955 3520 sibi
987 3463 1300 3534 fecitzquia
1345 3463 1488 3518 enim
1537 3461 1710 3516 solum
1755 3457 2032 3529 ingemuit,

452 3568 511 3614 et
539 3557 790 3614 inclinato
819 3558 991 3626 capite
1018 3572 1078 3612 se
1109 3557 1364 3610 miserum
1395 3553 1724 3623 prtndicavit,
1756 3549 2036 3606 descendit

453 3650 622 3707 multa
652 3649 843 3718 plenus
881 3647 1124 3718 justitia,
1173 3656 1228 3701 et
1271 3648 1321 3700 in
1355 3645 1456 3700 hoc
1501 3643 1820 3714 pharisaaum
1870 3656 2032 3712 supe-

454 3756 601 3795 rans.
634 3739 702 3796 Ut
726 3750 903 3794 autem
938 3739 990 3792 id
1016 3754 1081 3793 ex
1117 3738 1247 3808 ipsis
1279 3736 1437 3792 rebus
1459 3735 1714 3797 videatis,
1747 3743 1802 3788 et
1833 3733 1882 3786 in
1911 3748 2033 3787 cer-

457 3834 527 3888 tis
576 3831 821 3902 personis
867 3829 1215 3899 conspiciatis
1257 3827 1343 3882 ubi
1387 3837 1653 3890 montem,
1701 3824 1790 3880 ubi
1841 3823 2032 3878 collem

455 3923 702 3977 Christus
734 3921 1033 3975 humiliavit
1054 3959 1068 3983 ,
1117 3920 1340 3973 Paulum
1379 3933 1564 3971 rursus
1592 3917 1804 3970 inducat
1833 3929 2034 3969 sermo.

459 4015 556 4070 llic
581 4015 724 4068 enim
758 4013 1112 4068 tentoriorum
1144 4012 1335 4065 artifex
1367 4013 1514 4082 (nam
1548 4010 1773 4065 libenter
1801 4009 1916 4078 ejus
1946 4023 2035 4061 ar-

459 4115 567 4159 tem
598 4121 742 4174 stepe
789 4119 1060 4169 memoro,
1105 4112 1163 4156 ut
1202 4103 1378 4156 discas
1428 4110 1600 4155 artem
1631 4116 1737 4155 non
1783 4099 2034 4154 dedecori

456 4210 580 4250 esse
603 4236 617 4256 ,
645 4194 738 4250 sed
767 4195 933 4248 otium
979 4201 1034 4248 et
1073 4194 1468 4248 accusationem
1503 4201 1554 4246 ct
1582 4193 1784 4246 crimen
1827 4189 1988 4260 esse)
2020 4205 2035 4245 :

459 4286 546 4340 hic
571 4287 748 4356 itaque
779 4286 970 4339 Paulus
999 4300 1118 4338 cum
1148 4285 1416 4339 Salamine
1448 4292 1623 4347 esset,
1655 4298 1774 4336 cum
1810 4296 2039 4351 procon-

457 4379 575 4433 sule
600 4377 829 4447 quodam
867 4386 926 4432 et
968 4377 1126 4432 simul
1172 4392 1292 4432 cum
1333 4391 1488 4446 mago
1531 4376 1793 4446 colloquia
1828 4374 2028 4430 habuit.

460 4471 662 4540 Duplex
689 4479 804 4524 erat
841 4470 1212 4538 praecipitium,
1271 4469 1575 4537 arrogantia
1626 4483 1656 4521 a
1713 4466 2034 4538 principatu,

456 4572 512 4617 et
536 4561 775 4615 doctrina
805 4577 836 4615 a
861 4575 1035 4629 mago.
1067 4560 1137 4614 Et
1163 4561 1284 4629 quia
1317 4559 1531 4614 videbat
1558 4557 1942 4613 exsecrandum
1976 4558 2038 4611 il-

457 4653 561 4705 lam
600 4660 654 4707 et
684 4653 1048 4721 impudentem
1100 4653 1272 4704 feram
1323 4651 1625 4720 proconsuli
1659 4649 2039 4718 impedimento

453 4757 578 4798 esse
599 4782 613 4806 ,
642 4752 694 4796 et
719 4742 1017 4797 doctrinam
1046 4757 1198 4796 suam
1225 4743 1564 4812 intercipere,
1593 4742 1712 4796 audi
1744 4741 1869 4810 quid
1895 4741 2038 4795 dicat

458 4834 648 4900 plenus
677 4834 878 4902 Spiritu
904 4843 1092 4889 sancto
1118 4851 1130 4887 :
1165 4834 1208 4888 0
1231 4837 1376 4906 plene
1402 4836 1538 4888 omni
1565 4834 1682 4888 dolo
1713 4842 1757 4887 et
1779 4834 1916 4886 onmi
1938 4833 2041 4904 {ul-

455 4927 610 4991 lacia,
634 4927 707 4993 ﬁli
725 4927 915 4982 diaboli
948 4928 1084 4999 (Act.
1111 4929 1195 4983 l5.
1217 4929 1397 5000 9.10).
1421 4929 1688 4982 Nonenim
1716 4929 2036 4983 contumelia

453 5016 677 5072 afﬁcere
699 5033 912 5088 semper
942 5018 1138 5072 malum
1168 5029 1269 5082 est,
1296 5020 1387 5074 scd
1410 5020 1524 5074 sine
1541 5035 1697 5073 causa
1717 5021 2037 5074 contumelia

452 5106 674 5163 afﬁcere
697 5127 710 5163 :
731 5107 854 5163 huic
882 5110 1023 5163 enim
1051 5119 1270 5179 peccato
1309 5111 1625 5179 supplicium
1653 5111 1855 5166 addixit
1875 5111 2032 5166 Chri-

450 5213 570 5258 stus
599 5219 613 5256 :
645 5217 767 5256 cum
788 5213 1005 5269 contra,
1031 5204 1074 5257 si
1099 5204 1217 5273 quis
1247 5213 1422 5258 autem
1449 5207 1763 5275 congruenti
1793 5214 2035 5276 tempore

452 5296 559 5349 hoc
589 5295 734 5361 facit,
772 5295 1037 5350 medicum
1070 5295 1327 5360 imitatur,
1360 5296 1448 5365 qui
1471 5309 1772 5365 opportuno
1799 5308 2037 5367 tempore

451 5394 625 5452 secat,
659 5395 711 5441 ct
755 5389 994 5442 sectione
1035 5389 1238 5442 saniem
1279 5387 1444 5456 cjicit.
1496 5389 1607 5444 lloc
1632 5391 1789 5460 igitur
1836 5392 2033 5447 Paulus

450 5495 666 5548 quoque
687 5480 811 5534 facit
839 5499 850 5534 :
875 5480 995 5534 Non
1023 5481 1209 5534 desinis
1233 5493 1449 5534 evertere
1472 5483 1574 5536 vias
1597 5483 1805 5538 Domini
1829 5495 1986 5538 rectas
2008 5485 2032 5537 ?

450 5573 555 5626 Sed
578 5573 736 5627 verba
767 5584 852 5626 tua
877 5589 980 5628 non
1004 5576 1273 5639 sustinuit,
1293 5590 1325 5628 o
1345 5575 1504 5629 Paule
1538 5593 1550 5628 :
1582 5576 1717 5631 infer
1745 5577 2031 5648 quemdam

449 5662 818 5733 sillogismum
863 5666 1251 5733 apostolicum,
1285 5677 1466 5721 averte
1513 5668 1778 5737 linguam,
1823 5685 1882 5724 os
1911 5670 2029 5739 ejus

457 5753 694 5816 obstrue,
729 5755 896 5809 malos
924 5754 1098 5809 ﬂuxus
1126 5759 1274 5811 siste.
1301 5759 1436 5825 Quid
1463 5760 1618 5828 igitur
1649 5761 1768 5815 facit
1795 5762 1816 5814 ?
1842 5765 2030 5817 Osten-

455 5847 589 5900 dcns
623 5861 726 5900 non
759 5858 940 5901 contra
988 5847 1229 5904 hemiues
1278 5852 1309 5920 η
1333 5852 1375 5905 si
1408 5851 1599 5906 bellum
1634 5870 1785 5922 CSsC,
1819 5857 1925 5927 ait,
1962 5859 2026 5911 Et

1143 403 1191 460 Χ
1232 399 1532 466 llOMILIA,
1574 399 1640 455 ΙΝ
1681 395 1908 465 lLLUD,
1951 395 2192 454 MESSIS
2231 397 2492 467 QUlDEll
2531 399 2790 468 MULTA,
2831 399 2982 458 ETC.
3602 405 3706 463 522

2130 530 2263 568 nunc
2299 531 2411 569 ecce
2437 532 2615 570 manus
2646 515 2858 572 Domini
2941 534 3092 589 super
3134 528 3188 574 te
3225 518 3470 591 (Ach-l3.
3502 539 3552 578 υ.
3591 525 3645 578 ll
3667 546 3701 587 ν.

2129 605 2244 675 Ipse
2275 608 2416 662 enim
2443 609 2530 664 ille
2557 609 2646 679 qui
2669 609 2820 678 dixit,
2855 609 3122 667 Vobiscum
3141 631 3255 668 sunt
3277 618 3506 671 omnibus
3529 617 3703 671 diebus

2130 699 2343 766 (Matth.
2367 701 2456 755 28.
2489 702 2618 769 20),
2647 714 2772 758 tunc
2801 705 2968 759 Paulo
2995 705 3214 772 aderat,
3245 716 3298 761 et
3326 709 3466 762 hanc
3479 711 3709 779 Aposto-

2126 789 2210 845 lus
2239 791 2439 848 habens
2471 795 2878 862 promissionem
2899 839 2913 863 ,
2948 798 3163 853 invocat
3193 798 3340 853 illum
3373 808 3426 854 et
3455 811 3704 870 precatur

2127 892 2186 937 ut
2214 883 2404 938 vindex
2456 883 2554 950 sit,
2587 894 2645 938 ut
2675 886 2810 940 ferat
2837 902 2992 956 opem
3021 897 3086 943 et~
3119 890 3494 959 impedimenta
3533 893 3704 950 tollat.

2128 973 2195 1029 Et
2227 993 2364 1030 nunc
2391 993 2502 1032 ecce
2545 995 2723 1033 manus
2755 978 2956 1034 Damini
2991 998 3144 1051 super
3174 993 3240 1037 te.
3269 983 3473 1051 Quanta
3502 984 3708 1042 Christi

2126 1068 2506 1137 attemperatio
2533 1069 2557 1122 !‘
2578 1079 2774 1138 quanta
2816 1070 2960 1124 Pauli
3001 1071 3192 1129 ﬁducia
3224 1074 3541 1142 l'quomodo
3578 1091 3706 1131 sen-

2129 1162 2348 1216 tentiam
2367 1161 2586 1217 ferendo
2602 1162 2809 1232 plagam
2833 1163 3013 1228 infert,
3032 1175 3085 1218 et
3101 1164 3346 1221 Christus
3361 1169 3537 1222 statim
3562 1170 3708 1224 dicto

2128 1251 2316 1306 annuit
2337 1253 2522 1318 I‘Quid
2553 1263 2656 1317 est,
2685 1252 2872 1306 Munus
2905 1253 3148 1307 Domini?
3178 1256 3266 1309 Vis
3290 1260 3563 1313 contraria
3586 1277 3711 1327 per-

2127 1347 2354 1408 cutiens.
2389 1345 2522 1416 Ipsis
2563 1348 2704 1400 enim
2738 1347 2932 1416 ubique
2960 1347 3180 1412 aderat,
3225 1361 3441 1418 paratus
3491 1352 3560 1406 ad
3608 1353 3710 1407 ob—

2128 1437 2480 1508 sequendum,
2531 1449 2584 1491 et
2625 1453 2853 1491 messem
2886 1437 2989 1492 illis
3035 1441 3306 1508 negotium
3340 1443 3536 1496 faciens
3557 1483 3573 1509 ,
3604 1461 3709 1498 non

2128 1532 2311 1586 sinens
2343 1545 2438 1585 eos
2488 1529 2736 1584 laborare
2779 1541 2871 1583 aut
2916 1531 3133 1593 vexari,
3179 1533 3274 1586 sed
3321 1547 3412 1586 sua
3457 1532 3709 1588 allen-us.

2131 1620 2196 1676 Et
2226 1623 2357 1675 stetit
2381 1637 2578 1686 ccecus,
2608 1637 2709 1674 non
2730 1623 2903 1675 ridens
2949 1622 3017 1674 ad
3056 1633 3271 1694 tempus.
3317 1624 3561 1681 Vidistin‘
3585 1643 3712 1696 sup-

2128 1713 2346 1786 plicium
2375 1729 2496 1767 cum
2543 1713 2910 1781 benignitate?
2939 1714 3234 1769 admonitio
3264 1716 3409 1771 enim
3432 1759 3445 1784 ,
3477 1733 3582 1772 non
3619 1737 3712 1788 pu-

2130 1806 2262 1860 nitio
2308 1816 2423 1862 erat
2450 1806 2540 1860 illa
2586 1807 2884 1870 sententia;
2914 1806 3186 1861 correctio
3211 1848 3224 1871 ,
3258 1823 3366 1862 non
3396 1807 3710 1864 destructio.

2131 1895 2257 1951 Ideo
2288 1913 2392 1950 non
2439 1912 2656 1951 manum
2703 1896 2904 1950 aridam
2939 1896 3103 1964 fecit,
3151 1912 3256 1952 non
3296 1899 3530 1970 linguam
3578 1905 3711 1955 mala

2130 1988 2290 2044 verba
2322 1988 2628 2058 loquentem
2656 1989 2905 2053 exscidit,
2935 2005 3039 2042 non
3067 2004 3222 2044 crura
3241 1991 3425 2045 mutila
3447 1991 3591 2057 fecit,
3620 1995 3714 2047 sed

2128 2081 2314 2136 oculos
2346 2081 2510 2151 ipsos.
2542 2079 2674 2148 Quia
2703 2081 2846 2134 enim
2899 2080 2988 2135 ille
3017 2081 3140 2135 inde
3182 2092 3399 2137 sanatus
3443 2093 3526 2139 est
3565 2093 3617 2137 et
3647 2087 3716 2137 ab

2129 2173 2331 2228 erroris
2383 2172 2466 2226 via
2524 2183 2578 2226 et
2658 2172 2964 2240 pernicioso
3038 2188 3199 2228 cursu
3258 2174 3555 2236 liberatus,
3613 2176 3715 2229 hoc

2131 2265 2302 2335 ipsum
2354 2263 2699 2334 pharmacum
2747 2264 3005 2334 apponit,
3055 2280 3119 2320 ac
3156 2265 3201 2320 si
3255 2265 3458 2321 diceret
3489 2285 3500 2319 :
3529 2264 3716 2321 Curre-

2131 2356 2250 2411 bam
2282 2363 2337 2410 et
2361 2370 2463 2426 ego
2495 2355 2634 2411 male
2655 2396 2670 2421 ,
2716 2363 2770 2410 et
2799 2364 3025 2410 mortem
3069 2356 3315 2410 minabar
3357 2359 3528 2412 oculis
3554 2376 3566 2411 :
3595 2358 3716 2413 ideo

2129 2457 2274 2502 recte
2302 2455 2601 2502 excazcatus
2641 2462 2794 2512 sum,
2825 2457 2880 2501 ut
2911 2446 3100 2501 melius
3127 2446 3388 2502 viderem.
3422 2446 3532 2501 [loc
3554 2449 3712 2502 etiam

2132 2539 2223 2595 tibi
2253 2539 2597 2610 pharmacum
2628 2556 2860 2612 appono,
2882 2541 3190 2596 ctexternis
3218 2548 3267 2595 te
3285 2540 3454 2595 oculis
3481 2556 3710 2605 excmco,

2132 2640 2188 2686 ut
2216 2631 2652 2688 internosoculos
2678 2633 2937 2703 aperiam.
2961 2631 3112 2687 Tunc
3131 2632 3182 2687 id
3212 2632 3353 2703 quod
3383 2631 3580 2687 factum
3607 2633 3717 2686 fue-

2138 2733 2220 2778 rat
2247 2724 2434 2780 videns
2480 2725 2789 2796 proconsul,
2820 2724 3070 2779 credidit.
3111 2724 3365 2778 Vidistin‘.
3391 2734 3628 2780 montem
3663 2725 3712 2776 in

2137 2816 2410 2887 planitiem
2455 2834 2704 2884 versum,
2750 2829 2803 2872 et
2829 2817 3023 2872 collem
3077 2816 3450 2882 humiliatunt,
3484 2831 3714 2870 messem

2135 2909 2446 2978 perfectam,
2503 2919 2558 2964 et
2609 2909 2812 2979 frugem
2862 2907 3405 2977 paratam,,fructum
3447 2919 3712 2963 maturqu

2131 3002 2438 3067 collectum,
2467 3011 2522 3057 et
2552 3002 2770 3058 Daulutn
2790 3001 2920 3056 nihil
2949 3001 3280 3057 laborantem
3305 3001 3712 3066 necdefessum,

2132 3095 2226 3151 sed
2255 3096 2481 3166 simplici
2513 3096 2680 3151 verbo
2707 3095 3080 3164 proconsulem
3124 3111 3324 3168 sagena
3367 3095 3716 3167 capientem?

2137 3185 2262 3241 Ideo
2291 3201 2518 3241 messem
2543 3187 3084 3258 vocatEvangelium,
3114 3187 3183 3241 ob
3209 3188 3540 3243 celeritatem
3571 3195 3625 3242 et
3649 3186 3716 3240 fa-

2135 3279 2388 3336 cilitatem
2417 3294 2574 3350 quam
2608 3277 2738 3348 ipsis
2767 3279 3058 3348 praebebat.

2207 3373 2262 3428 5.
2288 3370 2520 3425 Eunuchi
2547 3369 2797 3426 Candacis
2818 3370 3217 3427 historia.—Sic
3243 3380 3299 3426 et
3326 3371 3605 3426 eunuchus
3627 3370 3719 3425 ille

2138 3463 2394 3518 barbarus
2410 3472 2463 3517 et
2483 3462 2802 3532 alienigena,
2821 3462 2911 3532 qui
2935 3462 2986 3515 in
3013 3470 3278 3532 potestate
3301 3477 3488 3530 magna
3510 3461 3714 3515 consti-

2141 3563 2286 3609 tutus
2330 3563 2469 3619 erat,
2500 3570 2695 3624 sagena
2729 3563 2915 3622 captus
2945 3553 3063 3608 fuit.
3109 3552 3232 3608 Non
3261 3554 3368 3607 illic
3397 3553 3479 3606 vel
3510 3561 3732 3620 tempus

2137 3649 2219 3701 vel
2235 3647 2384 3703 labor
2406 3649 2704 3716 insumptus
2724 3647 2851 3701 fuit:
2871 3647 2960 3701 ubi
2979 3646 3120 3700 enim
3140 3646 3415 3715 Philippus
3433 3647 3484 3699 in
3502 3661 3716 3700 currum

2138 3740 2409 3809 ascendit,
2445 3741 2727 3810 ipsumque
2755 3739 3037 3794 instituere
3062 3740 3261 3808 cmpit;
3295 3739 3403 3794 imo
3432 3750 3715 3808 antequam

2139 3831 2490 3895 ascenderet,
2533 3829 2667 3885 illud
2712 3829 3008 3896 admirare,
3059 3829 3331 3898 quomodo
3370 3829 3634 3884 barbarus
3664 3839 3719 3884 et

2139 3924 2433 3993 alienigena
2457 3965 2472 3989 ,
2507 3938 2536 3977 a
2579 3922 2814 3992 potentia
2841 3937 2934 3976 sua
2980 3920 3193 3978 inﬂatus
3225 3923 3354 3992 (non
3386 3923 3528 3976 enim
3557 3938 3719 3992 parva

2139 4014 2240 4083 ipsi
2257 4022 2488 4084 potestas
2518 4013 2639 4067 data
2664 4012 2882 4084 fuerat),
2897 4028 3205 4082 pauperem,
3225 4013 3552 4080 mendicum,
3573 4014 3720 4082 igno-

2143 4115 2275 4173 tum,
2313 4121 2469 4176 quem
2507 4121 2608 4160 nec
2635 4106 2838 4160 viderat
2867 4120 3117 4175 umquam
3139 4145 3155 4171 ,
3184 4119 3284 4160 nec
3312 4106 3364 4160 in
3391 4106 3721 4160 consortium

2140 4197 2463 4263 admiserat,
2512 4197 2692 4252 statim
2748 4207 2913 4268 atque
2951 4197 3122 4263 vidit,
3178 4197 3388 4252 vocavit
3439 4213 3586 4264 eum,
3637 4215 3723 4253 se-

2140 4305 2370 4359 cumque
2405 4289 2698 4344 ascendere
2740 4305 2805 4345 ac
2856 4288 3049 4345 sedere
3084 4289 3243 4360 jussit
3270 4292 3405 4366 (Act.
3423 4309 3469 4346 c.
3491 4293 3564 4364 8).
3590 4290 3723 4360 Quis

2141 4382 2257 4437 hinc
2282 4382 2445 4437 fecit?
2476 4383 2572 4438 Ille
2601 4384 2688 4452 qui
2717 4383 2935 4438 dixerat
2962 4425 2977 4448 ,
3013 4383 3122 4456 Ego
3145 4383 3396 4439 vobiscum
3425 4402 3537 4438 sum
3558 4387 3723 4439 omni-

2142 4475 2232 4529 bus
2249 4475 2422 4530 diebus
2442 4492 2598 4546 usque
2618 4476 2686 4528 ad
2703 4476 3185 4531 consummationem
3202 4475 3402 4547 swcnli(
3416 4475 3599 4530 Matth.
3627 4475 3719 4531 28.

2141 4566 2234 4636 20)
2265 4585 2277 4620 :
2313 4567 2402 4622 ille
2444 4569 2734 4637 gratiorem
2771 4583 3049 4622 accessum
3094 4567 3289 4632 efﬁcit,
3324 4567 3607 4622 barbarum
3653 4567 3721 4620 ad

2144 4661 2625 4731 philosophandum
2677 4661 2977 4732 apparavit,
3021 4671 3257 4715 montem
3287 4659 3625 4726 humiliavit,
3667 4671 3723 4715 et

2146 4754 2383 4822 ignotum
2436 4763 2564 4807 noto
2603 4753 2793 4822 quovis
2847 4753 3243 4806 l'amiliariorem
3298 4753 3596 4806 constituit.
3645 4751 3723 4806 Nc

2145 4857 2429 4915 utrumque
2479 4858 2895 4916 prmtercurras,
2962 4861 3136 4915 neque
3191 4845 3488 4914 simplicem
3555 4845 3724 4899 histo-

2143 4939 2274 4991 riam
2327 4953 2437 4992 rem
2492 4952 2612 4990 esse
2668 4949 2819 5006 putes
2841 4977 2854 5001 ,
2889 4935 2982 4989 sed
3021 4936 3194 5005 cogita
3223 4938 3297 4989 rei
3331 4943 3489 4989 tanta:
3517 4937 3722 5003 magni-

2142 5031 2401 5085 tudinem.
2450 5030 2581 5085 Nam
2633 5031 2675 5084 si
2704 5030 2791 5100 qui
2839 5045 2980 5084 nunc
3019 5037 3145 5084 sunt
3186 5028 3489 5098 principes,
3537 5028 3722 5082 ﬁdeles

2142 5139 2261 5178 cum
2289 5125 2397 5177 sint
2429 5133 2482 5178 et
2502 5123 2568 5177 ad
2611 5123 2966 5176 humilitatem
2996 5121 3224 5178 instituti
3261 5119 3501 5189 nihilque
3530 5120 3720 5174 barba-

2142 5231 2258 5269 rum
2287 5215 2545 5268 habentes
2567 5255 2579 5275 ,
2615 5214 2900 5279 uoluerint,
2936 5227 3039 5267 non
3073 5212 3194 5266 dico
3221 5212 3457 5280 ignotum
3485 5220 3540 5266 et
3561 5226 3718 5280 pere-

2141 5307 2351 5376 grinum
2381 5347 2395 5370 ,
2426 5305 2525 5358 sed
2553 5320 2651 5358 nec
2675 5320 2736 5356 ex
2766 5303 3120 5356 familiaribus
3161 5302 3463 5372 quempiam
3493 5301 3645 5356 facile
3668 5302 3721 5356 in

2142 5399 2257 5454 foro
2293 5412 2473 5452 secum
2509 5397 2697 5450 sedere
2728 5413 2741 5449 :
2772 5394 3042 5464 quomodo
3075 5394 3161 5449 ille
3208 5394 3592 5465 peregrinum?
3623 5412 3720 5449 nc-

2139 5506 2243 5559 que
2275 5489 2415 5543 enim
2436 5488 2593 5541 ﬁnem
2619 5486 2804 5541 faciam
2835 5486 2948 5539 lucc
2967 5485 3211 5551 dicendi;
3242 5487 3606 5557 peregrinum,
3636 5487 3717 5540 in-

2138 5596 2337 5652 quam,
2387 5593 2544 5648 quem
2601 5593 2886 5647 numquam
2943 5576 3184 5643 viderat,
3241 5579 3440 5644 vilem,
3493 5589 3720 5648 aspectu

2139 5670 2562 5739 chpiciendum,
2598 5669 2740 5724 hunc.
2778 5677 2832 5723 et
2877 5669 3168 5724 ascendere
3219 5681 3273 5726 et
3310 5688 3491 5726 secum
3534 5673 3723 5728 sedero

2135 5764 2313 5832 jussit,
2349 5772 2402 5816 ct
2428 5761 2542 5830 ejus
2573 5761 2762 5831 linguae.
2787 5761 3012 5815 salutem
3046 5778 3195 5819 suam
3221 5763 3526 5828 commisit,
3560 5765 3722 5819 disci-

2143 5859 2292 5930 pulus
2322 5857 2432 5913 licri
2468 5872 2651 5927 passus
2678 5867 2751 5910 c5!
2779 5897 2789 5920 ,
2820 5865 2871 5910 ct
2899 5865 3042 5926 toga!
3070 5895 3081 5920 ,
3107 5856 3382 5921 obsecrat,
3419 5865 3701 5926 precatur:
