3966 6160
294 393 399 448 5‘25
997 388 1056 444 S.
1092 386 1368 444 JOANNIS
1407 379 1878 440 CllRYSOS'I‘OMl
1915 378 2225 433 AﬂClllEP.
2266 375 2792 433 CUNSTANTINOP.
3421 377 3515 433 539i

299 505 513 559 Obsecro
558 513 643 570 te,
683 498 892 573 inquit,
934 498 1009 555 ds.
1035 516 1139 568 quo
1185 498 1429 569 propheta
1478 498 1585 552 lucc
1638 495 1857 564 loquitur

298 596 436 663 (πίει.
464 596 518 651 8.
546 593 680 663 ὂψ
707 600 764 648 et
786 592 929 648 dicta
958 605 1079 646 eum
1107 588 1399 645 attentione
1424 588 1587 642 multa
1614 584 1852 656 percipit.

297 686 477 756 Neque
507 684 608 738 hoc
637 690 841 737 tantum
860 723 879 747 ,
922 679 1015 736 sed
1043 689 1324 750 acceptum
1352 692 1459 732 non
1503 674 1859 746 procrastina-

299 777 393 841 rit,
423 790 529 829 non
557 773 785 840 distulit,
817 787 925 827 non
953 770 1110 837 dixit,
1136 769 1193 825 ιη
1224 768 1453 838 patriam
1484 781 1657 822 meam
1677 780 1860 820 rever-

297 879 399 932 lar,
422 866 613 923 videbo
634 864 980 935 philosophos
1021 877 1171 919 meos
1202 870 1259 918 et
1277 861 1561 916 familiares
1582 869 1637 914 et
1670 873 1865 928 cogna-

297 967 378 1011 tos
420 953 602 1025 :quod
633 954 783 1010 multi
820 953 1241 1008 Christianorum
1279 965 1420 1006 nunc
1454 949 1639 1005 dicunt
1674 947 1743 1002 ad
1771 947 1866 1002 ba-

299 1048 495 1115 ptisma
524 1044 698 1100 vocati
729 1063 743 1100 :
773 1044 1031 1101 Revertar
1050 1044 1103 1099 ln
1134 1043 1378 1113 patriam,
1397 1040 1590 1096 videbo
1619 1053 1863 1109 uxorem,

299 1134 489 1194 videbo
518 1138 658 1192 filios
684 1151 805 1193 cum
833 1134 1074 1206 cognatis
1101 1134 1235 1189 meis
1264 1150 1279 1188 :
1308 1132 1412 1186 illis
1436 1129 1784 1201 prmsentibus
1812 1135 1867 1184 et

300 1245 509 1285 mecum
541 1228 734 1283 festum
769 1225 1162 1283 celebrantibus
1183 1265 1199 1291 ,
1251 1223 1331 1279 sic
1354 1222 1671 1294 baptismate
1698 1220 1863 1286 fruar,

297 1324 374 1378 sic
412 1323 597 1395 gratia:
623 1320 893 1392 particeps
913 1333 1029 1373 ero.
1083 1318 1152 1372 At
1173 1330 1281 1371 non
1327 1314 1417 1370 ille
1448 1311 1706 1368 barbarus
1741 1318 1869 1367 tunc

300 1415 414 1469 lucc
442 1411 599 1477 dixit,
631 1409 847 1466 tametsi
875 1407 1090 1465 Iudaeus
1116 1413 1280 1472 esset,
1310 1413 1366 1460 et
1384 1401 1451 1458 ad
1474 1400 1696 1457 multam
1722 1399 1868 1454 loco-

253 1534 267 1552 ν
299 1521 415 1558 ι·υιιι
444 1500 845 1558 observantiam
873 1505 927 1553 et
953 1497 1156 1552 cultum
1175 1493 1472 1559 institutus,
1500 1505 1621 1545 cum
1639 1488 1869 1549 maxime

305 1596 615 1666 frequenter
663 1592 765 1663 ipsi
791 1589 1119 1645 insonuisset
1157 1586 1333 1641 locum
1377 1583 1523 1637 illum
1574 1581 1867 1637 observan-

301 1686 428 1740 dum
465 1697 607 1750 esse,
635 1682 862 1751 ideoque
891 1692 1135 1748 magnam
1170 1670 1650 1747 peregrinationem
1690 1684 1869 1724 susce-

305 1780 472 1849 pisset
493 1815 510 1842 ,
543 1783 599 1830 ut
620 1774 673 1828 in
700 1788 806 1844 quo
833 1771 951 1826 loco
974 1770 1207 1839 iusserat
1237 1766 1374 1821 Deus
1393 1803 1410 1830 ,
1440 1763 1691 1817 adoraret
1718 1778 1732 1813 :
1777 1756 1872 1815 sed

308 1868 487 1922 statim
511 1860 672 1919 talem
685 1859 1128 1918 consuetudinem
1145 1854 1422 1926 abiieicns,
1447 1861 1545 1908 eta
1568 1850 1658 1907 tali
1683 1850 1871 1906 obser~

303 1956 514 2009 vatione
542 1948 800 2009 recedens
821 1966 836 2012 ;
855 1963 976 2004 eum
993 1961 1171 2001 sermo
1187 1942 1460 2000 absolutus
1471 1948 1636 2009 esset,
1655 1950 1709 1998 et
1723 1940 1873 2010 juxta

303 2047 441 2100 viam
469 2045 670 2101 fontem
692 2043 907 2097 videret
926 2082 941 2105 ,
987 2039 1120 2094 dixit
1147 2056 1159 2093 :
1197 2036 1326 2091 Ecce
1347 2051 1532 2105 aquam
1562 2050 1581 2089 :
1603 2032 1727 2104 quid
1755 2048 1877 2103 pro-

306 2136 435 2190 hibet
463 2152 539 2188 me
590 2132 842 2206 baptizari
895 2131 1032 2202 (Act.
1075 2129 1129 2184 8.
1186 2126 1317 2198 36)?
1362 2124 1605 2181 Vidistin’
1644 2138 1872 2179 messem

304 2243 488 2283 rursus
516 2223 850 2282 confectam?
876 2220 1111 2278 vidistin’
1135 2219 1335 2275 nullum
1359 2218 1686 2287 insumptum
1714 2216 1876 2272 fuisse

306 2332 517 2388 tempus
561 2316 655 2374 sed
698 2325 933 2384 terram,
972 2312 1152 2370 statim
1203 2320 1361 2384 atque
1400 2327 1587 2368 semen
1630 2309 1872 2379 admisit,

305 2422 359 2468 et
405 2411 607 2482 spicam
647 2417 951 2466 comantem
995 2406 1240 2462 emisisse
1291 2413 1345 2460 et
1406 2410 1668 2459 maturam
1720 2417 1875 2457 uvam

307 2505 514 2559 fuisse?
543 2501 677 2557 Ecce
717 2516 901 2573 aquam
925 2540 942 2568 ,
990 2497 1179 2570 inquit.
1206 2494 1325 2552 Non
1374 2510 1556 2551 muros
1593 2493 1873 2565 qumsivit,

313 2611 418 2649 non
449 2601 644 2649 tectum
693 2605 948 2656 aureum,
1000 2604 1107 2645 non
1154 2586 1592 2643 vestimentorum
1649 2599 1877 2655 appara-

311 2697 421 2740 tum
445 2725 461 2752 ,
503 2698 607 2739 non
631 2683 875 2749 calceos;
916 2680 1011 2738 sed
1036 2680 1156 2752 quia
1182 2680 1416 2735 animum
1443 2688 1687 2750 paratum
1715 2676 1881 2733 babe-

313 2776 403 2830 bat
430 2785 480 2831 et
507 2770 730 2830 ardebat
753 2772 1020 2829 desiderio
1045 2771 1422 2840 alacritateque
1437 2782 1693 2824 accensus
1722 2780 1876 2833 erat,

307 2867 377 2923 ad
404 2867 624 2937 gratiam
656 2865 836 2921 statim
876 2863 1135 2927 accurrit,
1176 2870 1231 2918 et
1255 2861 1529 2916 doctorem
1562 2856 1782 2930 urgebat
1822 2865 1881 2912 ut

309 2957 375 3012 ad
409 2955 728 3028 baptismum
776 2955 946 3026 ipsum
983 2951 1310 3019 adduceret,
1339 2961 1498 3021 atque
1536 2950 1628 3004 illa
1656 2948 1877 3003 immor-

314 3049 433 3102 talia
469 3057 525 3103 et
576 3045 852 3102 tremenda
894 3043 1144 3117 mysteria
1181 3043 1278 3097 sibi
1318 3041 1608 3097 conferret.
1647 3037 1881 3096 ldcoillc

313 3154 523 3209 quoque
550 3138 731 3193 statim
755 3137 964 3202 annuit,
992 3133 1320 3190 alacritatem
1347 3131 1682 3203 approbans,
1709 3137 1764 3185 et
1789 3129 1881 3184 ba-

317 3230 532 3297 ptizavit
564 3228 733 3283 illum.
755 3224 958 3283 Idcirco
990 3239 1219 3281 messem
1246 3232 1401 3279 vocat
1420 3218 1780 3292 Evangelium,
1811 3219 1882 3275 ob

314 3321 613 3374 facilitatem
653 3332 813 3389 quam
851 3316 979 3387 ipsis
1006 3315 1292 3386 praebebat.
1322 3312 1453 3368 Nam
1491 3321 1545 3368 et
1574 3312 1701 3368 alibi
1731 3325 1876 3383 quo-

314 3425 417 3480 que
471 3409 600 3464 dicit
635 3406 776 3479 quod
828 3405 985 3463 dictis
1034 3404 1185 3460 Pauli
1232 3403 1570 3459 attenderem
1613 3420 1624 3455 :
1676 3403 1872 3458 etenim

1970 489 2224 543 Dominus
2262 486 2469 558 aperuit
2497 502 2592 542 eor
2626 502 2808 543 eorum
2859 496 2916 542 ut
2948 487 3279 544 attenderem
3323 491 3386 546 iis
3407 509 3551 562 quaee

1964 577 2275 633 dicebantur:
2319 577 2530 651 abillo.
2578 576 2719 634 Cum
2745 588 2924 633 autem
2952 579 3104 633 audis
3145 579 3282 649 quod
3325 593 3525 639 montes.

1966 671 2205 727 humiliet
2224 712 2239 736 ,
2280 686 2507 728 messem
2532 672 2719 737 faciat,
2748 681 3016 727 maturum
3046 672 3275 728 fructum
3304 676 3516 743 reddat,

1966 773 2020 819 et
2061 764 2284 816 multam
2322 771 2475 832 paret
2518 762 2820 818 facilitatem
2844 803 2863 830 ,
2913 779 2982 819 ne
3021 763 3309 827 credentes
3360 768 3525 835 prives

1968 852 2212 907 maximis
2235 853 2489 921 cperibus
2517 870 2533 908 :
2569 868 2746 924 neque
2772 854 2919 908 enim
2947 854 3059 908 vim
3086 853 3346 910 inferebat
3374 855 3523 911 liber-

1968 941 2105 1007 tati,
2153 957 2329 1012 neque
2385 943 2612 998 liberum
2672 942 2951 999 arbitrium
3003 943 3399 1013 labefactabat,
3437 947 3525 1002 sed

1967 1031 2393 1101 eooperabatur,
2429 1031 2685 1101 iuvabat,
2734 1048 2952 1088 umnam
2995 1033 3269 1091 tendebat.
3313 1034 3438 1089 Nam
3483 1036 3527 1089 si

1969 1128 2137 1176 totum
2169 1121 2311 1176 illius
2336 1131 2503 1188 esset,
2530 1122 2663 1176 nihil
2688 1122 2970 1194 impediret
3021 1125 3304 1195 quominus
3349 1140 3533 1185 nunties,

1969 1211 2106 1267 salvi
2144 1212 2379 1268 flerent:
2410 1221 2552 1269 nunt:
2594 1224 2771 1270 autem
2831 1214 2979 1270 aliud
3005 1215 3147 1271 illius
3186 1226 3304 1271 erat
3330 1255 3351 1281 ,
3393 1216 3525 1271 aliud

1969 1317 2155 1359 eorum
2204 1303 2293 1374 qui
2338 1304 2663 1361 accedebant
2701 1323 2715 1361 :
2762 1304 3129 1361 accedentium
3185 1322 3380 1377 nempe
3419 1308 3527 1362 vel-

1970 1392 2080 1449 lent
2104 1402 2158 1448 et
2184 1393 2441 1464 eligerent
2463 1410 2526 1450 ac
2565 1396 2790 1451 multam
2829 1396 3175 1453 ostenderent
3215 1399 3528 1453 alacritatem
3616 1390 3619 1395 ’

1971 1493 2025 1539 et
2038 1498 2350 1554 generosam
2379 1486 2577 1554 fidem;
2610 1488 2702 1543 Dei
2719 1496 2918 1554 autem,
2935 1488 3077 1559 quod
3098 1488 3237 1544 bona
3256 1489 3537 1560 prmberet,

1972 1583 2028 1629 et
2052 1573 2392 1631 manifestum
2419 1575 2672 1635 redderet
2695 1591 3001 1633 sermonem
3020 1578 3324 1651 claramque
3344 1580 3539 1639 doctri-.

1971 1678 2116 1731 nam,
2136 1667 2442 1737 seminaque
2457 1667 2679 1739 iaceret,
2697 1678 2753 1723 et
2774 1668 3010 1727 auditum
3025 1669 3241 1739 iuvaret
3255 1670 3322 1725 ad
3341 1669 3533 1725 fructus

1974 1757 2357 1813 maturitatem.
2411 1757 2534 1815 ll-.ee
2555 1760 2716 1831 igitur
2744 1762 2927 1817 omnia
2955 1762 3257 1833 cogitantes
3281 1802 3301 1827 ,
3347 1762 3413 1823 ad
3440 1763 3534 1818 vir-

1974 1849 2100 1902 tutis
2148 1846 2385 1903 laborem
2434 1849 2609 1920 ipsum
2660 1852 2984 1921 accipiamus
3027 1852 3373 1922 adiutorem,
3425 1867 3536 1923 quae

1975 1947 2157 1993 nostra
2201 1948 2328 1994 sunt
2393 1939 2705 1998 inferentes.
2754 1940 2888 1998 Nam
2930 1944 2978 1999 si
3032 1959 3148 2000 rem
3192 1955 3305 1999 tam
3357 1944 3536 2002 difﬁci-

1977 2028 2083 2083 lem
2135 2029 2206 2084 ita
2258 2029 2415 2087 facile
2467 2030 2731 2102 perfecit,
2780 2048 2886 2089 non
2946 2035 2999 2089 in
3055 2050 3163 2090 una
3211 2036 3298 2091 vel
3344 2034 3541 2090 duabus

1977 2120 2061 2174 vel
2089 2120 2272 2190 viginti
2297 2121 2600 2179 civitatibus
2619 2164 2634 2191 ,
2665 2123 2759 2180 sed
2798 2139 2892 2194 per
2923 2134 3088 2180 totum
3112 2127 3329 2194 orbem,
3360 2126 3539 2196 praedi-

1979 2212 2246 2268 cationem
2270 2214 2475 2270 scilicet
2518 2224 2573 2270 et
2622 2215 2947 2282 doctrinam,
2977 2226 3032 2273 et
3074 2216 3186 2287 ipsa
3221 2233 3320 2286 per
3360 2227 3545 2280 totam,

1978 2323 2139 2376 quem
2157 2308 2234 2365 sol
2253 2308 2491 2378 respicit,
2517 2317 2715 2364 terram
2738 2323 2944 2380 sparsa,
2954 2295 3387 2382 pulcherrimum
3411 2312 3547 2369 llth

1982 2396 2182 2466 profert
2211 2398 2438 2454 fructum
2470 2417 2483 2454 :
2517 2398 2690 2470 palam
2714 2410 2795 2456 est
2816 2416 2939 2457 eum
2962 2402 3029 2456 ad
3056 2402 3275 2458 virtutis
3305 2386 3549 2458 ferendos

1980 2489 2203 2546 sudores
2248 2490 2405 2546 nobis
2429 2505 2584 2561 opem
2613 2492 2838 2547 laturum
2866 2508 3008 2560 esse,
3036 2494 3331 2548 dummodo
3365 2511 3430 2549 ne
3457 2509 3541 2547 su-

1983 2580 2090 2650 pini
2123 2580 2206 2635 vel
2237 2580 2491 2637 socordes
2515 2582 2681 2637 simus
2699 2599 2819 2651 nos,
2837 2582 2931 2639 sed
2959 2584 3002 2640 si
3028 2592 3207 2640 nostra
3234 2585 3396 2641 simul
3421 2600 3543 2639 con-

1982 2669 2211 2725 feramus
2233 2708 2250 2737 ,
2299 2685 2490 2742 nempe
2525 2673 2851 2728 alacritatem
2872 2715 2888 2741 ,
2918 2690 3100 2729 curam
3131 2716 3148 2742 ,
3199 2659 3542 2741 voluntatem,

1982 2761 2382 2830 cogitationem,
2396 2764 2623 2835 vigilias,
2646 2764 3077 2833 sollicitudinem,
3098 2765 3184 2822 sia
3203 2768 3547 2823 saecularibus

1985 2852 2147 2907 rebus
2166 2866 2262 2907 nos
2282 2852 2672 2919 abstrahamus,
2697 2855 2741 2909 si
2764 2870 3061 2925 quarramus
3091 2855 3296 2923 futura,
3319 2858 3363 2912 si
3381 2858 3546 2928 quoti-

1984 2942 2194 3013 dieipsa
2208 2953 2546 3014 appetamus.
2567 2946 2621 3002 Si
2639 2949 2781 3003 enim
2798 2949 2909 3005 hzec
2921 2959 3166 3004 accurate
3185 2951 3546 3012 cxhibeaums,

1984 3038 2143 3092 etiam
2165 3052 2283 3108 quae
2309 3038 2452 3094 illius
2482 3048 2607 3094 sunt
2630 3050 2956 3110 sequentur;
2981 3041 3154 3097 etillis
3184 3058 3348 3113 Opem
3380 3042 3548 3101 fercu-

1986 3129 2126 3183 tibus
2167 3128 2306 3185 bona
2348 3130 2578 3186 caelestia
2629 3146 3018 3202 consequemur
3043 3152 3056 3188 :
3086 3151 3204 3205 qua:
3232 3138 3440 3192 utinam
3463 3151 3554 3191 nos

1986 3236 2174 3277 omnes
2219 3222 2611 3291 nanciscamur,
2663 3227 2830 3295 gratia
2879 3236 2935 3281 et
2980 3225 3312 3299 benignitate
3357 3228 3556 3282 Domini

1987 3312 2154 3367 nostri
2179 3309 2306 3371 Jesu
2331 3312 2551 3381 Christi,
2575 3315 2659 3370 cui
2685 3315 2854 3385 gloria
2885 3326 2938 3373 et
2955 3317 3271 3387 imperium,
3297 3323 3347 3375 in
3374 3319 3557 3376 srrcola

1987 3406 2324 3461 saeculorum.
2357 3409 2549 3463 Amen.

1638 3648 1979 3710 HOMILIA
2030 3650 2123 3713 x1
2165 3650 2274 3734 (a).

324 3811 569 3884 Ejusdem
612 3809 823 3865 Itomitia
864 3806 1072 3871 habita,
1118 3811 1385 3876 postquam
1435 3801 1568 3855 alius
1613 3798 1887 3851 admodum

398 3918 549 3960 senex
567 3902 889 3957 concionatus
919 3900 1084 3970 fuerat
1111 3910 1129 3949 :
1167 3895 1229 3948 de
1257 3892 1507 3946 Eleazaro
1539 3899 1584 3944 et
1614 3890 1677 3943 de
1702 3897 1890 3958 septem
1946 3886 1951 3887 ⁷

394 4010 583 4063 pueris.

396 4086 449 4139 l.
487 4084 656 4150 Quam
690 4078 930 4152 speciosa
976 4085 1060 4133 est
1095 4076 1210 4131 haec
1246 4071 1535 4144 spiritualis
1580 4070 1696 4125 olea
1729 4085 1743 4122 :
1771 4083 1892 4122 cum

326 4174 457 4232 rami
475 4173 590 4243 eius
605 4168 1000 4233 consenuerint,
1019 4174 1283 4222 maturum
1300 4172 1478 4218 tamen
1496 4161 1649 4216 nobis
1666 4158 1891 4213 fructum

329 4265 468 4320 tulit!
487 4264 601 4319 Non
624 4262 763 4319 enim
782 4262 915 4318 tales
929 4267 1050 4314 sunt
1068 4259 1260 4329 plantae
1279 4264 1457 4321 terrae,
1474 4253 1660 4324 quales
1677 4252 1895 4307 arbores

334 4353 591 4411 Ecclesia:
618 4369 631 4405 :
661 4352 765 4407 illae
792 4363 1020 4421 namque
1063 4363 1183 4403 cum
1209 4345 1277 4402 ad
1303 4354 1615 4400 vetustatem
1639 4355 1895 4414 pervene-

336 4455 489 4511 runt,
517 4451 642 4498 tunc
673 4440 920 4498 foliorum
958 4437 1183 4509 plurima
1230 4436 1499 4503 amittunt,
1532 4434 1896 4489 immaturum-

334 4553 438 4608 que
481 4547 536 4592 et
564 4550 736 4591 tarum
766 4530 1269 4592 oﬂ'eruntlrnetum.
1298 4528 1407 4585 Illae
1448 4536 1647 4591 autem,
1678 4541 1801 4580 cum
1829 4522 1895 4577 ad

334 4636 662 4687 senectutem
686 4624 946 4690 venerint,
988 4631 1113 4677 tunc
1153 4621 1382 4676 maxime
1406 4616 1634 4673 fructum
1669 4612 1894 4669 ubertim

340 4726 535 4779 ferunt.
586 4718 739 4787 Quod
785 4730 929 4776 certe
980 4715 1160 4771 videre
1209 4722 1291 4768 est
1340 4714 1392 4767 in
1438 4710 1533 4766 illo
1587 4708 1674 4778 qui
1728 4706 1885 4761 hodie

339 4819 590 4886 loquutus
643 4820 725 4868 eet
777 4829 791 4866 :
840 4810 1066 4880 ideoque
1121 4817 1295 4863 tacere
1348 4803 1477 4858 mibi
1530 4801 1700 4856 visum
1753 4809 1835 4855 cst
1879 4819 1892 4852 :

336 4904 619 4976 oportebat
658 4902 836 4971 enim,
877 4909 955 4958 tot
988 4899 1205 4955 senibus
1246 4891 1597 4966 praesentibus
1625 4890 1713 4960 qui
1756 4890 1896 4959 loqui

336 4997 568 5061 scirent,
594 4993 857 5065 iuniorem
879 4991 1177 5063 quiescere.
1226 4988 1298 5043 lta
1328 5000 1425 5041 nos
1469 4983 1717 5040 erudiunt
1757 4981 1900 5036 Scri-

335 5099 506 5156 ptura:
554 5086 790 5142 divinat:
836 5099 958 5139 nam
1005 5097 1126 5137 cum
1160 5079 1427 5150 iuniorem
1455 5074 1797 5144 alloquuntur
1821 5072 1900 5126 di-

335 5191 463 5235 cunt
495 5198 508 5235 :
543 5178 788 5250 Loquere,
805 5176 1006 5248 juvenis
1023 5215 1037 5240 ,
1067 5173 1120 5228 in
1145 5181 1232 5226 tua
1255 5186 1409 5226 causa
1431 5212 1443 5234 ,
1466 5169 1550 5224 vix
1577 5167 1651 5222 bis
1672 5167 1715 5220 si
1739 5168 1896 5220 inter-

334 5282 544 5344 rogatus
595 5270 800 5342 fueris:
846 5268 1006 5322 multa
1054 5264 1224 5336 paucis
1265 5263 1417 5316 dicito
1449 5259 1635 5331 (Eccti.
1673 5256 1759 5311 '52.
1811 5256 1897 5312 10.

339 5362 453 5436 Η).
503 5359 711 5418 Seniori
758 5367 934 5415 autem
978 5371 1084 5412 non
1129 5370 1248 5409 cum
1293 5352 1387 5408 tali
1430 5351 1768 5407 distinctione
1824 5348 1898 5399 lo-

338 5454 537 5523 quitur,
582 5451 676 5507 sed
704 5450 851 5505 illum
898 5448 1112 5504 dimittit
1140 5457 1194 5500 ut
1232 5446 1347 5500 sine
1382 5443 1467 5498 bis
1496 5440 1734 5496 terminis
1780 5450 1901 5491 eur-

340 5555 420 5600 rat
445 5561 460 5598 :
493 5554 547 5600 et
572 5542 832 5599 dictorum
860 5540 1020 5597 etiam
1046 5538 1368 5609 voluptatem
1392 5577 1408 5603 ,
1441 5537 1485 5590 si
1515 5549 1635 5589 eum
1664 5531 1898 5602 prudens

401 5699 474 5756 (a)
497 5699 672 5748 Habita
705 5706 780 5747 est
803 5698 955 5759 pridie
978 5696 1090 5759 festi
1108 5695 1495 5747 Macbabaeormn
1509 5690 1634 5755 quod
1666 5687 1819 5752 primo
1832 5689 1911 5739 die

343 5769 521 5808 mensa
546 5760 747 5821 Augusti
771 5757 997 5807 a'Grmcis
1020 5757 1311 5807 celebratur.

1995 3796 2069 3849 tia
2090 3797 2336 3869 loquatur
2352 3845 2368 3868 ,
2399 3803 2667 3860 admirans
2689 3845 2706 3872 ,
2732 3806 2812 3862 sic
2831 3807 3009 3862 aiebat
3037 3825 3050 3861 :
3085 3806 3327 3876 Loquere
3344 3842 3360 3875 ,
3385 3823 3561 3874 senes,

1996 3891 2083 3944 tibi
2112 3908 2323 3961 namque
2350 3896 2611 3959 convenit,
2634 3897 2691 3948 in
2717 3909 2953 3951 “curata
2970 3898 3180 3951 scientia
3208 3914 3228 3950 :
3266 3908 3314 3952 et
3334 3898 3566 3969 impedias

1995 3985 2188 4038 musica
2217 3984 2403 4055 (Eceti.
2440 3985 2528 4040 '52.
2555 3986 2607 4040 4.
2631 3986 2711 4056 5).
2748 3986 2884 4053 Quid
2914 3987 3015 4043 sibi
3046 3989 3157 4042 vult
3182 3988 3342 4056 illud,
3376 3988 3448 4043 Et
3473 3990 3563 4042 im-

1999 4075 2167 4143 pedies
2208 4075 2436 4129 musica?
2484 4075 2657 4141 Tibia,
2688 4077 2891 4132 cithara
2943 4085 3001 4133 et
3050 4078 3270 4145 ﬁstulae,
3337 4094 3441 4134 non
3495 4078 3566 4132 ita

2006 4179 2197 4219 suaves
2222 4165 2556 4222 audientibus
2581 4164 2754 4234 sunt,
2798 4175 2857 4221 ut
2899 4168 3128 4223 senioris
3180 4168 3432 4225 doctrina
3449 4184 3569 4224 eam

1998 4267 2243 4312 accurata
2292 4258 2513 4313 scientia
2562 4259 2789 4328 prolata.
2819 4258 3095 4328 Scriptura
3131 4260 3281 4314 enim
3332 4261 3567 4329 velqu

2002 4356 2106 4400 tem
2156 4361 2474 4416 comparans
2521 4347 2817 4416 voluptati,
2870 4347 3006 4403 hanc
3055 4349 3145 4404 illa
3195 4349 3360 4420 longe
3408 4350 3568 4418 maio-

2001 4452 2114 4493 rem
2154 4440 2259 4492 vim
2287 4453 2539 4493 exercere
2578 4438 2740 4504 dicit;
2791 4438 2927 4494 hanc
2967 4440 3220 4508 vincere,
3277 4442 3427 4497 illam
3470 4438 3564 4510 ipsi

2000 4529 2211 4586 cedere.
2290 4529 2414 4584 ideo
2464 4530 2626 4594 dicit,
2687 4528 2941 4604 hupedies
3009 4531 3241 4595 musica;
3306 4532 3410 4588 hoc
3454 4538 3565 4596 est,

2001 4639 2107 4678 non
2137 4624 2279 4678 sines
2322 4622 2413 4676 illa
2460 4636 2796 4692 comparere,
2820 4619 3198 4677 obtenebrabis
3227 4623 3341 4692 illa,
3380 4622 3567 4679 obum-

2003 4713 2201 4768 brabis.

2072 4805 2335 4861 Auditores
2375 4805 2787 4875 Chrysostomum
2829 4804 2994 4874 ipsum
3048 4804 3228 4858 audire
3276 4802 3565 4874 cupiebant.

2003 4897 2411 4953 Machabceorum
2435 4903 2591 4969 festus
2619 4897 2746 4952 dies.
2768 4926 2839 4937 --
2854 4895 2981 4951 ideo
3004 4911 3101 4953 nos
3125 4911 3337 4965 quoque
3360 4903 3570 4966 oporte-

2003 4995 2094 5049 bat
2131 5004 2303 5048 taccre
2321 5003 2375 5050 et
2417 4992 2605 5047 audire
2628 5033 2643 5055 ,
2690 4991 2835 5045 bunc
2863 4999 3041 5044 autem
3076 4989 3217 5059 loqui
3245 4998 3303 5043 et
3329 4988 3524 5043 docere
3551 5003 3564 5038 :

2003 5084 2118 5149 sed,
2147 5084 2289 5154 quod
2317 5096 2459 5152 satpe
2484 5082 2592 5138 dixi
2624 5121 2640 5146 ,
2668 5082 2771 5136 hoc
2799 5096 2939 5134 nunc
2965 5080 3125 5134 etiam
3147 5079 3319 5136 dicam
3353 5096 3369 5132 :
3400 5088 3568 5145 neque

2004 5186 2239 5232 vestram
2285 5174 2398 5229 fero
2429 5172 2815 5243 tyrannidem,
2842 5185 3015 5239 neque
3043 5170 3235 5223 horum
3278 5167 3566 5222 necessitas

2006 5274 2110 5319 tem
2140 5283 2151 5317 :
2187 5263 2308 5318 ideo
2335 5276 2522 5317 rursus
2550 5261 2616 5316 ad
2645 5267 2934 5316 consuetos
2962 5273 3155 5312 cursus
3183 5270 3264 5310 me
3290 5265 3565 5323 comparo.

2005 5372 2121 5412 rem
2162 5355 2467 5420 difficilem,
2499 5352 2755 5424 loquendi
2779 5366 3004 5420 nempe,
3042 5364 3163 5404 cum
3209 5345 3377 5400 multa
3405 5343 3569 5398 facili-

2008 5456 2114 5503 tate
2169 5456 2439 5511 tractans,
2496 5460 2605 5498 non
2649 5453 2866 5512 propter
2917 5453 3062 5493 meas
3114 5435 3432 5496 facultates,
3475 5428 3567 5485 sed

2009 5548 2221 5609 propter
2270 5549 2502 5592 vestram
2551 5534 2877 5589 audientium
2932 5531 3275 5584 alacritatem.
3345 5525 3475 5579 Nam
3517 5530 3562 5575 et

2006 5647 2177 5701 nuper
2201 5630 2266 5685 ad
2299 5638 2496 5685 tantam
2522 5626 2928 5698 profunditatem
2957 5621 3217 5677 deductus
3245 5630 3424 5672 sermo
3452 5612 3526 5683 (a)
3546 5651 3559 5677 ,

2073 5745 2147 5809 (a)
2172 5744 2290 5804 Qua:
2310 5744 2391 5794 hic
2410 5742 2651 5793 indicetur
2674 5737 2865 5790 humilia
2885 5750 2980 5789 non
3001 5737 3118 5787 satis
3140 5732 3446 5798 perspicuum
3472 5732 3564 5776 est.
