3966 6160
211 378 322 436 5'25

218 492 361 547 έλθω
406 491 488 555 εἰς
512 490 614 560 τὴν
647 491 903 560 πατρίδα,
936 486 1033 542 ἴδω
1058 487 1155 559 τὴν
1182 490 1412 556 γυναῖκα
1430 526 1446 553 ,
1479 488 1574 542 ίδω
1591 488 1661 543 τὰ
1687 487 1876 542 παιδία

212 577 352 649 μετά
384 577 492 631 τῶν
526 574 676 647 ἐμῶν
715 574 991 644 συγγενῶν
1020 592 1033 605 ·
1069 574 1352 643 παρόντων
1384 576 1608 629 ἐκείνων
1632 575 1727 629 καὶ
1753 591 1878 628 συν-

208 662 572 736 εδρταζόντων
628 661 784 731 ἐμοὶ,
833 659 1007 725 οὓτως
1042 659 1420 729 ἀπολαύσομαι
1447 660 1538 715 τοῦ
1570 660 1878 731 βαπτίσμα-

208 768 328 816 τος,
366 749 508 802 οὕτω
540 747 750 819 μεθέξω
794 747 892 816 τῆς
927 748 1164 819 χάριτος.
1211 747 1349 800 Ἀλλ’
1379 748 1479 818 οὐχ
1540 748 1571 800 ό
1604 747 1878 819 βάρϐαρος

209 838 332 890 τότε
381 836 587 899 ἐκεῖνος
616 834 786 888 ταῦτα
827 830 947 888 εἷπε
978 835 1046 889 τά
1086 836 1302 905 ῥήματα
1326 873 1342 897 ,
1389 834 1486 888 καὶ
1532 834 1706 890 ταῦτα
1744 835 1878 887 ’lou-

209 923 357 987 δαῖος
392 921 468 975 ῶν
500 921 591 975 καὶ
623 921 822 992 πολλὴν
849 920 960 975 τῶν
989 921 1168 977 τόπων
1208 923 1379 974 ποιεῖν
1411 921 1510 990 τὴν
1561 922 1881 992 παρατήρη-

210 1028 297 1065 σιν
344 1010 778 1080 πεπαιδευμένος
798 1049 815 1073 ,
864 1010 960 1064 καὶ
990 1009 1224 1079 μάλιστα
1270 1008 1511 1078 συνεχῶς
1558 1008 1879 1079 ἐνηχοῦντος

210 1097 361 1168 αὐτῷ
380 1137 398 1162 ,
431 1097 513 1150 ὅτι
543 1097 627 1150 δεῖ
654 1098 843 1166 τηρεῖν
889 1095 982 1148 τοῦ
1024 1095 1190 1149 τόπου
1234 1095 1334 1164 τὴν
1360 1095 1601 1167 φυλακὴν
1624 1135 1640 1159 ,
1672 1095 1768 1149 καὶ
1793 1093 1881 1148 διὰ

208 1183 367 1238 τοῦτο
396 1183 616 1255 μακρὰν
650 1181 960 1253 ἀποδημίαν
998 1182 1345 1252 στειλάμενος
1370 1222 1384 1244 ,
1415 1182 1502 1238 ἵνα
1528 1184 1586 1235 ἐν
1615 1181 1694 1252 τῷ
1732 1182 1882 1252 τόπῳ

207 1264 258 1338 ᾧ
286 1271 567 1324 ἐκέλευσεν
606 1270 636 1322 ό
678 1268 811 1332 Θεὸς
860 1270 1214 1342 προσκυνήσῃ
1237 1282 1254 1298 ·
1303 1269 1419 1322 ἀλλ’
1468 1268 1663 1339 ἀθρόον
1702 1269 1883 1323 πᾶσαν

209 1357 430 1427 ἐκείνην
466 1356 563 1427 τὴν
596 1354 882 1427 συνήθειαν
910 1353 1155 1408 ἐκϐαλὼν
1185 1354 1279 1409 καὶ
1302 1354 1545 1419 ἀποστὰς
1575 1355 1675 1426 τῆς
1703 1355 1885 1408 τοιαύο

208 1463 315 1516 της
369 1444 840 1516 παρατηρήσεως’
896 1443 1087 1515 ἐπειδὴ
1125 1444 1437 1515 ἀπηρτίσθη
1488 1446 1517 1498 ὁ
1559 1445 1753 1513 λόγος,
1789 1445 1887 1499 καὶ

213 1534 402 1605 πηγὴν
448 1531 553 1587 εἶδε
579 1533 729 1605 παρὰ
756 1533 851 1604 τὴν
879 1532 1016 1599 ὁδὸν,
1046 1534 1208 1604 φησίν
1236 1552 1250 1566 ·
1286 1534 1431 1588 ἰδοὺ
1459 1534 1615 1601 ὕδωρ
1633 1573 1649 1597 ,
1683 1536 1742 1588 τι
1772 1553 1885 1589 κω-

209 1621 346 1673 λύει
369 1618 905 1688 μεβαπτισθῆναι;
934 1617 1085 1684 Εἶδες
1112 1620 1201 1673 τὸν
1228 1619 1485 1690 θερισμὸν
1516 1620 1677 1674 πάλιν
1708 1621 1887 1692 ἀπαρο

210 1707 533 1777 τιζόμενον;
570 1703 713 1772 εἶδες
736 1707 925 1762 οὐδένα
960 1707 1152 1778 χρόνον
1180 1707 1526 1762 ἀναλωθέντα
1551 1746 1568 1772 ,
1601 1707 1717 1762 ἀλλ’
1745 1707 1882 1778 ὁμοῦ

210 1793 313 1863 τὴν
342 1794 446 1865 γῆν
488 1793 804 1865 δεξαμένην,
837 1795 931 1848 καὶ
983 1794 1074 1847 τὸν
1107 1793 1305 1864 στάχυν
1342 1794 1595 1866 κομῶντα
1620 1793 1879 1848 ἐκϐαλοῦ-

215 1898 348 1943 σαν,
395 1881 489 1935 καὶ
518 1882 774 1952 πέπειρον
805 1880 896 1935 τὸν
933 1879 1130 1952 βότρυν
1159 1880 1477 1952 γενόμενον;
1522 1881 1668 1937 Ἰδοὺ
1705 1882 1881 1951 ὕδωρ,

215 1970 401 2039 φησίν.
458 1968 532 2023 Οὐ
575 1970 785 2039 τοίχους
813 1969 1074 2039 ἐζήτησεν
1095 2007 1112 2033 ,
1148 1969 1248 2023 οὐκ
1273 1970 1466 2041 δροφον
1492 1970 1726 2041 χρυσοῦν
1744 2011 1760 2037 ,
1785 1972 1883 2041 οὐχ

216 2057 449 2126 ἱματίων
479 2054 840 2126 κατασκευὴν,
869 2055 967 2125 οὐχ
994 2055 1313 2126 ὑποδήματα
1337 2073 1350 2086 ο
1382 2056 1494 2110 ἀλλ’
1523 2058 1710 2127 ἐπειδὴ
1739 2057 1873 2125 γνώ-

218 2159 329 2212 μην
350 2137 460 2211 εἶχε
486 2141 1004 2213 παρεσκευασμένην
1027 2142 1120 2195 καὶ
1140 2142 1259 2206 ἐζεε
1281 2142 1359 2212 τῷ
1379 2142 1528 2212 πόθῳ
1552 2143 1647 2197 καὶ
1669 2143 1881 2214 ἀνήφθη

216 2231 285 2298 τῇ
315 2228 587 2300 προθυμίᾳ
611 2269 627 2293 ,
656 2230 745 2282 ἐπὶ
771 2230 870 2300 τὴν
900 2229 1057 2298 χάριν
1092 2229 1291 2293 εὐθέως
1326 2229 1528 2301 έδραμε
1550 2269 1566 2295 ,
1606 2232 1700 2283 καὶ
1756 2248 1886 2284 κατη

216 2316 530 2383 επείγειτδν
549 2317 863 2372 διδάσκαλον
888 2316 1023 2388 πρὸς
1046 2316 1143 2387 τὴν
1164 2317 1548 2387 μυσταγωγίαν
1558 2317 1720 2371 αὐτὸν
1744 2334 1887 2388 χειρο

215 2403 503 2473 αγωγῆσαι
526 2444 540 2466 ,
574 2405 668 2457 καὶ⁵
699 2403 1017 2474 μεταδοῦναι
1061 2402 1170 2456 τῶν
1217 2402 1498 2457 ἀθανάτων
1538 2403 1758 2457 ἐκείνων
1790 2405 1885 2456 καὶ

217 2489 464 2560 φρικτῶν
493 2492 826 2561 μυστηρίων.
857 2491 948 2543 Διὸ
969 2490 1217 2553 κάκεῖνος
1248 2489 1447 2553 εὐθέως
1479 2490 1759 2552 ἐπένευσε,
1785 2489 1884 2560 τὴν

219 2576 531 2646 προθυμίαν
583 2578 1018 2646 ἀποδεξάμενος,
1081 2577 1175 2629 καὶ
1229 2575 1518 2630 ἐϐάπτισεν
1567 2576 1746 2630 αὐτόν.
1786 2576 1885 2630 Διά

219 2663 379 2715 τοῦτο
408 2663 663 2733 θερισμὸν
711 2665 771 2717 τὸ
798 2663 1121 2731 Εὐαγγέλιον
1161 2661 1348 2727 καλεῖ,
1392 2663 1481 2717 διά
1510 2662 1608 2735 τὴν
1636 2662 1891 2716 εὐκολίαν

219 2748 289 2818 ἣν
317 2753 576 2821 παρεῖχεν
621 2751 819 2812 αὐτοῖς.
855 2751 963 2804 Καὶ
994 2749 1103 2821 γὰρ
1153 2750 1247 2803 καὶ
1287 2749 1521 2820 ἀλλαχοῦ
1568 2766 1770 2819 φησιν,
1803 2749 1885 2802 ὅτι

221 2841 509 2907 προσεῖχον
540 2840 654 2900 τοῖς
693 2837 1001 2906 λεγομένοις
1034 2836 1138 2890 ὑπὸ
1160 2836 1254 2891 τοῦ
1294 2837 1541 2891 Παύλου⁶
1582 2838 1675 2891 καὶ
1720 2836 1830 2906 γὰρ
1857 2838 1886 2890 ό

223 2922 426 2992 Κύριος
459 2923 691 2993 διήνοιξε
728 2923 823 2993 τὴν
851 2922 1074 2993 καρδίαν
1105 2921 1280 2975 αὐτῶν
1323 2923 1611 2994 προσέχειν
1644 2924 1757 2985 τοῖς
1786 2920 1885 2974 λα-

223 3009 503 3079 λουμένοις
534 3009 625 3061 ὐπ’
651 3008 836 3063 αὐτοῦ.
864 3010 1030 3062 Ὅταν
1052 3008 1108 3061 δὲ
1137 3009 1374 3080 ἀκούσῃς
1399 3047 1414 3073 ,
1456 3010 1541 3063 ὅτι
1566 3008 1668 3079 ὅρη
1700 3023 1888 3061 ταπει-

225 3098 322 3162 νοί,
346 3096 442 3149 καὶ
480 3095 737 3166 θερισμὸν
764 3093 1077 3165 ἐργάζεται,
1104 3098 1197 3150 καὶ
1223 3094 1430 3166 ῶριμον
1464 3096 1608 3149 ποιεῖ
1632 3094 1723 3147 τὸν
1752 3110 1892 3165 καρ-

225 3182 343 3248 πὸν,
368 3183 463 3235 καὶ
493 3181 691 3235 πολλὴν
724 3181 1120 3245 κατασκευάζει
1139 3180 1237 3252 τὴν
1264 3180 1531 3248 εὐκολίαν,
1552 3178 1628 3252 μὴ
1654 3181 1889 3235 ἀποστε-

1037 375 1108 431 XI
1147 374 1446 443 HOMILIA,
1477 376 1564 431 DE
1606 376 1971 434 ELEAZARO
2008 377 2096 432 ET
2138 373 2409 434 SEPTEM
2448 378 2722 434 PUERIS.
3534 380 3637 433 Ξιξξί

1979 490 2151 561 ρήσῃς
2174 490 2300 553 τοὺς
2332 489 2683 553 πιστεύοντας
2709 489 2818 542 τῶν
2864 491 3132 560 μεγίστων
3161 492 3597 565 κατορθωμάτων
3620 512 3633 525 ο
3663 482 3669 489 ’

1975 577 2096 629 οὐδέ
2132 576 2241 649 γὰρ
2288 576 2534 641 ἐϐιάζετο
2569 576 2667 648 τὴν
2715 576 3027 647 ἐλευθερίαν
3079 578 3177 647 τῆς
3224 580 3476 652 γνώμης,
3519 582 3637 636 οὐδὲ

1973 661 2292 731 ἐλυμαίνετο
2319 664 2383 715 τὸ
2408 663 2785 730 αὐτεξούσιον,
2816 662 2950 718 ἀλλά
2983 665 3317 736 συνέπραττε
3358 669 3450 720 καὶ
3483 670 3639 741 ἐϐοή-

1972 747 2060 800 θει
2114 749 2208 802 καί⁸
2234 750 2392 819 χεῖρα
2428 749 2657 822 ὤρεγεν.
2687 750 2751 804 Εί
2788 750 2897 823 γὰρ
2922 751 2985 805 τὸ
3018 754 3127 807 πᾶν
3150 754 3316 808 αὐτοῦ
3347 752 3416 826 ἦν
3436 798 3450 821 ,
3486 758 3638 811 οὐδὲν

1972 832 2213 888 ἐκώλυεν
2257 835 2500 899 ἅπαντας
2544 836 2839 902 σώζεσθαιο
2882 838 2980 893 νῦν
3020 841 3078 894 δὲ
3109 841 3170 894 τὸ
3202 842 3301 912 μὲν
3330 844 3639 914 αὐτοῦήέγί-

1976 937 2097 974 νετο
2116 961 2132 986 ,
2164 921 2226 975 τὺ
2271 921 2329 975 δέ
2364 922 2472 976 τῶν
2508 924 2841 993 προσιόντων
2864 940 2877 957 ·
2920 925 3030 979 τῶν
3081 927 3180 998 μὲν
3222 931 3551 1000 προσιόντων
3584 933 3645 986 τὸ

1980 1007 2304 1080 βουληθῆναι
2333 1011 2427 1063 καὶ
2467 1010 2717 1076 ἑλέσθαι,
2770 1013 2866 1067 καῖ⁵
2908 1014 3108 1087 πολλὴν
3144 1017 3513 1083 ἐπιδείξασθαι
3549 1019 3648 1090 τὴν

1976 1095 2286 1166 προθυμίαν
2317 1098 2410 1150 καὶ
2452 1098 2703 1166 γενναίαν
2735 1098 2836 1171 τὴν
2873 1100 3091 1167 πίστιν,
3148 1102 3245 1156 τοῦ
3288 1104 3344 1157 δὲ
3398 1105 3472 1158 το
3504 1124 3648 1177 παρ-

1980 1183 2128 1254 έχειν
2152 1183 2219 1236 τά
2249 1182 2398 1254 δῶρα
2419 1220 2434 1246 ,
2470 1184 2565 1236 καὶ
2600 1182 2840 1255 εὔσημον
2866 1186 3089 1257 ποιῆσαι
3127 1187 3219 1242 τὸν
3249 1189 3411 1257 λόγον
3431 1192 3527 1244 καὶ
3555 1209 3650 1244 σα-

1983 1271 2058 1341 φῆ
2100 1271 2199 1342 τὴν
2247 1270 2598 1324 διδασκαλίαν
2621 1310 2636 1334 ,
2676 1271 2774 1325 καὶ⁵
2826 1272 2896 1326 τὰ
2948 1273 3240 1343 σπέρματα
3283 1276 3647 1341 καταϐαλεῖν,

1983 1358 2078 1412 καὶ
2107 1357 2370 1428 βοηθῆσαι
2405 1358 2541 1429 πρὸς
2584 1358 2647 1411 τὸ
2697 1360 2906 1430 ὥριμον
2952 1359 3206 1428 γενέσθαι
3230 1360 3648 1433 τὴνςάκρόασιν.

1982 1443 2148 1499 Ταῦτ’
2174 1440 2267 1499 οὖν
2312 1444 2527 1499 ἅπαντα
2564 1445 2872 1509 ἐννοοῦντες
2895 1485 2912 1510 ,
2954 1448 3049 1500 καὶ
3103 1449 3183 1511 είς
3230 1448 3323 1500 τὸν
3363 1449 3503 1519 ὑπὲρ
3548 1450 3651 1519 τῆς

1983 1532 2184 1601 ἀρετῆς
2215 1532 2375 1584 πόνον
2411 1531 2572 1584 αὐτὸν
2598 1530 2853 1602 λάϐωμεν
2893 1531 3182 1602 σύμμαχον
3209 1535 3300 1587 καὶ
3332 1533 3553 1605 βοηθὸν,
3584 1536 3656 1590 τά

1983 1619 2114 1689 παρ’
2141 1617 2349 1671 ἑαυτῶν
2381 1618 2555 1671 πάντα
2582 1618 2949 1688 εἰσφέροντες.
2976 1620 3039 1672 El
3062 1619 3169 1689 γὰρ
3194 1620 3425 1691 πρᾶγμα
3455 1621 3653 1674 τοσαύ-

1984 1720 2085 1773 την
2112 1703 2234 1775 ἕχον
2266 1704 2582 1769 δυσκολίαν,
2614 1702 2761 1758 οὕτω
2799 1704 2999 1775 ῥᾳδίως
3041 1705 3431 1777 κατώρθωσεν,
3466 1708 3566 1761 οὐκ
3597 1709 3657 1763 ἐν

1988 1792 2091 1862 μιᾷ
2116 1790 2325 1845 καὶδύο
2346 1793 2439 1845 καὶ
2470 1791 2656 1844 εἴκοσι
2685 1791 2921 1856 πόλεσιν,
2965 1790 3111 1846 ἀλλὰ
3151 1794 3425 1865 πανταχοῦ
3447 1795 3546 1864 τῆς
3576 1798 3658 1850 οι-

1987 1878 2279 1949 κουμένης,
2327 1877 2470 1947 λέγω
2500 1877 2565 1948 δὴ
2601 1877 2664 1930 τὸ
2700 1878 2964 1949 κήρυγμα
3010 1878 3112 1932 καϊ
3152 1878 3252 1950 τὴν
3289 1880 3655 1949 διδασκαλίαν,

1988 1964 2081 2017 καί
2107 1966 2187 2027 είς
2225 1965 2358 2033 ὅσην
2393 1964 2542 2034 ἥλιος
2573 1965 2747 2036 ἐφορᾷ
2774 1964 2878 2034 γῆν
2902 1964 3090 2018 ἅπασα
3118 1962 3257 2033 αὕτη
3285 1965 3655 2035 κατέσπαρται

1988 2051 2083 2104 καὶ
2110 2050 2263 2122 βρύει
2281 2051 2358 2122 τῷ
2396 2050 2668 2121 καλλίστῳ
2720 2050 2896 2121 τούτῳ
2942 2049 3167 2123 καρπῷ·
3190 2049 3410 2120 εῦδηλον
3433 2053 3516 2106 ὅτι
3561 2054 3657 2106 καὶ

1988 2140 2068 2201 είς
2095 2140 2221 2202 τοὺς
2255 2140 2391 2209 ὑπὲρ
2436 2138 2535 2209 τῆς
2574 2137 2776 2208 ἀρετῆς
2822 2137 3055 2210 ἱδρῶτας
3105 2138 3472 2207 συνεφάψεται
3504 2142 3654 2211 ἡμῖν,

1991 2224 2150 2294 μόνον
2187 2225 2282 2280 ἐὰν
2314 2226 2388 2297 μὴ
2437 2226 2617 2279 ὕπτιοι
2662 2226 2757 2279 καί
2795 2225 3246 2289 ἀναπεπτωκότες
3296 2219 3448 2296 ὦμεν
3476 2229 3655 2297 ἡμεῖς,

1992 2311 2141 2383 [595]
2171 2311 2307 2366 ἀλλὰ
2330 2313 2398 2365 τά
2423 2313 2552 2383 παρ’
2584 2311 2794 2367 ἑαυτῶν
2825 2312 3287 2384 συνεισφέρωμεν,
3328 2314 3655 2385 προθυμίαν,

1993 2398 2259 2468 σπουδὴν,
2313 2397 2587 2468 βούλησιν,
2621 2397 2866 2469 γνώμην,
2908 2399 3234 2469 ἀγρυπνίαν,
3289 2399 3563 2470 φροντίδα,
3597 2399 3659 2453 τὸ

1988 2485 2098 2539 τῶν
2136 2485 2402 2555 βιωτικῶν
2430 2484 2842 2555 ἀπαλλαχθῆναι
2872 2486 3246 2558 πραγμάτων,
3294 2486 3355 2540 τὸ
3383 2485 3564 2557 ζητεῖν
3591 2486 3659 2539 τὰ

1993 2573 2273 2644 μέλλοντα,
2307 2572 2368 2626 τὸ
2392 2571 2513 2626 καθ’
2543 2573 2780 2643 ἑκάστην
2799 2573 3010 2644 ἡμέραν
3038 2573 3216 2626 αὐτῶν
3240 2573 3391 2644 ἐρᾴν.
3424 2575 3521 2626 Ἂν
3552 2574 3660 2645 γάρ

1988 2659 2160 2715 ταῦτα
2190 2660 2329 2732 μετά
2364 2659 2647 2732 ἀκριϐείας
2693 2658 3043 2730 παρέχωμεν,
3094 2659 3187 2712 καί¹
3216 2661 3283 2712 τά
3323 2661 3453 2730 παρ’
3491 2659 3660 2714 αὐτοῦ

1990 2749 2170 2803 πάντα
2226 2747 2447 2817 ἕψεται⁹
2499 2746 2595 2801 καὶ
2619 2746 2925 2815 γενομένων
2967 2745 3189 2800 ἐκείνων
3228 2745 3528 2817 τευξόμεθα
3554 2745 3662 2801 τῶν

1990 2835 2256 2907 οὐρανίων
2287 2833 2505 2902 ἀγαθῶν
2535 2849 2548 2861 ·
2598 2827 2674 2887 ὢν
2704 2834 2915 2901 γένοιτο
2944 2834 3150 2898 πάντας
3192 2835 3336 2904 ἡμᾶς
3363 2836 3663 2905 ἐπιτυχεῖν,

1991 2926 2172 2995 χάριτι
2205 2924 2300 2977 καὶ
2332 2921 2709 2992 φιλανθρωπίᾳ
2741 2920 2836 2975 τοῦ
2872 2920 3075 2992 Κυρίου
3112 2921 3270 2992 ήμῶν
3312 2921 3487 2993 Ἰησοῦ
3525 2923 3662 2993 Χρις

1992 3011 2142 3077 στοῦ,
2160 3004 2203 3078 ᾧ
2223 3011 2257 3081 ἡ
2284 3009 2409 3077 δόξα
2433 3007 2604 3063 καὶτὸ
2623 3007 2821 3080 κράτος
2839 3010 2920 3072 είς
2936 3008 3061 3074 τοὺς
3080 3008 3281 3075 αἰῶνας
3299 3008 3408 3064 τῶν
3431 3008 3669 3066 αἰώνων.

2006 3097 2198 3169 Ἀμήν.

1807 3645 2050 3700 ΟΜΙΛΙΔ
2078 3645 2179 3698 lA'.

235 3806 339 3861 τοῦ
389 3806 583 3889 εἰθτοῦ
635 3808 837 3889 ἀμιξίᾳ
877 3805 1181 3889 λεχθεῖσρο
1197 3801 1435 3889 32W
1476 3801 1895 3889 “908m”???

296 3877 533 3999 σὲἱίξρα
582 3870 917 3945 πρεσϐύτου
938 3870 986 3942 ,”
1005 3876 1138 3946 περὶ
1197 3870 1547 3941 Ἐλεαζάρου
1603 3870 1703 3925 καὶ
1745 3871 1896 3924 ἑπτὰ

295 3962 338 3997 π
442 3963 546 4002 ων.

296 4030 345 4084 α’
353 4077 367 4090 .
405 4033 495 4097 Ὠς
529 4032 707 4106 ὡραία
732 4034 765 4104 ἠ
797 4032 1140 4104 πνευματικὴ
1163 4030 1321 4085 ἐλαία
1344 4030 1512 4102 αὖτηί
1540 4029 1647 4084 τῶν
1689 4027 1895 4082 κλάδων

227 4118 396 4188 αὐτῆς
420 4119 827 4190 γεγηρακότων,
846 4117 1051 4190 ὥριμον
1075 4119 1206 4189 ἡμῖν
1229 4116 1426 4187 ἤνεγκε
1448 4116 1538 4169 τὸν
1563 4113 1793 4185 καρπόν.
1819 4112 1893 4167 υύ

228 4205 338 4275 γάρ
357 4205 583 4259 τοιαῦτα
599 4206 669 4259 τὰ
689 4207 828 4276 φυτά
849 4206 948 4275 τῆς
968 4205 1091 4276 γῆς,
1119 4200 1208 4259 οἷα
1228 4205 1296 4261 τὰ
1324 4203 1513 4276 δένδρα
1540 4203 1639 4273 τῆς
1670 4201 1896 4272 Ἐκκλη-

230 4292 354 4353 σίας
380 4309 394 4322 ο
457 4295 640 4348 ἐκεῖνα
692 4296 789 4365 μὲν
835 4294 943 4365 γὰρ
1001 4297 1081 4357 είς
1128 4293 1306 4365 γῆρας
1368 4293 1609 4358 ἐλθόντα,
1665 4291 1786 4345 τότε
1827 4289 1901 4344 τὰ

229 4380 452 4434 πλείονα
486 4382 592 4435 τῶν
622 4383 831 4454 φύλλων
876 4381 1210 4447 ἀποτίθεται,
1240 4382 1330 4435 τόν
1376 4398 1434 4436 τε
1475 4382 1706 4453 καρπὸν,
1741 4381 1800 4434 ὃν
1830 4380 1898 4434 ἂν

229 4467 452 4540 ἐνέγκῃ,
484 4469 673 4523 τοῦτον
711 4469 909 4540 ἔξωρόν
955 4486 1015 4522 τε
1061 4469 1214 4540 φέρει
1252 4470 1345 4524 καὶ
1388 4470 1611 4540 άραιόν’
1646 4468 1815 4522 ταῦτα
1841 4468 1899 4521 δὲ

230 4555 360 4607 ὅταν
386 4557 468 4621 είς
496 4558 671 4628 γῆρας
697 4557 840 4626 ἔλθῃ,
876 4557 997 4610 τότε
1041 4555 1276 4626 μάλιστα
1297 4555 1376 4626 τῷ
1403 4555 1598 4626 καρπῷ
1633 4554 1896 4627 βρίθεται.

234 4642 301 4695 ’0
323 4643 388 4713 δὴ
419 4644 513 4696 καὶ
537 4646 630 4699 ἐπὶ
648 4646 740 4698 τοῦ
769 4645 1008 4715 σήμερον
1035 4644 1314 4715 εἰρηκότος
1334 4643 1478 4696 ἐστὶν
1509 4643 1636 4696 ίδεῖν
1659 4659 1672 4672 ⁸
1703 4640 1783 4695 διὸ
1809 4641 1901 4695 καὶ

230 4728 392 4796 σιγᾷν
435 4727 604 4797 ἔγνων
628 4744 640 4758 ·
689 4728 793 4782 ἔδει
823 4729 951 4800 γὰρ,
1002 4729 1270 4783 τοσούτων
1310 4728 1579 4800 γερόντων
1620 4729 1899 4798 παρόντων

228 4812 326 4863 καὶ
347 4812 525 4881 λέγειν
547 4814 779 4879 εἰδότων,
814 4816 905 4870 τὸν
939 4815 1056 4870 νέον
1082 4815 1312 4887 ἡσυχίαν
1343 4816 1518 4883 ἄγειν.
1544 4813 1698 4869 Οὐτω
1724 4815 1818 4868 καὶ
1844 4815 1899 4866 αί

227 4895 370 4951 θεῖαι
405 4901 621 4972 Γραφαὶ
652 4901 992 4956 παιδεύουσιν
1017 4904 1162 4973 ἡμᾶς
1182 4918 1195 4931 ⁸
1220 4903 1345 4956 ὅταν
1378 4901 1477 4973 μὲν
1505 4901 1613 4973 γὰρ
1651 4900 1755 4971 νέῳ
1787 4901 1903 4953 δια-

223 4983 517 5051 λέγωνται,
570 4988 733 5056 φασί·
784 4989 1091 5057 Λάλησον,
1128 4988 1432 5053 νεανίσκε,
1471 4990 1521 5041 εὶ
1564 4987 1732 5056 χρεία
1761 5003 1898 5053 σου,

220 5074 404 5139 μόλις
434 5073 527 5139 δίς
555 5076 662 5127 ἐὰν
689 5070 1061 5145 ἐπερωτηθῇς
1080 5093 1093 5105 '
1131 5077 1549 5146 κεφαλαίωσωθ
1575 5075 1644 5127 ἐν
1671 5075 1895 5143 ὀλίγοις

223 5162 449 5214 πολλά.
493 5162 585 5233 Τῷ
621 5163 678 5217 δὲ
708 5164 986 5236 πρεσϐύτῃ
1015 5166 1074 5219 οὐ
1124 5166 1260 5236 μετά
1298 5165 1405 5218 τῶν
1449 5164 1705 5217 τοιούτων
1733 5164 1896 5233 διορι-

227 5244 385 5311 orng
412 5248 739 5317 διαλέγεται,
771 5250 883 5307 ἀλλ’
913 5253 1069 5321 ἀφεὶς
1113 5252 1203 5304 τὸν
1244 5251 1405 5304 αὐτὸν
1435 5251 1527 5304 καὶ
1576 5250 1744 5321 χωρὶς
1786 5248 1895 5302 τῶν

226 5330 486 5384 τοιούτων
523 5335 668 5405 ὅρων
692 5340 960 5408 συγχωρεῖ
980 5336 1191 5408 τρέχειν
1212 5352 1224 5365 ·
1245 5336 1337 5388 καὶ
1368 5335 1464 5406 τὴν
1494 5335 1683 5406 ἡδονὴν
1710 5335 1765 5388 δὲ
1795 5335 1897 5388 πά-

227 5409 312 5463 λιν
340 5416 446 5467 τῶν
483 5417 809 5489 λεγομένων,
856 5423 983 5475 ὅταν
1036 5422 1173 5493 μετά
1200 5420 1463 5484 συνέσεως
1491 5421 1738 5492 λέγηται,
1770 5419 1897 5472 θαυ-

232 5499 497 5570 μάζουσα,
527 5503 700 5569 οὕτως
730 5506 833 5577 ἔφη
858 5525 869 5537 ·
915 5507 1220 5575 Λάλησον,
1260 5509 1640 5575 πρεσϐύτερε,
1687 5508 1898 5573 πρέπει

231 5582 342 5650 γάρ
380 5602 499 5653 σοι,
541 5588 612 5641 ἐν
645 5590 868 5658 ἀκριϐεῖ
898 5591 967 5643 δὲ
1009 5590 1326 5661 ἐπιστήμῃ,
1372 5591 1470 5644 καὶ
1510 5590 1897 5659 ἐμποὸίσειςα

296 5686 319 5713 ⁸
347 5688 501 5752 Βὶωἱα
529 5690 708 5740 habent
733 5694 812 5756 καί
835 5694 897 5754 μὴ
935 5694 1207 5756 sumam,
1228 5693 1371 5756 quod
1400 5690 1448 5741 in
1473 5693 1759 5756 contrariam
1782 5705 1899 5739 svu-

234 5749 437 5798 tenlium
458 5756 704 5803 convertit
722 5749 894 5815 Chrys.‘
927 5749 978 5804 lli
1005 5749 1176 5804 iisdcrh
1198 5749 1335 5804 ab'csl
1360 5756 1407 5801 δέ
1435 5764 1541 5816 post
1568 5755 1764 5816 sapa-:1.

1993 3795 2277 3869 μουσικά.
2311 3795 2378 3849 Τί
2412 3796 2578 3863 ἐστιν,
2609 3793 2718 3848 Καὶ
2744 3792 3090 3863 ἐμποδίσεις
3117 3793 3422 3862 governed;
3449 3796 3667 3850 Δείκνυ·

1997 3901 2081 3938 σιν
2107 3885 2171 3937 ἐκ
2188 3882 2400 3948 τούτου,
2419 3883 2503 3936 ὅτι
2527 3881 2626 3952 οὐχ
2648 3881 2818 3945 οὕτως
2839 3881 2997 3945 αὐλὸς
3018 3881 3112 3935 καὶ
3132 3881 3331 3952 κιθάρα
3361 3883 3455 3936 καὶ
3481 3881 3668 3956 σύριγ-

1995 3987 2088 4040 γες
2114 3969 2213 4041 ἡδὺ
2236 3970 2350 4032 τοῖς
2379 3966 2688 4033 ἀκούουσιν,
2723 3966 2800 4031 ὡς
2835 3966 3141 4038 πρεσϐύτου
3181 3968 3499 4024 διδασκαλία
3530 3969 3669 4039 μετά

1995 4055 2258 4129 ἀκριϐοῦς
2289 4055 2601 4126 ἐπιστήμης
2635 4052 3040 4125 προφερομένη.
3081 4054 3270 4129 Ἡδονῇ
3319 4055 3428 4127 γὰρ
3471 4055 3667 4127 ἡδονὴν

1997 4162 2072 4199 πα
2080 4142 2342 4215 ραϐάλλου
2350 4159 2438 4205 σα,
2455 4141 2587 4197 πολὺ
2602 4141 2803 4212 ταύτην
2816 4140 3030 4211 ἐκείνης
3040 4143 3508 4214 τυραννικωτέραν
3530 4138 3667 4196 εἷναί

1997 4248 2150 4302 φησι,
2169 4230 2264 4283 καὶ
2290 4229 2390 4299 τὴν
2417 4228 2517 4298 μὲν
2545 4230 2786 4299 κρατεῖν,
2811 4226 2910 4297 τὴν
2932 4227 2989 4280 δέ
3010 4229 3146 4299 αὐτῇ
3174 4232 3525 4300 παραχωρεῖν
3551 4247 3565 4262 ·
3589 4229 3671 4283 διὸ

1998 4319 2093 4373 καί
2124 4335 2312 4389 φησιν,
2352 4315 2730 4384 Ἐμποδίσεις
2746 4314 3043 4384 μουσικά⁸
3075 4315 3371 4381 τουτέστιν,
3399 4317 3498 4370 οὐκ
3520 4316 3671 4370 ἐάσει

2001 4404 2062 4478 [ί.
2092 4403 2294 4475 ἐάσεις]
2318 4404 2457 4459 αὐτά
2475 4402 2781 4473 φαίνεσθαι,
2803 4403 3180 4475 ἐπισκοτήσεις
3207 4404 3410 4468 αὐτοῖς,
3442 4404 3667 4460 συσκιάφ

2001 4509 2116 4556 σεις
2139 4491 2300 4545 αὐτά.

2034 4679 2045 4689 .
2071 4615 2169 4669 Διά
2192 4615 2257 4687 δὴ
2282 4614 2454 4669 ταῦτα
2496 4614 2589 4669 καὶ
2628 4615 2775 4686 ἡμᾶς
2818 4615 2916 4685 μέν
2961 4614 3073 4692 ,ἔδει
3105 4615 3264 4684 σιγᾷν
3300 4615 3392 4667 καὶ
3424 4613 3663 4679 ἀκούειν,

2000 4703 2186 4757 τοῦτον
2218 4703 2275 4756 δὲ
2302 4702 2481 4771 λέγειν
2523 4702 2617 4756 καὶ
2657 4701 2927 4755 διδάσκειν
2953 4717 2966 4731 ο
3007 4700 3119 4753 ἀλλ’
3145 4700 3173 4752 ὃ
3202 4698 3462 4763 πολλάκις
3492 4695 3667 4764 εἷπον,

2000 4787 2157 4842 τοῦτο
2185 4789 2281 4843 καὶ¹
2299 4789 2396 4843 νῦν
2424 4788 2562 4861 ἐρῶο
2591 4787 2713 4842 οὐτε
2736 4789 2887 4859 ὑμῶν
2910 4787 3059 4858 φέρω
3087 4787 3184 4857 τὴν
3215 4786 3521 4858 τυραννίδα,
3545 4784 3668 4839 οὔτε

2001 4876 2203 4930 τούτων
2233 4877 2332 4948 τὴν
2372 4876 2621 4947 ἀνάγκην
2644 4893 2657 4907 ·
2689 4876 2770 4929 διὸ
2797 4875 2861 4946 δὴ
2893 4875 3052 4928 πάλιν
3085 4874 3219 4945 πρὸς
3266 4875 3390 4936 τοὺς
3421 4873 3669 4943 συνήθεις

2002 4962 2304 5032 ἀποδύομαι
2339 4962 2593 5033 δρόμους,
2625 4963 2854 5031 πρᾶγμα
2892 4960 3164 5022 ἐπίπονον,
3199 4959 3260 5010 τὸ
3305 4959 3505 5027 λέγειν,
3533 4959 3667 5029 μετὰ

2005 5050 2201 5120 πολλῆς
2228 5050 2325 5119 τῆς
2375 5049 2623 5112 εὐκολίας
2659 5048 3070 5120 μεταχειρίζων,
3101 5047 3159 5100 οὐ
3182 5046 3269 5099 διὰ
3300 5048 3398 5116 τὴν
3431 5047 3665 5117 ἐμαυτοῦ

2003 5136 2250 5208 δύναμιν,
2282 5136 2416 5191 ἀλλά
2443 5137 2529 5190 διὰ
2557 5136 2655 5204 τὴν
2695 5136 2999 5207 προθυμίαν
3042 5134 3192 5205 ὐμῶν
3223 5135 3328 5187 τῶν
3381 5135 3667 5204 ἀκροωμέ-

2003 5242 2128 5279 νων.
2172 5225 2322 5277 Ἐπεὶ
2352 5226 2444 5278 καὶ
2478 5223 2667 5295 πρῴην
2699 5224 2833 5293 πρὸς
2866 5224 3115 5277 τοσοῦτον
3137 5222 3299 5293 βάθος
3326 5221 3668 5290 κατενεχθεὶς

2002 5313 2031 5364 ό
2064 5311 2219 5379 λόγος
2248 5313 2347 5363 οὐκ
2381 5311 2677 5380 ἀπεπνίγη,
2709 5311 2800 5362 καὶ
2833 5310 3017 5381 μακρά
3047 5310 3186 5362 οὕτω
3219 5310 3431 5379 πελάγη
3461 5308 3670 5362 διαϐαίη

2001 5414 2130 5461 νων,
2167 5396 2399 5465 οὐδαμοῦ
2442 5396 2697 5462 ναυάγιον
2723 5397 2850 5466 ὑμῖν
2877 5397 3131 5467 ὑπέμεινε
3155 5414 3167 5426 ·
3196 5397 3258 5449 τὸ
3280 5396 3335 5449 δέ
3358 5395 3548 5461 αἴτιον,
3575 5394 3667 5447 οὐ-

2000 5482 2173 5553 δαμοῦ
2205 5482 2475 5547 σπιλάδες,
2509 5482 2627 5534 οὐδὲ
2663 5482 2872 5552 ὕφαλοι,
2914 5483 3033 5537 οὐδὲ
3068 5483 3337 5546 σκόπελοι,
3369 5482 3505 5536 ἀλλά
3534 5498 3670 5533 πανο

2002 5570 2168 5640 ταχοῦ
2250 5568 2465 5639 λιμένος
2520 5571 2874 5642 γαληνότερον
2936 5571 3157 5642 εὕρισκε
3238 5570 3506 5637 πέλαγος·
3576 5568 3667 5621 καὶ

2001 5656 2191 5727 ῶσπερ
2227 5656 2328 5709 ὐπὸ
2353 5654 2588 5727 ζεφύρου
2622 5659 2764 5721 τινὸς
2815 5662 2907 5712 ἐπὶ
2955 5660 3208 5731 πρύμνης
3256 5658 3541 5729 ἱσταμένου
3571 5654 3665 5707 τοῦ

2006 5745 2168 5795 πόθου
2216 5745 2312 5811 τῆς
2360 5745 2629 5815 ὑμετέρας
2673 5747 3022 5816 ἀκροάσεως,
3072 5747 3203 5818 πρὸς
3263 5745 3431 5799 εὓδιον
3475 5741 3666 5812 λιμένα
