3966 6160
289 291 397 351 325

1066 289 1124 342 S.
1162 283 1448 344 JOANNIS
1490 282 1968 339 CIIRYSOSTOMI
2009 283 2332 341 ARCIIIEP.
2371 284 2923 342 CONSTANTINOP.

3631 286 3741 347 ωδ

287 416 696 488 παρεπέμπετο.
741 410 907 481 Ὀμοῦ
952 427 1011 462 τε
1042 408 1151 479 7&9
1200 407 1437 479 ἐξεπήδα
1462 404 1620 478 [596]
1651 405 1750 476 τῆς
1780 403 1952 474 γλώτ-
2056 407 2153 460 καὶ
2173 405 2372 461 δίκαιοι
2393 407 2597 479 σφόδρα
2620 405 2781 462 αὐτὸν
2797 406 3040 480 ιτρεμον.
3064 389 3218 481 [59η
3247 408 3308 463 ’0
3335 374 3466 479 γοῦν
3478 410 3748 483 Μωῦσῆς

285 523 387 575 της
413 505 510 571 τῆς
537 501 833 574 ἡμετέρας,
860 499 954 552 καὶ
983 497 1182 558 πάντες
1204 495 1423 559 ὑπτίαις
1447 493 1609 547 αὐτὸν
1634 493 1953 564 ὑπεδέχοντο
2031 490 2142 575 ’διὰ
2184 492 2371 548 τοῦτον
2414 494 2581 564 ἔφυγε
2611 495 2703 548 τὸν
2735 496 2919 566 φόϐον·
2959 495 3057 549 καί
3095 496 3277 560 Ἠλίας
3309 500 3746 571 τεσσαράκοντα,

286 595 463 665 χερσὶ,
488 592 666 644 καίτοι
692 607 753 658 γε
783 586 1067 642 δυσκολίαν
1101 584 1302 654 πολλὴν
1326 582 1518 655 ἔχοντα
1541 599 1555 617 ·
1591 581 1814 650 τοιαύτη
1844 578 1951 652 7&9

284 678 353 751 ἦν
385 680 492 735 τῶν
516 680 799 749 νοημάτων
820 675 929 728 τῶν
947 674 1139 746 πρῴην
1160 675 1195 744 ἡ
1216 672 1377 741 φύσις
1401 688 1414 703 ⁸
1433 670 1548 725 ἀλλ’
1573 673 1723 741 ὅμως
1742 669 1951 739 καὶτῆς

285 767 592 837 προθυμίας
625 767 659 835 ἡ
689 754 1100 834 ὐπερϐολὴ,καὶ
1129 760 1192 814 τὸ
1211 772 1239 801 ι
1284 761 1550 813 συντεῖναι
1581 757 1679 828 τὴν
1713 757 1951 811 διάνοιαν

286 855 425 925 μετά
446 853 732 926 ἀκριϐείας
761 851 998 920 ἀπάσης,
1031 848 1123 903 τόν
1149 848 1306 902 πόνον
1332 848 1461 919 ἡμῖν
1491 843 1949 916 παρεμυθήσασθε

285 943 379 997 καί
421 941 492 995 τά
539 939 775 995 δύσκολα
811 938 970 1012 ῥᾴδια
1028 935 1489 992 κατεσκευάσατε.
1520 932 1655 986 Οὐδὲ
1707 932 1816 1002 7&9
1869 932 1950 995 εἰς

284 1031 513 1102 πέτραν,
540 1028 660 1083 οὐδὲ
682 1028 762 1091 εἰς
790 1025 1050 1089 ἀκάνθας,
1085 1023 1206 1076 οὐδὲ
1238 1022 1318 1085 εἰς
1338 1021 1439 1093 τὴν
1475 1019 1591 1073 ὁδὸν
1622 1019 1949 1092 κατενεχθῆ-

282 1134 370 1171 ναι
399 1116 832 1185 συνεχωρήσατε,
863 1111 998 1164 ἀλλά
1038 1110 1216 1164 πάντα
1247 1110 1326 1172 εἰς
1358 1107 1517 1162 πίονα
1543 1107 1634 1161 καὶ
1664 1105 1948 1177 βαθύγειον

283 1207 523 1274 ἄρουραν
554 1198 901 1265 ὑπεδέξασθε,
942 1198 1022 1260 εἰς
1060 1197 1122 1250 τὸ
1164 1196 1264 1265 τῆς
1296 1195 1535 1257 διανοίας
1576 1193 1729 1264 ὐμῶν
1764 1193 1944 1264 βάθος.

287 1294 379 1345 Διὸ
409 1293 502 1346 καὶ
526 1290 647 1344 καθ’
689 1288 927 1359 ἑκάστην
958 1286 1170 1357 ἡμέραν
1221 1283 1476 1354 κομῶντα
1503 1284 1574 1336 τὰ
1601 1283 1726 1354 λὴῖα
1755 1281 1946 1353 βλέπο-

288 1396 409 1450 μεν,
437 1378 559 1432 ἀντὶ
596 1376 828 1445 ζεφύρου
867 1375 986 1436 ταῖς
1037 1370 1131 1424 τοῦ
1176 1369 1489 1439 Πνεύματος
1523 1367 1718 1439 αὐραις
1752 1368 1947 1438 τρεφό-

287 1482 461 1535 μενα,
505 1462 601 1517 καὶ¹
656 1461 718 1514 τὸ
775 1460 999 1530 θέατρον
1045 1456 1169 1511 καθ’
1224 1456 1460 1526 ἑκάστην
1518 1453 1770 1525 λαμπρὸν
1816 1455 1946 1524 ἡμῖν

284 1551 593 1621 γενόμενον.
620 1546 722 1601 Διά
759 1546 823 1617 δὴ
860 1543 1019 1597 τοῦτο
1050 1543 1145 1597 καὶ
1179 1544 1416 1613 σήμερον
1461 1541 1570 1595 τῶν
1615 1540 1947 1611 λειπομένων

285 1637 528 1708 ἅψασθαι
555 1633 874 1704 ἐϐουλόμην.
918 1629 1078 1683 Ἀλλά
1118 1629 1172 1682 τί
1201 1630 1389 1696 πάθω;
1423 1628 1528 1681 τῶν
1575 1627 1947 1687 Μακκαϐαίων

283 1729 315 1780 6
347 1724 504 1797 χορὸς
539 1722 646 1795 πρὸ
677 1721 784 1774 τῶν
813 1717 1108 1788 ὀφθαλμῶν
1142 1718 1354 1771 ἵσταται
1399 1714 1508 1769 τῶν
1555 1714 1725 1785 ἐμῶν,
1751 1714 1847 1769 καὶ
1878 1717 1944 1786 τῇ

283 1810 585 1882 λαμπηδόνι
609 1807 716 1861 τῶν
746 1804 958 1860 οἰκείων
982 1802 1312 1876 τραυμάτων
1342 1798 1700 1870 καταυγάζων
1728 1818 1827 1871 μου
1848 1801 1947 1873 τὴν

281 1900 541 1962 διάνοιαν,
575 1896 710 1968 πρὸς
740 1893 840 1964 τὴν
871 1892 1077 1947 οἰκείαν
1105 1891 1410 1964 εὐμορφίαν
1447 1889 1603 1943 καλεῖ
1635 1890 1736 1961 τὴν
1772 1887 1946 1957 γλῶτ-

280 2003 380 2039 ταν
410 1986 510 2057 τὴν
557 1983 849 2056 ἡμετέραν.
897 1979 1056 2034 Ἀλλά
1106 1978 1294 2051 μηδεὶς
1347 1977 1601 2049 ἀκαιρίαν
1639 1994 1946 2045 καταγινω-

283 2071 458 2126 σκὲτω
500 2069 594 2123 τοῦ
650 2067 833 2137 λόγου,
865 2067 947 2120 ὅτι
997 2066 1098 2136 τῆς
1134 2065 1346 2136 ἡμέρας
1395 2065 1503 2117 τῶν
1558 2064 1947 2133 παλαισμάτων

277 2156 467 2231 αῦριον
491 2157 679 2227 οὔσης,
725 2156 965 2226 σήμερον
1010 2154 1137 2216 τοὺς
1186 2152 1480 2221 στεφάνους
1514 2151 1804 2222 πλέκομεν,
1853 2151 1947 2204 καὶ

280 2249 388 2317 πρὸ
418 2245 512 2300 τοῦ
543 2242 738 2317 καιροῦ
767 2242 875 2296 τῶν
908 2240 1164 2311 πολέμων
1192 2242 1253 2294 τὸ
1278 2240 1539 2312 τρόπαιον
1577 2238 1946 2310 ἀνακηρύττο-

283 2351 404 2404 μεν.
428 2333 493 2387 Εἰ
523 2330 632 2401 γὰρ
668 2330 733 2402 δὴ
757 2330 952 2400 γάμων
993 2327 1426 2398 ἐπιτελουμένων
1455 2329 1507 2380 οἱ
1539 2327 1810 2389 συνιόντες
1849 2325 1945 2378 καὶ

282 2420 388 2489 πρὸ
410 2418 509 2488 τῆς
527 2417 722 2487 κυρίας
742 2418 837 2470 καὶ
873 2415 1152 2478 παστάδας
1183 2414 1467 2484 ὑφαίνουσι
1510 2414 1604 2467 καὶ
1660 2413 1945 2482 στεφάνοις

280 2512 382 2571 τὰς
398 2505 572 2568 οἰκίας
595 2501 1003 2574 κατακοσμοῦσι
1029 2502 1122 2555 καὶ
1149 2502 1612 2573 παραπετάσμασι
1640 2516 1653 2530 ο
1685 2499 1860 2570 πολλῷ
1880 2499 1942 2553 δίη

285 2593 486 2664 μᾶλλον
512 2593 672 2663 ἡμεῖς
704 2590 862 2644 τοῦτο
895 2588 1259 2660 ἐργασόμεθα,
1281 2590 1391 2659 ὅσῳ
1418 2590 1515 2643 καὶ
1564 2585 1944 2658 πνευματικώ-

280 2697 437 2753 τερος
459 2674 613 2743 οὗτος
645 2680 673 2731 6
696 2678 893 2748 γάμος,
919 2676 1019 2729 οὐκ
1043 2674 1327 2746 ἀνθρώπου
1358 2678 1614 2745 γυναῖκα,
1642 2674 1779 2728 ἀλλὰ
1809 2673 1942 2727 Θεοῦ

279 2770 379 2831 τὰς
397 2766 572 2838 ψυχὰς
603 2764 711 2819 τῶν
734 2758 1466 2837 ἀνθρώπων“ἀρμοζομένου.
1507 2762 1705 2834 Διόπερ
1742 2762 1843 2815 οὐκ
1878 2763 1943 2816 ἄν

279 2873 362 2918 τις
382 2854 615 2926 ἁμάρτοι
634 2850 740 2904 τῶν
759 2850 1051 2923 μαρτύρων
1064 2849 1162 2920 τὴν
1176 2849 1351 2920 ψυχὴν
1371 2849 1588 2920 νύμφην
1609 2848 1940 2919 προσειπὼν,

280 2943 498 3010 νύμφην
537 2940 907 3010 πνευματικήν
933 2954 946 2968 ·
996 2938 1118 2990 ἐπεὶ
1160 2938 1254 2991 καὶ
1310 2941 1511 3009 προῖκα
1545 2937 1605 2991 τὸ
1647 2933 1788 3007 αἷμα
1831 2938 1943 2990 εἰσ-

281 3026 542 3096 φέρουσι,
587 3026 785 3095 προῖκα
825 3021 1093 3094 μηδέποτε
1136 3022 1548 3095 δαπανωμένην.
1586 3024 1727 3078 Ἀλλ’
1766 3026 1794 3078 ὁ
1843 3025 1942 3094 μὲν

277 3114 387 3164 τῶν
441 3111 730 3181 ἐγκωμίων
778 3109 968 3180 καιρὸς
1032 3111 1111 3173 εἰς
1160 3110 1259 3179 τὴν
1301 3110 1486 3183 αῦριον
1542 3114 1688 3183 ἡμᾶς
1728 3112 1941 3183 ἡμέραν

278 3199 592 3268 ἀναμενέτω
616 3214 630 3228 ο
668 3197 905 3267 σήμερον
931 3196 987 3250 δέ
1010 3197 1136 3259 τούς
1176 3197 1596 3267 ἀσθενεστέρους
1637 3198 1746 3252 τῶν
1789 3200 1942 3253 ἀδελ-

279 3289 395 3354 φῶν
417 3286 571 3357 ἡμῶν
590 3284 974 3355 διορθώσομεν.
1002 3286 1221 3357 Ἐπειδὴ
1245 3286 1352 3355 7&9
1394 3287 1578 3340 πολλοὶ
1606 3287 1715 3341 τῶν
1749 3288 1942 3357 ἀφελε-

281 3375 486 3446 στέρων
518 3373 658 3426 κατά
682 3372 778 3442 τὴν
802 3372 1036 3426 διάνοιαν
1068 3371 1414 3443 χωλεύοντες,
1443 3374 1548 3428 ὐπὸ
1582 3375 1691 3429 τῶν
1731 3374 1941 3446 ἐχθρῶν

277 3461 378 3530 τῆς
440 3456 765 3529 Ἐκκλησίας
813 3457 1255 3529 παρασυρόμενοι
1277 3498 1294 3524 ,
1334 3459 1395 3512 οὐ
1432 3460 1530 3531 τὴν
1557 3463 1941 3533 προσήκουσαν

277 3545 536 3618 περὶτῶν
575 3544 745 3613 ἁγίων
765 3543 968 3597 τούτων
996 3542 1152 3609 δόξαν
1183 3544 1414 3615 ἔχουσιν,
1459 3546 1580 3599 οὐδέ
1626 3548 1827 3618 ὁμοίως
1860 3549 1941 3612 εἰς

274 3634 367 3687 τὸν
412 3631 596 3685 λοιπὸν
641 3631 751 3684 τῶν
787 3629 1078 3702 μαρτύρων
1117 3631 1313 3696 αὐτοὺς
1356 3632 1715 3703 καταλέγουσι
1756 3636 1936 3706 χορὸν,

276 3720 523 3788 λέγοντες
545 3719 626 3771 ὅτι
651 3719 752 3788 οὐχ
792 3718 931 3789 ὑπὲρ
964 3717 1202 3790 Χριστοῦ
1250 3719 1314 3772 τὸ
1359 3715 1498 3792 αἷμα
1534 3722 1772 3792 ἐξέχεαν,
1823 3724 1939 3777 ἀλλ’

282 3806 425 3877 ὑπὲρ
473 3805 566 3859 τοῦ
595 3804 763 3875 νόμου
792 3804 887 3858 καὶ
913 3804 1020 3858 τῶν
1043 3806 1101 3858 ἐν
1125 3805 1203 3876 τῷ
1228 3806 1374 3878 νόμῳ
1402 3810 1764 3880 γραμμάτων,
1799 3811 1939 3883 ὐπέρ

276 3891 527 3963 χοιρείων
566 3891 866 3960 σφαγέντες
892 3891 1069 3963 κρεῶν
1090 3909 1104 3921 ·
1139 3893 1270 3964 φέρε
1308 3894 1371 3965 δὴ
1418 3895 1518 3966 τὴν
1541 3897 1763 3949 ἐκείνων
1791 3898 1939 3970 διορ-

277 3977 539 4049 θὼσωμεν
582 3977 821 4032 διάνοιαν
851 3995 870 4011 ο
919 3979 1014 4032 καὶ
1050 3979 1159 4050 γὰρ
1180 3980 1402 4051 αἰσχρὸν
1430 3980 1496 4035 ἂν
1522 3983 1606 4052 εἴη
1635 3985 1939 4054 πανήγυριν

275 4064 657 4127 ἐπιτελοῦντας
680 4064 894 4132 ἀγνοεῖν
921 4065 1024 4134 τῆς
1053 4067 1414 4137 πανηγύρεως
1433 4070 1532 4139 τὴν
1554 4071 1829 4125 ὑπόθεσιν.

348 4152 415 4221 β’.
446 4151 543 4204 Ἵν’
567 4144 661 4204 οὖν
685 4150 760 4221 μὴ
782 4151 841 4205 ἐν
867 4152 933 4221 τῇ
958 4153 1109 4222 κοινῇ
1143 4153 1358 4206 πάντων
1391 4154 1550 4227 ἡδονῇ
1593 4158 1743 4227 μόνοι
1781 4160 1831 4212 οἰ
1870 4160 1938 4214 τά

275 4237 500 4290 τοιαῦτα
530 4236 811 4299 νοσοῦντες
846 4236 1107 4305 ἀλγῶσιν,
1135 4239 1250 4292 ἀλλ’
1276 4241 1557 4312 εἰλικρινεῖ
1583 4245 1788 4317 διανοίᾳ
1814 4249 1940 4311 τούς

273 4322 579 4393 ἀγωνιστὰς
601 4321 1057 4394 περιπτύξωνται,
1082 4326 1175 4379 καὶ
1203 4326 1464 4399 καθαροῖς
1483 4330 1724 4401 ὄμμασιν
1744 4334 1940 4398 αὐτοὺς

278 4409 448 4473 ἴδωσι,
471 4408 532 4461 τὸ
559 4407 837 4479 ὐφορμοῦν
863 4409 1043 4462 αὐτῶν
1067 4415 1187 4475 ταῖς
1213 4413 1473 4478 διανοίαις
1519 4420 1755 4489 σήμερον
1804 4422 1938 4476 ὐπο-

277 4495 559 4569 σύραντες,
586 4494 868 4568 εἰλικρινεῖ
898 4499 965 4569 τῇ
998 4497 1189 4570 γνώμῃ
1239 4501 1331 4554 καὶ
1379 4502 1594 4575 καθαρᾷ
1628 4509 1692 4577 τῇ
1734 4508 1941 4582 διανοίᾳ

276 4583 767 4654 παρασκευάσομεν
818 4583 1005 4658 αὔριον
1044 4585 1241 4648 αὐτοὺς
1288 4588 1594 4661 ἀπαντῆσαι
1646 4595 1783 4664 πρὸς
1840 4597 1940 4667 τὴν

275 4672 582 4743 πανήγυριν
605 4671 704 4742 τὴν
737 4674 1129 4745 πνευματικήν.
1160 4674 1298 4743 Ἐγὼ
1317 4676 1424 4748 γὰρ
1444 4678 1695 4734 τοσοῦτον
1717 4683 1777 4735 οὐ
1801 4701 1941 4756 παρ-

281 4757 539 4828 αιτοῦμαι
576 4758 715 4829 μετά
744 4758 853 4813 τῶν
869 4758 1043 4814 ἄλλων
1064 4762 1383 4831 καταλέγειν
1402 4766 1597 4832 αὐτοὺς
1625 4770 1935 4843 μαρτύρων,

272 4848 356 4899 ὅτι
387 4846 452 4913 δὴ
484 4846 579 4899 καὶ
609 4846 1019 4919 λαμπροτέρους
1039 4851 1262 4915 τούτους
1291 4848 1429 4905 εἷναί
1473 4870 1636 4926 φημι.
1671 4858 1803 4912 Τότε
1831 4860 1937 4933 7&9

271 4933 629 5004 ἠγωνίσαντο,
691 4935 780 4988 ὅτε
829 4935 1039 4989 οὐδέπω
1081 4933 1221 5008 ἦσαν
1271 4941 1325 4992 αἱ
1380 4941 1577 5011 χαλκαῖ
1624 4944 1938 5003 κλασθεῖσαι

273 5020 459 5085 πύλαι,
490 5019 614 5074 οὔτε
646 5023 674 5075 6
697 5022 892 5092 μοχλὸς
923 5026 951 5076 6
994 5024 1244 5095 σιδηροῦς
1290 5030 1677 5100 περιαιρεθεὶς,
1726 5034 1814 5088 ὅτε
1859 5037 1940 5091 ἔτι

271 5109 306 5175 ἡ
328 5108 568 5179 ἁμαρτία
602 5110 843 5180 ἐκράτει,
876 5111 970 5164 καὶ
1004 5113 1271 5185 ἡκατάρα
1302 5116 1449 5186 ἤνθει
1475 5158 1489 5183 ,
1526 5121 1618 5173 καὶ
1675 5123 1770 5176 τοῦ
1821 5124 1936 5179 δια-

274 5195 430 5248 ϐόλου
458 5197 490 5265 ἡ
528 5197 821 5266 ἀκρόπολις
856 5202 1218 5271 συνειστήκει,
1250 5203 1339 5256 καὶ
1362 5205 1589 5278 ἀτριϐὴς
1635 5204 1702 5281 ἦν
1734 5211 1814 5265 ἔτι
1839 5213 1939 5283 τῆς

273 5282 528 5353 τοιαύτης
558 5285 758 5355 ἀρετῆς
785 5288 818 5357 ἡ
1014 5288 1126 5341 Νῦν
1163 5290 1259 5361 μὲν
1293 5292 1398 5364 γὰρ
1430 5295 1524 5347 καὶ
1554 5297 1813 5368 μειράκια
1847 5282 1936 5355 κο-

277 5372 402 5439 μιδῇ
428 5370 522 5424 καὶ
551 5373 808 5443 παρθένοι
834 5376 1026 5432 πολλαί
1045 5377 1311 5450 πολλαχοῦ
1332 5381 1429 5451 τῆς
1447 5384 1768 5458 οἰκουμένης
1793 5389 1937 5442 άπα-

274 5455 364 5509 λαὶ
396 5458 489 5509 καὶ
517 5458 876 5533 ἀπειρόγαμοι
907 5465 1044 5519 κατά
1070 5467 1166 5538 τῆς
1216 5467 1308 5521 τοῦ
1357 5467 1588 5524 θανάτου
1628 5455 1937 5544 τυραννίδος

274 5542 614 5599 ἀπεδύσαντο
638 5560 655 5577 ο
684 5548 806 5602 τότε
849 5549 905 5603 δὲ
938 5553 1044 5623 πρὸ
1083 5556 1183 5625 τῆς
1219 5556 1311 5610 τοῦ
1355 5559 1589 5629 Χριστοῦ
1638 5542 1935 5633 παρουσίας

343 5680 368 5708 ³
392 5680 676 5744 ιτερηείυω
697 5696 752 5754 τῇ
785 5693 1018 5758 ὑπερεοὶῇ
1042 5700 1118 5746 καὶ
1136 5702 1218 5762 τῷ.

2051 578 2276 650 ἡμερῶν
2338 579 2459 633 ὁδὸν
2499 580 2749 635 ἐντεῦθεν
2817 580 3027 653 ἀπέδρα
3069 597 3085 613 ο
3134 583 3230 636 καὶ
3287 584 3316 636 6
3372 586 3745 659 πατριάρχης

2064 665 2315 736 Ἀὖραάμ
2334 666 2423 724 διὰ
2435 666 2593 721 τοῦτο
2615 669 2680 739 τῇ
2709 668 2928 737 γυναικὶ
2955 668 3189 740 παρῄνει
3224 667 3510 738 λέγειν,ὅτι
3538 666 3743 725 Ἀδελ-

2052 750 2127 823 φὴ
2158 753 2324 807 αὐτοῦ
2379 755 2495 826 εἰμι
2526 755 2622 809 καὶ
2651 756 2710 809 οὐ
2733 748 2894 827 γυνή.
2924 756 3034 810 Καὶ
3054 756 3108 808 τί
3136 756 3216 810 δεῖ
3240 759 3365 821 τοὺς
3390 757 3593 821 ἄλλους
3644 758 3739 812 λέ.

2050 856 2170 907 γειν
2190 858 2205 908 ;
2228 841 2387 906 αὐτὸς
2407 843 2514 914 γάρ
2539 843 2568 895 6
2598 843 2803 914 Πέτρος
2830 841 3002 907 οὕτως
3031 844 3285 897 ἐδεδοίκει
3328 845 3420 897 τὸν
3465 844 3735 911 θάνατον,

2051 927 2129 991 ὼς
2165 929 2298 999 μηδέ
2323 928 2567 1000 θυρωροῦ
2602 929 2831 1001 ἀπειλὴν
2853 931 3096 998 ἐνεγκεῖν
3129 948 3142 961 ·
3187 932 3282 986 καί
3324 932 3434 1003 7&9
3488 933 3738 1006 φοϐερὸς

2047 1009 2117 1084 ἦν
2146 1016 2240 1068 καί
2263 1016 2574 1087 ἀπρόσιτος,
2595 1016 2808 1070 οὐδέπω
2837 1016 3000 1071 αὐτοῦ
3018 1017 3124 1071 τῶν
3140 1019 3347 1090 νεύρων
3374 1021 3739 1091 ἐκκεκομμέ.

2049 1118 2175 1166 νων,
2193 1103 2312 1156 οὐδὲ
2338 1104 2438 1175 τῆς
2456 1104 2736 1175 δυνάμεως
2763 1105 3228 1178 καταλελυμένης.
3261 1107 3404 1160 Ἀλλ’
3444 1108 3608 1178 ὅμως
3638 1102 3737 1163 οὗ·

2047 1203 2130 1241 τοι
2153 1188 2298 1252 τότε,
2329 1191 2417 1243 ὅτε
2450 1188 2592 1244 οὕτω
2613 1190 2843 1262 φοϐερὸν
2873 1191 3045 1255 ἔπνει,
3069 1193 3514 1262 κατηγωνίσαντο
3559 1195 3739 1249 αὐτὸν

2049 1276 2143 1328 καὶ
2168 1277 2597 1333 κατεπάλαισαν.
2636 1278 2853 1350 Ἐπειδὴ
2878 1283 2988 1353 7&9
3018 1280 3209 1352 ἔμελλε
3228 1280 3415 1334 λοιπὸν
3439 1282 3468 1334 6
3495 1281 3605 1354 τῆς
3651 1284 3736 1337 διε

2049 1362 2342 1435 καιοσύνης
2365 1365 2606 1435 ἀνίσχειν
2625 1365 2794 1437 ἥλιος,
2819 1367 2955 1439 ὅπερ
2982 1368 3077 1421 ἐπὶ
3106 1369 3205 1439 τῆς
3232 1370 3448 1440 ἡμέρας
3484 1370 3735 1438 γίνεται,

2050 1450 2143 1503 καὶ
2183 1450 2302 1504 τότε
2341 1452 2560 1523 συνέϐη.
2604 1453 2871 1525 Καθάπερ
2910 1455 3017 1526 γὰρ
3051 1456 3145 1508 καὶ
3185 1457 3410 1527 μηδέπω
3458 1459 3734 1529 φανέντος

2046 1536 2219 1606 ἡλίου,
2250 1538 2473 1610 φαιδρὸς
2500 1541 2635 1610 ἡμῖν
2660 1542 2687 1594 ό
2707 1541 2900 1612 ὄρθρος
2931 1543 3196 1611 φαίνεται,
3231 1545 3339 1598 τῶν
3359 1545 3460 1615 μὲν
3482 1547 3735 1601 ἀκτίνων

2047 1626 2258 1680 οὐδέπω
2285 1628 2620 1699 γιγνομένων
2671 1629 2866 1700 δήλων,
2916 1631 3012 1684 τοῦ
3042 1632 3099 1686 δὲ
3133 1633 3308 1701 φωτὸς
3336 1634 3446 1687 τῶν
3484 1636 3735 1689 ἀκτίνων

2046 1715 2146 1787 τὴν
2168 1716 2492 1787 οἰκουμένην
2514 1718 2608 1771 καὶ
2635 1718 2920 1791 πόρρωθεν
2958 1720 3409 1791 καταλάμποντος
3431 1739 3445 1753 ·
3469 1718 3626 1776 οὕτω
3665 1724 3731 1794 δὴ

2048 1803 2143 1856 καὶ
2171 1802 2293 1856 τότε
2318 1804 2536 1875 συνέϐη.
2596 1806 2961 1878 Ἐπειδὴίγάρ
2994 1810 3391 1880 παραγίνεσθαι
3426 1811 3666 1882 ἔμελλεν
3703 1815 3731 1866 6

2045 1890 2144 1960 τῆς
2175 1890 2521 1962 δικαιοσύνης
2539 1892 2709 1961 ἥλιος,
2742 1893 2926 1948 λοιπὸν
2946 1894 3011 1967 δὴ
3045 1896 3106 1950 τὸ
3139 1899 3326 1961 σκότος
3371 1899 3472 1969 τῆς
3517 1901 3733 1965 δειλίας

2046 1976 2250 2043 ἐλύετο,
2278 1978 2375 2032 καὶ
2403 1979 2616 2033 οὐδέπω
2654 1981 2920 2051 παρόντος
2962 1984 3128 2037 αὐτοῦ
3166 1984 3308 2038 κατά
3351 1986 3533 2057 σάρκα
3556 2030 3570 2050 ,
3611 1988 3730 2041 ἀλλ’

2045 2064 2212 2132 ἐγγὺς
2239 2065 2402 2118 αὐτοῦ
2441 2067 2534 2119 καὶ
2570 2067 2630 2121 ἐν
2667 2069 2970 2139 προοιμίοις
2996 2069 3167 2135 ὄντος,
3199 2072 3293 2124 καὶ
3321 2073 3502 2127 αὐτῶν
3536 2074 3732 2128 λοιπὸν

2047 2151 2352 2222 ἁπτομένου
2376 2153 2483 2206 τῶν
2505 2154 2864 2225 πραγμάτων.

2117 2237 2238 2292 Ὅτι
2299 2238 2398 2309 μὲν
2447 2234 2540 2293 οὖν
2583 2240 2780 2312 πολλὴν
2821 2242 3073 2314 ἀνδρείαν
3105 2245 3451 2312 ἐπεδείξαντο
3488 2250 3553 2301 ἐν
3612 2254 3731 2314 τοῖς

2045 2328 2257 2396 καιροῖς
2282 2327 2678 2398 ἀγωνισάμενοι
2714 2331 2825 2390 τοῖς
2872 2329 3152 2395 τοιούτοις,
3204 2337 3365 2388 παντί
3408 2354 3510 2389 που
3566 2338 3731 2408 δῆλόν

2045 2414 2191 2465 ἐστιν
2216 2431 2228 2443 ·
2257 2415 2338 2468 ὄτι
2368 2414 2424 2467 δὲ
2456 2416 2549 2468 καὶ
2574 2414 2978 2486 ὐπέριΧριστοῦ
3036 2418 3104 2471 τά
3149 2420 3438 2491 τραύματα
3497 2423 3726 2489 ἔλαϐον,

2044 2500 2200 2555 τοῦτο
2241 2501 2341 2573 ἤδη
2390 2501 2558 2569 δεῖξαι
2598 2504 2949 2574 πειράσομαι.
3005 2505 3161 2570 Τίνος
3210 2508 3319 2578 7&9
3355 2510 3547 2564 ἕνεκεν
3586 2512 3727 2565 ἔπα-

2045 2588 2172 2654 θον,
2229 2589 2351 2643 εἰπέ
2400 2607 2530 2660 μοις
2572 2591 2675 2644 Τοῦ
2726 2591 2911 2661 νόμου,
2957 2594 3151 2662 φησὶν,
3201 2594 3426 2660 ἕνεκεν,
3468 2598 3568 2652 καὶ
3615 2600 3727 2653 τῶν

2044 2674 2101 2726 ἐν
2136 2671 2212 2744 τῷ
2255 2673 2405 2744 νόμῳ
2448 2673 2716 2742 κειμένων
2770 2676 3133 2745 γραμμάτων.
3187 2679 3284 2730 Ἂν
3337 2681 3517 2733 τοίνυν
3574 2687 3722 2757 φανῇ

2043 2760 2276 2832 Χριστὸς
2301 2761 2330 2812 6
2361 2763 2379 2782 ⁴
2413 2759 2502 2815 τὸν
2531 2760 2693 2830 νόμον
2712 2761 2919 2815 ἐκεῖνον
2944 2762 3212 2829 δεδωκὼς,
3243 2765 3343 2821 οὐκ
3369 2766 3598 2840 εὔδηλον
3635 2773 3721 2825 ὅτι

2044 2846 2185 2918 ὑπὲρ
2208 2845 2301 2899 τοῦ
2324 2845 2487 2917 νόμου
2520 2846 2798 2914 παθόντες,
2823 2848 2961 2920 ὑπὲρ
2989 2849 3083 2902 τοῦ
3126 2851 3416 2922 νομοθέτου
3440 2857 3544 2924 τὴν
3573 2875 3646 2910 κα
3654 2876 3719 2930 ρ-

2041 2933 2227 3005 τερίαν
2275 2932 2615 2998 ἐπεδείξαντο
2656 2936 2838 2989 πᾶσαν
2854 2935 3103 3007 ἐκείνην;
3150 2939 3288 3009 Φέρε
3313 2939 3377 3012 δὴ
3415 2937 3509 2995 οὖν
3555 2944 3717 2999 τοῦτο

2042 3019 2412 3089 ἀποδείξωμεν
2464 3022 2723 3102 σήμερον,
2771 3021 2852 3074 ὅτι
2898 3023 3133 3093 Χριστός
3165 3023 3312 3080 ἐστιν
3346 3029 3374 3080 6
3420 3028 3514 3082 τὸν
3548 3032 3717 3102 νόμον

2041 3105 2304 3170 δεδωκώς.
2336 3106 2432 3170 Τίς
2455 3101 2547 3160 οῦν
2574 3106 2747 3161 ταῦτά
2767 3124 2967 3178 φησιν;
3003 3109 3061 3162 ’0
3077 3109 3248 3164 ταῦτα
3277 3113 3464 3183 σαφῶς
3488 3101 3717 3172 ἐπιστά-
3776 3129 3781 3132 ’

2045 3212 2222 3266 μενος,
2256 3193 2326 3247 τά
2361 3211 2419 3247 τε
2460 3193 2665 3248 παλαιά
2683 3195 2776 3248 καὶ
2801 3194 2870 3248 τὰ
2902 3198 3017 3261 νέα,
3064 3198 3300 3263 Παῦλος,
3330 3202 3359 3254 6
3393 3203 3491 3272 τῆς
3531 3207 3716 3259 οἰκου-

2044 3282 2212 3353 μένης
2262 3280 2579 3344 διδάσκαλος
2606 3298 2618 3309 '
2672 3282 2978 3353 Κορινθίοις
3029 3284 3138 3357 γὰρ
3173 3287 3517 3354 ἐπιστέλλων,
3562 3292 3713 3348 οὕτω

2042 3368 2159 3432 πώς
2188 3385 2351 3439 φησιν
2375 3386 2392 3402 ο
2423 3371 2505 3422 Οὐ
2534 3369 2686 3423 θέλω
2713 3368 2781 3422 δὲ
2798 3368 2954 3439 ὑμᾶς
2992 3371 3259 3442 ἀγνοεῖν,
3289 3374 3533 3444 ἁδελφοί
3550 3419 3566 3442 ,
3612 3379 3706 3433 ὅτι

2040 3459 2093 3511 οἱ
2119 3455 2368 3525 πατέρες
2391 3455 2561 3526 ἡμῶν
2583 3455 2806 3522 πάντες
2828 3458 2947 3511 ὑπὸ
2977 3459 3093 3526 τὴν
3113 3460 3372 3530 νεφέλην
3390 3460 3575 3534 ἦσαν,
3600 3468 3705 3521 καί

2040 3542 2263 3610 πάντες
2291 3543 2389 3599 διὰ
2416 3542 2523 3612 τῆς
2546 3543 2865 3612 θαλάσσης
2900 3542 3170 3612 διῆλθον,
3213 3549 3311 3602 καί
3351 3548 3574 3618 πάντες
3620 3555 3711 3621 εις

2041 3630 2148 3684 τὸν
2181 3629 2448 3699 Μωῢσῆν
2480 3630 2878 3687 ἐϐαπτίσαντο
2904 3632 2974 3685 ἐν
3005 3631 3082 3701 τῇ
3113 3634 3339 3705 νεφέλῃ
3389 3638 3489 3692 καί
3525 3639 3596 3693 ἐν
3632 3640 3711 3712 τῇ

2042 3717 2327 3786 θαλάττῃ,
2359 3716 2460 3774 καί
2495 3716 2719 3784 πάντες
2759 3718 2824 3772 τὸ
2868 3718 3014 3773 αὐτὸ
3048 3720 3267 3791 ,βρῶμα
3303 3729 3711 3795 πνευματικὸν

2041 3805 2288 3875 ἔφαγον,
2328 3805 2390 3858 τὸ
2414 3804 2601 3875 μάννα·
2617 3804 2813 3873 λέγων,
2841 3806 2940 3859 καί
2995 3807 3218 3875 πάντες
3248 3810 3317 3863 τὸ
3361 3814 3511 3867 αὐτὸ
3548 3818 3711 3887 ,πόμα

2041 3890 2446 3962 πνευματικὸν
2466 3891 2657 3957 ἔπιον,
2691 3891 2753 3945 τὸ
2775 3889 2918 3963 ὕδωρ
2937 3893 3109 3963 λέγων
3136 3894 3197 3947 τὸ
3223 3896 3332 3950 ἀπὸ
3360 3898 3460 3969 τῆς
3478 3900 3707 3973 πέτρας.

2043 3977 2174 4032 Εἶτα
2202 3977 2412 4041 δεικνύς
2442 3978 2525 4030 ὅτι
2558 3979 2587 4030 6
2612 3978 2848 4050 Χριστὸς
2896 3978 3069 4033 ταῦτα
3104 3982 3276 4036 ἐποίει
3322 3984 3390 4038 τά
3431 3986 3707 4061 θαύματα,

2041 4067 2320 4138 ἐπήγαγεν
2351 4082 2366 4097 ο
2406 4066 2652 4121 Ἐπινον
2680 4066 2790 4138 γὰρ
2814 4069 2882 4122 ἐκ
2912 4070 3320 4141 πνευματικῆς
3346 4073 3710 4134 ἀκολουθού-

2040 4168 2158 4221 σης
2182 4154 2399 4221 πέτρας
2424 4170 2438 4185 θ
2471 4152 2511 4220 ἠ
2547 4153 2615 4206 δὲ
2652 4154 2837 4222 πέτρα
2863 4151 2941 4225 ἦν
2962 4158 2996 4210 ὀ
3016 4159 3289 4225 Χριστός.
3317 4160 3427 4214 Καὶ
3451 4163 3705 4230 εἰκότως

2040 4242 2099 4294 οὐ
2134 4241 2242 4313 γάρ
2272 4242 2304 4310 ἡ
2331 4239 2490 4308 φύσις
2520 4241 2619 4310 τῆς
2650 4241 2855 4311 πέτρας
2880 4242 3027 4312 ἡφίει
3047 4244 3108 4296 τὸ
3132 4242 3273 4318 ὕδωρ
3298 4248 3391 4300 καὶ
3435 4251 3563 4316 τούς
3615 4268 3707 4305 πο-

2040 4329 2248 4399 ταμοὺς
2279 4329 2537 4392 ἐκείνους,
2570 4329 2684 4383 ἀλλ’
2706 4331 2739 4399 ἡ
2764 4329 2858 4383 τοῦ
2888 4331 3125 4401 Χριστοῦ
3147 4333 3398 4403 ἐνέργεια
3427 4336 3706 4394 τύπτουσα

2040 4415 2131 4470 τὸν
2181 4416 2349 4480 λίθον,
2394 4415 2732 4469 ἀναδίδοσθαι
2789 4417 2889 4480 τὰς
2940 4418 3122 4488 πηγάς
3171 4425 3573 4493 παρεσκεύαζε.
3612 4426 3705 4480 Διά

2039 4503 2196 4556 τοῦτο
2218 4504 2310 4557 καὶ
2340 4502 2713 4574 πνευματικὴν
2743 4504 2948 4575 πέτραν
2980 4506 3224 4574 ἐκάλεσε,
3260 4511 3354 4564 καὶ
3391 4512 3704 4569 ἀκολουθεῖν

2039 4588 2145 4659 ἐφη
2173 4606 2186 4621 '
2211 4591 2244 4660 ἡ
2273 4589 2330 4642 δὲ
2355 4589 2587 4660 αἰσθητὴ
2608 4590 2709 4642 οὐκ
2748 4589 3050 4653 ἀκολουθεῖ,
3102 4593 3216 4646 ἀλλ’
3260 4595 3317 4648 ἐν
3370 4597 3449 4650 ἐνί
3499 4598 3701 4670 ἵδρυται

2040 4677 2223 4747 χωρίῳ
2249 4693 2264 4708 ·
2313 4676 2474 4747 ἀλλ’ἢ
2522 4676 2795 4746 πανταχοῦ
2832 4679 3079 4749 παροῦσα
3121 4681 3348 4754 δύναμις
3394 4687 3488 4739 καὶ
3528 4688 3697 4741 πάντα

2041 4759 2554 4832 θαυματουργοῦσα,
2579 4761 2762 4830 ἐκείνη
2784 4761 2876 4814 καὶ⁴
2902 4763 3001 4834 τὴν
3030 4764 3235 4835 πέτραν
3266 4768 3587 4840 ἀνέρρηξεν.
3638 4770 3693 4822 Εἰ

2039 4842 2094 4895 δὲ
2128 4844 2226 4896 οὐκ
2258 4844 2502 4912 ἀνέχοιτο
2528 4843 2636 4895 τῶν
2668 4844 2929 4914 ῥημάτων
2964 4847 3166 4900 τούτων
3193 4850 3221 4902 6
3269 4850 3540 4919 Ἰουδαῖος,
3573 4853 3693 4924 φέρε

2038 4928 2102 4999 δὴ
2124 4932 2232 4992 τοῖς
2259 4929 2479 4992 οἰκείοις
2510 4929 2671 4983 αὐτὸν
2696 4930 2878 4994 ὅπλοις
2908 4931 3138 5003 ἕλωμεν,
3160 4936 3312 4990 οὐδὲν
3341 4938 3450 4991 ἀπὸ
3485 4939 3694 4993 Παύλου

2040 5014 2135 5068 καὶ
2158 5014 2361 5084 Πέτρου
2392 5016 2487 5069 καὶ
2531 5017 2797 5081 Ἰωάννου,
2833 5018 2947 5071 ἀλλ’
2977 5020 3087 5074 ἀπὸ
3106 5021 3216 5074 τῶν
3239 5024 3533 5093 προφητῶν
3555 5025 3697 5102 αὐτῴ

2038 5097 2428 5168 διαλεγόμενοι,
2461 5099 2545 5153 ἵνα
2572 5099 2717 5173 μάθῃ
2745 5101 2825 5154 ὅτι
2860 5102 2927 5155 τά
2955 5105 3253 5175 πράγματα
3284 5108 3415 5179 παρ’
3434 5108 3602 5179 αὐτῷ,
3621 5097 3698 5162 ’τὰ

2038 5184 2095 5238 δὲ
2124 5187 2368 5256 νοήματα
2394 5186 2523 5256 παρ’
2549 5188 2697 5256 ἡμῖν.

2110 5274 2177 5335 γ’.
2216 5268 2311 5330 Τίς
2337 5263 2429 5319 οὖν
2456 5267 2563 5321 τῶν
2592 5270 2883 5340 προφητῶν
2911 5270 3087 5325 ταῦτά
3126 5291 3310 5345 φησιν,
3346 5276 3427 5330 ὃτι
3469 5276 3567 5348 τὴν
3595 5281 3695 5354 lla-

2039 5355 2194 5409 λαιὰν
2235 5355 2396 5417 αὐτὸς
2430 5354 2595 5408 ἔδωκε
2632 5357 2934 5428 Διαθὴκην;
2988 5360 3046 5412 '0
3077 5362 3141 5413 ἐκ
3174 5362 3380 5427 κοιλίας
3424 5364 3697 5433 ἀγιασθεὶς

2052 5442 2337 5513 Ἱερεμίας,
2366 5441 2395 5493 6
2421 5443 2479 5495 ἐν
2509 5443 2719 5514 νεότητι
2752 5445 2991 5516 λάμψας.
3026 5447 3138 5503 Ποῦ
3178 5451 3268 5503 καὶ
3307 5451 3467 5518 πότε;
3502 5453 3697 5505 ’Ἄκουε

2038 5531 2148 5584 τῶν
2172 5531 2433 5601 ῥημάτων
2470 5532 2669 5598 αὐτῶν,
2705 5536 2798 5587 καὶ
2836 5536 3089 5592 παιδεύου
3116 5540 3301 5610 σαφῶς
3332 5543 3397 5596 ἐκ
3425 5542 3530 5598 τῶν
3552 5551 3697 5611 λεγο-

2041 5617 2234 5689 μένων.
2287 5616 2419 5670 Τίνα
2472 5618 2648 5672 τοίνυν
2706 5622 2822 5674 ἐστὶ
2877 5623 2945 5678 τὰ
2989 5627 3242 5698 ρήματα;
3293 5628 3438 5684 Ἰδοὺ
3494 5631 3696 5699 ἡμέραι

2103 5718 2134 5753 ³⁸*
2157 5716 2296 5767 Tolle
2332 5717 2605 5768 articulum.
