3966 6160
256 428 260 433 ,
350 387 451 441 59.3

349 520 452 555 oon
484 496 775 553 suffocatus
798 500 881 547 est
901 532 918 555 ,
950 499 1003 545 et
1031 497 1236 543 tantum
1267 486 1484 557 pelagus
1511 500 1779 547 emensus,
1817 498 1918 535 nou

348 592 680 659 imti'ragium
706 596 896 655 passus
921 590 1024 637 est.
1074 581 1247 634 Causa
1286 587 1463 632 autem
1500 587 1585 630 est
1611 575 1753 644 quod
1796 588 1922 625 nus-

344 697 503 754 quam
531 689 696 750 petrae
714 716 733 743 ,
755 691 855 732 nec
878 689 1005 729 saxa
1034 670 1277 736 latentia,
1304 683 1404 723 nec
1431 666 1636 736 scopuli
1668 664 1796 729 sint,
1824 662 1918 716 sed

353 774 551 843 ubique
577 783 726 825 mare
746 768 865 838 ipso
883 773 1038 834 portu
1059 761 1395 831 tranquillius
1421 757 1621 813 invenit
1651 775 1666 810 :
1692 765 1747 810 et
1766 754 1915 824 quasi

350 865 588 935 zephyro
607 859 839 931 quodam
865 856 933 912 ad
950 852 1500 926 proraminsufl'lante,
1524 858 1703 905 vestro
1728 862 1919 916 nempe

347 954 595 1011 audiendi
614 950 816 1014 studio,
832 948 897 1003 ad
914 944 1256 1016 tranquillum
1273 950 1482 1014 portum
1496 939 1914 1010 appellebamus.

347 1048 538 1104 Statim
582 1045 725 1099 enim
766 1052 928 1112 atque
953 1055 1021 1094 ex
1045 1040 1142 1093 ere
1168 1042 1357 1093 nostro
1394 1048 1574 1088 sermo
1613 1029 1921 1100 profereba-

351 1149 469 1204 tur,
538 1148 726 1191 omnes
782 1130 989 1202 supinis
1041 1128 1193 1183 illum
1256 1123 1503 1180 manibus
1556 1119 1914 1191 excipiebant,

347 1232 554 1287 etiamsi
598 1210 818 1282 multam
867 1221 1092 1277 haberet
1143 1214 1512 1274 difficultatem
1551 1230 1568 1272 :
1606 1213 1738 1310 tali:
1773 1211 1918 1310 enim

357 1336 526 1391 nuper
553 1326 670 1375 erat
697 1314 1083 1373 sententiarum
1131 1317 1321 1365 natura
1352 1324 1371 1365 :
1395 1313 1628 1360 attamen
1653 1300 1912 1358 alacrita-

354 1414 423 1468 tis
447 1407 809 1481 magnitudine
832 1415 887 1460 et
926 1401 1122 1460 mentis
1162 1401 1391 1458 attentio
1420 1414 1540 1454 cum
1588 1395 1914 1451 accurationi

351 1517 561 1573 magna,
588 1500 715 1555 etin
751 1496 935 1553 labore
958 1494 1115 1551 nobis
1141 1493 1390 1550 solatium
1417 1490 1690 1556 attulistis,
1717 1498 1772 1544 et
1798 1501 1918 1557 quae

352 1593 587 1648 difficilia
610 1597 782 1655 erant,
808 1587 980 1642 facilia
1006 1584 1337 1642 reddidistis.
1366 1581 1550 1652 Neque
1577 1580 1719 1634 enim
1745 1579 1795 1633 in
1824 1592 1918 1647 pc-

351 1694 508 1749 tram,
538 1696 711 1752 neque
739 1680 791 1733 in
815 1679 1022 1749 spinas,
1041 1690 1214 1746 neque
1234 1688 1390 1729 secus
1406 1673 1544 1727 viam
1560 1669 1759 1727 cadere.
1775 1669 1921 1723 sine-

351 1775 507 1836 batis;
526 1773 620 1828 sed
651 1770 829 1827 omnia
858 1770 909 1823 in
933 1767 1126 1838 pingue
1144 1774 1200 1821 et
1221 1763 1541 1836 profundum
1563 1776 1749 1816 arvum
1777 1758 1920 1814 exci-

362 1864 613 1937 piebatis,
652 1862 705 1916 in
744 1850 1060 1932 profundum
1090 1870 1283 1925 nempe
1320 1863 1512 1909 vestrm
1554 1852 1766 1907 mentis.
1792 1850 1915 1904 Ideo

348 1955 569 2024 singulis
584 1952 770 2008 diebus
784 1955 1018 2006 eomatas
1034 1957 1240 2018 segetes
1258 1945 1518 2010 videmus,
1541 1942 1758 2013 zephyri
1776 1941 1914 2005 loco,

360 2046 589 2116 Spiritus
615 2044 759 2098 auris
786 2041 1093 2105 innutritus,
1121 2047 1174 2093 et
1210 2036 1475 2091 theatrum
1494 2033 1649 2088 nobis
1677 2030 1916 2102 quotidie

347 2135 686 2206 splendidum
735 2133 1007 2190 effectum.
1055 2130 1283 2200 Ideoque
1324 2128 1485 2184 hodie
1527 2126 1917 2198 praetermissas

347 2227 597 2297 reliquias
614 2239 884 2280 resumere
899 2222 1163 2278 volebam.
1186 2220 1290 2277 Sed
1313 2219 1440 2291 quid
1459 2218 1683 2274 faciam?
1702 2216 1919 2273 Macha-

347 2316 580 2370 baeorum
609 2313 806 2369 chorus
824 2322 930 2367 stat
946 2321 1070 2368 ante
1095 2310 1280 2366 oculos
1305 2324 1477 2376 meos,
1497 2318 1552 2366 et
1567 2310 1772 2379 fulgore
1800 2309 1916 2363 vul-

346 2421 531 2460 nerum
560 2420 777 2461 suorum
810 2412 1044 2459 mentem
1075 2417 1248 2458 meam
1275 2400 1569 2462 illustrans,
1598 2399 1665 2453 ad
1689 2400 1917 2468 pulchri-

345 2496 582 2551 tudinem
627 2512 779 2552 suam
831 2496 1064 2566 linguam
1103 2502 1338 2548 nostram
1386 2499 1562 2546 vocat.
1607 2490 1713 2547 Sed
1752 2505 1913 2546 nemo

342 2602 644 2642 sermonem
695 2597 752 2641 ut
795 2585 1231 2656 intempestivum
1284 2584 1585 2655 improbet,
1631 2583 1751 2653 quia
1790 2597 1910 2637 cum

343 2676 532 2732 horum
556 2677 907 2733 certaminum
938 2677 1054 2733 dies
1077 2676 1346 2733 crastinus
1371 2676 1471 2743 sit,
1500 2674 1657 2729 hodie
1682 2688 1913 2729 coronas

341 2766 606 2821 nectimus
630 2806 645 2831 ,
695 2776 751 2821 ct
774 2776 899 2821 ante
942 2765 1066 2821 belli
1113 2773 1323 2835 tempus
1364 2774 1622 2834 tropzeum
1652 2764 1911 2834 prmdica-

341 2873 477 2913 mus.
523 2857 579 2914 Si
633 2858 774 2913 enim
826 2873 947 2913 cum
1002 2857 1201 2926 nuptiae
1241 2857 1610 2920 celebrantur,
1660 2856 1748 2926 qui
1803 2871 1907 2911 una

340 2957 570 3015 coeunt,
602 2958 727 3004 ante
764 2948 908 3003 diem
956 2949 1284 3017 assignatum
1314 2955 1369 3003 et
1412 2947 1676 3001 thalamos
1720 2956 1909 3015 parant

338 3050 392 3096 et
422 3042 635 3096 coronis
655 3041 847 3096 domos
869 3050 1065 3095 ornant
1091 3049 1252 3110 atque
1281 3039 1468 3093 aulmis
1501 3056 1514 3091 :
1549 3040 1716 3093 multo
1738 3040 1907 3109 magis

337 3147 434 3186 nos
472 3132 576 3188 hoc
619 3135 791 3203 ipsum
821 3132 1079 3187 faciemus
1102 3172 1117 3198 ,
1161 3141 1361 3202 quanto
1404 3131 1563 3185 etiam
1603 3132 1773 3200 magis
1796 3130 1907 3200 spi-

338 3225 553 3279 rituales
582 3234 706 3279 sunt
729 3223 813 3279 hze
841 3225 1039 3292 nuptiae
1064 3264 1080 3289 ,
1122 3239 1227 3277 non
1262 3223 1479 3277 homine
1510 3238 1730 3277 uxorem
1757 3263 1771 3285 ,
1806 3221 1904 3276 sed

338 3313 444 3367 Deo
468 3314 676 3368 animas
703 3314 977 3369 hominum
1016 3313 1116 3368 sibi
1158 3313 1536 3382 deSponsante.
1570 3313 1905 3383 QuaprOpter

336 3418 442 3457 non
498 3403 831 3460 aberravcrit
872 3405 963 3475 qui
1012 3413 1305 3476 martyrum
1360 3405 1594 3458 animam
1648 3418 1900 3472 sponsam

334 3495 560 3561 dixerit,
592 3510 843 3564 sponsam
885 3510 1079 3565 nempe
1116 3495 1447 3566 Spiritualem
1477 3495 1774 3564 :siquidem
1806 3509 1902 3563 pro

334 3586 456 3641 dote
493 3592 802 3657 sanguinem
845 3586 1108 3653 afferunt,
1153 3587 1333 3642 dotem
1395 3601 1682 3656 numquam
1732 3586 1894 3639 absu-

335 3677 602 3732 mendam.
647 3677 757 3734 Sed
804 3678 1018 3734 laudum
1069 3688 1278 3749 tempus
1316 3678 1382 3733 ad
1421 3678 1561 3733 diem
1615 3677 1900 3731 crastinam

336 3783 432 3822 nos
464 3778 740 3839 exspectet
768 3787 782 3823 :
816 3770 972 3826 hodie
996 3785 1124 3825 vero
1154 3771 1472 3825 inlirmiores
1495 3770 1709 3824 fratrum
1736 3769 1904 3824 corri-

332 3876 541 3928 gemus.
590 3861 725 3928 Quia
776 3861 917 3916 enim
965 3862 1120 3916 multi
1165 3877 1229 3916 cx
1260 3861 1672 3930 simplicioribus
1721 3868 1903 3915 mente

331 3949 712 4015 claudicantes,
744 3950 811 4005 ab
838 3950 1092 4005 Ecclesia:
1123 3949 1352 4004 inimicis
1380 3950 1609 4014 attracti,
1642 3963 1745 4003 non
1774 3963 1903 4004 con-

331 4051 608 4110 grucntem
656 4041 725 4096 de
773 4045 972 4096 sanctis
1002 4041 1149 4097 hisce
1190 4041 1493 4110 opinionem
1534 4039 1756 4102 habent;
1808 4054 1902 4094 ue-

329 4148 433 4201 que
471 4133 593 4188 illos
638 4133 692 4187 in
740 4134 946 4203 reliquo
987 4142 1282 4204 martyrum
1321 4132 1486 4187 choro
1511 4138 1899 4197 annumerant,

327 4222 600 4290 dicentes,
633 4237 738 4277 non
768 4238 864 4292 pro
892 4222 1103 4278 Christo
1152 4223 1297 4292 ipsos
1324 4236 1635 4292 sanguinem
1662 4220 1896 4287 fudisse,

328 4313 418 4367 sed
445 4328 545 4382 pro
569 4313 687 4383 lege
711 4322 765 4368 et
791 4328 887 4384 pro
915 4315 1194 4385 scripturis
1223 4330 1342 4385 quae
1370 4314 1424 4368 in
1450 4314 1567 4384 lege
1588 4322 1762 4379 erant,
1800 4328 1897 4384 pro

333 4402 502 4457 suillis
538 4403 789 4458 carnibus
823 4402 1091 4473 jugulatos
1137 4419 1152 4457 :
1200 4418 1297 4473 age
1346 4417 1474 4474 ergo
1520 4404 1898 4474 cogitationem

328 4491 538 4546 illorum
555 4492 907 4562 corrigamus.
931 4492 1109 4562 Turpe
1136 4508 1367 4564 namque
1390 4502 1535 4549 esset
1564 4494 1684 4549 illos
1710 4494 1901 4549 festum

327 4582 676 4647 celebrantes,
706 4583 1035 4639 celebritatis
1061 4598 1277 4638 causam
1312 4584 1584 4655 ignorare.

394 4672 447 4726 2.
470 4673 540 4730 Ut
561 4690 631 4730 ne
647 4689 774 4744 ergo
802 4675 837 4728 ii
859 4676 947 4745 qui
976 4676 1065 4730 tali
1086 4677 1273 4731 morbo
1293 4677 1534 4732 laborant
1562 4678 1614 4732 in
1631 4678 1901 4734 communi

327 4766 562 4820 omnium
586 4765 770 4820 ltetitia
789 4767 887 4821 soli
916 4767 1148 4833 doleant,
1174 4769 1266 4824 sed
1283 4770 1487 4826 sincera
1506 4782 1680 4825 mente
1698 4772 1901 4841 pugiles

326 4853 444 4909 illos
469 4856 885 4924 amplectantur,
912 4865 966 4912 et
982 4858 1129 4928 puris
1168 4859 1334 4915 oculis
1356 4860 1473 4914 illos
1502 4861 1712 4916 videant
1735 4879 1750 4915 :
1774 4862 1897 4931 quid

324 4943 531 4999 illorum
561 4956 765 5002 mentes
788 4948 1308 5006 concitaverithodie
1327 4951 1684 5015 traducentes,
1710 4952 1759 5006 id
1781 4951 1897 5006 effi-

323 5034 524 5091 ciemus
542 5046 730 5092 utcras
742 5038 947 5093 sincera
963 5048 1139 5094 mente
1154 5049 1204 5093 et
1221 5056 1352 5110 puro
1367 5042 1543 5094 animo
1561 5042 1816 5097 accedant
1830 5041 1898 5097 ad

323 5128 651 5196 Spiritualem
672 5129 1055 5185 celebritatem.
1084 5130 1370 5186 Enimvero
1396 5146 1496 5200 ego
1520 5141 1721 5186 tantum
1749 5134 1900 5188 abest

325 5226 380 5271 ut
417 5232 660 5274 recusem
700 5219 1025 5274 Maccahazos
1059 5222 1267 5275 (ueteris
1297 5224 1616 5292 martyribus
1644 5238 1900 5279 annume

324 5322 461 5372 rare,
480 5319 535 5363 ut
549 5309 706 5364 etiam
723 5309 1108 5377 Splendidiores
1126 5311 1242 5373 illos
1255 5327 1370 5366 esse
1383 5312 1575 5368 dicam.
1591 5314 1739 5367 Tune
1752 5314 1896 5368 enim

320 5408 781 5466 concertavcrunt,
797 5414 915 5453 cum
930 5401 1161 5454 nondum
1179 5411 1342 5471 portu:
1359 5418 1513 5456 aerea:
1532 5403 1707 5457 fractze
1719 5412 1897 5459 essent

323 5505 491 5558 neque
514 5491 679 5545 vectis
697 5490 904 5546 ferreus
930 5494 1228 5548 abstractus
1252 5514 1264 5546 :
1290 5512 1408 5550 cum
1427 5496 1601 5551 adhuc
1622 5508 1893 5565 peccatum

322 5581 704 5647 dominaretur,
737 5594 789 5638 et
808 5585 1109 5639 maledictio
1137 5585 1366 5656 vigeret;
1390 5598 1544 5656 atque
1563 5604 1681 5642 cum
1700 5590 1892 5643 diaboli

324 5687 413 5724 arx
436 5671 611 5725 adhuc
629 5681 815 5737 staret,
848 5673 1074 5727 necdum
1105 5675 1222 5728 talis
1244 5677 1454 5729 virtutis
1485 5678 1562 5728 via
1585 5678 1703 5731 trita
1728 5688 1888 5732 caset.

325 5754 465 5816 Nunc
505 5762 647 5817 enim
699 5762 781 5818 vel
811 5762 1093 5820 admodum
1133 5766 1335 5835 pueruli
1377 5777 1427 5822 ct
1455 5768 1682 5838 virgines
1711 5773 1888 5824 uiuite

1012 421 1023 431 ,
1120 370 1531 433 JUJIOMJLIA,
1571 372 1656 425 DE
1697 369 1907 426 ELEAZ

2016 371 2059 426 0
2229 372 2499 431 SEPTEM
2537 375 2803 433 PUEIHS.

3494 383 3596 436 526

2005 497 2220 539 tenera:
2251 498 2301 540 ct
2331 489 2642 557 innuptaein
2679 490 2927 545 ontnibus
2952 493 3095 548 orbis
3122 496 3374 563 partibus,
3405 509 3589 551 contra

2023 579 2207 628 mortis
2253 578 2582 647 tyrannidem
2629 591 3006 639 concertavere
3047 602 3061 639 :
3095 593 3219 641 tunc
3261 598 3438 642 autem
3470 600 3597 644 ante

2021 663 2216 718 Christi
2246 668 2553 733 adventum,
2581 671 2743 726 etiam
2771 674 2802 726 ii
2826 676 2914 743 qui
2941 674 3069 744 justi
3094 687 3246 731 erant
3265 718 3280 743 ,
3311 679 3596 735 admodum

2023 755 2164 809 illam
2194 758 2563 814 formidabant.
2589 761 2794 832 Moyses
2813 765 2953 819 enim
2973 766 3126 836 hujus
3148 769 3338 823 timore
3360 773 3595 840 aufugit:

2021 845 2201 902 llelias
2226 864 2320 917 per
2343 851 2687 920 quadraginta
2717 854 2922 910 dierum
2952 857 3091 911 viam
3119 869 3397 928 propterea
3425 862 3555 932 fugit
3580 883 3592 915 :

2018 949 2074 993 et
2104 939 2368 995 Abraham
2408 943 2704 1010 patriarcha
2745 945 2864 1000 ideo
2900 963 3118 1003 uxorem
3152 951 3400 1006 manebat
3427 962 3483 1007 ut
3527 969 3586 1008 se

2019 1044 2256 1085 sororem
2284 1031 2516 1098 diceret,
2569 1050 2672 1088 non
2704 1051 2942 1091 uxorem.
2973 1039 3166 1109 Ecquis
3207 1051 3418 1111 Oportet
3456 1044 3593 1100 alios

1998 1121 2231 1181 dicere?
2275 1124 2389 1192 ipse
2443 1140 2669 1195 namque
2708 1128 2895 1185 Petrus
2944 1130 3014 1185 ita
3066 1145 3291 1189 mortem
3334 1137 3592 1205 timebat,

2019 1220 2080 1268 ut
2105 1229 2170 1270 ne
2194 1216 2428 1269 ostiaria:
2458 1217 2675 1286 quidem
2701 1221 2872 1275 minas
2905 1223 3085 1278 tulerit
3112 1242 3126 1278 :
3157 1228 3409 1283 terribilis
3440 1246 3592 1284 nam-

2017 1320 2123 1374 que
2166 1321 2312 1360 mors
2337 1314 2453 1361 erat
2478 1319 2531 1362 et
2562 1309 2855 1379 inaccessa,
2886 1328 3006 1367 cmn
3034 1315 3267 1370 nondum
3301 1320 3447 1373 nervi
3477 1319 3592 1389 ejus

2017 1396 2218 1450 exsecti
2248 1395 2470 1452 fuissent
2499 1415 2598 1454 nec
2632 1411 2866 1470 potestas
2893 1403 3010 1473 ejus
3029 1405 3227 1460 soluta.
3263 1409 3508 1464 Attamen
3539 1409 3590 1463 hi

2017 1494 2177 1555 tunc,
2227 1489 2440 1559 quando
2488 1491 2575 1546 illa
2630 1502 2734 1547 tam
2791 1495 3102 1553 terribiliter
3138 1499 3402 1567 spirabat,
3449 1501 3588 1555 illan:

2019 1593 2455 1650 expugnaverunt
2482 1590 2537 1637 et
2563 1583 2895 1641 devicerunt.
2924 1587 3059 1655 Quia
3098 1589 3239 1643 enim
3270 1590 3379 1659 jam
3410 1593 3487 1646 sol
3506 1594 3589 1661 ju-

2018 1671 2176 1725 stilize
2197 1671 2431 1727 oriturus
2459 1683 2594 1740 erat,
2617 1675 2755 1745 quod
2777 1676 2830 1731 in
2850 1678 3048 1747 vulgari
3065 1678 3153 1733 die
3180 1682 3257 1743 lit,
3283 1681 3443 1736 etiam
3467 1691 3590 1737 tunc

2018 1760 2239 1829 contigit
2268 1777 2283 1814 :
2325 1763 2463 1817 sicut
2490 1765 2633 1818 enim
2659 1767 2773 1820 sole
2802 1767 3036 1822 nondum
3066 1780 3376 1838 apparente,
3409 1770 3589 1826 la-tum

2021 1858 2197 1905 tamen
2254 1852 2408 1907 nobis
2453 1853 2743 1929 diluculum
2791 1865 3056 1926 apparet,
3099 1869 3156 1914 et
3192 1875 3313 1914 cum
3356 1862 3590 1918 nondum

2018 1940 2223 1996 salares
2250 1941 2382 1997 radii
2431 1945 2537 1999 sint
2568 1945 2876 2013 manifesti,
2927 1947 3018 2002 lux
3082 1950 3588 2020 radioruurprocul

2019 2032 2208 2087 orbem
2241 2033 2502 2089 illuminat
2536 2054 2548 2088 :
2582 2036 2721 2091 idem
2749 2045 2803 2089 et
2829 2045 2955 2092 tunc
2998 2039 3237 2109 contigit.
3268 2041 3401 2108 Quia
3445 2042 3586 2095 enim

2017 2127 2343 2181 adventutus
2368 2138 2483 2182 erat
2501 2128 2589 2183 Sol
2600 2129 2841 2199 justitim,
2864 2129 3075 2185 tandem
3096 2130 3330 2186 diuturni
3360 2135 3589 2203 torporis

2017 2217 2252 2271 tenebrae
2308 2218 2681 2285 solvebantur,
2736 2220 2837 2275 etsi
2883 2221 3119 2276 nondum
3170 2235 3488 2292 apparuerat
3535 2226 3586 2278 in

2013 2322 2198 2374 carne,
2228 2310 2321 2365 sed
2351 2325 2517 2381 prope
2547 2323 2661 2367 erat
2684 2323 2737 2368 ct
2777 2313 2930 2383 quasi
2954 2315 3006 2368 in
3034 2314 3336 2384 prooemiis,
3382 2325 3437 2369 et
3473 2314 3585 2386 jam

1991 2413 2103 2475 .res
2130 2401 2270 2469 ipsas
2293 2402 2557 2471 tangebat.

2088 2493 2344 2548 Probatur
2371 2493 2694 2551 Macltabwos
2720 2514 2811 2568 pro
2827 2497 3026 2553 Christo
3048 2516 3221 2567 passos
3236 2500 3584 2567 esseQuod

2012 2584 2174 2656 igitur
2226 2602 2473 2657 magnam
2528 2587 2875 2645 exhibui-rint
2926 2591 3177 2645 virtutem
3209 2632 3224 2655 ,
3285 2592 3338 2646 in
3394 2592 3585 2645 talihns

1992 2674 2409 2745 concertantes
2432 2681 2783 2750 temporibus,
2817 2681 3037 2737 omnino
3075 2683 3248 2753 palam
3292 2692 3372 2737 est
3401 2700 3414 2734 :
3442 2682 3583 2750 quod

2013 2785 2140 2825 vero
2165 2771 2323 2825 etiam
2351 2787 2448 2841 pro
2493 2770 2708 2827 Christo
2747 2772 2969 2828 vulnera
2998 2774 3323 2843 acceperint,
3349 2773 3449 2827 hoc
3472 2773 3581 2840 jam

2011 2863 2380 2920 demonstrare
2406 2867 2662 2920 conabor.
2688 2866 2797 2920 Cur
2817 2866 2982 2932 enim,
3001 2866 3089 2920 die
3106 2865 3258 2932 mihi,
3279 2871 3415 2934 passi
3435 2866 3583 2919 sunt?

2009 2953 2141 3022 legis
2170 2969 2326 3009 causa
2354 2997 2368 3020 ,
2404 2956 2632 3025 inquies,
2688 2966 2743 3011 et
2792 2958 3177 3026 scripturarum
3222 2972 3341 3027 qua:
3389 2958 3438 3011 in
3493 2957 3581 3011 illa

2007 3054 2179 3101 erant.
2204 3046 2261 3100 Si
2287 3061 2415 3117 ergo
2455 3048 2762 3117 apparuerit
2784 3047 3056 3102 Christum
3091 3048 3264 3118 legem
3309 3048 3451 3102 illam
3483 3047 3581 3102 tle-

2006 3136 2172 3203 disse,
2202 3152 2379 3193 annon
2409 3140 2755 3207 conmpicuum
2786 3149 2866 3194 est
2889 3137 3009 3193 illos
3036 3154 3133 3208 pro
3161 3141 3274 3208 lege
3298 3140 3577 3209 patientes,

2006 3243 2105 3299 pro
2129 3230 2431 3300 legislature
2460 3240 2623 3285 totam
2654 3232 2794 3285 illam
2823 3233 3177 3286 constantiam
3198 3244 3247 3288 et
3274 3234 3577 3303 patientiam

2005 3318 2352 3375 exhibuisse?
2380 3322 2494 3390 Age
2514 3337 2663 3392 ergo,
2689 3321 2788 3376 hoc
2808 3320 2965 3379 hodie
2987 3323 3291 3393 probemus,
3307 3323 3577 3378 Christum

2005 3427 2196 3482 nempe
2224 3426 2346 3468 esse
2385 3413 2473 3482 qui
2502 3413 2673 3482 legem
2700 3414 2863 3469 dedit.
2904 3413 3172 3484 Quisergo
3199 3415 3312 3469 lucc
3332 3416 3502 3469 dixit?
3529 3416 3577 3471 ls

2005 3506 2093 3573 qui
2127 3505 2239 3560 hrec
2280 3505 2445 3574 probe
2476 3506 2677 3559 sciebat
2702 3515 2916 3560 etnova
2942 3518 2996 3559 et
3020 3518 3219 3571 vetera,
3247 3507 3458 3571 Paulus,
3488 3524 3577 3561 or-

2005 3599 2086 3653 bis
2109 3598 2294 3653 doctor
2315 3619 2327 3652 :
2352 3599 2641 3654 Corinthiis
2664 3614 2891 3667 namque
2911 3600 3171 3665 scribens,
3197 3599 3274 3654 sic
3300 3600 3531 3668 loquitur
3557 3616 3571 3652 :

2005 3688 2145 3742 Nolo
2173 3699 2339 3743 autent
2381 3707 2466 3744 vos
2509 3691 2759 3759 ignorare,
2804 3695 3008 3761 fratres,
3052 3691 3169 3760 quia
3210 3700 3375 3759 patres
3417 3694 3576 3745 nostri

2004 3796 2172 3833 omnes
2211 3780 2300 3833 sub
2340 3780 2469 3834 nube
2494 3782 2729 3849 fuerunt,
2759 3790 2804 3834 et
2826 3797 2998 3835 omnes
3040 3798 3126 3851 per
3158 3798 3297 3835 mare
3343 3780 3573 3836 Rubrum

2004 3871 2330 3933 transierunt,
2365 3879 2411 3924 et
2431 3887 2601 3925 omnes
2624 3872 2678 3925 in
2701 3870 2878 3941 Moyse
2901 3870 3138 3942 baptizati
3161 3883 3274 3924 sunt
3298 3873 3351 3926 in
3382 3875 3510 3925 nube
3531 3884 3575 3925 rt

2003 3959 2055 4012 in
2083 3962 2226 4025 mari,
2255 3969 2301 4013 et
2322 3978 2491 4016 ontncs
2509 3963 2733 4016 eumdem
2756 3964 2921 4015 cibum
2954 3962 3269 4029 spiritualetu
3298 3967 3574 4015 "tandum-

2003 4061 2176 4106 verum
2199 4052 2216 4122 (
2245 4055 2292 4108 l.
2313 4052 2430 4107 Cor.
2455 4053 2540 4109 l0.
2564 4055 2660 4108 {-3
2686 4053 2728 4125 ),
2750 4053 2817 4108 de
2843 4069 3033 4107 manna
3057 4053 3304 4120 loquens,
3331 4065 3383 4111 et
3403 4071 3575 4107 omnes

2002 4144 2230 4197 eumdem
2280 4153 2451 4214 potum
2489 4145 2806 4218 spiritualent
2854 4143 3098 4207 biberunt,
3148 4161 3339 4213 aquam
3390 4145 3575 4199 dit-ens

2005 4234 2171 4298 illam,
2195 4250 2314 4304 qua:
2334 4251 2362 4289 e
2385 4244 2531 4304 petra
2553 4235 2724 4290 uxit.
2745 4234 2944 4290 Deinde
2963 4246 3241 4305 postquam
3266 4237 3575 4291 oSIcnderat

2003 4324 2271 4379 Christum
2303 4324 2416 4379 haec
2447 4325 2709 4379 mirabilia
2739 4325 2926 4380 fecisse
2946 4365 2963 4390 ,
2990 4325 3260 4394 subjunxit
3292 4343 3305 4379 :
3337 4326 3574 4380 Bibebant

2003 4416 2131 4469 enim
2164 4430 2227 4468 ca:
2261 4415 2512 4485 spirituafi
2537 4426 2866 4486 consequente
2900 4432 2986 4471 eos
3025 4424 3164 4483 petra
3186 4431 3203 4470 :
3227 4426 3368 4487 petra
3409 4432 3572 4472 autem

2002 4516 2107 4560 erat
2134 4506 2362 4561 Christus
2389 4507 2409 4575 (
2436 4503 2573 4561 Ibid.
2608 4523 2657 4560 .
2689 4508 2722 4561 4
2748 4505 2790 4579 ).
2907 4506 3028 4576 jure
3057 4517 3204 4562 certe
3240 4524 3270 4560 :~
3290 4526 3392 4562 non
3433 4510 3572 4563 enim

2003 4606 2167 4665 petrae
2196 4606 2380 4651 natura
2410 4598 2684 4651 emittebat
2722 4613 2914 4667 aquam
2964 4607 3019 4653 et
3057 4598 3244 4653 uvios
3299 4599 3437 4660 illos.
3477 4601 3569 4655 se-l

2002 4685 2197 4741 Christi
2223 4688 2462 4755 oprratio
2491 4687 2716 4756 lapidem
2765 4689 3072 4758 percutiens
3126 4687 3298 4741 fontes
3326 4690 3572 4742 emittere

2003 4779 2197 4848 coegit.
2229 4779 2351 4834 Ideo
2408 4780 2568 4833 etiam
2617 4780 2945 4850 spiritualem
3001 4790 3202 4848 petram
3255 4781 3481 4844 vocavit,
3516 4792 3569 4834 et

2005 4868 2147 4935 ipsos
2189 4879 2464 4939 sequutum
2496 4884 2616 4924 esse
2642 4870 2815 4924 dixit:
2854 4871 3068 4924 sensilis
3099 4885 3226 4924 vero
3273 4880 3416 4937 petra
3463 4887 3566 4924 non

2002 4958 2261 5026 sequitur,
2292 4958 2385 5013 sed
2414 4959 2465 5012 in
2494 4959 2612 5012 loco
2637 4973 2742 5012 uno
2769 4959 2974 5013 stabilis
2999 4969 3081 5013 est
3114 4975 3127 5011 :
3158 4959 3249 5013 sed
3273 4961 3439 5013 virtus
3458 4963 3566 5021 illa,

2001 5064 2119 5116 qua:
2149 5049 2339 5118 ubique
2365 5048 2515 5102 adest
2553 5059 2605 5104 et
2631 5050 2810 5103 omnia
2832 5058 3000 5112 creat,
3037 5050 3153 5117 ipsa.
3175 5061 3375 5118 petram
3408 5052 3572 5118 rupit.

2001 5138 2150 5205 Quod
2177 5139 2221 5193 si
2251 5138 2365 5193 hace
2390 5140 2550 5194 verba
2582 5155 2688 5193 non
2711 5139 2844 5194 ferat
2868 5139 3103 5201 Judmus,
3133 5155 3231 5208 age
3256 5142 3366 5193 suis
3396 5141 3563 5209 ipsum

2001 5230 2163 5283 armis
2181 5230 2472 5297 capiamus,
2506 5230 2724 5285 nihilex
2750 5231 2935 5297 Paulo,
2961 5231 3119 5285 Petro
3141 5241 3193 5285 et
3222 5232 3447 5296 Joanne,
3468 5235 3561 5288 Sed

2000 5334 2063 5371 es
2090 5317 2363 5388 prophetis
2390 5334 2507 5372 cum
2553 5319 2644 5372 illo
2694 5320 3044 5387 disputantes,
3079 5331 3135 5375 ut.
3182 5323 3348 5377 discat
3374 5324 3565 5380 literas

2000 5424 2164 5477 penes
2188 5409 2354 5471 illum,
2385 5424 2538 5462 sensa
2567 5424 2692 5464 vero
2719 5425 2882 5478 penes
2908 5426 3003 5465 nos
3032 5428 3169 5468 esse.

2072 5500 2123 5550 5.
2152 5499 2279 5562 Quis
2323 5513 2450 5567 ergo
2495 5499 2871 5566 prophetarum
2922 5501 3033 5556 hac
3072 5503 3236 5570 dicit,
3267 5506 3406 5574 quod
3454 5507 3564 5575 ipse

2001 5596 2151 5641 wtus
2174 5587 2573 5642 Testamentum
2604 5588 2847 5643 dederit?
2874 5590 3133 5648 Jeremias
3162 5596 3252 5663 qui
3280 5612 3347 5650 ex
3379 5609 3558 5654 ventze

1998 5679 2353 5732 sanrtilicatus
2397 5688 2510 5745 est,
2552 5682 2640 5749 qui
2690 5681 2741 5734 in
2788 5682 3064 5751 juventute
3110 5688 3321 5742 claruit.
3371 5687 3467 5744 Ubi
3516 5701 3570 5744 et

1999 5770 2299 5840 quomodo?
2329 5771 2461 5826 Audi
2494 5774 2650 5829 verba
2689 5774 2825 5844 ejus,
2857 5785 2910 5831 et
2938 5790 3003 5834 ex
3034 5776 3188 5835 dictis
3216 5779 3358 5837 clare
3395 5780 3558 5839 disce.
