3966 6160
373 365 479 422 527

376 482 635 544 Qumnam
699 479 857 550 igitur
921 486 1046 531 sunt
1099 475 1295 530 verba?
1354 471 1486 526 Ecce
1542 471 1648 525 dies
1711 470 1956 532 veniunt,

380 570 503 622 dicit
551 568 816 623 Dominus.
849 569 928 622 Ab
960 569 1109 621 initio
1140 567 1319 620 statim
1365 563 1664 618 auditorem
1696 561 1872 630 erigit,
1905 566 1956 612 et

382 661 706 715 amlieutitnn
737 676 952 715 sensum
996 661 1214 722 excitat,
1247 656 1538 712 ostendens
1566 670 1670 709 non
1713 668 1806 707 sua
1838 665 1959 705 esse

383 755 563 818 verba,
582 755 674 808 sed
702 769 760 810 se
791 754 1048 808 mittentis
1080 754 1192 805 Dei.
1221 752 1350 805 Ecce
1377 750 1482 803 dies
1502 749 1726 803 veniunt.
1757 743 1960 799 Deinde

381 847 644 918 signiﬁcat
669 863 728 901 se
758 847 827 902 de
871 847 1060 900 futuris
1096 846 1254 900 rebus
1298 843 1464 913 loqui.
1497 839 1778 908 Quomodo
1806 851 1956 906 ergo,

382 942 427 993 si
480 939 548 1002 de
607 938 798 992 futuris
844 939 1118 1006 loquitur,
1156 936 1319 990 Vetus
1382 935 1785 988 Testamentum
1848 929 1964 995 ipse

385 1029 575 1085 dedit?
617 1029 879 1098 Exspecta
939 1037 994 1083 et
1039 1045 1106 1081 ne
1165 1026 1397 1080 turberis
1451 1035 1682 1093 tuncque
1727 1020 1967 1074 veritatis

385 1123 727 1192 splendorem
779 1121 1007 1175 videbis.
1059 1120 1192 1174 Cum
1249 1121 1392 1174 enim
1450 1117 1567 1172 haec
1613 1113 1964 1180 dicebantur,

390 1217 469 1270 lex
499 1214 618 1268 data
649 1224 764 1268 erat
803 1223 857 1267 et
898 1214 1090 1267 violata
1122 1209 1316 1277 fuerat,
1340 1209 1544 1264 Novum
1598 1223 1726 1261 vero
1774 1206 1965 1260 Testa-

387 1319 626 1361 mentum
676 1305 934 1360 nondum.
970 1305 1062 1358 llis
1107 1319 1236 1374 ergo
1289 1303 1430 1357 clare
1462 1302 1513 1354 in
1560 1309 1740 1354 mente
1788 1306 1966 1350 vestra

386 1400 686 1470 depositis.
747 1400 1070 1453 solutionem
1135 1396 1362 1465 accipite
1411 1393 1782 1448 difﬁcultatum
1835 1403 1969 1459 quas

391 1491 545 1544 multi
591 1490 872 1559 objiciunt.
930 1489 1058 1543 Ecce
1098 1487 1205 1540 dies
1245 1486 1482 1550 veniunt,
1536 1483 1656 1536 dicit
1695 1481 1969 1546 Dominus,

394 1598 632 1651 pra-setis
680 1591 890 1650 tempus
932 1580 1260 1650 signiﬁcans,
1311 1589 1358 1632 et
1393 1578 1663 1646 disponant
1708 1573 1844 1628 vobis
1895 1583 1970 1627 ts-

391 1685 694 1728 stamentum
736 1689 937 1737 novum,
983 1689 1084 1726 non
1122 1670 1400 1726 secundum
1437 1678 1790 1724 testamentum
1839 1665 1974 1734 quod

392 1766 619 1832 disposui
662 1764 888 1832 patribus
927 1764 1100 1817 vestris
1149 1763 1296 1833 (Jer.
1338 1763 1427 1816 5|.
1471 1761 1561 1816 51.
1615 1761 1684 1814 3‘2
1711 1761 1749 1830 ).
1806 1759 1976 1813 luter-

396 1873 527 1926 rogo
577 1856 860 1916 Jttdu'uttt,
914 1857 1183 1925 interrogo
1233 1855 1500 1908 inﬁrmum
1551 1852 1792 1915 fratrem,
1848 1849 1980 1917 Quis

397 1965 591 2002 novum
642 1948 792 2002 dedit
834 1947 1276 2002 Testamentum?
1305 1945 1497 2000 Procul
1555 1943 1719 1999 dubio
1756 1956 1982 2012 respon-

394 2041 598 2095 debunt
628 2042 810 2108 ambo,
843 2041 984 2108 quod
1010 2039 1258 2094 Christus
1285 2038 1512 2094 dederit.
1541 2038 1684 2108 Ergo
1716 2035 1803 2092 hic
1827 2044 1979 2091 vetus

396 2136 556 2188 etiam
607 2135 774 2190 dedit.
835 2135 968 2189 Nam
1011 2135 1101 2204 qui
1158 2134 1336 2196 dixit,
1384 2132 1667 2202 Disponam
1715 2139 1984 2184 testamen-

399 2237 502 2278 tum
533 2242 734 2291 norum,
761 2242 860 2279 non
890 2227 1163 2279 secundum
1197 2234 1544 2278 testamentum
1573 2221 1708 2290 quod
1735 2221 1981 2289 disposui,

399 2321 633 2375 ostendit
662 2336 720 2374 se
747 2321 907 2374 etiam
955 2319 1080 2372 illud
1119 2318 1332 2372 dedisse
1363 2336 1375 2369 :
1405 2332 1533 2387 ergo
1572 2317 1849 2386 utriusque
1881 2313 1986 2370 Te-

401 2414 650 2466 stamenti
683 2428 818 2466 unus
842 2412 1118 2482 legislator
1137 2419 1238 2465 est.
1275 2411 1338 2464 Et
1363 2409 1722 2479 quandonam,
1758 2422 1941 2478 quwso
1969 2448 1986 2473 ,

404 2515 557 2558 vetus
586 2503 984 2558 Testamentum
1010 2501 1310 2569 disposuit?
1346 2498 1412 2553 In
1450 2501 1531 2553 die
1570 2516 1670 2568 qua
1711 2515 1864 2551 manu
1891 2515 1988 2566 ap-

407 2594 648 2664 prehendi
671 2610 774 2657 eos,
796 2603 853 2647 ut
878 2593 1139 2646 educerent
1163 2592 1280 2645 illos
1301 2592 1362 2645 de
1383 2600 1516 2643 terra
1539 2589 1756 2661 Egypti
1779 2589 1797 2659 (
1806 2588 1828 2641 1
1835 2589 1986 2659 bid.).

409 2689 542 2744 Vide
593 2687 862 2756 quomodo
906 2695 961 2740 et
998 2685 1306 2739 facilitatem
1343 2683 1577 2738 Ostendit
1623 2682 1906 2748 educendi,
1938 2691 1993 2736 et

408 2778 749 2834 dilectionem
789 2791 963 2841 suam,
992 2785 1047 2830 et
1071 2775 1369 2830 eductionis
1413 2775 1778 2838 securitatem,
1824 2773 1992 2843 quod-

408 2886 514 2940 que
549 2870 739 2939 ipsein
772 2867 1004 2939 Egyptc
1053 2867 1222 2924 smnia
1269 2866 1521 2920 miracula
1562 2873 1818 2935 patraret.
1857 2863 1990 2920 Cum

409 2963 555 3016 enim
580 2961 727 3025 dicit,
761 2960 974 3013 Manum
993 2975 1162 3012 eorum
1193 2959 1524 3029 apprehendi,
1549 2967 1603 3010 ut
1627 2957 1884 3010 educerem
1909 2972 1995 3010 eos

414 3055 479 3107 de
512 3062 647 3107 terra
675 3051 914 3123 diggpti,
957 3051 1214 3105 miracula
1255 3049 1432 3104 omnia
1481 3049 1742 3118 signiﬁcat
1776 3067 1789 3103 :
1821 3047 1995 3103 exitus

413 3145 558 3199 enim
590 3143 679 3198 ille
724 3157 821 3213 per
861 3142 950 3197 illa
987 3141 1248 3211 stupenda
1294 3141 1547 3195 miracula
1580 3139 1753 3195 factus
1797 3147 1897 3194 est.
1930 3138 1997 3192 Et

412 3237 515 3304 ipsi
542 3252 646 3290 non
679 3243 1066 3304 permanserunt
1109 3234 1164 3286 in
1208 3242 1499 3287 testamento
1537 3250 1646 3286 meo
1675 3251 1691 3296 ;
1719 3242 1766 3286 et
1793 3249 1884 3302 ego
1913 3250 1998 3288 ne-

415 3327 554 3394 glexi
581 3342 686 3391 eos,
726 3326 847 3380 dicit
886 3325 1134 3379 Dominus
1163 3322 1375 3395 (lbid.).
1418 3322 1570 3390 Quod
1595 3324 1752 3393 igitur
1783 3323 1904 3377 novi
1944 3331 2000 3379 et

419 3417 614 3474 veteris
641 3416 966 3472 Testamenti
1005 3430 1142 3470 unus
1169 3415 1240 3470 sit
1286 3415 1592 3484 legislator,
1627 3414 1750 3468 hinc
1779 3414 2001 3470 manife-

417 3519 558 3565 stum
603 3519 705 3564 est.
754 3508 849 3563 llic
889 3522 1018 3562 vero
1050 3507 1093 3562 si
1121 3507 1240 3578 quis
1266 3507 1464 3561 dictum
1490 3515 1744 3561 accurate
1789 3506 2000 3576 prospi-

417 3603 541 3663 ciat,
585 3600 783 3654 videbit
827 3601 998 3668 ipsum
1038 3613 1143 3652 non
1188 3598 1394 3652 modica
1438 3598 1753 3652 difficultate
1783 3599 1999 3668 plenum

418 3711 558 3750 esse.
591 3695 722 3749 Nam
759 3711 877 3748 cum
905 3708 1119 3749 causam
1166 3693 1313 3756 dicit,
1343 3693 1412 3746 ob
1443 3708 1600 3763 quam
1632 3692 1774 3746 aliud
1812 3692 2002 3746 Testa-

419 3795 656 3840 mentum
687 3785 905 3839 daturus
931 3795 1034 3849 est,
1079 3799 1273 3838 novum
1305 3783 1430 3836 illud
1478 3791 1649 3843 vocat,
1680 3781 1729 3834 id
1759 3791 1856 3845 est,
1887 3791 2003 3835 stu-

421 3878 650 3946 pendunt
681 3897 693 3930 :
725 3892 866 3940 nam,
891 3875 1193 3944 Disponam.
1215 3874 1402 3944 inquit,
1425 3883 1773 3927 testamentum
1796 3889 2000 3935 novum,

421 3986 523 4023 non
586 3969 860 4023 secundum
910 3978 1261 4021 testamentum
1305 3967 1439 4036 quod
1497 3967 1726 4036 disposui
1775 3965 2004 4035 patribus

421 4078 614 4125 eorum,
663 4061 900 4128 quoniam
945 4059 1043 4125 ipsi
1071 4074 1172 4111 non
1202 4067 1584 4126 permanserunt
1629 4058 1680 4109 in
1711 4066 2005 4110 testamento

424 4166 575 4215 meo;
619 4160 665 4204 et
701 4166 791 4220 ego
835 4149 1031 4219 neglexi
1075 4165 1195 4214 eos,
1227 4148 1349 4201 dicit
1379 4148 1646 4201 Dominus.
1696 4147 1852 4216 Atqui
1886 4148 2004 4202 ideo

425 4243 544 4294 illos
568 4241 738 4310 puniri
766 4241 1067 4308 oportebat,
1091 4249 1467 4309 extremasque
1502 4254 1684 4307 pmnas
1715 4238 2003 4292 intoleran-

425 4331 659 4398 dumque
696 4329 877 4384 subire
921 4329 1261 4398 supplicium,
1308 4328 1450 4399 quod
1497 4337 1616 4397 post
1655 4337 1797 4382 tanta
1845 4328 1896 4381 in
1923 4328 2006 4381 sui

424 4420 652 4491 gratiam
683 4419 818 4474 facta
843 4419 1115 4484 miracula,
1136 4429 1190 4472 et
1213 4419 1332 4488 lege
1353 4428 1590 4486 accepta,
1618 4435 1723 4472 non
1754 4421 2008 4474 meliores

426 4511 711 4566 evaserint.
745 4510 940 4564 Verum
985 4509 1071 4564 hic
1116 4525 1221 4564 non
1271 4525 1454 4578 poenas
1501 4510 1568 4564 ab
1619 4510 1721 4564 illis
1762 4514 2004 4579 expetit;

428 4605 536 4658 imo
567 4612 621 4658 et
647 4603 846 4672 majora
879 4618 1038 4672 quam
1070 4601 1215 4670 prius
1243 4601 1543 4671 pollicetur.
1575 4603 1860 4669 Oporteret
1888 4604 2008 4671 qui-

425 4698 549 4752 dem
577 4697 750 4752 adhuc
783 4696 938 4751 hodie
969 4695 1128 4765 hujus
1151 4693 1481 4748 difﬁcultatis
1506 4694 1827 4748 solutionem
1851 4694 2010 4749 ali‘er-

429 4804 527 4852 re;
555 4788 650 4842 sed
685 4787 807 4857 quia
837 4786 903 4840 ad
933 4786 1092 4840 aliam
1119 4799 1234 4839 rem
1258 4800 1356 4838 nos
1386 4800 1565 4839 sermo
1591 4785 1802 4848 invitat,
1835 4795 1882 4838 et
1937 4787 2006 4839 ita

431 4879 680 4933 volumus
709 4892 804 4931 vos
834 4877 1132 4940 instituere,
1163 4885 1220 4929 ut
1248 4890 1358 4929 nea
1386 4875 1538 4928 nobis
1565 4875 1740 4928 omnia
1769 4875 2005 4942 discatis,

431 4971 525 5025 sed
548 4979 602 5025 et
631 4986 660 5023 a
689 4969 838 5023 vobis
862 4968 989 5037 ipsis
1019 4967 1322 5029 inveniatis,
1356 4968 1456 5020 hoc
1479 4966 1631 5020 vobis
1661 4968 2006 5036 qumrendum

429 5072 483 5116 et
511 5060 887 5116 inveniendum
937 5059 1198 5128 relinquo.
1246 5057 1300 5112 Si
1347 5066 1524 5110 autem
1574 5057 1861 5111 viderimus
1913 5074 2008 5112 vos

433 5151 811 5222 pertptisivisse
838 5166 937 5206 nec
957 5150 1244 5212 invenisse,
1278 5157 1402 5201 tunc
1421 5156 1476 5202 et
1497 5148 1594 5216 ipsi
1619 5163 1807 5201 manus
1833 5150 2007 5215 porri-

431 5261 619 5315 gemus
651 5261 666 5297 :
700 5253 755 5296 ιιι
785 5258 913 5297 vero
956 5243 1117 5295 etiam
1160 5240 1365 5294 facilius
1407 5239 1645 5294 invenire
1692 5241 1924 5307 possitis.
1958 5248 2011 5292 et

431 5339 723 5408 apostolica
753 5336 888 5397 loca,
923 5337 973 5388 in
1003 5335 1155 5404 queis
1183 5335 1412 5386 maxime
1445 5333 1758 5386 thesaurum
1789 5341 1841 5386 et
1864 5332 2007 5386 difﬁ-

429 5427 819 5495 cultatishujus
839 5426 1160 5479 solutionem
1190 5425 1430 5477 invenire
1455 5432 1556 5488 est,
1578 5423 1689 5492 jam
1711 5423 1857 5475 vobis
1877 5438 2013 5492 pra:-

431 5523 617 5574 nuntio
647 5537 658 5572 :
689 5521 738 5572 in
773 5519 1015 5587 epistolis
1039 5532 1230 5586 nempe
1266 5515 1331 5568 ad
1359 5515 1651 5576 Romanos,
1688 5513 1751 5566 ad
1795 5513 2010 5568 Galatas

431 5623 484 5664 et
505 5612 570 5664 ad
600 5611 852 5664 Hebraeos
873 5611 970 5664 hoc
988 5617 1356 5678 argumentum
1378 5616 1612 5660 tractans
1637 5607 1724 5658 ille
1742 5605 2008 5659 dissolvit.

435 5701 498 5753 Et
528 5700 749 5754 studiosi
779 5701 972 5768 quique
1008 5706 1280 5767 poterunt,
1303 5696 1555 5765 epistolas
1585 5696 1703 5748 illas
1725 5693 2006 5760 adeuntes,

435 5790 758 5846 solutionem
816 5791 961 5845 illam
1006 5789 1286 5856 invenire,
1341 5788 1386 5842 si
1441 5788 1846 5858 insequentibus
1899 5789 2010 5848 die-

1123 362 1179 416 S.
1219 356 1498 416 JOANNIS
1533 347 2007 410 CllRYSOSTUMl
2049 348 2366 406 AliClllEP.
2407 349 2939 408 CONSTANTI'NOP.

3536 354 3635 410 5‘28

2065 462 2183 526 bus,
2233 463 2624 532 intempestivis
2671 466 2902 521 canibus
2947 474 3004 522 et
3043 467 3324 524 inutilibus
3366 470 3644 542 colloquiis

2066 570 2170 608 non
2202 571 2297 609 vos
2321 555 2598 623 dederitis,
2627 558 2722 612 sed
2751 559 3019 614 dictorum
3046 559 3396 617 meditatione
3425 577 3643 631 Operam

2067 650 2258 706 dantes
2285 652 2594 710 thesaurum
2619 656 2937 713 effoderitis.
2964 659 3077 715 Hoc
3122 660 3336 716 interim
3365 663 3645 720 insolutum

2069 744 2450 814 relinquentes,
2497 749 2563 803 ad
2600 751 2877 820 sequentia
2922 753 3351 823 progrediamur.
3396 757 3649 822 Qumnam

2073 833 2161 887 illa
2203 837 2370 888 sunt?
2423 838 2674 902 Quoniam
2703 842 2800 894 hoc
2824 851 2896 897 est
2922 852 3290 910 testamentum,
3314 849 3451 916 quod
3479 847 3655 916 dispo-

2072 943 2190 980 nam
2225 930 2382 992 vobis,
2412 931 2536 985 dicit
2567 933 2815 986 Dominus
2849 947 2868 988 :
2901 933 3046 989 Dans
3063 936 3195 1006 leges
3216 954 3350 991 meas
3399 940 3451 991 in
3496 949 3655 993 mente

2072 1035 2268 1085 eorum,
2300 1031 2345 1074 et
2376 1023 2427 1075 in
2459 1023 2610 1076 corde
2637 1041 2807 1078 eorum
2838 1025 3119 1080 describam
3144 1044 3249 1082 eas.
3282 1029 3347 1081 Et
3376 1046 3478 1084 non
3507 1031 3656 1084 doce—

2075 1113 2195 1165 bunt
2245 1115 2585 1185 unusquisque
2613 1117 2766 1171 civem
2801 1135 2980 1188 suum,
3012 1130 3058 1173 et
3082 1122 3420 1190 unusquisque
3448 1127 3658 1193 fratrem

2073 1217 2243 1272 suum,
2275 1206 2446 1260 dicens
2477 1222 2496 1261 :
2519 1207 2780 1279 Cognosce
2805 1209 3084 1264 Dominum
3115 1228 3134 1266 :
3161 1213 3282 1282 quia
3301 1230 3475 1268 omnes
3501 1216 3658 1270 scient

2074 1311 2155 1348 me
2182 1313 2213 1347 a
2241 1313 2396 1365 parvo
2437 1316 2590 1369 usque
2615 1300 2684 1354 ad
2725 1317 2967 1372 magnum
2995 1318 3166 1356 eorum
3189 1344 3205 1371 ,
3245 1306 3365 1374 quia
3409 1307 3659 1376 prapitius

2076 1401 2162 1439 ero
2189 1387 2536 1453 iniquitatibus
2563 1406 2736 1443 eorum
2781 1401 2828 1446 et
2867 1394 3088 1463 peccatis
3134 1410 3329 1460 eorum,
3384 1407 3430 1450 et
3473 1397 3661 1464 iniqui-

2079 1486 2237 1530 tatum
2285 1495 2459 1532 eorum
2492 1497 2593 1534 non
2639 1482 2945 1538 recordabar
2990 1487 3212 1554 amplius
3253 1486 3412 1560 (Jer.
3447 1489 3537 1544 51.
3569 1490 3660 1544 3'5.

2079 1569 2148 1623 51
2179 1571 2215 1630 ).
2271 1568 2404 1624 Cum
2452 1572 2677 1627 dixisset
2729 1583 2886 1629 vetus
2932 1576 3332 1632 Testamentum
3374 1579 3516 1650 quod
3565 1580 3662 1636 de-

2080 1658 2194 1725 dit;
2222 1675 2343 1714 cum
2392 1661 2618 1718 dixisset
2661 1679 2858 1720 novum
2905 1668 3047 1736 quod
3090 1668 3311 1724 daturus
3353 1681 3472 1737 est;
3505 1671 3665 1740 hujus

2077 1749 2189 1818 jam
2220 1751 2672 1820 pulchritudinem
2718 1756 2995 1825 describit,
3022 1759 3297 1830 ipsiusque
3325 1760 3666 1818 characteres

2081 1843 2348 1909 ostendit,
2402 1855 2458 1901 et
2511 1848 2738 1917 insignia
2779 1849 3078 1920 frequentia
3123 1855 3362 1923 apponit,
3415 1863 3477 1908 ut
3526 1859 3667 1913 scias

2083 1943 2281 2004 quanta
2308 1936 2376 1990 sit
2406 1937 2704 1994 differentia
2735 1955 2926 1995 novum
2951 1941 3090 1996 inter
3116 1953 3169 1998 et
3194 1955 3386 2010 vetus;
3417 1947 3671 2004 differen-

2085 2027 2180 2092 tia,
2203 2043 2308 2082 non
2325 2031 2702 2097 contrarietas;
2722 2044 2917 2103 quanta
2938 2035 3064 2089 novi
3088 2039 3481 2106 exsuperantia,
3503 2057 3671 2111 quan-

2087 2129 2173 2175 tus
2211 2123 2482 2191 splendor,
2510 2135 2740 2194 quantus
2767 2125 2941 2197 fulgor
2966 2128 3227 2183 donorum
3260 2141 3313 2185 et
3354 2135 3560 2201 gratim.

2161 2213 2215 2266 4.
2243 2213 2470 2280 Quinam
2499 2231 2630 2286 ergo
2654 2226 2778 2271 sunt
2805 2219 2926 2272 novi
2961 2221 3340 2276 characteres?
3367 2223 3511 2277 Dans
3541 2225 3674 2295 leges

2087 2321 2226 2359 meas
2249 2307 2300 2359 in
2325 2317 2487 2360 mente
2509 2324 2700 2373 eorum,
2741 2318 2787 2362 et
2817 2311 2869 2362 in
2896 2311 3046 2365 corde
3069 2327 3240 2364 eorum
3267 2313 3538 2367 inscribam
3567 2335 3673 2370 cas.

2092 2397 2259 2452 Vetus
2301 2399 2442 2454 enim
2484 2400 2569 2454 lex
2618 2402 2669 2455 in
2711 2401 2907 2458 tabulis
2949 2403 3174 2474 lapideis
3218 2407 3415 2476 scripta
3445 2418 3593 2474 erat;
3623 2419 3679 2463 et

2091 2491 2216 2559 quia
2266 2492 2450 2560 prima:
2501 2493 2695 2548 tabula:
2750 2496 3035 2551 confractm
3093 2495 3274 2563 fuere,
3307 2500 3439 2554 alias
3490 2518 3679 2557 rursus

2093 2583 2332 2650 paravit;
2366 2593 2562 2638 etcum
2613 2585 2685 2639 ibi
2731 2587 2914 2642 literas
2962 2589 3350 2658 insculpsisset,
3403 2591 3682 2649 deset-ntlit

2092 2670 2322 2742 Moyses,
2369 2674 2765 2730 insensibilitati
2809 2678 3180 2749 recipientium
3241 2691 3429 2736 natura
3474 2685 3682 2739 similes

2097 2763 2302 2817 tabulas
2353 2763 2575 2820 lubens.
2637 2767 2840 2822 Novum
2882 2779 3057 2824 autem
3087 2787 3192 2826 non
3235 2773 3306 2826 ita
3341 2791 3490 2828 :non
3536 2777 3680 2830 enim

2098 2854 2290 2909 tabula:
2318 2856 2593 2927 insculpta:
2624 2858 2856 2924 fuerunt,
2886 2877 3009 2916 cum
3040 2878 3234 2917 novum
3276 2864 3682 2922 Testamentum

2097 2943 2276 3000 datum
2323 2957 2443 3012 est;
2509 2948 2604 3004 sed
2649 2951 2916 3020 quomodo
2974 2961 3028 3008 et
3081 2967 3183 3023 qua
3239 2955 3488 3011 ratione?
3543 2959 3684 3012 Audi

2097 3035 2297 3091 Lucam
2325 3049 2628 3094 narrantem
2660 3059 2671 3093 :
2711 3040 2875 3096 Erant
2895 3060 3068 3098 omnes
3097 3047 3403 3102 unanimiter
3427 3050 3479 3102 in
3509 3051 3686 3104 eodem

2098 3132 2230 3197 loco,
2262 3132 2429 3201 inquit
2458 3151 2470 3186 :
2505 3143 2552 3186 et
2577 3137 2742 3205 {actus
2779 3144 2853 3189 est
2882 3147 3086 3206 repente
3112 3138 3174 3191 de
3201 3139 3324 3193 cwlo
3357 3157 3514 3196 sonus
3549 3153 3685 3196 tant-

2099 3240 2249 3294 quam
2285 3225 2596 3279 advenientis
2632 3227 2842 3296 spiritus
2889 3227 3190 3284 vehementis
3220 3247 3239 3284 :
3263 3241 3310 3285 et
3338 3245 3690 3302 apparuerunt

2096 3315 2204 3369 illis
2245 3316 2524 3385 dispertita:
2564 3315 2753 3387 lingua:
2783 3327 3036 3388 tamquam
3084 3321 3216 3390 ignis
3237 3337 3256 3375 :
3283 3331 3330 3376 et
3359 3323 3483 3376 sedit
3526 3341 3692 3393 supra

2103 3407 2329 3475 singulos
2355 3423 2564 3472 eorum;
2601 3417 2647 3460 et
2695 3409 2876 3478 repleti
2900 3419 3018 3464 sunt
3060 3427 3232 3466 omnes
3264 3412 3461 3483 Spiritu
3486 3427 3687 3479 sancto,

2103 3506 2150 3550 et
2188 3508 2444 3566 coeperunt
2469 3498 2605 3568 loqui
2644 3499 2796 3554 variis
2830 3501 3051 3570 linguis,
3077 3515 3226 3573 prout
3272 3503 3498 3573 Spiritus
3535 3507 3691 3561 dabat

2103 3590 2269 3656 eloqui
2295 3589 2398 3644 illis
2443 3591 2462 3659 (
2493 3590 2606 3645 Act.
2636 3589 2690 3643 2.
2722 3591 2822 3645 1-4
2848 3595 2889 3662 ).
2925 3583 3108 3646 Viden'
3134 3597 3402 3663 quomodo
3418 3597 3528 3667 jam
3558 3599 3689 3651 olim

2100 3682 2362 3748 Propheta
2397 3686 2497 3737 hoc
2525 3684 2669 3738 clare
2700 3685 3108 3752 prtenunliavit,
3144 3686 3214 3741 ita
3246 3692 3468 3757 loquens
3501 3706 3514 3740 :
3546 3689 3691 3743 Dans

2105 3773 2238 3841 leges
2281 3790 2415 3825 meas
2460 3773 2512 3826 in
2560 3784 2722 3828 mente
2755 3791 2963 3841 eorum,
2998 3784 3044 3829 et
3083 3777 3139 3830 in
3178 3779 3328 3831 carde
3373 3795 3546 3832 eorum
3602 3780 3690 3830 in-

2104 3863 2320 3917 scribant
2347 3864 2482 3918 illas.
2527 3864 2756 3933 Spiritus
2800 3867 2938 3919 enim
2971 3868 3138 3936 gratia
3168 3886 3196 3922 a
3223 3869 3334 3924 Deo
3364 3871 3483 3924 data
3508 3912 3524 3936 ,
3554 3880 3610 3924 ut
3635 3873 3690 3926 in

2109 3957 2374 4009 mamilius
2403 3971 2586 4010 eorum
2621 3956 2839 4024 habitet,
2873 3960 3290 4015 columnasillos
3313 3961 3692 4016 eﬁ'ecitviven-

2107 4055 2206 4112 tes,
2251 4055 2306 4101 et
2349 4048 2514 4116 gloria
2563 4059 2794 4103 mentem
2850 4050 3152 4116 adumbrat,
3203 4053 3326 4122 quia
3369 4055 3566 4108 missus
3608 4066 3693 4109 est

2106 4137 2174 4192 ad
2217 4137 2632 4207 pra-dicandum,
2688 4138 2807 4193 Non
2853 4140 2908 4193 in
2955 4142 3203 4212 sapientia
3257 4143 3422 4208 verbi,
3482 4154 3538 4196 ut
3589 4161 3694 4198 nou

2107 4241 2369 4284 evacuetur
2397 4247 2524 4284 crux
2549 4231 2734 4285 Christi
2756 4251 2776 4296 ;
2805 4241 2858 4287 et
2896 4249 3102 4300 rursus,
3137 4235 3363 4289 Stultum
3395 4239 3511 4307 fecit
3554 4236 3694 4292 Deus

2107 4322 2409 4389 sapientiam
2459 4322 2611 4391 hujus
2656 4322 2832 4376 mundi
2867 4322 2942 4392 (1.
2974 4322 3090 4378 Cor.
3144 4325 3196 4380 1.
3242 4327 3329 4380 17.
3384 4337 3429 4380 et
3475 4327 3605 4397 9.0);
3633 4339 3694 4382 et

2109 4413 2304 4481 ubique
2352 4426 2563 4465 erucem
2617 4412 2820 4467 circum
2852 4427 3052 4473 versat.
3087 4418 3352 4483 Quoniam
3385 4417 3550 4484 enim,
3604 4420 3692 4470 iu-

2110 4504 2242 4572 quit,
2273 4499 2444 4555 Judwi
2477 4503 2620 4572 signa
2659 4510 2831 4571 petunt
2856 4545 2869 4559 .
2897 4514 2942 4557 et
2991 4503 3155 4558 (irasci
3206 4507 3503 4574 sapientiora
3547 4524 3692 4576 qua:-

2112 4603 2268 4658 runt;
2314 4610 2406 4647 nos
2458 4605 2624 4646 autem
2674 4594 3009 4662 prmdwamus
3061 4593 3321 4650 Christum
3366 4599 3689 4667 cruciﬁxum,

2110 4684 2307 4738 Juda’is
2334 4685 2535 4752 quidem
2579 4685 2896 4749 scandalum,
2929 4686 3159 4755 gentibus
3188 4698 3354 4741 autem
3377 4690 3690 4757 stultitiam;

2111 4778 2234 4842 ipsis
2267 4793 2378 4829 vero
2402 4777 2588 4829 vocatis
2617 4774 2817 4828 Judwis
2843 4786 2890 4829 et
2915 4777 3143 4846 gentibus
3170 4777 3425 4832 Christum
3465 4780 3559 4834 Dei
3586 4783 3687 4834 εἱει-

2113 4879 2267 4926 ttuent
2311 4878 2354 4922 et
2391 4867 2484 4920 Dei
2528 4868 3009 4937 sapientiam:quia
3052 4869 3187 4937 quod
3222 4871 3430 4923 stultum
3476 4883 3548 4926 est
3597 4872 3692 4926 Dei

2111 4960 2387 5027 sapientius
2429 4958 2711 5011 hommibus
2760 4967 2869 5017 est;
2908 4968 2954 5010 et
2996 4960 3133 5026 quod
3180 4960 3438 5028 inﬁrmum
3482 4973 3554 5015 est
3600 4962 3692 5015 Dei

2113 5052 2294 5119 fortius
2326 5060 2394 5102 est
2423 5048 2706 5102 hominibus
2745 5047 2848 5119 (Ib.
2874 5064 2922 5100 v.
2953 5048 3188 5117 22-25);
3240 5051 3458 5105 stultum
3507 5053 3597 5106 Dei
3640 5062 3692 5107 et

2115 5145 2380 5197 inﬁrmum
2413 5144 2502 5196 Dei
2535 5157 2748 5196 crucem
2772 5156 2988 5207 vocans,
3014 5158 3118 5196 non
3142 5144 3262 5214 quia
3283 5144 3541 5210 stultum;
3574 5160 3689 5198 nam

2113 5239 2238 5307 quid
2287 5237 2389 5290 hoc
2439 5236 2767 5304 Sapientius?
2820 5250 2991 5304 neque
3034 5235 3158 5306 quia
3205 5236 3516 5299 inﬁrmum;
3567 5237 3690 5307 quid

2114 5331 2390 5384 euim.hoc
2436 5327 2669 5381 fortius?
2698 5327 2790 5381 sed
2841 5327 3232 5381 iucredulorum
3274 5329 3581 5397 opinionem
3612 5349 3690 5384 rc-

2115 5421 2312 5483 ferens,
2355 5434 2512 5487 quam
2542 5433 2601 5471 ea
2629 5417 2694 5469 de
2724 5432 2780 5470 re
2821 5415 3136 5470 habuerunt.
3173 5418 3507 5487 Quapropter
3531 5421 3687 5475 etiam

2116 5510 2359 5580 superius
2388 5509 2596 5562 dicebat
2629 5525 2642 5560 :
2677 5506 2860 5561 Sermo
2881 5509 3012 5560 enim
3040 5509 3198 5562 crucis
3219 5510 3539 5577 pereuntibus
3563 5511 3687 5563 stul-

2121 5602 2230 5653 titia
2275 5609 2373 5663 est,
2423 5599 2636 5652 salutem
2690 5598 3098 5666 consequentibus
3140 5597 3237 5652 Dei
3281 5599 3436 5654 virtus
3482 5612 3551 5654 est
3597 5601 3684 5669 (l.

2122 5693 2240 5746 Cor.
2269 5693 2318 5746 1.
2351 5692 2460 5759 18).
2491 5690 2594 5745 Sed
2618 5705 2721 5743 non
2755 5706 2782 5742 a
2811 5691 3162 5760 pereuntibus
3187 5692 3255 5746 de
3305 5694 3466 5750 rebus
3491 5694 3683 5763 judicia

2121 5787 2338 5843 frit-mla
2370 5793 2491 5839 sunt
2517 5799 2530 5844 ;
2564 5781 2991 5854 quandoquidem
3021 5783 3058 5841 ii
3089 5785 3178 5858 qui
3215 5785 3551 5844 inﬁrmantur
3578 5789 3681 5845 mel
