3966 6160
393 369 501 423 529

381 484 574 549 μωρία
594 479 746 540 ἐστὶ,
781 475 905 542 τοῖς
932 473 1001 527 δὲ
1026 471 1382 543 σωζομένοις
1414 472 1668 551 δύναμις
1694 471 1843 526 Θεοῦ
1863 472 2053 527 ἐστιν.

403 569 539 622 Ἀλλ’
563 568 664 620 οὐκ
707 563 815 618 ἀπὸ
839 562 948 616 τῶν
1000 560 1385 631 ἀπολλυμένων
1423 561 1505 614 δεῖ
1531 559 1718 630 φέρειν
1765 559 1874 613 τῶν
1917 576 2057 629 πρα-

392 656 614 725 γμάτων
655 652 755 716 τάς
789 650 998 720 κρίσεις
1019 666 1032 680 ⁸
1058 648 1179 701 ἐπεὶ
1211 648 1302 701 καὶ
1327 649 1379 702 οἱ
1409 647 1689 712 νοσοῦντες
1722 647 1786 701 τὸ
1815 646 1937 718 μέλι
1963 665 2058 700 πι-

392 743 520 815 κρὸν
553 736 690 794 εἶναι
729 737 1059 808 νομίζουσιν,
1106 734 1257 808 [4001
1291 734 1430 789 άλλά
1472 735 1632 789 τοῦτο
1679 737 1780 806 τῆς
1813 735 1970 789 νόσου
1997 734 2059 788 τὸ

390 828 661 898 ἔγκλημα,
693 826 755 879 οὐ
799 826 893 879 τοῦ
935 823 1149 896 μέλιτος
1180 825 1213 895 ή
1252 823 1573 895 κατηγορία.
1606 821 1764 877 Οὕτω
1797 823 1862 894 δὴ
1908 822 2002 879 καὶ
2028 824 2058 877 6

390 914 621 985 σταυρὸς
650 914 834 985 μωρὸν
867 914 1097 984 πρᾶγμα
1126 910 1400 974 δοκεῖτοῖς
1420 910 1619 975 ἔξωθεν
1638 908 1797 975 εἶναι,
1823 910 1937 964 ἀλλ’
1957 910 2057 963 οὐκ

387 1006 550 1057 ἐςτιν.
569 998 702 1055 Εῐτα
718 1000 1061 1062 ἀποδεικνὺς,
1080 999 1161 1051 ὅτι
1180 999 1239 1052 ού
1264 999 1422 1069 μόνον
1443 998 1541 1051 οὐκ
1557 996 1671 1051 ἐστι
1702 996 1903 1068 μωρὸν,
1921 996 2056 1051 ἀλλά

388 1092 479 1146 καὶ
500 1092 703 1162 σφόδρα
719 1089 879 1158 σοφὸν
891 1088 950 1142 τὸ
965 1090 1114 1158 πρᾶγ
1121 1104 1212 1158 μα,
1228 1086 1349 1140 οὐδὲ
1366 1085 1525 1155 μόνον
1540 1086 1639 1138 οὐκ
1657 1084 1902 1147 ἀσθενὲς,
1920 1083 2054 1137 ἀλλά

386 1181 478 1232 καὶ
508 1179 708 1248 σφόδρα
759 1176 998 1247 ἰσχυρὸν,
1028 1175 1361 1244 παραϐάλλει
1392 1173 1461 1226 τά
1489 1172 1549 1237 ἐξ
1582 1171 1744 1225 αὐτοῦ
1772 1171 2054 1242 κατορθώ-

390 1284 533 1337 ματα
561 1266 656 1318 καὶ
682 1266 747 1335 τῇ
777 1264 954 1317 κτίσει
975 1263 1069 1316 καὶ
1102 1265 1167 1331 τῇ
1201 1261 1405 1332 παλαιᾷ
1432 1262 1525 1313 καὶ
1545 1262 1611 1331 τῇ
1642 1259 1839 1324 ἔξωθεν
1870 1258 2059 1329 σοφίᾳ*

382 1356 478 1408 καὶ
504 1354 792 1419 δείκνυσιν,
821 1353 902 1406 ὅτι
935 1352 1077 1424 ἀπερ
1105 1351 1227 1405 οὔτε
1265 1353 1297 1421 ἡ
1333 1349 1536 1403 ἔσωθεν
1571 1348 1732 1416 σοφία
1758 1339 1917 1418 εὗρεν
1953 1347 1987 1418 ἢ
2015 1349 2049 1418 ή

384 1441 605 1507 ἔξωθεν,
628 1438 752 1494 οὔτε
787 1439 939 1510 παρά
965 1439 1066 1509 τῆς
1111 1438 1333 1502 κτίσεως
1375 1435 1579 1508 ἔμαθον
1609 1434 1793 1489 πολλοὶ
1817 1434 1929 1487 τῶν
1954 1436 2050 1488 ἀν-

387 1527 639 1599 θρώπων,
665 1525 793 1580 οὔτε
822 1525 977 1599 παρά
1020 1526 1119 1597 τῆς
1151 1525 1389 1588 παλαιάς
1427 1523 1743 1595 ἐκέρδαναν,
1788 1521 1963 1577 ταῦτα
1989 1521 2053 1576 τὸ

383 1611 570 1667 δοκοῦν
595 1609 912 1667 εἶναιτοῦτο
940 1611 1121 1684 μωρὸν
1147 1614 1242 1666 καὶ
1269 1611 1489 1673 ἀσθενὲς
1514 1610 1720 1680 ἴσχυσε,
1749 1608 1811 1664 τὸ
1836 1609 2047 1673 δοκοῦν,

385 1702 445 1755 ού
474 1701 536 1753 τὸ
567 1701 647 1755 ὃν.
679 1701 896 1771 Διόπερ,
921 1700 1059 1770 ἔχων
1089 1699 1187 1771 τὴν
1206 1698 1313 1753 ἀπὸ
1340 1697 1447 1751 τῶν
1476 1696 1816 1769 πραγμάτων
1835 1697 2051 1752 ἀπόδει-

386 1798 485 1863 ξιν,
516 1786 653 1858 μετά
681 1787 881 1858 πολλῆς
897 1787 1186 1840 ἀποδύεται
1203 1786 1305 1856 τῆς
1334 1786 1665 1857 παρρησίας.
1686 1785 1900 1857 πρῶτον
1916 1783 2058 1839 κατά

382 1876 477 1946 τῆς
498 1875 603 1941 ἔξω
625 1874 838 1943 σοφίας.
860 1873 1052 1942 λέγων,
1072 1873 1194 1929 Ποῦ
1208 1876 1432 1942 005.76g;
1452 1874 1517 1927 Τί
1534 1876 1672 1940 ἐστι,
1691 1875 1815 1927 Ποῦ
1829 1874 2056 1942 σοφός;

391 1962 605 2033 Ὠσανεὶ
631 1959 816 2030 ἔλεγεν
830 1976 843 1989 ο
861 1960 970 2014 Ποῦ
990 1960 1061 2015 τά
1080 1960 1188 2014 τῶν
1206 1961 1507 2030 φιλοσόφων
1527 1978 1541 2027 ;
1571 1960 1673 2015 ποῦ
1689 1961 1873 2014 τάτῶν
1894 1961 2055 2031 ρητό-

380 2065 518 2119 ρων;
543 2048 645 2103 ποῦ
661 2048 733 2102 τὰ
749 2050 859 2104 τῶν
885 2050 1182 2115 σοφιστῶν;
1214 2049 1316 2102 ποῦ
1340 2049 1409 2102 τά
1428 2050 1534 2102 τῶν
1555 2048 1909 2121 λογογράφων
1928 2065 1942 2113 ;
1963 2047 2055 2100 Οἴ-

375 2154 532 2205 χεται
562 2136 739 2193 πάντα
754 2139 845 2191 καὶ
859 2138 1101 2191 ἀπόλωλε
1127 2139 1219 2190 καὶ
1250 2137 1491 2189 ἐκποδὼν
1508 2136 1748 2205 γέγονεν.
1770 2135 1925 2189 Οὓτω
1945 2135 2052 2204 γὰρ

378 2227 604 2298 λαμπρά
621 2225 842 2295 γέγονεν
858 2226 892 2294 ἡ
916 2224 1062 2294 νίκη,
1086 2223 1161 2286 ώς
1181 2223 1314 2293 μηδέ
1334 2223 1617 2291 φαίνεσθαι
1627 2222 1809 2275 λοιπὸν
1826 2222 1895 2274 τὰ
1910 2220 2052 2273 ἐκεί-

379 2330 504 2367 νων.
520 2313 621 2365 Διά
640 2312 797 2365 τοῦτο
821 2309 1024 2362 τούτων
1052 2307 1223 2371 οὕτως
1248 2309 1467 2376 ἀφανῶν
1485 2307 1810 2377 γενομένων,
1827 2307 1919 2359 καὶ
1948 2322 2050 2359 κα-

383 2398 557 2468 θάπερ
580 2396 780 2460 κόνεώς
808 2413 951 2456 τινος
977 2393 1463 2467 ἀναρριπισθείσης
1499 2399 1537 2457 ⁸,
1559 2394 1730 2456 οὕτως
1756 2394 1936 2464 ἐρωτᾷ
1959 2392 2050 2444 καί

382 2498 543 2554 φησι’
575 2482 698 2537 Ποῦ
740 2483 971 2551 σοφόςς
1013 2482 1213 2552 Ἐφάνη
1249 2483 1499 2553 σταυρὸς,
1533 2482 1628 2534 καὶ
1663 2481 1841 2534 πάντα
1869 2481 2051 2533 ἐκεῖνα

377 2567 541 2639 ἐλύθη
565 2585 579 2599 ·
615 2568 786 2640 ἧχησε
822 2568 884 2621 τὸ
927 2570 1207 2639 κήρυγμα,
1250 2570 1342 2622 καὶ
1386 2568 1630 2639 ἀράχνης
1675 2566 2049 2636 εὐτελέστερον

378 2656 696 2729 διεσπάσθη.
740 2655 866 2711 Ποῦ
897 2655 1132 2725 σοφόςς
1176 2653 1286 2709 Ποῦ
1320 2654 1426 2708 τῶν
1460 2655 1720 2725 ῥημάτων
1756 2656 1785 2707 6
1806 2654 2047 2724 κόμπος;

378 2745 483 2799 ποῦ
514 2744 613 2815 τῆς
650 2743 981 2814 εὐγλωττίας
1021 2742 1081 2795 τὸ
1110 2741 1337 2808 κάλλο;;
1372 2741 1474 2796 ποῦ
1506 2741 1615 2796 τῶν
1637 2740 1984 2811 σοφισμάτων
2011 2742 2045 2810 ἡ

377 2835 650 2906 δεινότηςς
684 2832 788 2888 ποῦ
809 2833 918 2887 τῶν
945 2831 1120 2901 λόγων
1145 2833 1178 2903 ἡ
1209 2831 1393 2903 ῥύμη;
1424 2830 1526 2885 ποῦ
1557 2832 1591 2902 η
1619 2830 1836 2899 γλῶττα
1864 2832 1897 2901 ἡ
1920 2831 2048 2899 ἠκο-

380 2923 619 2995 νημένη;
649 2920 752 2976 ποῦ
780 2922 832 2975 οί
862 2919 1110 2988 σύλλογοι
1134 2920 1229 2973 καὶ
1255 2918 1325 2973 τὰ
1346 2918 1624 2989 συνέδρια;
1659 2918 1843 2972 Πάντα
1863 2918 2046 2971 ἐκεῖνα

380 3010 664 3081 παρεσύρη
712 3008 805 3063 καὶ
856 3006 1102 3060 ἀπώλετο
1144 3007 1240 3060 καὶ
1279 3006 1541 3077 διεφθάρη
1575 3007 1671 3059 καὶ
1701 3005 1909 3075 οἴχεται
1952 3004 2049 3059 καὶ

379 3099 523 3151 νῶτα
552 3097 739 3150 ἔδωκε.
766 3095 888 3149 Ποῦ
909 3095 1283 3164 γραμματεύς
1300 3108 1318 3155 ;
1337 3092 1444 3146 Ποῦ
1464 3093 1531 3146 τὰ
1568 3091 1856 3155 Ἰουδαίων,
1883 3093 2044 3163 φησί;

383 3183 646 3240 κάκείνων
691 3183 962 3253 ἐκράτησε
1013 3181 1075 3235 τὸ
1124 3182 1404 3252 κήρυγμα,
1452 3180 1545 3234 καὶ
1595 3180 1848 3251 καθάπερ
1898 3181 2046 3251 ἥλιος

384 3272 540 3326 σκιὰν
562 3271 896 3342 ἀπέκρυψεν.
933 3271 999 3322 Ἀ
1029 3264 1147 3341 γὰρ
1165 3269 1264 3322 οὐκ
1288 3268 1501 3338 ἴσχυσεν
1527 3268 1586 3321 ἐν
1609 3267 1848 3338 τοσούτῳ
1871 3268 2046 3338 χρόνῳ

383 3364 411 3415 6
441 3361 601 3431 νόμος
643 3361 700 3411 ἐν
728 3358 873 3412 ἔθνει
903 3358 1003 3420 ἐνὶ,
1036 3356 1208 3409 ταῦτα
1248 3355 1384 3425 μετά
1418 3355 1657 3418 πλείονος
1698 3355 1799 3425 τῆς
1831 3373 2048 3426 περιου-

383 3448 505 3511 σίας
557 3449 586 3500 ό
641 3444 870 3517 σταυρὸς
919 3441 1191 3513 πανταχοῦ
1244 3441 1622 3514 κατώρθωσεν,
1675 3443 2048 3513 ἁμαρτήματα

383 3534 569 3597 λύσας,
601 3533 947 3601 δικαιοσύνην
995 3529 1382 3600 χαρισάμενος,
1430 3528 1614 3597 ἁγίους
1665 3528 1792 3592 τοὺς
1840 3528 2048 3601 ἀνθρώ-

382 3637 517 3686 πους
558 3619 993 3681 κατασκευάσας,
1049 3616 1376 3685 θεογνωσίαν
1420 3616 1735 3680 παιδεύσας,
1787 3616 1924 3687 πρὸς
1956 3616 2048 3670 τὸν

382 3709 606 3781 οὐρανὸν
632 3708 1069 3780 χειραγωγήσας.
1109 3702 1243 3759 Εἶτα
1265 3704 1428 3759 πάλιν
1458 3704 1617 3773 ἀφεὶς
1646 3704 1716 3758 τὰ
1762 3703 2045 3770 Ἰουδαϊκὰ,

382 3800 475 3850 ἐπὶ
500 3796 569 3850 τά
605 3794 888 3867 Ἐλληνικά
915 3794 1134 3866 ἔρχεται
1153 3808 1167 3824 ⁸
1191 3792 1316 3847 Ποῦ
1340 3789 1681 3859 συζητητὴς
1708 3791 1814 3846 τοῦ
1834 3792 2048 3860 αίῶνος

383 3885 598 3938 τούτου
611 3899 630 3947 ;
666 3883 804 3945 Τοὺς
837 3880 1143 3953 αἱρετικοὺς
1184 3878 1420 3933 ἐνταῦθα
1461 3880 1752 3933 αἰνίττεται
1793 3881 1887 3935 καὶ
1919 3882 2048 3935 συλ-

384 3971 743 4039 λογιστικοὺς,
785 3968 834 4022 οἳ
864 3968 970 4040 πρὸ
1016 3968 1116 4039 μὲν
1147 3966 1352 4020 τούτων
1400 3964 1568 4035 ξιφῶν
1602 3962 1743 4037 ἦσαν
1781 3967 2045 4039 ὀξύτεροι,

384 4057 572 4128 ἐπειδὴ
599 4057 655 4109 δὲ
678 4058 706 4109 ὀ
736 4056 966 4125 σταυρὸς
1003 4053 1199 4125 ἐφάνη,
1232 4053 1404 4123 πηλοῦ
1432 4054 1629 4115 παντὸς
1661 4054 2048 4126 ἀσθενέστερον

384 4143 733 4212 διεκόπησαν.
781 4139 926 4209 Οὐχὶ
958 4138 1259 4207 ἐμώρανεν
1286 4142 1319 4192 ό
1351 4139 1494 4205 Θεὸς
1528 4138 1643 4207 τὴν
1679 4141 1905 4209 σοφίαν
1940 4142 2047 4196 τοῦ

385 4229 620 4297 κόσμου
649 4229 900 4289 τούτου;
936 4226 1102 4280 Πάλιν
1133 4226 1269 4296 πρὸς
1321 4225 1419 4297 τὴν
1455 4226 1768 4298 Ἑλληνικὴν
1817 4228 2042 4282 ἀποδύε-

385 4332 494 4368 ται.
520 4313 585 4367 Τί
617 4315 785 4379 ἐστιν,
822 4311 1187 4382 Ἐμώρανεν;
1220 4312 1423 4384 Μωράν
1446 4309 1609 4366 οὖσαν
1640 4315 1918 4386 ἀπέφηνεν
1938 4333 1951 4348 ο
1980 4312 2047 4387 ἦν

390 4402 488 4472 μὲν
515 4401 642 4472 γάρ.
689 4400 798 4454 Καὶ
846 4398 1043 4453 αὐτῶν
1079 4398 1325 4453 καὶτῶν
1371 4399 1669 4468 ἁμαρτιῶν
1705 4402 1903 4456 αὐτῶν
1948 4404 2046 4457 καί

387 4486 794 4560 τῶν-ἀνομιῶν
825 4488 1024 4541 αὐτῶν
1052 4489 1124 4541 οὐ
1147 4486 1233 4557 μὴ
1270 4487 1520 4556 μνησθῶ
1554 4489 1658 4544 ἐτι.
1715 4489 1853 4544 Ἀλλ’
1890 4493 1919 4545 6
1950 4492 2048 4561 μὲν

388 4579 673 4647 προφήτης
694 4575 792 4646 τῆς
815 4574 1054 4638 Παλαιᾶς
1078 4574 1174 4644 τὴν
1203 4573 1531 4647 φαιδρότητα
1550 4576 1683 4644 ἡμῖν
1707 4577 2046 4649 ὑπογράφει·

388 4668 419 4719 6
441 4666 496 4717 δὲ
518 4662 831 4728 ἀπόστολος,
863 4661 1047 4732 ἐπειδὴ
1080 4660 1216 4731 πρὸς
1257 4659 1535 4724 Ἰουδαίους
1552 4661 1805 4731 ἐμάχετο,
1838 4669 2052 4736 παράλ-

387 4754 522 4824 ληλα
552 4754 789 4825 ἑκάτερα
826 4751 1071 4822 τίθησιν·
1102 4751 1213 4804 ἀνω
1255 4750 1353 4820 μὲν
1385 4748 1573 4814 εἰπὼν,
1607 4753 1728 4804 Οὐκ
1761 4752 1831 4806 ὲν
1864 4756 2050 4821 πλαξὶ

388 4842 664 4906 λιθίναις,
687 4840 822 4895 ἀλλ’
853 4840 925 4893 ἐν
959 4838 1146 4902 πλαξὶ
1179 4836 1426 4904 καρδίας
1447 4836 1792 4903 σαρκίναιςσ
1820 4840 2052 4897 ἐνταῦθα

389 4928 465 4991 δὲ,
496 4930 578 4981 Οὐ
613 4926 965 4998 γράμματος,
999 4927 1160 4981 ἀλλὰ
1187 4925 1525 4993 πνεύματος
1547 4939 1561 4953 ·
1595 4922 1660 4976 τὸ
1684 4924 1796 4993 γὰρ
1817 4926 2049 4998 γράμμα

387 5015 743 5082 ἀποκτείνει,
774 5015 841 5068 τὸ
872 5013 941 5068 δὲ
968 5013 1202 5083 πνεῦμα
1241 5010 1518 5072 ζωοποιεῖ.

462 5102 523 5154 ε’.
573 5103 661 5155 Ἐν
700 5101 949 5171 σασεάτῳ
989 5101 1233 5165 συνέλεξε
1278 5117 1363 5163 τις
1407 5098 1573 5166 ξύλα,
1622 5100 1717 5154 καὶ
1769 5100 2045 5177 ἐλιθάσθη.

449 5188 471 5211 ⁶
491 5188 621 5240 Dele
643 5188 724 5237 καί
748 5193 865 5239 ante
883 5189 1108 5250 καθάπερ,
1129 5194 1211 5238 aut
1229 5188 1310 5238 hic
1330 5189 1445 5249 lege
1469 5187 1904 5251 ἀναῤῥιπισθέντων.

1085 359 1146 416 8.
1178 356 1466 425 JOANNIS
1500 354 1992 415 CHRYSOS‘I'OMI
2024 356 2350 415 ARCHIEP.
2392 355 2938 420 CONSTANTINOP.

2162 468 2314 537 Εἶδες
2345 474 2463 538 πῶς
2507 474 2571 528 τὸ
2611 474 2844 546 γράμμα
2876 475 3223 542 ἀποκτείνει,
3266 485 3578 549 τουτέστιν,
3610 485 3638 537 6
3667 485 3820 556 νόμος

2160 561 2413 626 ἐκόλαζε;
2445 562 2581 632 μάθε
2616 562 2733 625 πῶς
2763 562 2826 615 τὸ
2853 562 3068 634 πνεῦμα
3092 563 3364 627 ζωοποιεῖ.
3395 571 3717 643 Είσέρχεταί
3741 591 3819 639 τις

2163 648 2373 718 μυρίων
2393 648 2579 718 γέμων
2606 649 2811 715 κακῶν,
2839 651 3175 720 ἡταιρηκώς,
3203 652 3476 724 ἀρπάσας,
3507 656 3817 731 πλεονεκτή-

2162 749 2284 796 σας,
2319 733 2633 804 μοιχεύσας,
2673 736 2852 789 πᾶσαν
2879 735 3124 791 ἐπελθὼν
3157 738 3374 800 κακίαν,
3403 743 3698 813 νεκρωθεὶς
3725 748 3817 819 ἤδη

2156 823 2222 891 τῇ
2255 821 2500 894 ἁμαρτίᾳ
2518 840 2532 853 ·
2561 822 2827 893 λαμϐάνει
2847 824 3008 878 αὐτὸν
3038 824 3185 895 ὴτοῦ
3214 826 3533 898 Πνεύματος
3564 832 3725 901 χάρις
3748 839 3821 899 εἰς

2154 907 2255 979 τὴν
2284 907 2689 980 κολυμϐήθραν,
2725 910 2820 964 καὶ
2851 910 2943 963 τὸν
2986 913 3320 983 ἡταιρηκότα
3341 916 3455 969 υίὸν
3490 916 3628 971 Θεοῦ
3657 937 3817 975 κατα-

2158 994 2435 1059 σκευάζει,
2463 998 2558 1050 καὶ
2587 996 2680 1050 τὸν
2709 997 3050 1068 νεκρωθέντα
3075 1000 3195 1062 ταῖς
3225 1001 3526 1072 ἁμαρτίαις
3552 1004 3816 1073 ζωογονεί.

2155 1082 2323 1135 Τοῦτό
2357 1084 2492 1146 ἐστι,
2535 1083 2603 1136 Τὸ
2632 1079 2701 1136 δὲ
2722 1084 2961 1153 πνεῦμα
2992 1081 3279 1144 ζωοποιεῖ.
3308 1088 3431 1152 Πῶς
3457 1090 3514 1142 δὲ
3539 1091 3816 1155 ζωοποιείς

2158 1167 2310 1240 [401]
2336 1169 2450 1223 Οὐκ
2477 1170 2724 1223 ἀπαιτῶν
2750 1170 2982 1233 εύθύνας
3012 1170 3124 1224 τῶν
3160 1172 3649 1246 πλημμελημάτων
3690 1181 3818 1234 κατά

2154 1256 2214 1309 τὸ
2242 1256 2337 1308 τοῦ
2368 1258 2647 1329 προφήτου
2666 1272 2680 1287 ·
2706 1258 2903 1324 Ἵλεως
2932 1258 3147 1327 ἔσομαι
3168 1259 3297 1325 ταῖς
3327 1260 3588 1329 ἀδικίαις
3607 1266 3817 1334 αὐτῶν,

2154 1341 2253 1396 καὶ
2280 1341 2401 1396 τῶν
2429 1342 2729 1413 ἁμαρτιῶν
2757 1344 2955 1398 αὐτῶν
2981 1345 3079 1399 καί
3109 1345 3228 1398 τῶν
3246 1347 3509 1416 ἀνομιῶν
3529 1352 3731 1406 αὐτῶν
3753 1357 3819 1407 οὐ

2151 1429 2235 1498 μὴ
2267 1430 2523 1499 μνησθῶ
2563 1432 2670 1486 ἔτι.
2715 1430 3021 1504 Ἐρώτησον
3063 1432 3226 1487 πάλιν
3269 1434 3360 1487 τὸν
3399 1436 3673 1501 Ἰουδαῖον,
3724 1440 3820 1493 ποῦ

2151 1516 2311 1570 τοῦτο
2331 1517 2554 1585 γέγονεν
2574 1519 2632 1571 ἐν
2658 1517 2736 1589 τῷ
2762 1518 2943 1589 νόμως
2975 1518 3113 1573 Ἀλλ’
3146 1520 3245 1573 οὐκ
3268 1519 3334 1574 ἂν
3365 1522 3480 1592 ἔχοι
3506 1523 3698 1589 δεῖξαι.
3720 1528 3829 1580 Καὶ-

2152 1603 2260 1675 γάρ
2284 1605 2379 1657 καὶ
2404 1605 2433 1656 ὁ
2455 1604 2524 1658 τὰ
2551 1603 2682 1670 ξύλα
2708 1606 2963 1671 συλλέξας
2988 1606 3288 1671 ἐλιθάζετο,
3321 1610 3462 1681 καὶή
3488 1613 3821 1683 πορνεύουσα

2144 1692 2493 1757 κατεκαίετο,
2523 1693 2616 1747 καὶ
2632 1694 2874 1762 Μωῡσῆς
2901 1694 2989 1748 διὰ
3025 1695 3155 1765 μίαν
3179 1696 3455 1767 ἁμαρτίαν
3483 1702 3582 1768 τῆς
3602 1700 3716 1768 γῆς
3730 1701 3821 1768 τῆς

2156 1777 2486 1845 ἐπαγγελίας
2510 1778 2783 1842 ἐξέπεσεν·
2812 1781 2904 1832 ἐπὶ
2934 1780 2989 1834 δὲ
3021 1780 3122 1851 τῆς
3146 1784 3367 1854 χάριτος
3389 1785 3445 1835 οί-
3465 1786 3637 1854 μυρία
3663 1789 3819 1856 ἐργα-

2157 1865 2380 1933 σάμενοι
2400 1865 2570 1929 δεινά,
2591 1865 2685 1918 τοῦ
2716 1866 3091 1937 βαπτίσματος
3110 1869 3475 1934 ἀπολαύοντες
3497 1870 3823 1939 ζωογονοῦν-

2152 1968 2264 2012 ται,
2307 1953 2399 2005 καὶ
2431 1953 2686 2023 οὐδεμίαν
2714 1954 3071 2008 ἀπαιτοῦνται
3097 1956 3252 2027 δίκην
3284 1957 3394 2012 τῶν
3426 1959 3823 2030 πλημμελημάο

2152 2055 2277 2092 των.
2328 2038 2419 2091 Διὸ
2466 2039 2562 2093 καὶ
2601 2041 2629 2092 6
2681 2040 2892 2105 Παῦλος
2936 2042 3118 2112 ἐλεγεο
3153 2043 3250 2113 Μὴ
3298 2044 3653 2100 suav-(3008'
3692 2051 3823 2102 οὔτε

2153 2125 2380 2191 πόρνοι,
2406 2127 2545 2179 οὔτε
2563 2130 2846 2194 μαλακοὶ,
2870 2127 3006 2182 οὔτε
3028 2131 3461 2198 ἀρσενοκοῖται,
3493 2135 3566 2186 οὺ
3601 2135 3821 2202 μοιχοὶ,

2151 2214 2223 2263 οὐ
2253 2212 2522 2274 κλέπται,
2557 2216 2629 2267 οὐ
2650 2215 3026 2277 πλεονέκται.
3051 2219 3123 2271 οὐ
3136 2218 3412 2285 μέθυσοι,
3437 2223 3510 2272 οὐ
3536 2221 3819 2288 λοίδοροι,

2151 2298 2262 2364 οὐχ
2318 2296 2580 2365 ἅρπαγες
2600 2300 2931 2362 ,βασιλείαν
2956 2301 3105 2355 Θεοῦ
3133 2296 3685 2374 κληρονομήσουσι.
3725 2310 3823 2362 Καὶ

2150 2382 2337 2436 ταῦτὰ
2365 2401 2523 2451 τινες
2537 2383 2661 2455 ἦτε·
2680 2388 2818 2441 ἀλλ’
2838 2388 3289 2452 ἀπελούσασθε,
3311 2391 3447 2445 ἀλλ’
3472 2393 3822 2472 ἡγιάσθητε,

2149 2469 2285 2522 ἀλλ’
2315 2469 2691 2539 ἐδικαιώθητε
2716 2473 2786 2525 ἐν
2818 2474 2896 2539 τῷ
2924 2475 3165 2543 ὀνόματι
3197 2476 3304 2530 τοῦ
3335 2469 3559 2545 Κυρίου
3599 2481 3824 2548 Ἰησοῦ,

2150 2555 2248 2608 καί
2277 2557 2347 2610 ἐν
2368 2556 2449 2622 τῷ
2474 2559 2768 2627 πνεύματι
2785 2560 2891 2615 τοῦ
2919 2561 3069 2616 Θεοῦ
3093 2561 3282 2630 ήμῶν.
3302 2561 3456 2628 Εἶδες
3479 2566 3597 2630 πῶς
3620 2568 3825 2638 λάμπει

2148 2647 2209 2697 τὸ
2251 2648 2608 2717 προφητικὸν,
2642 2649 2725 2702 ὅτι
2756 2651 2969 2716 Ἵλεως
3009 2650 3222 2722 ἔσομαι
3269 2653 3398 2720 ταῖς
3428 2655 3691 2724 ἀδικίαις
3725 2665 3826 2715 αὐ-

2148 2728 2303 2794 τών;
2334 2731 2451 2796 πῶς
2486 2734 2788 2802 ἀστράπτει
2831 2735 2892 2789 τὸ
2939 2736 3313 2803 ἀποστολικὸν,
3358 2741 3441 2793 ὅτι
3479 2742 3549 2795 Τὸ
3588 2742 3828 2813 πνεῦμα

2148 2815 2442 2883 (iuononi;
2478 2818 2666 2875 Βούλει
2713 2821 3024 2893 μαθεῖν-καὶ
3051 2825 3112 2879 τὸ
3154 2825 3361 2898 ἕτερον,
3408 2829 3501 2881 τὸν
3529 2830 3837 2885 ἀπόστολον

2149 2905 2358 2959 Παῦλον
2390 2906 2637 2975 λέγοντα,
2663 2909 2781 2972 πῶς
2798 2903 2864 2962 ’ἐν
2890 2910 3120 2983 βραχείᾳ
3140 2914 3331 2985 χρόνου
3356 2917 3496 2986 ῥοπῇ
3519 2917 3621 2988 τὴν
3649 2921 3828 2973 οἱκουι

2152 2991 2319 3063 μένην
2374 2994 2665 3064 περιῆλθεν
2714 2995 2965 3063 ἀπασαν;
3020 2999 3251 3053 ἄκουσον
3315 3002 3481 3055 αὑτοῦ
3536 3004 3827 3072 λέγοντοςο

2149 3079 2326 3132 Ὥστε
2344 3096 2421 3148 με
2444 3081 2563 3134 ἀπὸ
2595 3082 2992 3152 Ἰερουσαλὴμ
3015 3086 3111 3139 καί
3131 3087 3308 3155 μέχρι
3342 3088 3445 3143 τοῦ
3474 3091 3830 3160 Ἰλλυρικοῦ

2145 3165 2600 3235 πεπληρωκέναι
2644 3168 2711 3222 τὸ
2742 3170 2786 3222 Ε
2791 3170 3105 3240 ὺαγγέλιον
3124 3190 3139 3207 ο
3187 3174 3282 3227 καὶ
3326 3175 3482 3229 πάλιν
3502 3191 3516 3204 '
3550 3179 3719 3232 Νυνὶ
3767 3180 3830 3233 δὲ

2146 3249 2352 3317 μηκέτι
2387 3254 2572 3308 τόπον
2596 3254 2755 3321 ἔχων
2780 3255 2850 3308 ἐν
2880 3256 3004 3323 τοῖς
3042 3259 3291 3328 κλίμασι
3320 3263 3573 3329 τούτοις,
3607 3264 3829 3320 ἐπιπο-

2146 3338 2282 3392 θίαι·
2305 3338 2371 3391 δὲ
2393 3339 2549 3409 ἔχων
2574 3341 2681 3395 τοῦ
2708 3342 2859 3395 ἰδεῖν
2878 3342 3053 3412 ὑμᾶς,
3079 3345 3178 3410 ὡς,
3201 3346 3311 3401 ἐὰν
3330 3350 3717 3419 πορεύσωμια
3743 3356 3828 3419 είς

2145 3424 2261 3492 τὴν
2290 3427 2625 3494 Ἱσπανίαν,
2669 3429 2884 3491 ἐλπίζὶυ
2916 3432 3250 3488 θεάσασθαι
3280 3436 3455 3501 ὑμᾶς,
3495 3438 3605 3493 ἐὰν
3652 3441 3828 3508 ὑμῶν

2147 3509 2381 3577 πρῶτον
2411 3512 2529 3567 ἀπὸ
2563 3515 2787 3582 μέρους
2824 3516 3171 3584 ἐμπλησθῶ.
3216 3518 3279 3571 EE
3312 3519 3368 3572 δὲ
3413 3516 3494 3585 εἷς
3525 3522 3837 3592 ἀπόστολος

2146 3597 2202 3648 ἐν
2233 3596 2458 3670 βραχείᾳ
2497 3600 2687 3671 καιροῦ
2727 3604 2865 3673 ῥοπῇ
2906 3602 2966 3655 τὸ
3012 3603 3176 3658 πλέον
3227 3605 3328 3676 τῆς
3361 3607 3689 3682 οἰκουμένης
3750 3613 3824 3666 δι-

2148 3694 2404 3767 έδραμεν,
2436 3698 2689 3768 ἐννόησον
2718 3699 2834 3763 πῶς
2876 3701 2968 3753 καὶ
3002 3701 3149 3756 ἄλλοι
3179 3702 3398 3759 ἃπασαν
3423 3707 3592 3779 αὐτὴν
3623 3711 3827 3783 ἐσαγή-

2147 3805 2361 3844 νευσαν.
2389 3791 2480 3844 Διὸ
2506 3793 2600 3845 καὶ
2625 3791 2778 3860 ἔλεγε
2795 3809 2808 3824 ⁸
2839 3794 2948 3848 Τοῦ
2965 3795 3334 3866 Εὑαγγελίου
3357 3799 3462 3855 τοῦ
3490 3804 3822 3871 κτιρυχθένο

2148 3896 2250 3946 τος
2275 3881 2345 3933 ἐν
2364 3882 2532 3950 πάσῃ
2558 3881 2634 3951 τῇ
2674 3882 2867 3937 κτίσει
2893 3883 2967 3953 τῇ
2994 3887 3114 3939 ὑπὸ
3145 3887 3251 3940 τὸν
3277 3889 3565 3956 οὐρανόνο
3590 3892 3652 3944 τὸ
3688 3911 3826 3964 προ-

2149 3966 2375 4037 φητικὸν
2403 3970 2577 4022 ἐκεῖνο
2614 3969 2953 4041 ἑρμηνεύων,
2981 3973 3098 4026 Ὅτι
3145 3973 3369 4042 πάντες
3389 3975 3718 4044 εἰδήσουσί
3750 3998 3827 4051 με

2147 4061 2266 4115 ἀπὸ
2309 4062 2526 4131 μικροῦ
2569 4063 2679 4129 ἕως
2718 4065 2983 4134 μεγάλου
3028 4066 3245 4123 αὐτῶν.
3292 4064 3431 4122 Ἀλλ’
3469 4072 3553 4125 ὅτι
3592 4074 3698 4144 μὲν
3734 4077 3829 4129 τὸν

2148 4147 2311 4217 νόμον
2358 4150 2386 4201 6
2427 4148 2664 4219 Χριστὸς
2700 4151 2932 4220 ἔδωκεν,
2978 4153 3087 4206 ἀπὸ
3116 4154 3320 4209 τούτων
3365 4157 3555 4227 δῆλονο
3599 4161 3698 4214 καὶ
3744 4164 3825 4217 ὅτι

2156 4242 2452 4311 σφαγέντες
2471 4244 2613 4315 ύπέρ
2646 4245 2740 4298 τοῦ
2774 4247 2960 4317 νόμου,
2993 4249 3133 4320 ὑπὲρ
3153 4249 3246 4303 τοῦ
3275 4252 3561 4321 νομοθέτου
3595 4255 3655 4308 τὸ
3678 4251 3822 4329 αἷμα

2155 4328 2370 4400 ἐξέχεον
2392 4330 2487 4385 καὶ
2515 4330 2671 4385 τοῦτο
2704 4335 2870 4402 σαφές
2889 4347 2904 4363 ⁸
2933 4337 3237 4407 παρακαλῶ
3268 4338 3325 4392 δὲ
3350 4339 3534 4394 λοιπὸν
3557 4341 3656 4415 τὴν
3679 4347 3822 4416 ὑμε-

2151 4418 2314 4490 τέραν
2342 4419 2559 4490 ἀγάπην
2586 4420 2722 4490 μετά
2742 4420 2947 4501 πολλῆς
2977 4423 3078 4493 τῆς
3105 4425 3414 4498 προθυμίας
3436 4430 3518 4493 είς
3545 4429 3646 4501 τὴν
3675 4447 3819 4486 πανο

2152 4505 2347 4577 ήγυριν
2391 4496 2751 4576 ἀπαντῆσαι”
2791 4507 3041 4579 καθάπερ
3101 4496 3348 4580 μέλισσαι
3399 4513 3508 4569 τῶν
3574 4496 3818 4586 σίμϐλων

2152 4589 2497 4661 ἐκπηδήσατε
2530 4592 2622 4645 ἐπὶ
2651 4592 2720 4646 τά
2755 4593 3042 4664 τραύματα
3062 4596 3168 4649 τῶν
3196 4599 3509 4671 μαρτύρων,
3533 4603 3629 4656 καὶ
3657 4621 3817 4673 περιο

2150 4675 2423 4742 πτύξασθε
2465 4677 2644 4731 αὐτῶν
2672 4678 2771 4743 τὰς
2796 4680 3082 4750 βασάνους,
3122 4684 3289 4755 μηδὲν
3313 4685 3450 4757 πρὸς
3477 4688 3539 4740 τὸ
3566 4688 3666 4758 τῆς
3692 4688 3815 4743 ὀδοῦ

2149 4765 2577 4835 κατοκνήσαντες
2608 4766 2800 4836 μῆκος.
2841 4766 2905 4821 Et
2944 4769 3053 4838 γὰρ
3091 4771 3268 4840 γέρων
3296 4773 3325 4825 6
3358 4771 3683 4846 Ἐλεάζαρος
3714 4793 3809 4827 πυ-

2153 4848 2244 4918 ρὸς
2280 4847 2680 4921 κατετόλμησε,
2715 4853 2809 4907 καὶ
2845 4855 2879 4924 η
2915 4855 3098 4926 μήτηρ
3127 4856 3235 4909 τῶν
3268 4859 3559 4930 μακαρίων
3594 4862 3813 4915 ἐκείνων

2154 4943 2214 4996 ἐν
2256 4943 2467 5015 ἐσχάτῳ
2507 4947 2653 5017 γήρα
2678 4948 2945 5013 τοσαύτας
2975 4950 3264 5022 ὑπέμεινεν
3308 4954 3497 5020 ὀδύνας
3516 4972 3530 4985 ·
3565 4956 3723 5010 ποίαν
3751 4957 3843 5026 ειν⁸

2157 5038 2373 5109 σχοίητε
2421 5041 2733 5109 ἀπολογίαν,
2801 5043 2961 5098 ποίαν
3005 5046 3352 5119 συγγνώμην,
3422 5051 3557 5122 μηδὲ
3605 5052 3818 5121 ὀλίγους

2158 5123 2402 5187 σταδίους
2429 5125 2792 5197 διαπερῶντες
2816 5129 2957 5206 ὑπὲρ
2986 5131 3085 5202 τῆς
3105 5134 3335 5205 θεωρίας
3364 5135 3474 5189 τῶν
3507 5136 3817 5213 παλαισμά-

2154 5225 2263 5263 των
2289 5210 2510 5265 ἐκείνων
2535 5230 2620 5281 ;...
