3966 6160
215 337 319 390 δξὶῖ)

212 471 476 526 acerbum
493 480 613 523 esse
631 472 846 537 putant;
871 477 1056 516 verum
1079 464 1180 516 hoc
1198 461 1366 515 morhi
1393 461 1545 529 culpa
1566 471 1666 517 est.
1689 477 1794 512 ltnn

212 563 388 618 mellis
415 561 642 616 crimen.
677 556 754 610 lta
782 565 838 610 et
857 569 989 610 crux
1017 553 1253 608 externis
1281 553 1441 606 stulta
1473 568 1559 607 res
1587 551 1796 606 videtur

213 673 355 722 esse,
405 653 498 709 sed
545 667 654 706 non
699 659 802 704 est.
848 647 1050 704 Deinde
1090 656 1373 718 postquam
1405 647 1642 700 ostendit
1689 662 1796 700 non

211 751 374 807 modo
398 763 506 802 non
546 745 764 798 stultam
801 757 914 796 rem
941 756 1084 806 esse,
1112 739 1207 794 sed
1255 737 1540 792 admodum
1587 737 1797 807 sapien-

214 855 344 908 tem,
371 854 469 896 nec
495 835 656 892 modo
685 849 790 889 non
823 818 1110 894 inﬁrmam,
1143 829 1236 884 sed
1266 828 1555 883 admodum
1580 829 1792 894 fortem,

211 940 332 1009 ejus
348 933 604 1005 praeclara
633 937 780 1000 gesta
809 933 1081 995 comparat
1102 939 1221 978 cum
1241 922 1534 988 creatione,
1553 935 1676 975 cum
1699 935 1790 974 ve.

209 1034 314 1086 teri
337 1030 684 1086 Testamento
706 1031 761 1078 et
783 1037 904 1075 cum
924 1027 1145 1074 externa
1164 1013 1446 1085 sapientia;
1464 1022 1519 1068 et
1538 1012 1793 1076 ostendit,

209 1122 356 1195 quod
399 1136 462 1176 ea
492 1133 612 1186 quae
641 1129 814 1184 neque
843 1110 1053 1165 interna
1099 1107 1360 1176 sapientia
1389 1105 1592 1160 invenit
1623 1117 1796 1172 neque

210 1223 453 1274 externa,
501 1221 676 1274 neque
703 1220 732 1258 a
761 1202 1032 1258 creatione
1072 1199 1225 1254 multi
1275 1197 1549 1252 hominum
1594 1195 1798 1251 didice-

210 1315 356 1370 runt,
403 1316 577 1372 neque
603 1314 633 1353 a
661 1295 828 1352 veteri
874 1294 1220 1349 Testamento
1263 1289 1451 1344 lucrati
1490 1307 1504 1344 :
1536 1289 1683 1354 haec,
1716 1288 1796 1341 in-

209 1413 399 1468 quam,
447 1393 575 1450 illud
623 1393 792 1461 ipsum
841 1386 982 1459 quod
1029 1386 1250 1441 stultum
1279 1393 1333 1438 et
1361 1382 1628 1438 infirmum
1676 1395 1796 1436 esse

208 1496 429 1549 videtur
470 1491 731 1562 potuerit;
762 1485 903 1557 quod
942 1485 1175 1551 videtur,
1231 1484 1468 1554 inquam,
1506 1496 1613 1536 non
1655 1481 1795 1551 quod

208 1599 316 1642 est.
348 1577 702 1654 Quapropter,
727 1597 853 1637 cum
902 1595 968 1634 ex
1017 1579 1176 1634 rebus
1206 1577 1335 1647 ipsis
1379 1574 1795 1630 demonstratio-

210 1697 336 1735 nem
393 1677 604 1739 habeat,
654 1689 774 1729 cum
815 1673 1005 1727 fiducia
1052 1671 1214 1724 multa
1255 1669 1320 1724 ad
1372 1684 1598 1740 pugnant
1647 1662 1802 1736 exit,”

212 1771 388 1840 p;imo
416 1779 600 1822 contra
631 1776 908 1820 externam
951 1763 1287 1832 sapientiam.
1336 1760 1540 1825 dicens,
1574 1759 1670 1814 Ubi
1713 1777 1793 1815 sa-

212 1866 357 1934 piens
387 1861 436 1935 (l
445 1861 546 1915 bid.
581 1876 627 1914 υ.
658 1857 948 1928 20)?Quid
973 1856 1072 1911 sibi
1100 1856 1212 1910 vult
1241 1854 1392 1922 illud,
1428 1853 1525 1909 Ubi
1552 1854 1798 1922 sapiens?

211 1960 294 2012 Ac
318 1957 362 2008 si
382 1955 611 2020 diceret,
635 1953 736 2008 Ubi
780 1960 904 2005 sunt
930 1950 1017 2004 illa
1048 1947 1532 2018 philosophorum?
1558 1947 1646 2001 ubi
1674 1945 1800 2002 rhe-

214 2059 414 2111 torum,
456 2045 545 2101 ubi
584 2044 969 2114 Sophistarum,
1015 2041 1103 2094 ubi
1150 2038 1462 2093 oratorum?
1507 2037 1800 2092 Facessnnt

214 2143 394 2194 omnia
423 2152 484 2192 ac
523 2137 794 2206 perierunt
823 2142 878 2188 et
906 2147 1195 2188 evanuere.
1225 2130 1356 2185 Nam
1405 2129 1473 2183 ita
1519 2128 1796 2198 splendida

214 2233 312 2287 fuit
345 2230 580 2296 victoria,
614 2237 670 2282 ut
698 2227 907 2296 illajam
931 2242 997 2280 ne
1026 2232 1374 2295 compareant
1401 2222 1640 2293 quidem.
1673 2221 1797 2276 Ideo

212 2329 324 2382 illis
352 2324 605 2379 omnibus
636 2332 904 2388 tamquam
943 2319 1116 2387 pulvis
1145 2317 1440 2386 dissipatis,
1474 2316 1544 2370 ita
1572 2315 1800 2369 interro-

210 2428 302 2487 gat
326 2426 379 2470 et
408 2415 482 2468 ait
511 2432 522 2467 :
560 2411 658 2468 Ubi
683 2410 932 2481 sapiens?
961 2409 1223 2479 Apparuit
1247 2422 1401 2471 crux,
1426 2415 1480 2460 et
1504 2407 1590 2460 illa
1617 2407 1797 2461 omnia

210 2512 392 2565 soluta
439 2516 603 2562 sunt:
632 2505 868 2560 insenuit
917 2503 1256 2573 praedicatio,
1289 2511 1344 2556 et
1391 2500 1594 2554 faetlius
1638 2515 1796 2569 quam

209 2615 428 2656 aranea:
457 2598 562 2653 tela
589 2597 840 2665 dissipata
873 2603 1018 2649 sunt.
1056 2593 1154 2648 Ubi
1201 2593 1401 2662 sapiens
1421 2593 1447 2645 ?
1472 2590 1574 2646 Ubi
1603 2590 1796 2645 verbo-

212 2708 334 2746 rum
376 2690 587 2745 fastus?
615 2687 706 2742 ubi
750 2685 1007 2741 facundia:
1058 2682 1446 2754 pulchritudo?
1475 2683 1563 2737 ubi
1612 2681 1797 2748 suphi-

208 2794 446 2839 smatum
493 2780 763 2852 gravitas?
833 2777 926 2833 ubi
968 2777 1256 2831 verborum
1303 2775 1430 2829 vis?
1482 2774 1569 2829 ubi
1619 2776 1796 2844 lingua

210 2877 410 2932 acuta?
441 2875 527 2930 ubi
560 2881 856 2929 conventus
875 2879 924 2926 et
943 2868 1271 2925 consessus?
1301 2867 1392 2921 llla
1412 2867 1589 2921 omnia
1621 2866 1801 2921 detra-

210 2979 298 3025 cta
349 2978 488 3033 sunt,
532 2967 836 3038 perierunt,
871 2971 1118 3032 corrupta
1149 2969 1290 3024 sunt,
1336 2960 1602 3022 abierunt,
1651 2966 1798 3027 terga

211 3062 501 3116 dederunt.
550 3058 650 3114 Ubi
690 3057 891 3112 scriba?
916 3055 1016 3111 Ubi
1065 3068 1152 3108 res
1199 3050 1537 3114 Judmorum,
1587 3048 1801 3117 inquit?

215 3155 304 3208 illa
347 3156 505 3208 etiam
550 3152 678 3206 vicit
717 3149 1024 3220 praedicatio
1049 3189 1064 3212 ,
1115 3155 1169 3200 et
1209 3143 1498 3199 occultavit
1537 3142 1676 3195 sicut
1719 3139 1800 3194 sol

215 3246 484 3299 umbram.
517 3243 650 3297 Nam
694 3257 812 3311 qua:
843 3255 940 3309 per
985 3248 1186 3292 tantum
1217 3245 1426 3306 tempus
1455 3233 1536 3287 lex
1568 3246 1672 3286 non
1701 3245 1798 3300 po-

215 3342 318 3393 tuit
348 3339 400 3392 in
432 3352 532 3391 una
581 3345 760 3405 gente,
811 3333 930 3388 haec
977 3347 1098 3384 etim
1150 3328 1336 3397 majori
1390 3325 1625 3397 potentia
1671 3337 1802 3378 crux

214 3432 417 3501 ubique
439 3428 679 3499 perfecit,
701 3435 914 3496 peccata
937 3425 1172 3487 solvens,
1187 3421 1446 3492 justitiam
1466 3417 1798 3487 impertiens,

215 3531 438 3576 sanctos
465 3518 695 3574 reddens
723 3517 986 3580 homines,
1042 3514 1133 3568 Dei
1184 3511 1540 3581 cognitionem
1569 3509 1800 3574 docens,

215 3615 286 3669 ad
335 3614 524 3669 cmlum
555 3627 714 3666 manu
767 3610 988 3664 ducens.
1035 3606 1236 3661 Deinde
1282 3605 1516 3659 Judaicis
1553 3602 1754 3656 relictis
1784 3643 1798 3665 ,

212 3709 283 3762 ad
315 3705 570 3777 gentilitia
593 3705 763 3759 veitit:
786 3701 883 3757 Ubi
900 3700 1208 3770 conquisitor
1223 3699 1377 3765 hujus
1396 3696 1568 3751 sazculi
1585 3694 1804 3763 (Ibid.)?

217 3801 320 3855 llic
351 3798 628 3852 luereticos
653 3794 974 3857 subindicat,
1008 3803 1060 3846 et
1089 3805 1182 3844 eos
1211 3788 1300 3858 qui
1327 3786 1649 3858 syllogismis
1673 3785 1804 3839 abu-

215 3905 406 3948 tuntur
439 3912 452 3947 :
484 3892 570 3963 qui
603 3890 830 3946 antehac
871 3886 1083 3959 quidem
1111 3883 1299 3954 gladiis
1320 3882 1582 3935 acutiores
1607 3886 1760 3932 erant
1785 3917 1800 3941 ,

215 3995 500 4055 postquam
530 3992 705 4036 autem
748 3995 877 4034 crux
921 3976 1183 4047 apparuit,
1215 3973 1417 4028 facilius
1446 3985 1609 4042 quam
1638 3969 1810 4022 lutum

212 4075 415 4144 dt-jecti
457 4083 599 4127 sunt.
651 4073 830 4126 Annon
877 4069 1084 4124 stultam
1141 4066 1257 4135 fecit
1301 4063 1440 4116 Deus
1500 4061 1804 4130 sapientiam

214 4168 380 4235 hujus
411 4165 586 4218 mundi
617 4165 634 4234 (
666 4161 800 4216 Ibid.
833 4161 892 4229 )?
920 4161 1124 4214 Rursus
1167 4164 1352 4210 contra
1379 4152 1606 4221 gentiles
1633 4165 1691 4204 se
1716 4164 1805 4205 ac-

213 4259 407 4326 cingit.
461 4255 594 4324 Quid
624 4255 725 4309 sibi
757 4253 890 4318 vult,
935 4250 1157 4306 Stultam
1185 4247 1346 4318 fecit?
1393 4243 1620 4300 Stultum
1653 4256 1805 4295 mon-

216 4347 414 4402 stravit
447 4365 459 4400 :
491 4346 608 4400 talis
652 4346 794 4399 enim
834 4350 970 4399 erat.
1018 4339 1081 4394 Et
1123 4340 1350 4410 ipsorum
1393 4345 1439 4389 et
1487 4341 1806 4404 peccatorum

215 4440 426 4493 illorum
471 4447 515 4492 et
556 4437 877 4506 iniquitatum
920 4450 1020 4488 non
1054 4429 1355 4486 recordabar
1381 4428 1600 4495 amplius
1643 4423 1776 4495 (Jer.

217 4530 309 4584 3|.
340 4527 456 4598 5i).
490 4527 596 4582 Sed
642 4525 900 4596 prepheta
933 4522 1149 4594 quidem
1197 4519 1406 4576 Veteris
1432 4518 1586 4572 nobis
1626 4516 1802 4570 lanam

218 4619 456 4689 Speciem
483 4617 764 4673 describit:
788 4612 1284 4684 Apostolusautem,
1313 4611 1436 4680 quia
1457 4623 1576 4663 cum
1604 4607 1804 4662 Judtcis

219 4719 454 4780 pugnat,
483 4725 512 4762 e
554 4709 771 4776 regione
815 4717 1037 4773 utraque
1086 4703 1234 4773 ponit
1261 4721 1273 4755 :
1304 4701 1548 4770 superius
1589 4698 1804 4769 quidem

219 4803 376 4856 nobis
398 4801 551 4862 dixit,
580 4798 700 4852 Non
716 4799 766 4850 in
794 4797 974 4850 tubulis
997 4795 1227 4866 lapideis,
1247 4793 1338 4848 sed
1361 4794 1412 4846 in
1434 4793 1616 4845 tabulis
1637 4791 1805 4844 cordis

216 4893 513 4947 carnalibus
541 4909 560 4957 ;
586 4891 671 4944 hic
691 4899 889 4953 autem,
927 4887 1045 4941 Non
1074 4887 1248 4950 litera,
1286 4885 1372 4937 sed
1394 4883 1632 4952 spiritus;
1661 4882 1805 4935 litera

217 4987 352 5040 enim
383 4984 592 5050 occidit,
626 4982 835 5050 spiritus
861 4988 1026 5034 autem
1058 4976 1276 5045 vivi/icat
1306 4973 1381 5045 (9..
1413 4973 1528 5027 Cor.
1561 4974 1613 5028 5.
1644 4974 1695 5026 5.
1725 4971 1800 5041 6).

288 5079 342 5134 5.
378 5079 434 5132 In
464 5077 692 5130 sabbato
729 5072 944 5138 collegit
982 5070 1099 5139 quis
1134 5069 1304 5137 ligna,
1339 5075 1393 5121 et
1423 5065 1683 5134 lapidatus
1723 5073 1808 5119 est

218 5173 403 5244 (Nam.
436 5169 524 5228 l5.
561 5168 651 5224 52.
681 5164 793 5237 56).
820 5163 1074 5218 Vidistine
1099 5160 1364 5232 quomodo
1392 5160 1542 5214 litera
1574 5158 1802 5225 occidat,

997 325 1063 380 XI
1101 322 1402 388 HOMILIA,
1449 319 1535 376 DE
1576 313 1940 376 ELEAL'ARO
1979 317 2069 373 ET
2108 317 2381 375 SEPTEM
2422 318 2685 374 PUERlS.
3376 322 3474 375 εὼς)

1908 457 1956 511 id
1984 468 2086 524 est,
2124 457 2209 512 lex
2237 458 2463 528 puniat?
2501 457 2648 513 disce
2673 457 2941 527 quomodo
2982 458 3200 526 Spiritus
3226 460 3477 515 vivilicet.

1907 548 2182 617 Ingressus
2209 558 2290 605 est
2317 550 2579 618 quispiam
2613 549 2757 602 mille
2785 551 2941 602 malis
2974 550 3179 617 plenus,
3211 551 3300 619 qui
3330 565 3479 604 scor-

1905 646 2044 693 tatus
2075 651 2176 705 est,
2207 641 2402 710 rapuit,
2431 656 2623 694 avarus
2651 640 2773 707 fuit,
2802 641 3031 706 adulter,
3059 644 3204 695 omni
3232 644 3482 712 nequitia:

1903 735 2084 802 generi
2103 735 2380 799 obnoxius,
2397 734 2504 804 jam
2527 743 2799 788 emortuus
2822 743 3072 804 peccato:
3094 735 3265 803 ipsum
3289 737 3482 804 accipit

1902 829 2131 896 Spiritus
2169 828 2336 898 gratia
2382 827 2448 881 ad
2495 829 2803 898 lavacrum,
2850 837 2901 880 et
2931 836 3279 881 scortatorem
3315 827 3480 882 lilium

1905 920 1998 974 Dei
2029 919 2227 986 efticit,
2259 929 2314 974 et
2351 935 2472 974 eum
2498 962 2512 981 ,
2545 919 2635 989 qui
2677 922 2728 973 in
2776 919 3009 989 peccatis
3047 928 3294 974 mortuus
3327 928 3440 974 erat
3461 959 3476 983 ,

1903 1012 2159 1070 viviﬁcat.
2189 1013 2299 1066 lloc
2328 1012 2432 1068 sibi
2462 1012 2574 1066 vult
2601 1011 2734 1066 illud
2761 1053 2777 1076 ,
2811 1011 3037 1082 Spiritus
3065 1011 3303 1082 uiviﬁcat.
3330 1010 3479 1076 Quo-

1901 1105 2064 1161 modo
2088 1114 2266 1160 autem
2296 1103 2564 1160 vivilicat?
2588 1103 2705 1160 Non
2737 1118 2924 1174 poenas
2956 1114 3294 1175 peccatorum
3321 1119 3481 1173 repe-

1905 1210 2046 1266 tens,
2074 1200 2367 1256 secundum
2398 1199 2522 1254 illud
2545 1198 2826 1268 Prophetas
2852 1197 3053 1252 dictum
3075 1215 3088 1251 :
3110 1197 3373 1269 PrOpitius
3397 1212 3483 1250 ero

1901 1292 2248 1363 iniquitatibus
2277 1307 2450 1344 eorum
2474 1331 2487 1351 ,
2521 1301 2567 1343 et
2612 1298 2930 1358 peccatorum
2972 1305 3143 1342 eorum
3172 1297 3218 1341 et
3242 1287 3484 1358 iniquita-

1903 1398 2008 1438 tum
2045 1399 2218 1437 eorum
2245 1399 2348 1436 non
2372 1380 2675 1435 recordabar
2698 1381 2940 1449 amplius.
2983 1381 3258 1450 Interroga
3297 1392 3483 1433 rursus

1901 1477 2165 1542 Judaeum,
2190 1476 2404 1530 ubinam
2431 1473 2534 1528 hoc
2555 1472 2750 1528 factum
2776 1474 2845 1528 sit
2868 1473 2920 1527 in
2946 1472 3064 1542 lege
3085 1471 3208 1526 :sed
3231 1471 3280 1525 id
3302 1478 3484 1526 osten-

1901 1569 2028 1624 dere
2060 1585 2164 1622 non
2194 1567 2386 1637 possit.
2416 1566 2544 1620 Nam
2573 1575 2627 1621 et
2651 1566 2739 1635 qui
2772 1564 2910 1636 ligna
2940 1564 3251 1640 collegerat,
3279 1562 3484 1633 lapida-

1903 1669 1988 1714 tus
2030 1661 2146 1725 fuit,
2189 1667 2244 1712 et
2280 1657 2592 1712 fornicatrix
2635 1657 3069 1722 comburebatur,
3099 1665 3152 1710 et
3175 1654 3382 1726 Moyses
3413 1657 3482 1709 ob

1902 1760 2176 1824 peccatum
2205 1765 2366 1806 unum
2389 1764 2420 1805 a
2449 1758 2588 1805 terra
2615 1749 2986 1820 promissionis
3007 1747 3210 1803 excidit
3235 1763 3248 1801 :
3273 1747 3326 1802 in
3355 1761 3481 1817 gra-

1902 1845 1989 1899 tia:
2018 1853 2195 1898 autem
2224 1850 2465 1914 tempore
2485 1883 2498 1906 ,
2531 1842 2620 1910 qui
2660 1839 2806 1895 mille
2831 1841 3038 1895 scelera
3071 1849 3436 1908 perpetrat-unt
3459 1881 3478 1905 ,

1902 1955 1998 2009 per
2025 1937 2273 2008 baptismi
2301 1935 2617 1992 beneficium
2648 1933 3006 1997 viviﬁcantur,
3042 1932 3292 2002 nullaque
3319 1947 3483 2000 expe-

1905 2031 2034 2086 titur
2062 2029 2326 2084 scelerum
2353 2040 2532 2097 pecua.
2562 2025 2792 2094 Ideoque
2815 2023 3008 2078 Paulus
3028 2021 3239 2076 dicebat
3263 2039 3277 2077 :
3304 2019 3481 2075 Nolite

1899 2139 2071 2178 errare
2099 2138 2118 2176 :
2144 2139 2301 2192 neque
2326 2117 2590 2191 fornicarii
2608 2158 2624 2185 ,
2656 2133 2813 2187 neque
2842 2115 3016 2170 molles
3041 2157 3056 2181 ,
3095 2131 3252 2184 neque
3279 2123 3480 2168 mascu-

1903 2217 2068 2270 lorum
2097 2213 2462 2277 concubitores,
2491 2225 2652 2280 neque
2675 2207 2916 2273 adulteri,
2947 2223 3104 2276 neque
3132 2207 3292 2276 fures,
3323 2223 3482 2276 neque

1900 2307 2063 2371 avari,
2092 2320 2250 2373 neque
2277 2303 2481 2369 ebriosi,
2509 2318 2669 2372 neque
2694 2299 2948 2365 maledici,
2977 2314 3134 2369 neque
3158 2314 3366 2370 rapaces
3396 2315 3479 2352 re-

1900 2415 2054 2469 gnum
2076 2396 2170 2449 Dei
2192 2394 2532 2467 possidebunt.
2561 2393 2625 2446 Et
2648 2392 2754 2446 hinc
2773 2393 2979 2462 quidam
2999 2391 3152 2444 eratis
3176 2405 3194 2443 :
3214 2390 3303 2444 sed
3322 2389 3482 2444 abluti

1900 2489 2039 2550 estis,
2068 2487 2155 2542 sed
2179 2485 2481 2552 sanctiﬁcati
2502 2485 2637 2550 estis,
2663 2483 2754 2537 sed
2767 2482 3040 2551 justiﬁcati
3063 2480 3180 2536 estis
3206 2482 3258 2534 in
3281 2481 3484 2535 nomine

1900 2579 2109 2633 Domini
2131 2578 2255 2632 Jesu
2284 2577 2396 2631 etin
2415 2575 2606 2648 Spiritu
2629 2575 2726 2629 Dei
2746 2576 2903 2628 nostri
2930 2575 2950 2647 (
2980 2575 3029 2628 1.
3059 2573 3174 2628 Cor.
3200 2572 3252 2628 6.
3277 2573 3402 2629 9-H
3439 2575 3480 2643 ).

1906 2671 2174 2736 Vidistin‘,
2197 2685 2356 2740 quam
2384 2667 2665 2738 splendeat
2692 2667 3061 2739 prephcticum
3087 2666 3216 2721 illud
3246 2685 3258 2721 :
3291 2663 3482 2737 Pmpi-

1902 2767 2001 2820 tius
2023 2783 2106 2820 era
2129 2764 2476 2834 iniquitatibus
2495 2780 2667 2817 eorum
2686 2763 2712 2816 ?
2732 2778 2890 2832 quam
2915 2761 3112 2831 fulgeat
3131 2760 3482 2830 apostolicum

1903 2859 2028 2914 illud
2051 2901 2065 2924 ,
2100 2859 2328 2928 Spiritus
2353 2857 2612 2926 viviﬁcat?
2639 2856 2730 2910 Vis
2757 2865 2809 2911 et
2837 2855 2981 2910 aliud
3008 2855 3237 2919 discere,
3266 2865 3484 2923 aposto-

1903 2951 2012 3005 lum
2041 2964 2233 3018 nempe
2259 2949 2479 3004 Paulum
2510 2949 2854 3018 loquentem,
2889 2945 3158 3017 quomodo
3201 2946 3290 3000 ille
3333 2945 3482 2999 brevi

1905 3029 2146 3112 tempore
2161 3041 2344 3096 orbem
2367 3055 2503 3110 pene
2531 3049 2698 3093 totum
2724 3039 3066 3110 peragravit?
3095 3038 3217 3093 audi
3238 3039 3384 3092 illum
3403 3037 3485 3092 di-

1902 3142 2111 3188 centem
2146 3151 2159 3187 :
2189 3131 2275 3185 Ita
2304 3142 2360 3185 ut
2389 3132 2450 3185 ab
2480 3131 2765 3186 Jerusalem
2791 3131 2859 3183 ad
2887 3129 3155 3201 Illyricum
3188 3129 3483 3199 repleverim

1885 3224 2252 3296 Evangelium;
2278 3235 2330 3279 et
2358 3240 2569 3279 rursum
2595 3265 2610 3288 ,
2643 3223 2798 3277 Nunc
2821 3239 2935 3277 vero
2960 3223 3169 3276 ulterius
3195 3221 3358 3276 locum
3384 3237 3485 3275 non

1905 3318 2092 3371 habens
2121 3319 2172 3371 in
2200 3317 2278 3371 his
2304 3318 2612 3388 regionibus,
2645 3317 2970 3387 cupiditatem
3000 3326 3165 3369 autem
3191 3315 3378 3368 habens
3407 3315 3484 3367 ui-

1905 3409 2059 3463 dendi
2085 3426 2170 3462 ros
2193 3449 2209 3474 ,
2242 3425 2354 3462 cum
2383 3409 2434 3461 in
2464 3409 2770 3478 Hispaniam
2801 3407 3056 3476 proﬁcisci
3079 3422 3304 3471 coepero,
3337 3421 3485 3474 spero

1906 3517 1984 3553 me
2015 3499 2179 3553 videre
2207 3515 2293 3552 vos
2320 3541 2335 3563 ,
2369 3500 2413 3552 si
2439 3498 2574 3552 vobis
2604 3499 2824 3566 primum
2862 3514 2926 3551 ea:
2955 3507 3098 3567 parte
3127 3497 3314 3567 [ruitus
3341 3499 3485 3566 fuero

1909 3591 2083 3660 (Rom.
2115 3592 2202 3645 15.
2231 3590 2314 3644 19.
2339 3589 2452 3660 '23).
2477 3590 2628 3657 Quod
2657 3588 3004 3657 siApostolus
3030 3602 3167 3640 unus
3196 3597 3301 3640 tam
3335 3586 3483 3640 brevi

1908 3689 2146 3750 tempore
2169 3680 2422 3748 majorem
2448 3681 2592 3734 orbis
2615 3689 2820 3748 partem
2847 3677 3127 3748 percurrit,
3154 3677 3325 3744 cogita
3347 3691 3484 3747 quo-

1908 3773 2066 3826 modo
2091 3773 2248 3826 etiam
2278 3773 2367 3825 alii
2398 3773 2582 3826 urbem
2615 3783 2782 3826 totum
2811 3770 2958 3840 quasi
2987 3783 3184 3838 sagena
3205 3777 3484 3836 ceperunt.

1905 3865 2240 3936 Quapropter
2266 3864 2497 3928 dicebat,
2526 3864 2785 3933 Evangelii
2813 3863 2948 3934 quod
2975 3862 3303 3931 pra'dicatnm
3333 3870 3406 3914 est
3433 3861 3487 3915 in

1907 3957 2043 4008 omni
2085 3966 2315 4009 creatura
2352 3971 2464 4024 qua:
2505 3955 2597 4008 sub
2642 3955 2765 4008 carlo
2796 3963 2891 4016 est;
2931 3951 3302 4022 propheticum
3355 3952 3483 4006 illud

1908 4047 2265 4114 interpretans
2288 4065 2299 4098 :
2328 4046 2459 4111 Quia
2486 4061 2656 4098 omnes
2683 4047 2841 4098 scient
2868 4061 2946 4098 me
2973 4061 3003 4096 a
3031 4044 3215 4097 minori
3239 4059 3394 4112 usque
3420 4043 3488 4094 ad

1906 4154 2163 4208 magnum.
2189 4138 2292 4192 Sed
2315 4137 2454 4207 quod
2473 4137 2719 4190 Christus
2743 4137 2911 4206 legem
2931 4135 3138 4189 dederit
3162 4134 3288 4188 hinc
3310 4135 3486 4204 palam

1908 4239 2008 4293 est,
2039 4240 2090 4284 ct
2117 4230 2257 4299 quod
2278 4229 2568 4283 Machaba-i
2599 4244 2694 4297 pro
2719 4228 2834 4298 lege
2858 4228 3116 4297 jugulati,
3143 4241 3239 4296 pro
3271 4225 3486 4295 legisla-

1909 4328 2024 4374 tore
2045 4320 2359 4389 sanguinem
2383 4319 2638 4385 fuderint,
2662 4319 2764 4372 hoc
2781 4334 2994 4388 quoque
3017 4317 3357 4371 manifestum
3386 4335 3398 4370 :
3419 4316 3489 4370 de

1907 4421 2104 4466 caetero
2122 4420 2297 4464 autem
2317 4411 2592 4465 caritatem
2621 4419 2850 4465 vestram
2881 4424 3031 4479 rogo,
3064 4418 3118 4462 ut
3147 4424 3267 4462 eum
3296 4409 3488 4462 alacri-

1909 4512 2016 4556 tate
2044 4504 2205 4556 multa
2238 4502 2304 4556 ad
2328 4501 2520 4557 festum
2550 4502 2818 4556 accedatis
2843 4518 2856 4553 :
2881 4501 3018 4555 sicut
3052 4515 3180 4569 apes
3210 4502 3277 4554 ab
3305 4501 3485 4553 alvca-

1908 4595 2052 4648 ribus
2065 4594 2274 4650 exsilite
2300 4593 2366 4647 ad
2395 4603 2684 4664 martyrum
2701 4591 2939 4654 vulnera,
2959 4605 3257 4658 eormnque
3274 4590 3483 4642 crucia-

1911 4696 1994 4739 tus
2014 4685 2451 4754 complectimtni,
2489 4685 2618 4738 nihil
2656 4693 2907 4738 curantes
2950 4681 3048 4736 via:
3075 4679 3482 4750 longitudinem.

1908 4778 2040 4832 Nam
2072 4778 2114 4832 si
2133 4779 2413 4832 Eleazarus
2443 4791 2604 4830 senex
2635 4775 2808 4844 ignem
2831 4787 2993 4827 ausus
3008 4780 3090 4825 est
3106 4768 3351 4838 aggredi,
3371 4767 3487 4821 etsi

1910 4870 2190 4924 beatorum
2221 4870 2409 4923 horutn
2443 4877 2612 4921 mater
2651 4866 2702 4920 in
2733 4874 2973 4920 extrema
3003 4869 3278 4916 senectute
3308 4868 3483 4913 tantos

1913 4977 2064 5030 passa
2095 4970 2178 5016 est
2207 4961 2420 5015 dolores
2445 4976 2458 5012 :
2483 4973 2642 5028 quam
2671 4954 3056 5017 defensionem,
3087 4965 3244 5022 quam
3271 4948 3483 5003 veniam

1911 5051 2192 5114 habebitis,
2219 5051 2261 5104 si
2291 5065 2388 5105 nec
2417 5065 2581 5119 pauca
2607 5048 2777 5104 stadia
2805 5043 3123 5116 percnrratis
3145 5040 3212 5097 ad
3235 5041 3325 5095 illa
3343 5053 3477 5092 con~

1910 5146 2177 5217 spicienda
2203 5145 2494 5201 certamina
2509 5145 2575 5197 ?..
2591 5181 2604 5194 .
