  <div class='ocr_page' id='page_1' title='image "/cluster/home/n/w/nwhite01/storage/ocr_20150623/63/mdp.39015008641394/425.png"; bbox 0 0 3966 6160; ppageno 0'>
   <div class='ocr_carea' id='block_1_1' title="bbox 308 341 417 402">
    <p class='ocr_par' dir='ltr' id='par_1_1' title="bbox 308 341 417 402">
     <span class='ocr_line' id='line_1_1' title="bbox 308 341 417 402; baseline -0.055 -1"><span class='ocrx_word' id='word_1_1' title='bbox 308 341 417 402; x_wconf 70' lang='lat'>555</span> 
     </span>
    </p>
   </div>
   <div class='ocr_carea' id='block_1_2' title="bbox 307 455 1964 533">
    <p class='ocr_par' dir='ltr' id='par_1_2' title="bbox 307 455 1964 533">
     <span class='ocr_line' id='line_1_2' title="bbox 307 455 1964 533; baseline -0.002 -22"><span class='ocrx_word' id='word_1_2' title='bbox 307 462 382 514; x_wconf 64' lang='grc' dir='ltr'>ὢν</span> <span class='ocrx_word' id='word_1_3' title='bbox 414 458 513 533; x_wconf 73' lang='grc' dir='ltr'>τὴν</span> <span class='ocrx_word' id='word_1_4' title='bbox 548 464 708 527; x_wconf 77' lang='grc' dir='ltr'>φύσιν</span> <span class='ocrx_word' id='word_1_5' title='bbox 746 458 838 512; x_wconf 82' lang='grc' dir='ltr'>καὶ</span> <span class='ocrx_word' id='word_1_6' title='bbox 877 457 1166 527; x_wconf 75' lang='grc' dir='ltr'>ἀμέριστος</span> <span class='ocrx_word' id='word_1_7' title='bbox 1209 456 1303 510; x_wconf 73' lang='grc' dir='ltr'>καὶ</span> <span class='ocrx_word' id='word_1_8' title='bbox 1330 456 1767 526; x_wconf 79' lang='grc' dir='ltr'>ἀσχημάτιστος,</span> <span class='ocrx_word' id='word_1_9' title='bbox 1802 455 1964 519; x_wconf 84' lang='grc' dir='ltr'>αὐτὸς</span> 
     </span>
    </p>
   </div>
   <div class='ocr_carea' id='block_1_3' title="bbox 308 542 1969 614">
    <p class='ocr_par' dir='ltr' id='par_1_3' title="bbox 308 542 1969 614">
     <span class='ocr_line' id='line_1_3' title="bbox 308 542 1969 614; baseline -0.002 -15"><span class='ocrx_word' id='word_1_10' title='bbox 308 547 469 610; x_wconf 63' lang='grc' dir='ltr'>θεὸς⁸</span> <span class='ocrx_word' id='word_1_11' title='bbox 501 547 565 599; x_wconf 85' lang='grc' dir='ltr'>ὲκ</span> <span class='ocrx_word' id='word_1_12' title='bbox 602 544 757 608; x_wconf 88' lang='grc' dir='ltr'>Θεοῦ,</span> <span class='ocrx_word' id='word_1_13' title='bbox 803 543 965 597; x_wconf 87' lang='grc' dir='ltr'>εἰκὼν</span> <span class='ocrx_word' id='word_1_14' title='bbox 1010 542 1103 595; x_wconf 91' lang='grc' dir='ltr'>τοῦ</span> <span class='ocrx_word' id='word_1_15' title='bbox 1150 543 1406 614; x_wconf 83' lang='grc' dir='ltr'>ἀοράτου,</span> <span class='ocrx_word' id='word_1_16' title='bbox 1453 544 1832 612; x_wconf 69' lang='grc' dir='ltr'>Ἄπαύγνασμα</span> <span class='ocrx_word' id='word_1_17' title='bbox 1859 542 1969 609; x_wconf 81' lang='grc' dir='ltr'>τῆς</span> 
     </span>
    </p>
   </div>
   <div class='ocr_carea' id='block_1_4' title="bbox 308 629 1966 701">
    <p class='ocr_par' dir='ltr' id='par_1_4' title="bbox 308 629 1966 701">
     <span class='ocr_line' id='line_1_4' title="bbox 308 629 1966 701; baseline -0.003 -15"><span class='ocrx_word' id='word_1_18' title='bbox 308 633 493 700; x_wconf 70' lang='grc' dir='ltr'>δόξης</span> <span class='ocrx_word' id='word_1_19' title='bbox 512 632 606 685; x_wconf 77' lang='grc' dir='ltr'>καὶ</span> <span class='ocrx_word' id='word_1_20' title='bbox 629 630 928 700; x_wconf 79' lang='grc' dir='ltr'>χαρακτὴρ</span> <span class='ocrx_word' id='word_1_21' title='bbox 964 629 1374 696; x_wconf 82' lang='grc' dir='ltr'>ὑποστάσεως,</span> <span class='ocrx_word' id='word_1_22' title='bbox 1400 630 1685 701; x_wconf 71' lang='grc' dir='ltr'>διαφόρους</span> <span class='ocrx_word' id='word_1_23' title='bbox 1722 629 1966 682; x_wconf 74' lang='grc' dir='ltr'>ἐνδύεται</span> 
     </span>
    </p>
   </div>
   <div class='ocr_carea' id='block_1_5' title="bbox 311 716 1963 790">
    <p class='ocr_par' dir='ltr' id='par_1_5' title="bbox 311 716 1963 790">
     <span class='ocr_line' id='line_1_5' title="bbox 311 716 1963 790; baseline -0.002 -18"><span class='ocrx_word' id='word_1_24' title='bbox 311 720 678 790; x_wconf 79' lang='grc' dir='ltr'>προσηγορίας</span> <span class='ocrx_word' id='word_1_25' title='bbox 698 759 712 781; x_wconf 96' lang='grc'>,</span> <span class='ocrx_word' id='word_1_26' title='bbox 742 719 802 770; x_wconf 92' lang='grc' dir='ltr'>οὐ</span> <span class='ocrx_word' id='word_1_27' title='bbox 833 717 970 787; x_wconf 80' lang='grc' dir='ltr'>πρὸς</span> <span class='ocrx_word' id='word_1_28' title='bbox 996 718 1094 786; x_wconf 88' lang='grc' dir='ltr'>τὴν</span> <span class='ocrx_word' id='word_1_29' title='bbox 1136 716 1297 786; x_wconf 82' lang='grc' dir='ltr'>φύσιν</span> <span class='ocrx_word' id='word_1_30' title='bbox 1322 717 1697 788; x_wconf 75' lang='grc' dir='ltr'>ἁρμοζούσας,</span> <span class='ocrx_word' id='word_1_31' title='bbox 1730 716 1864 769; x_wconf 87' lang='grc' dir='ltr'>ἀλλά</span> <span class='ocrx_word' id='word_1_32' title='bbox 1898 717 1963 786; x_wconf 82' lang='grc' dir='ltr'>τῇ</span> 
     </span>
    </p>
   </div>
   <div class='ocr_carea' id='block_1_6' title="bbox 310 802 1968 879">
    <p class='ocr_par' dir='ltr' id='par_1_6' title="bbox 310 802 1968 879">
     <span class='ocr_line' id='line_1_6' title="bbox 310 802 1968 879; baseline -0.003 -18"><span class='ocrx_word' id='word_1_33' title='bbox 310 806 597 879; x_wconf 80' lang='grc' dir='ltr'>εὐεργεσίᾳ</span> <span class='ocrx_word' id='word_1_34' title='bbox 645 805 980 875; x_wconf 83' lang='grc' dir='ltr'>πρεπούσας.</span> <span class='ocrx_word' id='word_1_35' title='bbox 1027 804 1242 874; x_wconf 85' lang='grc' dir='ltr'>Ἐπειδὴ</span> <span class='ocrx_word' id='word_1_36' title='bbox 1273 804 1380 875; x_wconf 84' lang='grc' dir='ltr'>γὰρ</span> <span class='ocrx_word' id='word_1_37' title='bbox 1427 806 1605 858; x_wconf 89' lang='grc' dir='ltr'>πάντα</span> <span class='ocrx_word' id='word_1_38' title='bbox 1647 804 1861 858; x_wconf 83' lang='grc' dir='ltr'>διέπεσε</span> <span class='ocrx_word' id='word_1_39' title='bbox 1897 802 1968 857; x_wconf 87' lang='grc' dir='ltr'>τὰ</span> 
     </span>
    </p>
   </div>
   <div class='ocr_carea' id='block_1_7' title="bbox 308 889 1965 965">
    <p class='ocr_par' dir='ltr' id='par_1_7' title="bbox 308 889 1965 965">
     <span class='ocr_line' id='line_1_7' title="bbox 308 889 1965 965; baseline -0.002 -18"><span class='ocrx_word' id='word_1_40' title='bbox 308 893 640 965; x_wconf 87' lang='grc' dir='ltr'>ἀνθρώπινα,</span> <span class='ocrx_word' id='word_1_41' title='bbox 673 893 752 954; x_wconf 83' lang='grc' dir='ltr'>εἰς</span> <span class='ocrx_word' id='word_1_42' title='bbox 775 890 963 965; x_wconf 77' lang='grc' dir='ltr'>ἑαυτὸν</span> <span class='ocrx_word' id='word_1_43' title='bbox 985 890 1355 960; x_wconf 84' lang='grc' dir='ltr'>ἀναλαμϐάνει</span> <span class='ocrx_word' id='word_1_44' title='bbox 1382 889 1446 943; x_wconf 91' lang='grc' dir='ltr'>τά</span> <span class='ocrx_word' id='word_1_45' title='bbox 1477 889 1652 947; x_wconf 88' lang='grc' dir='ltr'>πάντα</span> <span class='ocrx_word' id='word_1_46' title='bbox 1674 890 1965 961; x_wconf 78' lang='grc' dir='ltr'>οἰκειότητι</span> 
     </span>
    </p>
   </div>
   <div class='ocr_carea' id='block_1_8' title="bbox 307 976 1962 1051">
    <p class='ocr_par' dir='ltr' id='par_1_8' title="bbox 307 976 1962 1051">
     <span class='ocr_line' id='line_1_8' title="bbox 307 976 1962 1051; baseline -0.002 -18"><span class='ocrx_word' id='word_1_47' title='bbox 307 984 373 1051; x_wconf 85' lang='grc' dir='ltr'>τῇ</span> <span class='ocrx_word' id='word_1_48' title='bbox 409 981 477 1033; x_wconf 82' lang='grc' dir='ltr'>τά</span> <span class='ocrx_word' id='word_1_49' title='bbox 521 981 694 1034; x_wconf 87' lang='grc' dir='ltr'>πάντα</span> <span class='ocrx_word' id='word_1_50' title='bbox 736 976 1156 1049; x_wconf 82' lang='grc' dir='ltr'>ἀνακαινιζούσῃ</span> <span class='ocrx_word' id='word_1_51' title='bbox 1202 978 1384 1048; x_wconf 86' lang='grc' dir='ltr'>χάριτι</span> <span class='ocrx_word' id='word_1_52' title='bbox 1421 976 1521 1040; x_wconf 83' lang='lat'><strong>16;</strong></span> <span class='ocrx_word' id='word_1_53' title='bbox 1572 977 1962 1049; x_wconf 78' lang='grc' dir='ltr'>προσηγορίας,</span> 
     </span>
    </p>
   </div>
   <div class='ocr_carea' id='block_1_9' title="bbox 307 1065 1964 1142">
    <p class='ocr_par' dir='ltr' id='par_1_9' title="bbox 307 1065 1964 1142">
     <span class='ocr_line' id='line_1_9' title="bbox 307 1065 1964 1142; baseline -0.002 -18"><span class='ocrx_word' id='word_1_54' title='bbox 307 1072 611 1142; x_wconf 82' lang='grc' dir='ltr'>δεχόμενος.</span> <span class='ocrx_word' id='word_1_55' title='bbox 637 1071 808 1140; x_wconf 89' lang='grc' dir='ltr'>Λιμὸς</span> <span class='ocrx_word' id='word_1_56' title='bbox 839 1065 908 1139; x_wconf 81' lang='grc' dir='ltr'>ἦν</span> <span class='ocrx_word' id='word_1_57' title='bbox 937 1068 1124 1135; x_wconf 80' lang='grc' dir='ltr'>πολὺς,</span> <span class='ocrx_word' id='word_1_58' title='bbox 1153 1069 1310 1138; x_wconf 81' lang='grc' dir='ltr'>λιμὸς</span> <span class='ocrx_word' id='word_1_59' title='bbox 1336 1068 1479 1122; x_wconf 83' lang='grc' dir='ltr'>θείου</span> <span class='ocrx_word' id='word_1_60' title='bbox 1511 1066 1691 1136; x_wconf 81' lang='grc' dir='ltr'>λόγου,</span> <span class='ocrx_word' id='word_1_61' title='bbox 1721 1067 1877 1138; x_wconf 88' lang='grc' dir='ltr'>λιμὸς</span> <span class='ocrx_word' id='word_1_62' title='bbox 1904 1067 1964 1121; x_wconf 80' lang='grc' dir='ltr'>ὃν</span> 
     </span>
    </p>
   </div>
   <div class='ocr_carea' id='block_1_10' title="bbox 306 1154 1975 1230">
    <p class='ocr_par' dir='ltr' id='par_1_10' title="bbox 306 1154 1975 1230">
     <span class='ocr_line' id='line_1_10' title="bbox 306 1154 1975 1230; baseline -0.002 -19"><span class='ocrx_word' id='word_1_63' title='bbox 306 1160 599 1230; x_wconf 77' lang='grc' dir='ltr'>ἠπείλησεν</span> <span class='ocrx_word' id='word_1_64' title='bbox 621 1161 648 1212; x_wconf 99' lang='lat'>6</span> <span class='ocrx_word' id='word_1_65' title='bbox 671 1159 801 1221; x_wconf 83' lang='grc' dir='ltr'>Θεὸς</span> <span class='ocrx_word' id='word_1_66' title='bbox 825 1160 890 1229; x_wconf 77' lang='grc' dir='ltr'>τῇ</span> <span class='ocrx_word' id='word_1_67' title='bbox 922 1160 1236 1227; x_wconf 81' lang='grc' dir='ltr'>συναγωγῇ,</span> <span class='ocrx_word' id='word_1_68' title='bbox 1265 1156 1468 1224; x_wconf 85' lang='grc' dir='ltr'>λέγων·</span> <span class='ocrx_word' id='word_1_69' title='bbox 1510 1154 1838 1221; x_wconf 65' lang='grc' dir='ltr'>Ἀποστελῶ</span> <span class='ocrx_word' id='word_1_70' title='bbox 1866 1157 1975 1225; x_wconf 56' lang='grc' dir='ltr'>αὐτ</span> 
     </span>
    </p>
   </div>
   <div class='ocr_carea' id='block_1_11' title="bbox 306 1242 1965 1315">
    <p class='ocr_par' dir='ltr' id='par_1_11' title="bbox 306 1242 1965 1315">
     <span class='ocr_line' id='line_1_11' title="bbox 306 1242 1965 1315; baseline -0.002 -15"><span class='ocrx_word' id='word_1_71' title='bbox 306 1246 425 1310; x_wconf 83' lang='grc' dir='ltr'>τοῖς</span> <span class='ocrx_word' id='word_1_72' title='bbox 454 1250 524 1301; x_wconf 88' lang='grc' dir='ltr'>οὑ</span> <span class='ocrx_word' id='word_1_73' title='bbox 552 1248 729 1315; x_wconf 70' lang='grc' dir='ltr'>λιμόν</span> <span class='ocrx_word' id='word_1_74' title='bbox 752 1246 957 1313; x_wconf 76' lang='grc' dir='ltr'>ἄρτου,</span> <span class='ocrx_word' id='word_1_75' title='bbox 980 1244 1121 1298; x_wconf 83' lang='grc' dir='ltr'>οὐδὲ</span> <span class='ocrx_word' id='word_1_76' title='bbox 1140 1244 1327 1313; x_wconf 72' lang='grc' dir='ltr'>δίψαν</span> <span class='ocrx_word' id='word_1_77' title='bbox 1346 1243 1581 1311; x_wconf 84' lang='grc' dir='ltr'>ὕδατος,</span> <span class='ocrx_word' id='word_1_78' title='bbox 1610 1242 1770 1298; x_wconf 74' lang='grc' dir='ltr'>ἀλλὰ</span> <span class='ocrx_word' id='word_1_79' title='bbox 1787 1243 1965 1313; x_wconf 80' lang='grc' dir='ltr'>λιμόν</span> 
     </span>
    </p>
   </div>
   <div class='ocr_carea' id='block_1_12' title="bbox 306 1329 1897 1400">
    <p class='ocr_par' dir='ltr' id='par_1_12' title="bbox 306 1329 1897 1400">
     <span class='ocr_line' id='line_1_12' title="bbox 306 1329 1897 1400; baseline 0 -15"><span class='ocrx_word' id='word_1_80' title='bbox 306 1333 412 1386; x_wconf 85' lang='grc' dir='ltr'>τοῦ</span> <span class='ocrx_word' id='word_1_81' title='bbox 440 1334 696 1388; x_wconf 82' lang='grc' dir='ltr'>ἀκοῦσαι</span> <span class='ocrx_word' id='word_1_82' title='bbox 732 1332 919 1400; x_wconf 68' lang='grc' dir='ltr'>λόγον</span> <span class='ocrx_word' id='word_1_83' title='bbox 948 1329 1192 1399; x_wconf 78' lang='grc' dir='ltr'>Κυρίου.</span> <span class='ocrx_word' id='word_1_84' title='bbox 1891 1336 1897 1341; x_wconf 87' lang='grc'><em>”</em></span> 
     </span>
    </p>
   </div>
   <div class='ocr_carea' id='block_1_13' title="bbox 378 1415 1964 1491">
    <p class='ocr_par' dir='ltr' id='par_1_13' title="bbox 378 1415 1964 1491">
     <span class='ocr_line' id='line_1_13' title="bbox 378 1415 1964 1491; baseline -0.001 -18"><span class='ocrx_word' id='word_1_85' title='bbox 378 1421 443 1488; x_wconf 87' lang='grc' dir='ltr'>β’.</span> <span class='ocrx_word' id='word_1_86' title='bbox 500 1421 651 1473; x_wconf 74' lang='grc' dir='ltr'>Ἐπεὶ</span> <span class='ocrx_word' id='word_1_87' title='bbox 687 1415 779 1472; x_wconf 76' lang='grc' dir='ltr'>οὖν</span> <span class='ocrx_word' id='word_1_88' title='bbox 815 1419 931 1491; x_wconf 69' lang='grc' dir='ltr'>ᾔδει</span> <span class='ocrx_word' id='word_1_89' title='bbox 958 1418 1230 1473; x_wconf 78' lang='grc' dir='ltr'>πεινῶσαν</span> <span class='ocrx_word' id='word_1_90' title='bbox 1251 1418 1350 1490; x_wconf 80' lang='grc' dir='ltr'>τὴν</span> <span class='ocrx_word' id='word_1_91' title='bbox 1377 1419 1718 1489; x_wconf 74' lang='grc' dir='ltr'>οἰκουμένην,</span> <span class='ocrx_word' id='word_1_92' title='bbox 1760 1419 1853 1472; x_wconf 81' lang='grc' dir='ltr'>καὶ</span> <span class='ocrx_word' id='word_1_93' title='bbox 1883 1419 1964 1472; x_wconf 83' lang='grc' dir='ltr'>λι-</span> 
     </span>
    </p>
   </div>
   <div class='ocr_carea' id='block_1_14' title="bbox 310 1504 1958 1577">
    <p class='ocr_par' dir='ltr' id='par_1_14' title="bbox 310 1504 1958 1577">
     <span class='ocr_line' id='line_1_14' title="bbox 310 1504 1958 1577; baseline 0.001 -20"><span class='ocrx_word' id='word_1_94' title='bbox 310 1506 395 1575; x_wconf 83' lang='grc' dir='ltr'>μῷ</span> <span class='ocrx_word' id='word_1_95' title='bbox 456 1505 853 1576; x_wconf 78' lang='grc' dir='ltr'>φθειρομένην·</span> <span class='ocrx_word' id='word_1_96' title='bbox 903 1504 932 1558; x_wconf 87' lang='lat'>6</span> <span class='ocrx_word' id='word_1_97' title='bbox 982 1505 1091 1577; x_wconf 87' lang='grc' dir='ltr'>γάρ</span> <span class='ocrx_word' id='word_1_98' title='bbox 1136 1507 1287 1559; x_wconf 79' lang='grc' dir='ltr'>ἐστιν.</span> <span class='ocrx_word' id='word_1_99' title='bbox 1329 1505 1561 1577; x_wconf 78' lang='grc' dir='ltr'>ἀτροφία</span> <span class='ocrx_word' id='word_1_100' title='bbox 1600 1505 1697 1576; x_wconf 9' lang='grc' dir='ltr'>τῷ,</span> <span class='ocrx_word' id='word_1_101' title='bbox 1727 1504 1958 1576; x_wconf 85' lang='grc' dir='ltr'>σώματι,</span> 
     </span>
    </p>
   </div>
   <div class='ocr_carea' id='block_1_15' title="bbox 305 1591 1961 1671">
    <p class='ocr_par' dir='ltr' id='par_1_15' title="bbox 305 1591 1961 1671">
     <span class='ocr_line' id='line_1_15' title="bbox 305 1591 1961 1671; baseline 0.002 -28"><span class='ocrx_word' id='word_1_102' title='bbox 305 1593 462 1644; x_wconf 84' lang='grc' dir='ltr'>τοῦτο</span> <span class='ocrx_word' id='word_1_103' title='bbox 490 1592 813 1645; x_wconf 73' lang='grc' dir='ltr'>ἀπαιδευσία</span> <span class='ocrx_word' id='word_1_104' title='bbox 831 1593 858 1631; x_wconf 73' lang='grc' dir='ltr'>ι’</span> <span class='ocrx_word' id='word_1_105' title='bbox 892 1594 957 1662; x_wconf 82' lang='grc' dir='ltr'>τῇ</span> <span class='ocrx_word' id='word_1_106' title='bbox 983 1591 1126 1662; x_wconf 84' lang='grc' dir='ltr'>ψυχῇ</span> <span class='ocrx_word' id='word_1_107' title='bbox 1151 1610 1163 1649; x_wconf 77' lang='grc'>·</span> <span class='ocrx_word' id='word_1_108' title='bbox 1317 1592 1405 1663; x_wconf 82' lang='grc' dir='ltr'>διά</span> <span class='ocrx_word' id='word_1_109' title='bbox 1431 1592 1538 1653; x_wconf 87' lang='grc' dir='ltr'>τῶν</span> <span class='ocrx_word' id='word_1_110' title='bbox 1552 1591 1899 1661; x_wconf 81' lang='grc' dir='ltr'>Εὐαγγελίων</span> <span class='ocrx_word' id='word_1_111' title='bbox 1928 1596 1961 1671; x_wconf 81' lang='grc' dir='ltr'>ή</span> 
     </span>
    </p>
   </div>
   <div class='ocr_carea' id='block_1_16' title="bbox 308 1676 1956 1756">
    <p class='ocr_par' dir='ltr' id='par_1_16' title="bbox 308 1676 1956 1756">
     <span class='ocr_line' id='line_1_16' title="bbox 308 1676 1956 1756; baseline 0.002 -27"><span class='ocrx_word' id='word_1_112' title='bbox 308 1677 456 1746; x_wconf 89' lang='grc' dir='ltr'>πηγὴ</span> <span class='ocrx_word' id='word_1_113' title='bbox 486 1676 592 1729; x_wconf 85' lang='grc' dir='ltr'>τῶν</span> <span class='ocrx_word' id='word_1_114' title='bbox 623 1677 873 1745; x_wconf 82' lang='grc' dir='ltr'>ἀγαθῶν·</span> <span class='ocrx_word' id='word_1_115' title='bbox 908 1677 1048 1747; x_wconf 82' lang='grc' dir='ltr'>Ἐγώ</span> <span class='ocrx_word' id='word_1_116' title='bbox 1088 1679 1203 1745; x_wconf 83' lang='grc' dir='ltr'>ειμι</span> <span class='ocrx_word' id='word_1_117' title='bbox 1248 1681 1281 1732; x_wconf 83' lang='grc' dir='ltr'>ό</span> <span class='ocrx_word' id='word_1_118' title='bbox 1321 1679 1497 1747; x_wconf 81' lang='grc' dir='ltr'>ἄρτος</span> <span class='ocrx_word' id='word_1_119' title='bbox 1529 1696 1560 1731; x_wconf 93' lang='grc' dir='ltr'>ο</span> <span class='ocrx_word' id='word_1_120' title='bbox 1596 1678 1665 1743; x_wconf 80' lang='grc' dir='ltr'>ἐξ</span> <span class='ocrx_word' id='word_1_121' title='bbox 1699 1679 1956 1756; x_wconf 80' lang='grc' dir='ltr'>οὐρανοῦ</span> 
     </span>
    </p>
   </div>
   <div class='ocr_carea' id='block_1_17' title="bbox 305 1763 1964 1837">
    <p class='ocr_par' dir='ltr' id='par_1_17' title="bbox 305 1763 1964 1837">
     <span class='ocr_line' id='line_1_17' title="bbox 305 1763 1964 1837; baseline 0.003 -22"><span class='ocrx_word' id='word_1_122' title='bbox 305 1764 562 1829; x_wconf 79' lang='grc' dir='ltr'>καταϐὰς</span> <span class='ocrx_word' id='word_1_123' title='bbox 586 1802 601 1826; x_wconf 94' lang='grc'>,</span> <span class='ocrx_word' id='word_1_124' title='bbox 662 1764 760 1816; x_wconf 78' lang='grc' dir='ltr'>καὶ</span> <span class='ocrx_word' id='word_1_125' title='bbox 811 1763 964 1831; x_wconf 79' lang='grc' dir='ltr'>ζωὴν</span> <span class='ocrx_word' id='word_1_126' title='bbox 1004 1764 1210 1830; x_wconf 83' lang='grc' dir='ltr'>διδοὺς</span> <span class='ocrx_word' id='word_1_127' title='bbox 1244 1765 1329 1837; x_wconf 72' lang='grc' dir='ltr'>τῶ</span> <span class='ocrx_word' id='word_1_128' title='bbox 1355 1767 1579 1835; x_wconf 79' lang='grc' dir='ltr'>κόσμῳ.</span> <span class='ocrx_word' id='word_1_129' title='bbox 1631 1766 1689 1819; x_wconf 90' lang='grc' dir='ltr'>Ὁ</span> <span class='ocrx_word' id='word_1_130' title='bbox 1722 1766 1820 1836; x_wconf 77' lang='grc' dir='ltr'>μὲν</span> <span class='ocrx_word' id='word_1_131' title='bbox 1854 1767 1964 1837; x_wconf 80' lang='grc' dir='ltr'>γάρ</span> 
     </span>
    </p>
   </div>
   <div class='ocr_carea' id='block_1_18' title="bbox 304 1832 1962 1929">
    <p class='ocr_par' dir='ltr' id='par_1_18' title="bbox 304 1832 1962 1929">
     <span class='ocr_line' id='line_1_18' title="bbox 304 1832 1962 1929; baseline 0.005 -27"><span class='ocrx_word' id='word_1_132' title='bbox 304 1850 556 1920; x_wconf 87' lang='grc' dir='ltr'>αἰσθητὸς</span> <span class='ocrx_word' id='word_1_133' title='bbox 584 1851 689 1905; x_wconf 85' lang='grc' dir='ltr'>ἀπὸ</span> <span class='ocrx_word' id='word_1_134' title='bbox 724 1852 825 1921; x_wconf 80' lang='grc' dir='ltr'>γῆς</span> <span class='ocrx_word' id='word_1_135' title='bbox 852 1853 1198 1925; x_wconf 87' lang='grc' dir='ltr'>προέρχεται,</span> <span class='ocrx_word' id='word_1_136' title='bbox 1224 1832 1364 1908; x_wconf 70' lang='grc' dir='ltr'>κατά</span> <span class='ocrx_word' id='word_1_137' title='bbox 1400 1832 1480 1929; x_wconf 33' lang='grc' dir='ltr'>τὸῖ</span> <span class='ocrx_word' id='word_1_138' title='bbox 1500 1832 1806 1925; x_wconf 74' lang='grc' dir='ltr'>εἰρημένον,</span> <span class='ocrx_word' id='word_1_139' title='bbox 1853 1832 1962 1910; x_wconf 76' lang='grc' dir='ltr'>οῦ</span> 
     </span>
    </p>
   </div>
   <div class='ocr_carea' id='block_1_19' title="bbox 302 1935 1965 2017">
    <p class='ocr_par' dir='ltr' id='par_1_19' title="bbox 302 1935 1965 2017">
     <span class='ocr_line' id='line_1_19' title="bbox 302 1935 1965 2017; baseline 0.006 -31"><span class='ocrx_word' id='word_1_140' title='bbox 302 1935 613 2007; x_wconf 79' lang='grc' dir='ltr'>ἐξαγαγεῖν</span> <span class='ocrx_word' id='word_1_141' title='bbox 640 1935 820 2002; x_wconf 81' lang='grc' dir='ltr'>ἄρτον</span> <span class='ocrx_word' id='word_1_142' title='bbox 855 1938 924 1991; x_wconf 82' lang='grc' dir='ltr'>ἐκ</span> <span class='ocrx_word' id='word_1_143' title='bbox 965 1938 1095 2011; x_wconf 82' lang='grc' dir='ltr'>τῆς</span> <span class='ocrx_word' id='word_1_144' title='bbox 1118 1939 1261 2009; x_wconf 73' lang='grc' dir='ltr'>γῆς·</span> <span class='ocrx_word' id='word_1_145' title='bbox 1288 1943 1316 1994; x_wconf 91' lang='grc' dir='ltr'>ό</span> <span class='ocrx_word' id='word_1_146' title='bbox 1347 1940 1402 1993; x_wconf 82' lang='grc' dir='ltr'>δὲ</span> <span class='ocrx_word' id='word_1_147' title='bbox 1431 1939 1678 2017; x_wconf 84' lang='grc' dir='ltr'>οὐράνιος</span> <span class='ocrx_word' id='word_1_148' title='bbox 1709 1942 1767 2008; x_wconf 79' lang='grc' dir='ltr'>ἐξ</span> <span class='ocrx_word' id='word_1_149' title='bbox 1801 1943 1965 2015; x_wconf 87' lang='grc' dir='ltr'>οὐρα-</span> 
     </span>
    </p>
   </div>
   <div class='ocr_carea' id='block_1_20' title="bbox 301 2015 1963 2098">
    <p class='ocr_par' dir='ltr' id='par_1_20' title="bbox 301 2015 1963 2098">
     <span class='ocr_line' id='line_1_20' title="bbox 301 2015 1963 2098; baseline 0.004 -22"><span class='ocrx_word' id='word_1_150' title='bbox 301 2023 393 2076; x_wconf 85' lang='grc' dir='ltr'>νοῦ</span> <span class='ocrx_word' id='word_1_151' title='bbox 444 2022 704 2092; x_wconf 79' lang='grc' dir='ltr'>πηγάξει·</span> <span class='ocrx_word' id='word_1_152' title='bbox 750 2023 890 2094; x_wconf 68' lang='grc' dir='ltr'>Ἐγὼ</span> <span class='ocrx_word' id='word_1_153' title='bbox 946 2027 1053 2098; x_wconf 89' lang='grc' dir='ltr'>γάρ</span> <span class='ocrx_word' id='word_1_154' title='bbox 1101 2022 1283 2098; x_wconf 85' lang='grc' dir='ltr'>εἰμιό</span> <span class='ocrx_word' id='word_1_155' title='bbox 1318 2026 1494 2096; x_wconf 86' lang='grc' dir='ltr'>ἇρτος</span> <span class='ocrx_word' id='word_1_156' title='bbox 1525 2031 1559 2082; x_wconf 85' lang='grc' dir='ltr'>ό</span> <span class='ocrx_word' id='word_1_157' title='bbox 1692 2030 1963 2097; x_wconf 79' lang='grc' dir='ltr'>ὀύρανοῦ</span> 
     </span>
    </p>
   </div>
   <div class='ocr_carea' id='block_1_21' title="bbox 301 2108 1961 2188">
    <p class='ocr_par' dir='ltr' id='par_1_21' title="bbox 301 2108 1961 2188">
     <span class='ocr_line' id='line_1_21' title="bbox 301 2108 1961 2188; baseline 0.007 -27"><span class='ocrx_word' id='word_1_158' title='bbox 301 2109 580 2176; x_wconf 74' lang='grc' dir='ltr'>καταϐάς.</span> <span class='ocrx_word' id='word_1_159' title='bbox 613 2112 855 2183; x_wconf 80' lang='grc' dir='ltr'>Ἔρημός</span> <span class='ocrx_word' id='word_1_160' title='bbox 894 2108 962 2185; x_wconf 81' lang='grc' dir='ltr'>ἦν</span> <span class='ocrx_word' id='word_1_161' title='bbox 989 2114 1060 2185; x_wconf 84' lang='grc' dir='ltr'>γῆ</span> <span class='ocrx_word' id='word_1_162' title='bbox 1097 2113 1328 2184; x_wconf 84' lang='grc' dir='ltr'>διψῶσα,</span> <span class='ocrx_word' id='word_1_163' title='bbox 1366 2116 1458 2169; x_wconf 83' lang='grc' dir='ltr'>καὶ</span> <span class='ocrx_word' id='word_1_164' title='bbox 1495 2117 1832 2188; x_wconf 78' lang='grc' dir='ltr'>ἐστερημένη</span> <span class='ocrx_word' id='word_1_165' title='bbox 1868 2118 1961 2173; x_wconf 87' lang='grc' dir='ltr'>τοῦ</span> 
     </span>
    </p>
   </div>
   <div class='ocr_carea' id='block_1_22' title="bbox 302 2194 1963 2278">
    <p class='ocr_par' dir='ltr' id='par_1_22' title="bbox 302 2194 1963 2278">
     <span class='ocr_line' id='line_1_22' title="bbox 302 2194 1963 2278; baseline 0.008 -33"><span class='ocrx_word' id='word_1_166' title='bbox 302 2194 446 2248; x_wconf 83' lang='grc' dir='ltr'>θείου</span> <span class='ocrx_word' id='word_1_167' title='bbox 478 2196 659 2263; x_wconf 85' lang='grc' dir='ltr'>λόγου,</span> <span class='ocrx_word' id='word_1_168' title='bbox 697 2199 790 2250; x_wconf 79' lang='grc' dir='ltr'>καὶ</span> <span class='ocrx_word' id='word_1_169' title='bbox 826 2199 926 2251; x_wconf 88' lang='grc' dir='ltr'>οὐκ</span> <span class='ocrx_word' id='word_1_170' title='bbox 954 2198 1148 2268; x_wconf 74' lang='grc' dir='ltr'>ἔχουσα</span> <span class='ocrx_word' id='word_1_171' title='bbox 1183 2202 1283 2272; x_wconf 84' lang='grc' dir='ltr'>τῆς</span> <span class='ocrx_word' id='word_1_172' title='bbox 1326 2204 1699 2274; x_wconf 80' lang='grc' dir='ltr'>πνευματικῆς</span> <span class='ocrx_word' id='word_1_173' title='bbox 1742 2205 1963 2278; x_wconf 85' lang='grc' dir='ltr'>ἀρδείας</span> 
     </span>
    </p>
   </div>
   <div class='ocr_carea' id='block_1_23' title="bbox 299 2281 1963 2364">
    <p class='ocr_par' dir='ltr' id='par_1_23' title="bbox 299 2281 1963 2364">
     <span class='ocr_line' id='line_1_23' title="bbox 299 2281 1963 2364; baseline 0.009 -33"><span class='ocrx_word' id='word_1_174' title='bbox 299 2281 397 2351; x_wconf 83' lang='grc' dir='ltr'>τὴν</span> <span class='ocrx_word' id='word_1_175' title='bbox 430 2282 745 2336; x_wconf 75' lang='grc' dir='ltr'>ἀπόλαυσιν.</span> <span class='ocrx_word' id='word_1_176' title='bbox 793 2284 857 2337; x_wconf 87' lang='grc' dir='ltr'>Τί</span> <span class='ocrx_word' id='word_1_177' title='bbox 907 2281 1028 2352; x_wconf 82' lang='grc' dir='ltr'>οῦν;</span> <span class='ocrx_word' id='word_1_178' title='bbox 1072 2288 1272 2359; x_wconf 79' lang='grc' dir='ltr'>ὴαύτὴ</span> <span class='ocrx_word' id='word_1_179' title='bbox 1307 2289 1466 2343; x_wconf 83' lang='grc' dir='ltr'>πάλιν</span> <span class='ocrx_word' id='word_1_180' title='bbox 1523 2291 1678 2360; x_wconf 84' lang='grc' dir='ltr'>χάρις</span> <span class='ocrx_word' id='word_1_181' title='bbox 1714 2291 1832 2362; x_wconf 74' lang='grc' dir='ltr'>βοᾷ,</span> <span class='ocrx_word' id='word_1_182' title='bbox 1864 2292 1963 2364; x_wconf 90' lang='grc' dir='ltr'>τὴν</span> 
     </span>
    </p>
   </div>
   <div class='ocr_carea' id='block_1_24' title="bbox 300 2369 1964 2445">
    <p class='ocr_par' dir='ltr' id='par_1_24' title="bbox 300 2369 1964 2445">
     <span class='ocr_line' id='line_1_24' title="bbox 300 2369 1964 2445; baseline 0.005 -24"><span class='ocrx_word' id='word_1_183' title='bbox 300 2369 616 2441; x_wconf 83' lang='grc' dir='ltr'>εὐεργεσίαν</span> <span class='ocrx_word' id='word_1_184' title='bbox 658 2371 1006 2441; x_wconf 75' lang='grc' dir='ltr'>πηγάζουσα·</span> <span class='ocrx_word' id='word_1_185' title='bbox 1040 2374 1114 2426; x_wconf 80' lang='lat' dir='ltr'>El</span> <span class='ocrx_word' id='word_1_186' title='bbox 1157 2391 1247 2440; x_wconf 88' lang='grc' dir='ltr'>τις</span> <span class='ocrx_word' id='word_1_187' title='bbox 1292 2373 1470 2442; x_wconf 75' lang='grc' dir='ltr'>διψᾷ,</span> <span class='ocrx_word' id='word_1_188' title='bbox 1510 2375 1774 2443; x_wconf 82' lang='grc' dir='ltr'>ἐρχέσθω</span> <span class='ocrx_word' id='word_1_189' title='bbox 1814 2379 1964 2445; x_wconf 80' lang='grc' dir='ltr'>πρός</span> 
     </span>
    </p>
   </div>
   <div class='ocr_carea' id='block_1_25' title="bbox 300 2456 1964 2535">
    <p class='ocr_par' dir='ltr' id='par_1_25' title="bbox 300 2456 1964 2535">
     <span class='ocr_line' id='line_1_25' title="bbox 300 2456 1964 2535; baseline 0.005 -27"><span class='ocrx_word' id='word_1_190' title='bbox 300 2473 395 2524; x_wconf 86' lang='grc' dir='ltr'>με,</span> <span class='ocrx_word' id='word_1_191' title='bbox 430 2456 528 2509; x_wconf 80' lang='grc' dir='ltr'>καὶ</span> <span class='ocrx_word' id='word_1_192' title='bbox 567 2456 800 2510; x_wconf 83' lang='grc' dir='ltr'>πινέτω.</span> <span class='ocrx_word' id='word_1_193' title='bbox 845 2458 1060 2530; x_wconf 80' lang='grc' dir='ltr'>Ἐπειδὴ</span> <span class='ocrx_word' id='word_1_194' title='bbox 1089 2459 1198 2530; x_wconf 86' lang='grc' dir='ltr'>γάρ</span> <span class='ocrx_word' id='word_1_195' title='bbox 1228 2461 1497 2532; x_wconf 79' lang='grc' dir='ltr'>διαφόρως</span> <span class='ocrx_word' id='word_1_196' title='bbox 1535 2463 1704 2516; x_wconf 78' lang='grc' dir='ltr'>ἐϐόων</span> <span class='ocrx_word' id='word_1_197' title='bbox 1736 2464 1785 2516; x_wconf 88' lang='grc' dir='ltr'>οἰ</span> <span class='ocrx_word' id='word_1_198' title='bbox 1830 2482 1964 2535; x_wconf 82' lang='grc' dir='ltr'>προ-</span> 
     </span>
    </p>
   </div>
   <div class='ocr_carea' id='block_1_26' title="bbox 303 2542 1962 2622">
    <p class='ocr_par' dir='ltr' id='par_1_26' title="bbox 303 2542 1962 2622">
     <span class='ocr_line' id='line_1_26' title="bbox 303 2542 1962 2622; baseline 0.006 -29"><span class='ocrx_word' id='word_1_199' title='bbox 303 2542 503 2611; x_wconf 79' lang='grc' dir='ltr'>φῆται,</span> <span class='ocrx_word' id='word_1_200' title='bbox 550 2543 641 2595; x_wconf 80' lang='grc' dir='ltr'>καὶ</span> <span class='ocrx_word' id='word_1_201' title='bbox 684 2545 788 2607; x_wconf 82' lang='grc' dir='ltr'>πᾶς</span> <span class='ocrx_word' id='word_1_202' title='bbox 835 2546 862 2597; x_wconf 90' lang='grc' dir='ltr'>ό</span> <span class='ocrx_word' id='word_1_203' title='bbox 892 2544 1000 2597; x_wconf 89' lang='grc' dir='ltr'>τῶν</span> <span class='ocrx_word' id='word_1_204' title='bbox 1044 2545 1215 2613; x_wconf 87' lang='grc' dir='ltr'>ἀγίων</span> <span class='ocrx_word' id='word_1_205' title='bbox 1256 2547 1415 2616; x_wconf 89' lang='grc' dir='ltr'>χορὸς</span> <span class='ocrx_word' id='word_1_206' title='bbox 1456 2547 1610 2617; x_wconf 81' lang='grc' dir='ltr'>ὲδίψα</span> <span class='ocrx_word' id='word_1_207' title='bbox 1654 2548 1818 2602; x_wconf 89' lang='grc' dir='ltr'>αὐτοῦ</span> <span class='ocrx_word' id='word_1_208' title='bbox 1864 2551 1962 2622; x_wconf 90' lang='grc' dir='ltr'>τὴν</span> 
     </span>
    </p>
   </div>
   <div class='ocr_carea' id='block_1_27' title="bbox 304 2629 1964 2708">
    <p class='ocr_par' dir='ltr' id='par_1_27' title="bbox 304 2629 1964 2708">
     <span class='ocr_line' id='line_1_27' title="bbox 304 2629 1964 2708; baseline 0.007 -28"><span class='ocrx_word' id='word_1_209' title='bbox 304 2630 624 2699; x_wconf 84' lang='grc' dir='ltr'>παρουσίαν,</span> <span class='ocrx_word' id='word_1_210' title='bbox 656 2629 854 2699; x_wconf 86' lang='grc' dir='ltr'>λέγων·</span> <span class='ocrx_word' id='word_1_211' title='bbox 893 2633 947 2685; x_wconf 89' lang='lat'>&#39;0</span> <span class='ocrx_word' id='word_1_212' title='bbox 981 2632 1145 2698; x_wconf 84' lang='grc' dir='ltr'>Θεὸς,</span> <span class='ocrx_word' id='word_1_213' title='bbox 1174 2636 1208 2687; x_wconf 85' lang='grc' dir='ltr'>ό</span> <span class='ocrx_word' id='word_1_214' title='bbox 1246 2636 1388 2700; x_wconf 80' lang='grc' dir='ltr'>Θεός</span> <span class='ocrx_word' id='word_1_215' title='bbox 1409 2652 1550 2704; x_wconf 87' lang='grc' dir='ltr'>μου,</span> <span class='ocrx_word' id='word_1_216' title='bbox 1587 2636 1736 2704; x_wconf 79' lang='grc' dir='ltr'>πρὸς</span> <span class='ocrx_word' id='word_1_217' title='bbox 1764 2638 1839 2691; x_wconf 87' lang='grc' dir='ltr'>σὲ</span> <span class='ocrx_word' id='word_1_218' title='bbox 1870 2640 1964 2708; x_wconf 78' lang='lat' dir='ltr'>6p-</span> 
     </span>
    </p>
   </div>
   <div class='ocr_carea' id='block_1_28' title="bbox 303 2712 1960 2787">
    <p class='ocr_par' dir='ltr' id='par_1_28' title="bbox 303 2712 1960 2787">
     <span class='ocr_line' id='line_1_28' title="bbox 303 2712 1960 2787; baseline 0.006 -19"><span class='ocrx_word' id='word_1_219' title='bbox 303 2712 495 2780; x_wconf 64' lang='grc' dir='ltr'>(Ὦίζω-</span> <span class='ocrx_word' id='word_1_220' title='bbox 541 2713 835 2782; x_wconf 67' lang='grc' dir='ltr'>ἐδίψησεν</span> <span class='ocrx_word' id='word_1_221' title='bbox 870 2717 908 2785; x_wconf 81' lang='grc' dir='ltr'><strong><em>ἠ</em></strong></span> <span class='ocrx_word' id='word_1_222' title='bbox 936 2715 1104 2785; x_wconf 71' lang='grc' dir='ltr'>ψυχή</span> <span class='ocrx_word' id='word_1_223' title='bbox 1127 2735 1244 2785; x_wconf 88' lang='grc' dir='ltr'>μου</span> <span class='ocrx_word' id='word_1_224' title='bbox 1277 2720 1425 2787; x_wconf 74' lang='grc' dir='ltr'>πρὸς</span> <span class='ocrx_word' id='word_1_225' title='bbox 1446 2721 1555 2774; x_wconf 86' lang='grc' dir='ltr'>τὸν</span> <span class='ocrx_word' id='word_1_226' title='bbox 1578 2722 1726 2776; x_wconf 85' lang='grc' dir='ltr'>Θεὸν</span> <span class='ocrx_word' id='word_1_227' title='bbox 1750 2722 1960 2785; x_wconf 85' lang='grc' dir='ltr'>ζῶντα·</span> 
     </span>
    </p>
   </div>
   <div class='ocr_carea' id='block_1_29' title="bbox 306 2800 1961 2886">
    <p class='ocr_par' dir='ltr' id='par_1_29' title="bbox 306 2800 1961 2886">
     <span class='ocr_line' id='line_1_29' title="bbox 306 2800 1961 2886; baseline 0.008 -34"><span class='ocrx_word' id='word_1_228' title='bbox 306 2800 624 2871; x_wconf 86' lang='grc' dir='ltr'>βουλόμενος</span> <span class='ocrx_word' id='word_1_229' title='bbox 651 2802 836 2868; x_wconf 77' lang='grc' dir='ltr'>δεῖξαι,</span> <span class='ocrx_word' id='word_1_230' title='bbox 869 2805 951 2856; x_wconf 84' lang='grc' dir='ltr'>ὅτι</span> <span class='ocrx_word' id='word_1_231' title='bbox 983 2806 1145 2869; x_wconf 84' lang='grc' dir='ltr'>αὐτός</span> <span class='ocrx_word' id='word_1_232' title='bbox 1171 2808 1317 2860; x_wconf 78' lang='grc' dir='ltr'>ἐστιν</span> <span class='ocrx_word' id='word_1_233' title='bbox 1351 2806 1410 2861; x_wconf 84' lang='grc' dir='ltr'>ὃν</span> <span class='ocrx_word' id='word_1_234' title='bbox 1436 2807 1629 2878; x_wconf 75' lang='grc' dir='ltr'>ἐδίψων</span> <span class='ocrx_word' id='word_1_235' title='bbox 1659 2812 1707 2864; x_wconf 87' lang='grc' dir='ltr'>οἰ</span> <span class='ocrx_word' id='word_1_236' title='bbox 1752 2815 1961 2886; x_wconf 78' lang='grc' dir='ltr'>προφῆο</span> 
     </span>
    </p>
   </div>
   <div class='ocr_carea' id='block_1_30' title="bbox 302 2888 1962 2969">
    <p class='ocr_par' dir='ltr' id='par_1_30' title="bbox 302 2888 1962 2969">
     <span class='ocr_line' id='line_1_30' title="bbox 302 2888 1962 2969; baseline 0.01 -30"><span class='ocrx_word' id='word_1_237' title='bbox 302 2905 416 2951; x_wconf 84' lang='grc' dir='ltr'>ται,</span> <span class='ocrx_word' id='word_1_238' title='bbox 446 2888 544 2960; x_wconf 78' lang='grc' dir='ltr'>βοᾷ</span> <span class='ocrx_word' id='word_1_239' title='bbox 590 2889 678 2943; x_wconf 77' lang='grc' dir='ltr'>διὰ</span> <span class='ocrx_word' id='word_1_240' title='bbox 702 2890 808 2943; x_wconf 89' lang='grc' dir='ltr'>τῶν</span> <span class='ocrx_word' id='word_1_241' title='bbox 838 2891 1214 2961; x_wconf 82' lang='grc' dir='ltr'>Εὐαγγελίων·</span> <span class='ocrx_word' id='word_1_242' title='bbox 1248 2894 1324 2947; x_wconf 85' lang='lat' dir='ltr'>El</span> <span class='ocrx_word' id='word_1_243' title='bbox 1363 2912 1452 2961; x_wconf 85' lang='grc' dir='ltr'>τις</span> <span class='ocrx_word' id='word_1_244' title='bbox 1489 2896 1657 2965; x_wconf 76' lang='grc' dir='ltr'>διψᾷ,</span> <span class='ocrx_word' id='word_1_245' title='bbox 1698 2899 1962 2969; x_wconf 75' lang='grc' dir='ltr'>ἐρχέσθω</span> 
     </span>
    </p>
   </div>
   <div class='ocr_carea' id='block_1_31' title="bbox 304 2978 1960 3058">
    <p class='ocr_par' dir='ltr' id='par_1_31' title="bbox 304 2978 1960 3058">
     <span class='ocr_line' id='line_1_31' title="bbox 304 2978 1960 3058; baseline 0.01 -31"><span class='ocrx_word' id='word_1_246' title='bbox 304 2978 454 3044; x_wconf 71' lang='grc' dir='ltr'>πρός</span> <span class='ocrx_word' id='word_1_247' title='bbox 485 2995 581 3046; x_wconf 82' lang='grc' dir='ltr'>με,</span> <span class='ocrx_word' id='word_1_248' title='bbox 618 2980 713 3033; x_wconf 77' lang='grc' dir='ltr'>καί</span> <span class='ocrx_word' id='word_1_249' title='bbox 749 2979 984 3034; x_wconf 75' lang='grc' dir='ltr'>πινέτω.</span> <span class='ocrx_word' id='word_1_250' title='bbox 1014 2982 1084 3034; x_wconf 77' lang='grc' dir='ltr'>Εἴ</span> <span class='ocrx_word' id='word_1_251' title='bbox 1115 2999 1198 3046; x_wconf 92' lang='grc' dir='ltr'>τις</span> <span class='ocrx_word' id='word_1_252' title='bbox 1242 2984 1357 3036; x_wconf 76' lang='grc' dir='ltr'>ἐστὶ</span> <span class='ocrx_word' id='word_1_253' title='bbox 1399 2985 1537 3039; x_wconf 82' lang='grc' dir='ltr'>κατὰ</span> <span class='ocrx_word' id='word_1_254' title='bbox 1570 2987 1660 3040; x_wconf 89' lang='grc' dir='ltr'>τὸν</span> <span class='ocrx_word' id='word_1_255' title='bbox 1702 2987 1960 3058; x_wconf 86' lang='grc' dir='ltr'>λέγοντα·</span> 
     </span>
    </p>
   </div>
   <div class='ocr_carea' id='block_1_32' title="bbox 318 3064 1959 3146">
    <p class='ocr_par' dir='ltr' id='par_1_32' title="bbox 318 3064 1959 3146">
     <span class='ocr_line' id='line_1_32' title="bbox 318 3064 1959 3146; baseline 0.009 -28"><span class='ocrx_word' id='word_1_256' title='bbox 318 3067 568 3135; x_wconf 82' lang='grc' dir='ltr'>Ἐδίψησέ</span> <span class='ocrx_word' id='word_1_257' title='bbox 603 3083 661 3120; x_wconf 89' lang='grc' dir='ltr'>σε</span> <span class='ocrx_word' id='word_1_258' title='bbox 692 3070 724 3139; x_wconf 86' lang='grc' dir='ltr'><strong>ή</strong></span> <span class='ocrx_word' id='word_1_259' title='bbox 754 3068 897 3140; x_wconf 85' lang='grc' dir='ltr'>ψυχή</span> <span class='ocrx_word' id='word_1_260' title='bbox 935 3086 1056 3139; x_wconf 88' lang='grc' dir='ltr'>μου,</span> <span class='ocrx_word' id='word_1_261' title='bbox 1081 3071 1322 3142; x_wconf 78' lang='grc' dir='ltr'>ἐρχέσθω</span> <span class='ocrx_word' id='word_1_262' title='bbox 1346 3073 1482 3144; x_wconf 90' lang='grc' dir='ltr'>πρός</span> <span class='ocrx_word' id='word_1_263' title='bbox 1640 3072 1760 3130; x_wconf 79' lang='grc' dir='ltr'>Εἷδε</span> <span class='ocrx_word' id='word_1_264' title='bbox 1800 3070 1959 3132; x_wconf 74' lang='grc' dir='ltr'>πάλιν</span> 
     </span>
    </p>
   </div>
   <div class='ocr_carea' id='block_1_33' title="bbox 304 3151 1962 3234">
    <p class='ocr_par' dir='ltr' id='par_1_33' title="bbox 304 3151 1962 3234">
     <span class='ocr_line' id='line_1_33' title="bbox 304 3151 1962 3234; baseline 0.009 -31"><span class='ocrx_word' id='word_1_265' title='bbox 304 3151 403 3221; x_wconf 84' lang='grc' dir='ltr'>τὴν</span> <span class='ocrx_word' id='word_1_266' title='bbox 446 3153 765 3223; x_wconf 79' lang='grc' dir='ltr'>οἰκουμένην</span> <span class='ocrx_word' id='word_1_267' title='bbox 823 3154 1056 3226; x_wconf 89' lang='grc' dir='ltr'>γυμνὴν,</span> <span class='ocrx_word' id='word_1_268' title='bbox 1096 3157 1157 3209; x_wconf 90' lang='grc' dir='ltr'>οὐ</span> <span class='ocrx_word' id='word_1_269' title='bbox 1196 3157 1272 3229; x_wconf 82' lang='grc' dir='ltr'>τῷ</span> <span class='ocrx_word' id='word_1_270' title='bbox 1312 3157 1521 3229; x_wconf 85' lang='grc' dir='ltr'>σώματι</span> <span class='ocrx_word' id='word_1_271' title='bbox 1569 3162 1799 3234; x_wconf 83' lang='grc' dir='ltr'>γυμνὴν,</span> <span class='ocrx_word' id='word_1_272' title='bbox 1847 3166 1962 3219; x_wconf 86' lang='grc' dir='ltr'>ἀλλ’</span> 
     </span>
    </p>
   </div>
   <div class='ocr_carea' id='block_1_34' title="bbox 306 3243 1963 3320">
    <p class='ocr_par' dir='ltr' id='par_1_34' title="bbox 306 3243 1963 3320">
     <span class='ocr_line' id='line_1_34' title="bbox 306 3243 1963 3320; baseline 0.008 -27"><span class='ocrx_word' id='word_1_273' title='bbox 306 3243 503 3312; x_wconf 81' lang='grc' dir='ltr'>ἀρετῆς</span> <span class='ocrx_word' id='word_1_274' title='bbox 534 3245 989 3317; x_wconf 87' lang='grc' dir='ltr'>γεγυμνωμένην·</span> <span class='ocrx_word' id='word_1_275' title='bbox 1036 3243 1143 3300; x_wconf 82' lang='grc' dir='ltr'>εἶδε</span> <span class='ocrx_word' id='word_1_276' title='bbox 1171 3246 1231 3300; x_wconf 90' lang='grc' dir='ltr'>τὸ</span> <span class='ocrx_word' id='word_1_277' title='bbox 1265 3247 1488 3319; x_wconf 80' lang='grc' dir='ltr'>πλάσμα</span> <span class='ocrx_word' id='word_1_278' title='bbox 1520 3249 1548 3301; x_wconf 86' lang='grc' dir='ltr'>δ</span> <span class='ocrx_word' id='word_1_279' title='bbox 1578 3250 1833 3320; x_wconf 83' lang='grc' dir='ltr'>ἔπλασεν,</span> <span class='ocrx_word' id='word_1_280' title='bbox 1868 3255 1963 3307; x_wconf 76' lang='grc' dir='ltr'>καὶ</span> 
     </span>
    </p>
   </div>
   <div class='ocr_carea' id='block_1_35' title="bbox 304 3331 1965 3410">
    <p class='ocr_par' dir='ltr' id='par_1_35' title="bbox 304 3331 1965 3410">
     <span class='ocr_line' id='line_1_35' title="bbox 304 3331 1965 3410; baseline 0.008 -29"><span class='ocrx_word' id='word_1_281' title='bbox 304 3331 531 3401; x_wconf 70' lang='grc' dir='ltr'>ἠλέησεν</span> <span class='ocrx_word' id='word_1_282' title='bbox 566 3331 595 3382; x_wconf 83' lang='grc' dir='ltr'><strong>ὂ</strong></span> <span class='ocrx_word' id='word_1_283' title='bbox 643 3333 888 3403; x_wconf 79' lang='grc' dir='ltr'>ἐποίησε,</span> <span class='ocrx_word' id='word_1_284' title='bbox 932 3334 1026 3386; x_wconf 76' lang='grc' dir='ltr'>καὶ</span> <span class='ocrx_word' id='word_1_285' title='bbox 1073 3333 1286 3388; x_wconf 87' lang='grc' dir='ltr'>δίδωσιν</span> <span class='ocrx_word' id='word_1_286' title='bbox 1332 3335 1534 3407; x_wconf 75' lang='grc' dir='ltr'>ἔνδυμα</span> <span class='ocrx_word' id='word_1_287' title='bbox 1581 3341 1693 3401; x_wconf 81' lang='grc' dir='ltr'>τοῖς</span> <span class='ocrx_word' id='word_1_288' title='bbox 1741 3344 1965 3410; x_wconf 84' lang='grc' dir='ltr'>γυμνοῖς</span> 
     </span>
    </p>
   </div>
   <div class='ocr_carea' id='block_1_36' title="bbox 304 3418 1964 3494">
    <p class='ocr_par' dir='ltr' id='par_1_36' title="bbox 304 3418 1964 3494">
     <span class='ocr_line' id='line_1_36' title="bbox 304 3418 1964 3494; baseline 0.006 -24"><span class='ocrx_word' id='word_1_289' title='bbox 304 3418 463 3481; x_wconf 84' lang='grc' dir='ltr'>αὐτὸς</span> <span class='ocrx_word' id='word_1_290' title='bbox 489 3420 700 3484; x_wconf 80' lang='grc' dir='ltr'>ἑαυτὸν,</span> <span class='ocrx_word' id='word_1_291' title='bbox 725 3419 904 3484; x_wconf 88' lang='grc' dir='ltr'>καθὼς</span> <span class='ocrx_word' id='word_1_292' title='bbox 929 3422 1026 3473; x_wconf 71' lang='grc' dir='ltr'>καὶ</span> <span class='ocrx_word' id='word_1_293' title='bbox 1045 3420 1143 3492; x_wconf 70' lang='grc' dir='ltr'>ἤδη</span> <span class='ocrx_word' id='word_1_294' title='bbox 1168 3423 1427 3493; x_wconf 90' lang='grc' dir='ltr'>πρότερον</span> <span class='ocrx_word' id='word_1_295' title='bbox 1453 3423 1695 3494; x_wconf 78' lang='grc' dir='ltr'>ἑφθημεν</span> <span class='ocrx_word' id='word_1_296' title='bbox 1720 3427 1964 3493; x_wconf 85' lang='grc' dir='ltr'>είπόντες</span> 
     </span>
    </p>
   </div>
   <div class='ocr_carea' id='block_1_37' title="bbox 305 3506 1966 3579">
    <p class='ocr_par' dir='ltr' id='par_1_37' title="bbox 305 3506 1966 3579">
     <span class='ocr_line' id='line_1_37' title="bbox 305 3506 1966 3579; baseline 0.007 -23"><span class='ocrx_word' id='word_1_297' title='bbox 305 3506 459 3558; x_wconf 82' lang='grc' dir='ltr'>τότε·</span> <span class='ocrx_word' id='word_1_298' title='bbox 495 3507 662 3560; x_wconf 88' lang='grc' dir='ltr'>Ὅσοι</span> <span class='ocrx_word' id='word_1_299' title='bbox 699 3509 786 3573; x_wconf 82' lang='grc' dir='ltr'>είς</span> <span class='ocrx_word' id='word_1_300' title='bbox 831 3507 1088 3576; x_wconf 81' lang='grc' dir='ltr'>Χριστὸν</span> <span class='ocrx_word' id='word_1_301' title='bbox 1128 3508 1549 3578; x_wconf 80' lang='grc' dir='ltr'>ἐϐαπτίσθητε,</span> <span class='ocrx_word' id='word_1_302' title='bbox 1590 3513 1847 3579; x_wconf 79' lang='grc' dir='ltr'>Χριστόν</span> <span class='ocrx_word' id='word_1_303' title='bbox 1876 3514 1966 3567; x_wconf 83' lang='grc' dir='ltr'>ἐν·</span> 
     </span>
    </p>
   </div>
   <div class='ocr_carea' id='block_1_38' title="bbox 306 3589 1966 3664">
    <p class='ocr_par' dir='ltr' id='par_1_38' title="bbox 306 3589 1966 3664">
     <span class='ocr_line' id='line_1_38' title="bbox 306 3589 1966 3664; baseline 0.004 -24"><span class='ocrx_word' id='word_1_304' title='bbox 306 3589 626 3645; x_wconf 80' lang='grc' dir='ltr'>εδύσασθε.</span> <span class='ocrx_word' id='word_1_305' title='bbox 657 3589 975 3661; x_wconf 86' lang='grc' dir='ltr'>Πεπλάνητο</span> <span class='ocrx_word' id='word_1_306' title='bbox 1006 3592 1039 3660; x_wconf 84' lang='grc' dir='ltr'>ἡ</span> <span class='ocrx_word' id='word_1_307' title='bbox 1077 3594 1148 3663; x_wconf 79' lang='grc' dir='ltr'>γῆ</span> <span class='ocrx_word' id='word_1_308' title='bbox 1180 3591 1297 3644; x_wconf 86' lang='grc' dir='ltr'>ὁδὸν</span> <span class='ocrx_word' id='word_1_309' title='bbox 1337 3591 1592 3662; x_wconf 79' lang='grc' dir='ltr'>ζητοῦσα,</span> <span class='ocrx_word' id='word_1_310' title='bbox 1632 3596 1724 3646; x_wconf 77' lang='grc' dir='ltr'>καὶ</span> <span class='ocrx_word' id='word_1_311' title='bbox 1763 3594 1835 3664; x_wconf 84' lang='grc' dir='ltr'>μὴ</span> <span class='ocrx_word' id='word_1_312' title='bbox 1877 3595 1966 3647; x_wconf 88' lang='grc' dir='ltr'>εὐ-</span> 
     </span>
    </p>
   </div>
   <div class='ocr_carea' id='block_1_39' title="bbox 308 3676 1967 3751">
    <p class='ocr_par' dir='ltr' id='par_1_39' title="bbox 308 3676 1967 3751">
     <span class='ocr_line' id='line_1_39' title="bbox 308 3676 1967 3751; baseline 0.004 -24"><span class='ocrx_word' id='word_1_313' title='bbox 308 3676 600 3744; x_wconf 82' lang='grc' dir='ltr'>ρίσκουσα·</span> <span class='ocrx_word' id='word_1_314' title='bbox 643 3679 790 3731; x_wconf 81' lang='grc' dir='ltr'>πᾶσα</span> <span class='ocrx_word' id='word_1_315' title='bbox 828 3677 935 3749; x_wconf 78' lang='grc' dir='ltr'>γὰρ</span> <span class='ocrx_word' id='word_1_316' title='bbox 978 3678 1124 3750; x_wconf 83' lang='grc' dir='ltr'>ψυχὴ</span> <span class='ocrx_word' id='word_1_317' title='bbox 1170 3677 1282 3748; x_wconf 75' lang='grc' dir='ltr'>ἔχει</span> <span class='ocrx_word' id='word_1_318' title='bbox 1327 3679 1384 3732; x_wconf 83' lang='grc' dir='ltr'>ἐν</span> <span class='ocrx_word' id='word_1_319' title='bbox 1432 3681 1596 3749; x_wconf 78' lang='grc' dir='ltr'>ἑαυτῇ</span> <span class='ocrx_word' id='word_1_320' title='bbox 1644 3680 1702 3733; x_wconf 81' lang='grc' dir='ltr'>τὸ</span> <span class='ocrx_word' id='word_1_321' title='bbox 1744 3681 1967 3751; x_wconf 85' lang='grc' dir='ltr'>σπέρμα</span> 
     </span>
    </p>
   </div>
   <div class='ocr_carea' id='block_1_40' title="bbox 304 3765 1962 3839">
    <p class='ocr_par' dir='ltr' id='par_1_40' title="bbox 304 3765 1962 3839">
     <span class='ocr_line' id='line_1_40' title="bbox 304 3765 1962 3839; baseline 0.004 -24"><span class='ocrx_word' id='word_1_322' title='bbox 304 3766 401 3834; x_wconf 78' lang='grc' dir='ltr'>τῆς</span> <span class='ocrx_word' id='word_1_323' title='bbox 435 3765 727 3833; x_wconf 77' lang='grc' dir='ltr'>θεολογίας,</span> <span class='ocrx_word' id='word_1_324' title='bbox 757 3765 850 3818; x_wconf 69' lang='grc' dir='ltr'>καὶ</span> <span class='ocrx_word' id='word_1_325' title='bbox 883 3765 1078 3835; x_wconf 70' lang='grc' dir='ltr'>ἔχουσα</span> <span class='ocrx_word' id='word_1_326' title='bbox 1107 3767 1210 3820; x_wconf 85' lang='grc' dir='ltr'>οὐκ</span> <span class='ocrx_word' id='word_1_327' title='bbox 1241 3768 1379 3839; x_wconf 72' lang='grc' dir='ltr'>ᾔδει,</span> <span class='ocrx_word' id='word_1_328' title='bbox 1419 3768 1536 3832; x_wconf 90' lang='grc' dir='ltr'>πῶς</span> <span class='ocrx_word' id='word_1_329' title='bbox 1568 3768 1647 3821; x_wconf 85' lang='grc' dir='ltr'>δεῖ</span> <span class='ocrx_word' id='word_1_330' title='bbox 1679 3766 1913 3839; x_wconf 84' lang='grc' dir='ltr'>θηράσαι</span> <span class='ocrx_word' id='word_1_331' title='bbox 1937 3779 1962 3807; x_wconf 71' lang='grc' dir='ltr'><strong>ο</strong></span> 
     </span>
    </p>
   </div>
   <div class='ocr_carea' id='block_1_41' title="bbox 254 3849 1966 3931">
    <p class='ocr_par' dir='ltr' id='par_1_41' title="bbox 254 3849 1966 3931">
     <span class='ocr_line' id='line_1_41' title="bbox 254 3849 1966 3931; baseline 0.004 -29"><span class='ocrx_word' id='word_1_332' title='bbox 254 3926 259 3931; x_wconf 13' lang='grc' dir='ltr'>ξ</span> <span class='ocrx_word' id='word_1_333' title='bbox 305 3852 365 3903; x_wconf 83' lang='grc' dir='ltr'>τὸ</span> <span class='ocrx_word' id='word_1_334' title='bbox 398 3852 747 3923; x_wconf 73' lang='grc' dir='ltr'>ποθούμενον.</span> <span class='ocrx_word' id='word_1_335' title='bbox 784 3853 1000 3925; x_wconf 85' lang='grc' dir='ltr'>Ἐπειδὴ</span> <span class='ocrx_word' id='word_1_336' title='bbox 1039 3849 1131 3907; x_wconf 75' lang='grc' dir='ltr'>οὖν</span> <span class='ocrx_word' id='word_1_337' title='bbox 1164 3856 1277 3925; x_wconf 81' lang='grc' dir='ltr'>ὀὐχ</span> <span class='ocrx_word' id='word_1_338' title='bbox 1325 3854 1578 3926; x_wconf 76' lang='grc' dir='ltr'>εὕρισκον</span> <span class='ocrx_word' id='word_1_339' title='bbox 1624 3856 1739 3908; x_wconf 80' lang='grc' dir='ltr'>ὁδὸν</span> <span class='ocrx_word' id='word_1_340' title='bbox 1776 3856 1827 3908; x_wconf 85' lang='grc' dir='ltr'>οἰ</span> <span class='ocrx_word' id='word_1_341' title='bbox 1870 3873 1966 3908; x_wconf 87' lang='grc' dir='ltr'>πε-</span> 
     </span>
    </p>
   </div>
   <div class='ocr_carea' id='block_1_42' title="bbox 306 3937 1967 4012">
    <p class='ocr_par' dir='ltr' id='par_1_42' title="bbox 306 3937 1967 4012">
     <span class='ocr_line' id='line_1_42' title="bbox 306 3937 1967 4012; baseline 0.002 -22"><span class='ocrx_word' id='word_1_342' title='bbox 306 3938 665 4008; x_wconf 58' lang='grc' dir='ltr'>πῖανημένοι·</span> <span class='ocrx_word' id='word_1_343' title='bbox 705 3937 844 4008; x_wconf 79' lang='grc' dir='ltr'>Ἐγώ</span> <span class='ocrx_word' id='word_1_344' title='bbox 880 3938 1020 4008; x_wconf 78' lang='grc' dir='ltr'>ἐίμι,</span> <span class='ocrx_word' id='word_1_345' title='bbox 1070 3943 1265 4011; x_wconf 58' lang='grc' dir='ltr'>φησιν,</span> <span class='ocrx_word' id='word_1_346' title='bbox 1295 3943 1333 4008; x_wconf 85' lang='grc' dir='ltr'><em>ἠ</em></span> <span class='ocrx_word' id='word_1_347' title='bbox 1367 3941 1525 4008; x_wconf 77' lang='grc' dir='ltr'>ὁδός.</span> <span class='ocrx_word' id='word_1_348' title='bbox 1569 3941 1724 3995; x_wconf 87' lang='grc' dir='ltr'>Ἀλλά</span> <span class='ocrx_word' id='word_1_349' title='bbox 1777 3942 1967 4012; x_wconf 87' lang='grc' dir='ltr'>νεκρὸς</span> 
     </span>
    </p>
   </div>
   <div class='ocr_carea' id='block_1_43' title="bbox 306 4021 1968 4100">
    <p class='ocr_par' dir='ltr' id='par_1_43' title="bbox 306 4021 1968 4100">
     <span class='ocr_line' id='line_1_43' title="bbox 306 4021 1968 4100; baseline 0.003 -24"><span class='ocrx_word' id='word_1_350' title='bbox 306 4021 395 4089; x_wconf 74' lang='grc' dir='ltr'>εἷς</span> <span class='ocrx_word' id='word_1_351' title='bbox 439 4025 576 4094; x_wconf 79' lang='grc' dir='ltr'>Ἐγώ</span> <span class='ocrx_word' id='word_1_352' title='bbox 624 4028 740 4094; x_wconf 81' lang='grc' dir='ltr'>είμι</span> <span class='ocrx_word' id='word_1_353' title='bbox 787 4026 825 4092; x_wconf 73' lang='grc' dir='ltr'><strong><em>ἠ</em></strong></span> <span class='ocrx_word' id='word_1_354' title='bbox 859 4026 1212 4093; x_wconf 82' lang='grc' dir='ltr'>ἀνάστασις.</span> <span class='ocrx_word' id='word_1_355' title='bbox 1268 4028 1404 4080; x_wconf 80' lang='grc' dir='ltr'>Ἀλλ’</span> <span class='ocrx_word' id='word_1_356' title='bbox 1448 4027 1677 4099; x_wconf 83' lang='grc' dir='ltr'>ἀσθενὴς</span> <span class='ocrx_word' id='word_1_357' title='bbox 1728 4022 1778 4081; x_wconf 83' lang='grc' dir='ltr'>εἶ</span> <span class='ocrx_word' id='word_1_358' title='bbox 1820 4046 1968 4100; x_wconf 86' lang='grc' dir='ltr'>χειρ-</span> 
     </span>
    </p>
   </div>
   <div class='ocr_carea' id='block_1_44' title="bbox 306 4112 1968 4188">
    <p class='ocr_par' dir='ltr' id='par_1_44' title="bbox 306 4112 1968 4188">
     <span class='ocr_line' id='line_1_44' title="bbox 306 4112 1968 4188; baseline 0.004 -24"><span class='ocrx_word' id='word_1_359' title='bbox 306 4113 550 4178; x_wconf 84' lang='grc' dir='ltr'>αγωγίας</span> <span class='ocrx_word' id='word_1_360' title='bbox 577 4112 859 4181; x_wconf 84' lang='grc' dir='ltr'>δεόμενος;</span> <span class='ocrx_word' id='word_1_361' title='bbox 899 4112 1037 4181; x_wconf 76' lang='grc' dir='ltr'>Ἐγώ</span> <span class='ocrx_word' id='word_1_362' title='bbox 1076 4115 1189 4183; x_wconf 86' lang='grc' dir='ltr'>εἰμι</span> <span class='ocrx_word' id='word_1_363' title='bbox 1224 4116 1256 4183; x_wconf 86' lang='grc' dir='ltr'><strong>ἡ</strong></span> <span class='ocrx_word' id='word_1_364' title='bbox 1297 4113 1488 4185; x_wconf 75' lang='grc' dir='ltr'>ῥάϐδος</span> <span class='ocrx_word' id='word_1_365' title='bbox 1525 4117 1557 4185; x_wconf 84' lang='grc' dir='ltr'><strong>ἡ</strong></span> <span class='ocrx_word' id='word_1_366' title='bbox 1591 4117 1655 4168; x_wconf 82' lang='grc' dir='ltr'>ἐκ</span> <span class='ocrx_word' id='word_1_367' title='bbox 1685 4116 1784 4186; x_wconf 82' lang='grc' dir='ltr'>τῆς</span> <span class='ocrx_word' id='word_1_368' title='bbox 1814 4117 1968 4188; x_wconf 74' lang='grc' dir='ltr'>ῥίζης</span> 
     </span>
    </p>
   </div>
   <div class='ocr_carea' id='block_1_45' title="bbox 320 4198 1967 4272">
    <p class='ocr_par' dir='ltr' id='par_1_45' title="bbox 320 4198 1967 4272">
     <span class='ocr_line' id='line_1_45' title="bbox 320 4198 1967 4272; baseline 0.004 -23"><span class='ocrx_word' id='word_1_369' title='bbox 320 4199 517 4250; x_wconf 75' lang='grc' dir='ltr'>’ίεσσαὶ</span> <span class='ocrx_word' id='word_1_370' title='bbox 548 4199 871 4269; x_wconf 79' lang='grc' dir='ltr'>στηρίζουσα</span> <span class='ocrx_word' id='word_1_371' title='bbox 897 4200 1024 4262; x_wconf 85' lang='grc' dir='ltr'>τοὺς</span> <span class='ocrx_word' id='word_1_372' title='bbox 1050 4199 1428 4264; x_wconf 80' lang='grc' dir='ltr'>ἀσθενοῦντας,</span> <span class='ocrx_word' id='word_1_373' title='bbox 1458 4202 1586 4271; x_wconf 80' lang='grc' dir='ltr'>περὶ</span> <span class='ocrx_word' id='word_1_374' title='bbox 1626 4198 1694 4272; x_wconf 83' lang='grc' dir='ltr'>ἧς</span> <span class='ocrx_word' id='word_1_375' title='bbox 1731 4203 1913 4271; x_wconf 78' lang='grc' dir='ltr'>ἔλεγεν</span> <span class='ocrx_word' id='word_1_376' title='bbox 1939 4206 1967 4256; x_wconf 88' lang='grc' dir='ltr'>ό</span> 
     </span>
    </p>
   </div>
   <div class='ocr_carea' id='block_1_46' title="bbox 309 4282 1969 4357">
    <p class='ocr_par' dir='ltr' id='par_1_46' title="bbox 309 4282 1969 4357">
     <span class='ocr_line' id='line_1_46' title="bbox 309 4282 1969 4357; baseline 0.005 -21"><span class='ocrx_word' id='word_1_377' title='bbox 309 4287 617 4355; x_wconf 76' lang='grc' dir='ltr'>προφήτης·</span> <span class='ocrx_word' id='word_1_378' title='bbox 648 4287 709 4339; x_wconf 86' lang='grc' dir='ltr'><strong>Ἠ</strong></span> <span class='ocrx_word' id='word_1_379' title='bbox 725 4282 955 4352; x_wconf 78' lang='grc' dir='ltr'>ῥάϐδος</span> <span class='ocrx_word' id='word_1_380' title='bbox 975 4303 1090 4340; x_wconf 89' lang='grc' dir='ltr'>σου</span> <span class='ocrx_word' id='word_1_381' title='bbox 1124 4287 1220 4340; x_wconf 77' lang='grc' dir='ltr'>καὶ</span> <span class='ocrx_word' id='word_1_382' title='bbox 1256 4290 1293 4355; x_wconf 78' lang='grc' dir='ltr'>η</span> <span class='ocrx_word' id='word_1_383' title='bbox 1318 4289 1613 4357; x_wconf 69' lang='grc' dir='ltr'>,βακτηρία</span> <span class='ocrx_word' id='word_1_384' title='bbox 1647 4305 1762 4343; x_wconf 89' lang='grc' dir='ltr'>σου</span> <span class='ocrx_word' id='word_1_385' title='bbox 1793 4287 1969 4345; x_wconf 83' lang='grc' dir='ltr'>αὗταί</span> 
     </span>
    </p>
   </div>
   <div class='ocr_carea' id='block_1_47' title="bbox 302 4372 1964 4450">
    <p class='ocr_par' dir='ltr' id='par_1_47' title="bbox 302 4372 1964 4450">
     <span class='ocr_line' id='line_1_47' title="bbox 302 4372 1964 4450; baseline 0.004 -25"><span class='ocrx_word' id='word_1_386' title='bbox 302 4390 379 4441; x_wconf 80' lang='grc' dir='ltr'>με</span> <span class='ocrx_word' id='word_1_387' title='bbox 428 4372 862 4439; x_wconf 69' lang='grc' dir='ltr'>παρεκάλεσαν.</span> <span class='ocrx_word' id='word_1_388' title='bbox 912 4373 1010 4426; x_wconf 86' lang='grc' dir='ltr'>Διά</span> <span class='ocrx_word' id='word_1_389' title='bbox 1050 4374 1103 4427; x_wconf 88' lang='grc' dir='ltr'>τί</span> <span class='ocrx_word' id='word_1_390' title='bbox 1162 4375 1386 4445; x_wconf 72' lang='grc' dir='ltr'>ῥάϐδος,</span> <span class='ocrx_word' id='word_1_391' title='bbox 1433 4376 1519 4429; x_wconf 75' lang='grc' dir='ltr'>διὰ</span> <span class='ocrx_word' id='word_1_392' title='bbox 1560 4378 1613 4429; x_wconf 90' lang='grc' dir='ltr'>τί</span> <span class='ocrx_word' id='word_1_393' title='bbox 1659 4376 1964 4450; x_wconf 87' lang='grc' dir='ltr'>βακτηρία;</span> 
     </span>
    </p>
   </div>
   <div class='ocr_carea' id='block_1_48' title="bbox 321 4460 1967 4533">
    <p class='ocr_par' dir='ltr' id='par_1_48' title="bbox 321 4460 1967 4533">
     <span class='ocr_line' id='line_1_48' title="bbox 321 4460 1967 4533; baseline 0.004 -21"><span class='ocrx_word' id='word_1_394' title='bbox 321 4461 537 4532; x_wconf 74' lang='grc' dir='ltr'>Ἐπειδὴ</span> <span class='ocrx_word' id='word_1_395' title='bbox 585 4460 721 4532; x_wconf 87' lang='grc' dir='ltr'>πρὸς</span> <span class='ocrx_word' id='word_1_396' title='bbox 769 4461 950 4514; x_wconf 78' lang='grc' dir='ltr'>πᾶσαν</span> <span class='ocrx_word' id='word_1_397' title='bbox 1004 4461 1217 4531; x_wconf 82' lang='grc' dir='ltr'>ἡλικίαν</span> <span class='ocrx_word' id='word_1_398' title='bbox 1277 4464 1569 4533; x_wconf 86' lang='grc' dir='ltr'>ἁρμόττει·</span> <span class='ocrx_word' id='word_1_399' title='bbox 1609 4465 1761 4525; x_wconf 83' lang='grc' dir='ltr'>νέους</span> <span class='ocrx_word' id='word_1_400' title='bbox 1808 4466 1967 4518; x_wconf 88' lang='grc' dir='ltr'>παιδ-</span> 
     </span>
    </p>
   </div>
   <div class='ocr_carea' id='block_1_49' title="bbox 307 4544 1970 4621">
    <p class='ocr_par' dir='ltr' id='par_1_49' title="bbox 307 4544 1970 4621">
     <span class='ocr_line' id='line_1_49' title="bbox 307 4544 1970 4621; baseline 0.004 -21"><span class='ocrx_word' id='word_1_401' title='bbox 307 4551 532 4617; x_wconf 85' lang='grc' dir='ltr'>αγωγεῖ,</span> <span class='ocrx_word' id='word_1_402' title='bbox 560 4548 817 4621; x_wconf 86' lang='grc' dir='ltr'>γέροντας</span> <span class='ocrx_word' id='word_1_403' title='bbox 842 4547 1104 4620; x_wconf 75' lang='grc' dir='ltr'>στηρίξει.</span> <span class='ocrx_word' id='word_1_404' title='bbox 1139 4549 1299 4615; x_wconf 81' lang='grc' dir='ltr'>Ἀλλ’,</span> <span class='ocrx_word' id='word_1_405' title='bbox 1329 4544 1374 4603; x_wconf 79' lang='grc' dir='ltr'><strong>ὦ</strong></span> <span class='ocrx_word' id='word_1_406' title='bbox 1392 4550 1644 4614; x_wconf 87' lang='grc' dir='ltr'>δέσποτα,</span> <span class='ocrx_word' id='word_1_407' title='bbox 1668 4550 1970 4608; x_wconf 85' lang='grc' dir='ltr'>Πεινῶντά</span> 
     </span>
    </p>
   </div>
   <div class='ocr_carea' id='block_1_50' title="bbox 301 4636 1970 4708">
    <p class='ocr_par' dir='ltr' id='par_1_50' title="bbox 301 4636 1970 4708">
     <span class='ocr_line' id='line_1_50' title="bbox 301 4636 1970 4708; baseline 0.005 -20"><span class='ocrx_word' id='word_1_408' title='bbox 301 4655 379 4706; x_wconf 76' lang='grc' dir='ltr'>με</span> <span class='ocrx_word' id='word_1_409' title='bbox 423 4637 700 4706; x_wconf 75' lang='grc' dir='ltr'>ἔθρεψας,</span> <span class='ocrx_word' id='word_1_410' title='bbox 739 4636 1009 4706; x_wconf 73' lang='grc' dir='ltr'>διψῶντά</span> <span class='ocrx_word' id='word_1_411' title='bbox 1032 4652 1109 4706; x_wconf 82' lang='grc' dir='ltr'>με</span> <span class='ocrx_word' id='word_1_412' title='bbox 1145 4636 1448 4703; x_wconf 81' lang='grc' dir='ltr'>ἐπότισας,</span> <span class='ocrx_word' id='word_1_413' title='bbox 1493 4638 1722 4708; x_wconf 77' lang='grc' dir='ltr'>γυμνόν</span> <span class='ocrx_word' id='word_1_414' title='bbox 1767 4641 1970 4696; x_wconf 84' lang='grc' dir='ltr'>ἐνέδυ-</span> 
     </span>
    </p>
   </div>
   <div class='ocr_carea' id='block_1_51' title="bbox 306 4723 1970 4803">
    <p class='ocr_par' dir='ltr' id='par_1_51' title="bbox 306 4723 1970 4803">
     <span class='ocr_line' id='line_1_51' title="bbox 306 4723 1970 4803; baseline 0.001 -24"><span class='ocrx_word' id='word_1_415' title='bbox 306 4743 443 4791; x_wconf 80' lang='grc' dir='ltr'>σας,</span> <span class='ocrx_word' id='word_1_416' title='bbox 477 4724 631 4796; x_wconf 72' lang='grc'>[405]</span> <span class='ocrx_word' id='word_1_417' title='bbox 675 4723 1087 4803; x_wconf 82' lang='grc' dir='ltr'>πεπλανημένον</span> <span class='ocrx_word' id='word_1_418' title='bbox 1124 4724 1434 4796; x_wconf 86' lang='grc' dir='ltr'>ὡδήγησας,</span> <span class='ocrx_word' id='word_1_419' title='bbox 1474 4725 1798 4780; x_wconf 76' lang='grc' dir='ltr'>ἀσθενοῦντα</span> <span class='ocrx_word' id='word_1_420' title='bbox 1843 4728 1970 4782; x_wconf 76' lang='grc' dir='ltr'>ἐϐα-</span> 
     </span>
    </p>
   </div>
   <div class='ocr_carea' id='block_1_52' title="bbox 307 4807 1968 4882">
    <p class='ocr_par' dir='ltr' id='par_1_52' title="bbox 307 4807 1968 4882">
     <span class='ocr_line' id='line_1_52' title="bbox 307 4807 1968 4882; baseline 0.001 -20"><span class='ocrx_word' id='word_1_421' title='bbox 307 4809 635 4880; x_wconf 83' lang='grc' dir='ltr'>κτηρίασας·</span> <span class='ocrx_word' id='word_1_422' title='bbox 684 4807 894 4877; x_wconf 84' lang='grc' dir='ltr'>φθάσας</span> <span class='ocrx_word' id='word_1_423' title='bbox 939 4807 1032 4862; x_wconf 76' lang='grc' dir='ltr'>ἐπὶ</span> <span class='ocrx_word' id='word_1_424' title='bbox 1073 4808 1171 4879; x_wconf 88' lang='grc' dir='ltr'>τὴν</span> <span class='ocrx_word' id='word_1_425' title='bbox 1202 4808 1341 4873; x_wconf 86' lang='grc' dir='ltr'>ὁδὸν,</span> <span class='ocrx_word' id='word_1_426' title='bbox 1386 4808 1681 4863; x_wconf 85' lang='grc' dir='ltr'>κατέλαϐον</span> <span class='ocrx_word' id='word_1_427' title='bbox 1733 4810 1800 4863; x_wconf 74' lang='grc' dir='ltr'>τά</span> <span class='ocrx_word' id='word_1_428' title='bbox 1849 4811 1968 4882; x_wconf 84' lang='grc' dir='ltr'>ἴχνη</span> 
     </span>
    </p>
   </div>
   <div class='ocr_carea' id='block_1_53' title="bbox 306 4891 1970 4965">
    <p class='ocr_par' dir='ltr' id='par_1_53' title="bbox 306 4891 1970 4965">
     <span class='ocr_line' id='line_1_53' title="bbox 306 4891 1970 4965; baseline 0.001 -18"><span class='ocrx_word' id='word_1_429' title='bbox 306 4897 401 4964; x_wconf 79' lang='grc' dir='ltr'>τῆς</span> <span class='ocrx_word' id='word_1_430' title='bbox 431 4893 743 4956; x_wconf 85' lang='grc' dir='ltr'>εὐσεϐείας·</span> <span class='ocrx_word' id='word_1_431' title='bbox 781 4891 927 4963; x_wconf 78' lang='grc' dir='ltr'>ζητῶ</span> <span class='ocrx_word' id='word_1_432' title='bbox 963 4891 1110 4964; x_wconf 83' lang='grc' dir='ltr'>τὴνά</span> <span class='ocrx_word' id='word_1_433' title='bbox 1154 4892 1322 4965; x_wconf 83' lang='grc' dir='ltr'>θύραν</span> <span class='ocrx_word' id='word_1_434' title='bbox 1365 4892 1465 4964; x_wconf 80' lang='grc' dir='ltr'>τῆς</span> <span class='ocrx_word' id='word_1_435' title='bbox 1504 4892 1787 4964; x_wconf 85' lang='grc' dir='ltr'>ἀληθείας·</span> <span class='ocrx_word' id='word_1_436' title='bbox 1828 4896 1910 4958; x_wconf 88' lang='grc' dir='ltr'>τίς</span> <span class='ocrx_word' id='word_1_437' title='bbox 1942 4898 1970 4948; x_wconf 89' lang='grc' dir='ltr'>ό</span> 
     </span>
    </p>
   </div>
   <div class='ocr_carea' id='block_1_54' title="bbox 305 4978 1973 5053">
    <p class='ocr_par' dir='ltr' id='par_1_54' title="bbox 305 4978 1973 5053">
     <span class='ocr_line' id='line_1_54' title="bbox 305 4978 1973 5053; baseline 0.002 -20"><span class='ocrx_word' id='word_1_438' title='bbox 305 4980 552 5045; x_wconf 81' lang='grc' dir='ltr'>δεικνύς;</span> <span class='ocrx_word' id='word_1_439' title='bbox 596 4979 735 5048; x_wconf 77' lang='grc' dir='ltr'>Ἐγώ</span> <span class='ocrx_word' id='word_1_440' title='bbox 780 4981 897 5050; x_wconf 76' lang='grc' dir='ltr'>ειμι</span> <span class='ocrx_word' id='word_1_441' title='bbox 924 4979 962 5047; x_wconf 78' lang='grc' dir='ltr'><strong><em>ὴ</em></strong></span> <span class='ocrx_word' id='word_1_442' title='bbox 1012 4980 1196 5048; x_wconf 86' lang='grc' dir='ltr'>θύρα,</span> <span class='ocrx_word' id='word_1_443' title='bbox 1237 4978 1305 5032; x_wconf 83' lang='grc' dir='ltr'>δι’</span> <span class='ocrx_word' id='word_1_444' title='bbox 1348 4979 1482 5050; x_wconf 70' lang='grc' dir='ltr'>ἐμοῦ</span> <span class='ocrx_word' id='word_1_445' title='bbox 1530 4982 1637 5044; x_wconf 81' lang='grc' dir='ltr'>πᾶς</span> <span class='ocrx_word' id='word_1_446' title='bbox 1670 4982 1973 5053; x_wconf 87' lang='grc' dir='ltr'>εἰσέρχεται</span> 
     </span>
    </p>
   </div>
   <div class='ocr_carea' id='block_1_55' title="bbox 309 5075 1970 5149">
    <p class='ocr_par' dir='ltr' id='par_1_55' title="bbox 309 5075 1970 5149">
     <span class='ocr_line' id='line_1_55' title="bbox 309 5075 1970 5149; baseline 0.001 -18"><span class='ocrx_word' id='word_1_447' title='bbox 309 5078 441 5148; x_wconf 85' lang='grc' dir='ltr'>πρὸς</span> <span class='ocrx_word' id='word_1_448' title='bbox 470 5078 560 5131; x_wconf 89' lang='grc' dir='ltr'>τὸν</span> <span class='ocrx_word' id='word_1_449' title='bbox 593 5077 830 5149; x_wconf 87' lang='grc' dir='ltr'>Πατέρα.</span> <span class='ocrx_word' id='word_1_450' title='bbox 859 5075 956 5130; x_wconf 87' lang='grc' dir='ltr'>Διά</span> <span class='ocrx_word' id='word_1_451' title='bbox 1000 5075 1117 5143; x_wconf 89' lang='grc' dir='ltr'>σοῦ,</span> <span class='ocrx_word' id='word_1_452' title='bbox 1144 5075 1232 5130; x_wconf 83' lang='grc' dir='ltr'>διὰ</span> <span class='ocrx_word' id='word_1_453' title='bbox 1263 5075 1345 5140; x_wconf 84' lang='grc' dir='ltr'>τί;</span> <span class='ocrx_word' id='word_1_454' title='bbox 1385 5076 1534 5149; x_wconf 88' lang='grc' dir='ltr'>Ιιύλη</span> <span class='ocrx_word' id='word_1_455' title='bbox 1575 5078 1682 5149; x_wconf 88' lang='grc' dir='ltr'>γάρ</span> <span class='ocrx_word' id='word_1_456' title='bbox 1715 5079 1829 5149; x_wconf 89' lang='grc' dir='ltr'>εἰμι</span> <span class='ocrx_word' id='word_1_457' title='bbox 1865 5095 1970 5132; x_wconf 85' lang='grc' dir='ltr'>σω-</span> 
     </span>
    </p>
   </div>
   <div class='ocr_carea' id='block_1_56' title="bbox 307 5164 1968 5239">
    <p class='ocr_par' dir='ltr' id='par_1_56' title="bbox 307 5164 1968 5239">
     <span class='ocr_line' id='line_1_56' title="bbox 307 5164 1968 5239; baseline 0.002 -22"><span class='ocrx_word' id='word_1_458' title='bbox 307 5166 500 5236; x_wconf 88' lang='grc' dir='ltr'>τηρίας</span> <span class='ocrx_word' id='word_1_459' title='bbox 549 5166 908 5237; x_wconf 80' lang='grc' dir='ltr'>ἠνεῳγμένη,</span> <span class='ocrx_word' id='word_1_460' title='bbox 960 5167 1025 5239; x_wconf 73' lang='grc' dir='ltr'>ἢν</span> <span class='ocrx_word' id='word_1_461' title='bbox 1076 5164 1323 5236; x_wconf 75' lang='grc' dir='ltr'>ἐπιζητεῖ</span> <span class='ocrx_word' id='word_1_462' title='bbox 1375 5166 1404 5218; x_wconf 87' lang='lat'>6</span> <span class='ocrx_word' id='word_1_463' title='bbox 1459 5165 1727 5237; x_wconf 81' lang='grc' dir='ltr'>μακάριος</span> <span class='ocrx_word' id='word_1_464' title='bbox 1777 5167 1968 5233; x_wconf 83' lang='grc' dir='ltr'>Δαυῒδ,</span> 
     </span>
    </p>
   </div>
   <div class='ocr_carea' id='block_1_57' title="bbox 308 5251 1972 5327">
    <p class='ocr_par' dir='ltr' id='par_1_57' title="bbox 308 5251 1972 5327">
     <span class='ocr_line' id='line_1_57' title="bbox 308 5251 1972 5327; baseline 0.002 -22"><span class='ocrx_word' id='word_1_465' title='bbox 308 5252 507 5317; x_wconf 81' lang='grc' dir='ltr'>πολλὰς</span> <span class='ocrx_word' id='word_1_466' title='bbox 558 5254 656 5324; x_wconf 79' lang='grc' dir='ltr'>μὲν</span> <span class='ocrx_word' id='word_1_467' title='bbox 687 5255 981 5326; x_wconf 71' lang='grc' dir='ltr'>ἐπινοήσας</span> <span class='ocrx_word' id='word_1_468' title='bbox 1001 5264 1046 5320; x_wconf 84' lang='grc' dir='ltr'>ο,</span> <span class='ocrx_word' id='word_1_469' title='bbox 1090 5252 1218 5324; x_wconf 86' lang='grc' dir='ltr'>μίαν</span> <span class='ocrx_word' id='word_1_470' title='bbox 1262 5251 1320 5305; x_wconf 84' lang='grc' dir='ltr'>δὲ</span> <span class='ocrx_word' id='word_1_471' title='bbox 1361 5251 1571 5324; x_wconf 72' lang='grc' dir='ltr'>εὑρών*</span> <span class='ocrx_word' id='word_1_472' title='bbox 1606 5252 1673 5306; x_wconf 83' lang='grc' dir='ltr'>τὰ</span> <span class='ocrx_word' id='word_1_473' title='bbox 1721 5254 1819 5324; x_wconf 83' lang='grc' dir='ltr'>μὲν</span> <span class='ocrx_word' id='word_1_474' title='bbox 1863 5256 1972 5327; x_wconf 71' lang='grc' dir='ltr'>γὰρ</span> 
     </span>
    </p>
   </div>
   <div class='ocr_carea' id='block_1_58' title="bbox 310 5341 1967 5413">
    <p class='ocr_par' dir='ltr' id='par_1_58' title="bbox 310 5341 1967 5413">
     <span class='ocr_line' id='line_1_58' title="bbox 310 5341 1967 5413; baseline 0.001 -19"><span class='ocrx_word' id='word_1_475' title='bbox 310 5341 500 5413; x_wconf 86' lang='grc' dir='ltr'>πρῶτα</span> <span class='ocrx_word' id='word_1_476' title='bbox 551 5342 734 5407; x_wconf 83' lang='grc' dir='ltr'>λέγει,</span> <span class='ocrx_word' id='word_1_477' title='bbox 786 5341 1078 5407; x_wconf 81' lang='grc' dir='ltr'>Ἀνοίξατέ</span> <span class='ocrx_word' id='word_1_478' title='bbox 1134 5358 1239 5411; x_wconf 85' lang='grc' dir='ltr'>μοι</span> <span class='ocrx_word' id='word_1_479' title='bbox 1295 5342 1492 5408; x_wconf 77' lang='grc' dir='ltr'>πύλας</span> <span class='ocrx_word' id='word_1_480' title='bbox 1542 5341 1967 5411; x_wconf 66' lang='grc' dir='ltr'>δικαιοσύνης·</span> 
     </span>
    </p>
   </div>
   <div class='ocr_carea' id='block_1_59' title="bbox 303 5428 1972 5500">
    <p class='ocr_par' dir='ltr' id='par_1_59' title="bbox 303 5428 1972 5500">
     <span class='ocr_line' id='line_1_59' title="bbox 303 5428 1972 5500; baseline 0.002 -17"><span class='ocrx_word' id='word_1_481' title='bbox 303 5429 593 5486; x_wconf 77' lang='grc' dir='ltr'>εἰσελθὼν</span> <span class='ocrx_word' id='word_1_482' title='bbox 619 5432 687 5484; x_wconf 85' lang='grc' dir='ltr'>ἐν</span> <span class='ocrx_word' id='word_1_483' title='bbox 714 5430 921 5496; x_wconf 82' lang='grc' dir='ltr'>αὐταῖς</span> <span class='ocrx_word' id='word_1_484' title='bbox 943 5428 1454 5500; x_wconf 75' lang='grc' dir='ltr'>ἐξομολογήσομαι</span> <span class='ocrx_word' id='word_1_485' title='bbox 1482 5429 1561 5496; x_wconf 84' lang='grc' dir='ltr'>τῷ</span> <span class='ocrx_word' id='word_1_486' title='bbox 1580 5434 1790 5499; x_wconf 62' lang='grc' dir='ltr'>Κυρῖρ.</span> <span class='ocrx_word' id='word_1_487' title='bbox 1820 5434 1972 5487; x_wconf 77' lang='grc' dir='ltr'>Ἐπεὶ</span> 
     </span>
    </p>
   </div>
   <div class='ocr_carea' id='block_1_60' title="bbox 367 5530 804 5587">
    <p class='ocr_par' dir='ltr' id='par_1_60' title="bbox 367 5530 804 5587">
     <span class='ocr_line' id='line_1_60' title="bbox 367 5530 804 5587; baseline 0.002 -8"><span class='ocrx_word' id='word_1_488' title='bbox 367 5532 391 5559; x_wconf 81' lang='grc'><strong><em>⁸</em></strong></span> <span class='ocrx_word' id='word_1_489' title='bbox 418 5530 552 5579; x_wconf 78' lang='lat' dir='ltr'>Unus</span> <span class='ocrx_word' id='word_1_490' title='bbox 571 5531 729 5580; x_wconf 79' lang='grc' dir='ltr'>αὐτόθι</span> <span class='ocrx_word' id='word_1_491' title='bbox 745 5548 804 5587; x_wconf 64' lang='grc' dir='ltr'>λς.</span> 
     </span>
    </p>
   </div>
   <div class='ocr_carea' id='block_1_61' title="bbox 365 5590 958 5650">
    <p class='ocr_par' dir='ltr' id='par_1_61' title="bbox 365 5590 958 5650">
     <span class='ocr_line' id='line_1_61' title="bbox 365 5590 958 5650; baseline -0.002 -12"><span class='ocrx_word' id='word_1_492' title='bbox 365 5591 394 5631; x_wconf 74' lang='lat' dir='ltr'><strong>b</strong></span> <span class='ocrx_word' id='word_1_493' title='bbox 422 5591 554 5639; x_wconf 84' lang='lat' dir='ltr'>Idem</span> <span class='ocrx_word' id='word_1_494' title='bbox 572 5590 712 5639; x_wconf 84' lang='grc' dir='ltr'>τοῦτο</span> <span class='ocrx_word' id='word_1_495' title='bbox 731 5591 958 5650; x_wconf 81' lang='grc' dir='ltr'>ἀγνωσία.</span> 
     </span>
    </p>
   </div>
   <div class='ocr_carea' id='block_1_62' title="bbox 368 5651 1638 5715">
    <p class='ocr_par' dir='ltr' id='par_1_62' title="bbox 368 5651 1638 5715">
     <span class='ocr_line' id='line_1_62' title="bbox 368 5651 1638 5715; baseline -0.004 -10"><span class='ocrx_word' id='word_1_496' title='bbox 368 5655 390 5683; x_wconf 68' lang='grc'><strong>⁸</strong></span> <span class='ocrx_word' id='word_1_497' title='bbox 419 5654 499 5715; x_wconf 67' lang='lat' dir='ltr'>Sic</span> <span class='ocrx_word' id='word_1_498' title='bbox 519 5651 665 5699; x_wconf 66' lang='lat' dir='ltr'>SaViI.</span> <span class='ocrx_word' id='word_1_499' title='bbox 690 5660 742 5715; x_wconf 49' lang='lat' dir='ltr'><strong>et</strong></span> <span class='ocrx_word' id='word_1_500' title='bbox 764 5666 888 5701; x_wconf 88' lang='lat' dir='ltr'><strong>unus</strong></span> <span class='ocrx_word' id='word_1_501' title='bbox 907 5653 1081 5702; x_wconf 80' lang='lat' dir='ltr'>codex.</span> <span class='ocrx_word' id='word_1_502' title='bbox 1106 5653 1276 5703; x_wconf 64' lang='lat' dir='ltr'>More}.</span> <span class='ocrx_word' id='word_1_503' title='bbox 1302 5656 1404 5712; x_wconf 84' lang='grc' dir='ltr'>πῶς</span> <span class='ocrx_word' id='word_1_504' title='bbox 1426 5656 1638 5715; x_wconf 80' lang='grc' dir='ltr'>θηρᾶται.</span> 
     </span>
    </p>
   </div>
   <div class='ocr_carea' id='block_1_63' title="bbox 363 5714 1010 5771">
    <p class='ocr_par' dir='ltr' id='par_1_63' title="bbox 363 5714 1010 5771">
     <span class='ocr_line' id='line_1_63' title="bbox 363 5714 1010 5771; baseline 0 -11"><span class='ocrx_word' id='word_1_505' title='bbox 363 5714 391 5749; x_wconf 71' lang='grc' dir='ltr'>ιι</span> <span class='ocrx_word' id='word_1_506' title='bbox 426 5714 560 5760; x_wconf 77' lang='lat' dir='ltr'>L&#39;nus</span> <span class='ocrx_word' id='word_1_507' title='bbox 581 5714 705 5767; x_wconf 83' lang='grc' dir='ltr'>ζητῶ</span> <span class='ocrx_word' id='word_1_508' title='bbox 727 5714 889 5759; x_wconf 86' lang='grc' dir='ltr'>λοιπὸν</span> <span class='ocrx_word' id='word_1_509' title='bbox 910 5716 1010 5771; x_wconf 78' lang='grc' dir='ltr'>τήν.</span> 
     </span>
    </p>
   </div>
   <div class='ocr_carea' id='block_1_64' title="bbox 372 5772 859 5828">
    <p class='ocr_par' dir='ltr' id='par_1_64' title="bbox 372 5772 859 5828">
     <span class='ocr_line' id='line_1_64' title="bbox 372 5772 859 5828; baseline -0.002 -9"><span class='ocrx_word' id='word_1_510' title='bbox 372 5782 398 5814; x_wconf 76' lang='lat' dir='ltr'><strong>c</strong></span> <span class='ocrx_word' id='word_1_511' title='bbox 425 5772 559 5819; x_wconf 67' lang='lat' dir='ltr'>idem</span> <span class='ocrx_word' id='word_1_512' title='bbox 579 5773 859 5828; x_wconf 74' lang='grc' dir='ltr'>ὑπονοήσας.</span> 
     </span>
    </p>
   </div>
   <div class='ocr_carea' id='block_1_65' title="bbox 1081 333 2907 395">
    <p class='ocr_par' dir='ltr' id='par_1_65' title="bbox 1081 333 2907 395">
     <span class='ocr_line' id='line_1_65' title="bbox 1081 333 2907 395; baseline -0.003 -2"><span class='ocrx_word' id='word_1_513' title='bbox 1081 340 1136 395; x_wconf 90' lang='lat' dir='ltr'>S.</span> <span class='ocrx_word' id='word_1_514' title='bbox 1172 338 1453 395; x_wconf 63' lang='lat' dir='ltr'>JOANNIS</span> <span class='ocrx_word' id='word_1_515' title='bbox 1489 336 1977 393; x_wconf 70' lang='lat' dir='ltr'>CHIHSOSTOMI</span> <span class='ocrx_word' id='word_1_516' title='bbox 2012 334 2328 393; x_wconf 72' lang='lat' dir='ltr'>ARCIIIEP.</span> <span class='ocrx_word' id='word_1_517' title='bbox 2363 333 2907 392; x_wconf 74' lang='lat' dir='ltr'>CONS&#39;I&#39;ANTINOP.</span> 
     </span>
    </p>
   </div>
   <div class='ocr_carea' id='block_1_66' title="bbox 2072 436 3722 522">
    <p class='ocr_par' dir='ltr' id='par_1_66' title="bbox 2072 436 3722 522">
     <span class='ocr_line' id='line_1_66' title="bbox 2072 436 3722 522; baseline -0.007 -16"><span class='ocrx_word' id='word_1_518' title='bbox 2072 453 2127 507; x_wconf 81' lang='grc' dir='ltr'>δὲ</span> <span class='ocrx_word' id='word_1_519' title='bbox 2162 452 2179 491; x_wconf 69' lang='grc' dir='ltr'><strong>Γ</strong></span> <span class='ocrx_word' id='word_1_520' title='bbox 2215 451 2370 522; x_wconf 79' lang='grc' dir='ltr'>ἔτυχε</span> <span class='ocrx_word' id='word_1_521' title='bbox 2395 452 2493 521; x_wconf 82' lang='grc' dir='ltr'>τῆς</span> <span class='ocrx_word' id='word_1_522' title='bbox 2518 451 2806 521; x_wconf 80' lang='grc' dir='ltr'>αἰτήσεως,</span> <span class='ocrx_word' id='word_1_523' title='bbox 2832 447 2924 501; x_wconf 82' lang='grc' dir='ltr'>καὶ</span> <span class='ocrx_word' id='word_1_524' title='bbox 2949 436 3108 518; x_wconf 80' lang='grc' dir='ltr'>εὗρεν</span> <span class='ocrx_word' id='word_1_525' title='bbox 3139 448 3168 500; x_wconf 91' lang='lat'>6</span> <span class='ocrx_word' id='word_1_526' title='bbox 3199 445 3273 514; x_wconf 86' lang='grc' dir='ltr'>μὴ</span> <span class='ocrx_word' id='word_1_527' title='bbox 3312 443 3722 516; x_wconf 76' lang='grc' dir='ltr'>προσεδόκησεν,</span> 
     </span>
    </p>
   </div>
   <div class='ocr_carea' id='block_1_67' title="bbox 2072 532 3726 608">
    <p class='ocr_par' dir='ltr' id='par_1_67' title="bbox 2072 532 3726 608">
     <span class='ocr_line' id='line_1_67' title="bbox 2072 532 3726 608; baseline -0.004 -17"><span class='ocrx_word' id='word_1_528' title='bbox 2072 540 2132 591; x_wconf 85' lang='grc' dir='ltr'>οὐ</span> <span class='ocrx_word' id='word_1_529' title='bbox 2169 538 2406 603; x_wconf 84' lang='grc' dir='ltr'>πολλὰς,</span> <span class='ocrx_word' id='word_1_530' title='bbox 2459 537 2593 591; x_wconf 88' lang='grc' dir='ltr'>ἀλλά</span> <span class='ocrx_word' id='word_1_531' title='bbox 2648 537 2808 608; x_wconf 88' lang='grc' dir='ltr'>μίαν,</span> <span class='ocrx_word' id='word_1_532' title='bbox 2862 532 3329 601; x_wconf 83' lang='grc' dir='ltr'>ἀνακαλεσάμενος</span> <span class='ocrx_word' id='word_1_533' title='bbox 3383 549 3484 603; x_wconf 88' lang='grc' dir='ltr'>την</span> <span class='ocrx_word' id='word_1_534' title='bbox 3541 532 3726 585; x_wconf 80' lang='grc' dir='ltr'>εαυτοῦ</span> 
     </span>
    </p>
   </div>
   <div class='ocr_carea' id='block_1_68' title="bbox 2074 619 3727 698">
    <p class='ocr_par' dir='ltr' id='par_1_68' title="bbox 2074 619 3727 698">
     <span class='ocr_line' id='line_1_68' title="bbox 2074 619 3727 698; baseline -0.004 -19"><span class='ocrx_word' id='word_1_535' title='bbox 2074 628 2278 698; x_wconf 82' lang='grc' dir='ltr'>φωνὴν,</span> <span class='ocrx_word' id='word_1_536' title='bbox 2306 626 2664 695; x_wconf 74' lang='grc' dir='ltr'>λέγειοΑὕτη</span> <span class='ocrx_word' id='word_1_537' title='bbox 2693 627 2732 694; x_wconf 80' lang='grc' dir='ltr'><em>ἠ</em></span> <span class='ocrx_word' id='word_1_538' title='bbox 2764 625 2927 691; x_wconf 76' lang='grc' dir='ltr'>πύλη</span> <span class='ocrx_word' id='word_1_539' title='bbox 2954 622 3061 675; x_wconf 87' lang='grc' dir='ltr'>τοῦ</span> <span class='ocrx_word' id='word_1_540' title='bbox 3093 619 3338 689; x_wconf 67' lang='grc' dir='ltr'>Κιερίου,</span> <span class='ocrx_word' id='word_1_541' title='bbox 3366 619 3580 673; x_wconf 85' lang='grc' dir='ltr'>δίκαιοι</span> <span class='ocrx_word' id='word_1_542' title='bbox 3611 623 3727 674; x_wconf 88' lang='grc' dir='ltr'>εἰσ-</span> 
     </span>
    </p>
   </div>
   <div class='ocr_carea' id='block_1_69' title="bbox 2073 705 3727 780">
    <p class='ocr_par' dir='ltr' id='par_1_69' title="bbox 2073 705 3727 780">
     <span class='ocr_line' id='line_1_69' title="bbox 2073 705 3727 780; baseline -0.003 -15"><span class='ocrx_word' id='word_1_543' title='bbox 2073 716 2426 768; x_wconf 79' lang='grc' dir='ltr'>ελεύσονται</span> <span class='ocrx_word' id='word_1_544' title='bbox 2461 713 2533 766; x_wconf 81' lang='grc' dir='ltr'>ἐν</span> <span class='ocrx_word' id='word_1_545' title='bbox 2572 711 2745 780; x_wconf 80' lang='grc' dir='ltr'>αὐτῇ.</span> <span class='ocrx_word' id='word_1_546' title='bbox 2798 705 2932 764; x_wconf 80' lang='grc' dir='ltr'>Εἶτα</span> <span class='ocrx_word' id='word_1_547' title='bbox 2962 712 3028 780; x_wconf 85' lang='grc' dir='ltr'>τῇ</span> <span class='ocrx_word' id='word_1_548' title='bbox 3081 708 3390 779; x_wconf 80' lang='grc' dir='ltr'>προφητικῇ</span> <span class='ocrx_word' id='word_1_549' title='bbox 3440 706 3590 776; x_wconf 77' lang='grc' dir='ltr'>ὄψει,</span> <span class='ocrx_word' id='word_1_550' title='bbox 3636 708 3727 760; x_wconf 77' lang='grc' dir='ltr'>καὶ</span> 
     </span>
    </p>
   </div>
   <div class='ocr_carea' id='block_1_70' title="bbox 2071 794 3726 870">
    <p class='ocr_par' dir='ltr' id='par_1_70' title="bbox 2071 794 3726 870">
     <span class='ocr_line' id='line_1_70' title="bbox 2071 794 3726 870; baseline -0.005 -17"><span class='ocrx_word' id='word_1_551' title='bbox 2071 799 2150 870; x_wconf 81' lang='grc' dir='ltr'>τῷ</span> <span class='ocrx_word' id='word_1_552' title='bbox 2194 800 2343 870; x_wconf 83' lang='grc' dir='ltr'>πόθῳ</span> <span class='ocrx_word' id='word_1_553' title='bbox 2379 800 2478 870; x_wconf 84' lang='grc' dir='ltr'>τῆς</span> <span class='ocrx_word' id='word_1_554' title='bbox 2520 797 2697 868; x_wconf 81' lang='grc' dir='ltr'>ψυχῆς</span> <span class='ocrx_word' id='word_1_555' title='bbox 2738 797 2846 849; x_wconf 76' lang='grc' dir='ltr'>ἔσω</span> <span class='ocrx_word' id='word_1_556' title='bbox 2890 794 3197 866; x_wconf 85' lang='grc' dir='ltr'>παρελθὼν,</span> <span class='ocrx_word' id='word_1_557' title='bbox 3232 794 3324 847; x_wconf 74' lang='grc' dir='ltr'>καὶ</span> <span class='ocrx_word' id='word_1_558' title='bbox 3365 794 3554 863; x_wconf 82' lang='grc' dir='ltr'>ὥσπερ</span> <span class='ocrx_word' id='word_1_559' title='bbox 3583 794 3726 857; x_wconf 76' lang='grc' dir='ltr'>ἐντὸς</span> 
     </span>
    </p>
   </div>
   <div class='ocr_carea' id='block_1_71' title="bbox 2078 880 3728 959">
    <p class='ocr_par' dir='ltr' id='par_1_71' title="bbox 2078 880 3728 959">
     <span class='ocr_line' id='line_1_71' title="bbox 2078 880 3728 959; baseline -0.007 -17"><span class='ocrx_word' id='word_1_560' title='bbox 2078 888 2179 942; x_wconf 86' lang='grc' dir='ltr'>τῶν</span> <span class='ocrx_word' id='word_1_561' title='bbox 2224 886 2507 959; x_wconf 85' lang='grc' dir='ltr'>βασιλείων</span> <span class='ocrx_word' id='word_1_562' title='bbox 2543 885 2850 956; x_wconf 82' lang='grc' dir='ltr'>γενόμενος,</span> <span class='ocrx_word' id='word_1_563' title='bbox 2894 880 3438 953; x_wconf 75' lang='grc' dir='ltr'>Ἐξομολογήσομαί</span> <span class='ocrx_word' id='word_1_564' title='bbox 3477 896 3595 957; x_wconf 85' lang='grc' dir='ltr'>σοι,</span> <span class='ocrx_word' id='word_1_565' title='bbox 3629 897 3728 951; x_wconf 88' lang='grc' dir='ltr'>φη-</span> 
     </span>
    </p>
   </div>
   <div class='ocr_carea' id='block_1_72' title="bbox 2074 962 3728 1041">
    <p class='ocr_par' dir='ltr' id='par_1_72' title="bbox 2074 962 3728 1041">
     <span class='ocr_line' id='line_1_72' title="bbox 2074 962 3728 1041; baseline -0.005 -13"><span class='ocrx_word' id='word_1_566' title='bbox 2074 975 2178 1039; x_wconf 61' lang='grc' dir='ltr'>σιν,</span> <span class='ocrx_word' id='word_1_567' title='bbox 2221 973 2311 1028; x_wconf 87' lang='grc' dir='ltr'>ὅτι</span> <span class='ocrx_word' id='word_1_568' title='bbox 2358 969 2708 1036; x_wconf 82' lang='grc' dir='ltr'>ἐπήκουσὰς</span> <span class='ocrx_word' id='word_1_569' title='bbox 2729 988 2868 1041; x_wconf 86' lang='grc' dir='ltr'>μου.</span> <span class='ocrx_word' id='word_1_570' title='bbox 2911 969 3067 1032; x_wconf 84' lang='grc' dir='ltr'>Εἰπὲ,</span> <span class='ocrx_word' id='word_1_571' title='bbox 3099 962 3144 1021; x_wconf 83' lang='grc' dir='ltr'>ὦ</span> <span class='ocrx_word' id='word_1_572' title='bbox 3180 968 3432 1039; x_wconf 80' lang='grc' dir='ltr'>προφῆτα</span> <span class='ocrx_word' id='word_1_573' title='bbox 3480 968 3577 1021; x_wconf 82' lang='grc' dir='ltr'>καὶ</span> <span class='ocrx_word' id='word_1_574' title='bbox 3625 967 3728 1020; x_wconf 84' lang='grc' dir='ltr'>θεο-</span> 
     </span>
    </p>
   </div>
   <div class='ocr_carea' id='block_1_73' title="bbox 2071 1050 3765 1131">
    <p class='ocr_par' dir='ltr' id='par_1_73' title="bbox 2071 1050 3765 1131">
     <span class='ocr_line' id='line_1_73' title="bbox 2071 1050 3765 1131; baseline -0.005 -17"><span class='ocrx_word' id='word_1_575' title='bbox 2071 1061 2217 1130; x_wconf 90' lang='grc' dir='ltr'>λόγε,</span> <span class='ocrx_word' id='word_1_576' title='bbox 2250 1060 2543 1131; x_wconf 80' lang='grc' dir='ltr'>ὲξομολογῇ</span> <span class='ocrx_word' id='word_1_577' title='bbox 2586 1060 2681 1112; x_wconf 78' lang='grc' dir='ltr'>καὶ</span> <span class='ocrx_word' id='word_1_578' title='bbox 2711 1058 3048 1129; x_wconf 81' lang='grc' dir='ltr'>εὐχαριστεῖς</span> <span class='ocrx_word' id='word_1_579' title='bbox 3079 1055 3158 1126; x_wconf 84' lang='grc' dir='ltr'>τῷ</span> <span class='ocrx_word' id='word_1_580' title='bbox 3186 1055 3334 1126; x_wconf 83' lang='grc' dir='ltr'>Θεῷ;</span> <span class='ocrx_word' id='word_1_581' title='bbox 3360 1054 3415 1108; x_wconf 87' lang='grc' dir='ltr'>τί</span> <span class='ocrx_word' id='word_1_582' title='bbox 3461 1054 3609 1118; x_wconf 81' lang='grc' dir='ltr'>ἄξιον</span> <span class='ocrx_word' id='word_1_583' title='bbox 3637 1055 3728 1123; x_wconf 78' lang='grc' dir='ltr'>τῆς</span> <span class='ocrx_word' id='word_1_584' title='bbox 3764 1050 3765 1053; x_wconf 48' lang='grc'><em>“</em></span> 
     </span>
    </p>
   </div>
   <div class='ocr_carea' id='block_1_74' title="bbox 2073 1142 3727 1218">
    <p class='ocr_par' dir='ltr' id='par_1_74' title="bbox 2073 1142 3727 1218">
     <span class='ocr_line' id='line_1_74' title="bbox 2073 1142 3727 1218; baseline -0.004 -17"><span class='ocrx_word' id='word_1_585' title='bbox 2073 1147 2393 1218; x_wconf 85' lang='grc' dir='ltr'>προσδοκίας</span> <span class='ocrx_word' id='word_1_586' title='bbox 2433 1145 2643 1218; x_wconf 82' lang='grc' dir='ltr'>εὐρών;</span> <span class='ocrx_word' id='word_1_587' title='bbox 2673 1146 2736 1200; x_wconf 86' lang='grc' dir='ltr'>Οἰ</span> <span class='ocrx_word' id='word_1_588' title='bbox 2769 1145 2878 1216; x_wconf 78' lang='grc' dir='ltr'>γὰρ</span> <span class='ocrx_word' id='word_1_589' title='bbox 2917 1144 3305 1215; x_wconf 75' lang='grc' dir='ltr'>ἐπιθυμοῦντες</span> <span class='ocrx_word' id='word_1_590' title='bbox 3334 1142 3624 1212; x_wconf 85' lang='grc' dir='ltr'>παρελθεῖν</span> <span class='ocrx_word' id='word_1_591' title='bbox 3654 1145 3727 1203; x_wconf 81' lang='grc' dir='ltr'>είς</span> 
     </span>
    </p>
   </div>
   <div class='ocr_carea' id='block_1_75' title="bbox 2070 1227 3727 1305">
    <p class='ocr_par' dir='ltr' id='par_1_75' title="bbox 2070 1227 3727 1305">
     <span class='ocr_line' id='line_1_75' title="bbox 2070 1227 3727 1305; baseline -0.005 -17"><span class='ocrx_word' id='word_1_592' title='bbox 2070 1232 2217 1289; x_wconf 80' lang='grc' dir='ltr'>οἷκον</span> <span class='ocrx_word' id='word_1_593' title='bbox 2263 1233 2565 1305; x_wconf 83' lang='grc' dir='ltr'>βασιλείας,</span> <span class='ocrx_word' id='word_1_594' title='bbox 2618 1232 2971 1302; x_wconf 87' lang='grc' dir='ltr'>ἀναμένουσιν</span> <span class='ocrx_word' id='word_1_595' title='bbox 3005 1231 3247 1283; x_wconf 81' lang='grc' dir='ltr'>ἑστιᾶσαι</span> <span class='ocrx_word' id='word_1_596' title='bbox 3290 1227 3387 1292; x_wconf 88' lang='grc' dir='ltr'>τάς</span> <span class='ocrx_word' id='word_1_597' title='bbox 3431 1227 3584 1297; x_wconf 75' lang='grc' dir='ltr'>ὄψεις</span> <span class='ocrx_word' id='word_1_598' title='bbox 3620 1231 3727 1291; x_wconf 82' lang='grc' dir='ltr'>τοῖς</span> 
     </span>
    </p>
   </div>
   <div class='ocr_carea' id='block_1_76' title="bbox 2072 1317 3725 1393">
    <p class='ocr_par' dir='ltr' id='par_1_76' title="bbox 2072 1317 3725 1393">
     <span class='ocr_line' id='line_1_76' title="bbox 2072 1317 3725 1393; baseline -0.003 -18"><span class='ocrx_word' id='word_1_599' title='bbox 2072 1321 2435 1393; x_wconf 80' lang='grc' dir='ltr'>φαινομένοις,</span> <span class='ocrx_word' id='word_1_600' title='bbox 2467 1319 2651 1391; x_wconf 80' lang='grc' dir='ltr'>χρυσῷ</span> <span class='ocrx_word' id='word_1_601' title='bbox 2681 1319 2880 1388; x_wconf 84' lang='grc' dir='ltr'>πολλῷ,</span> <span class='ocrx_word' id='word_1_602' title='bbox 2918 1318 3225 1389; x_wconf 86' lang='grc' dir='ltr'>μαρμάροις</span> <span class='ocrx_word' id='word_1_603' title='bbox 3257 1317 3725 1387; x_wconf 83' lang='grc' dir='ltr'>ἀπαστράπτουσι,</span> 
     </span>
    </p>
   </div>
   <div class='ocr_carea' id='block_1_77' title="bbox 2068 1404 3727 1475">
    <p class='ocr_par' dir='ltr' id='par_1_77' title="bbox 2068 1404 3727 1475">
     <span class='ocr_line' id='line_1_77' title="bbox 2068 1404 3727 1475; baseline -0.005 -12"><span class='ocrx_word' id='word_1_604' title='bbox 2068 1413 2179 1473; x_wconf 86' lang='grc' dir='ltr'>τοῖς</span> <span class='ocrx_word' id='word_1_605' title='bbox 2219 1408 2479 1471; x_wconf 85' lang='grc' dir='ltr'>ποικίλοις</span> <span class='ocrx_word' id='word_1_606' title='bbox 2523 1407 2707 1461; x_wconf 78' lang='grc' dir='ltr'>ἄνθεσι</span> <span class='ocrx_word' id='word_1_607' title='bbox 2734 1404 2827 1459; x_wconf 87' lang='grc' dir='ltr'>τοῦ</span> <span class='ocrx_word' id='word_1_608' title='bbox 2865 1405 3094 1458; x_wconf 81' lang='grc' dir='ltr'>πλούτου</span> <span class='ocrx_word' id='word_1_609' title='bbox 3116 1446 3129 1469; x_wconf 94' lang='grc'>,</span> <span class='ocrx_word' id='word_1_610' title='bbox 3163 1406 3229 1474; x_wconf 79' lang='grc' dir='ltr'>τῇ</span> <span class='ocrx_word' id='word_1_611' title='bbox 3275 1404 3574 1475; x_wconf 69' lang='grc' dir='ltr'>δορυφορίᾳ</span> <span class='ocrx_word' id='word_1_612' title='bbox 3611 1405 3675 1474; x_wconf 69' lang='grc' dir='ltr'>τῇ</span> <span class='ocrx_word' id='word_1_613' title='bbox 3704 1405 3727 1443; x_wconf 75' lang='grc'><strong><em>8</em></strong></span> 
     </span>
    </p>
   </div>
   <div class='ocr_carea' id='block_1_78' title="bbox 2072 1489 3729 1568">
    <p class='ocr_par' dir='ltr' id='par_1_78' title="bbox 2072 1489 3729 1568">
     <span class='ocr_line' id='line_1_78' title="bbox 2072 1489 3729 1568; baseline -0.004 -18"><span class='ocrx_word' id='word_1_614' title='bbox 2072 1498 2199 1568; x_wconf 80' lang='grc' dir='ltr'>περὶ</span> <span class='ocrx_word' id='word_1_615' title='bbox 2231 1498 2321 1551; x_wconf 89' lang='grc' dir='ltr'>τὸν</span> <span class='ocrx_word' id='word_1_616' title='bbox 2355 1495 2597 1566; x_wconf 81' lang='grc' dir='ltr'>βασιλέα,</span> <span class='ocrx_word' id='word_1_617' title='bbox 2630 1493 2709 1565; x_wconf 83' lang='grc' dir='ltr'>τῷ</span> <span class='ocrx_word' id='word_1_618' title='bbox 2743 1493 2914 1564; x_wconf 80' lang='grc' dir='ltr'>θρόνῳ</span> <span class='ocrx_word' id='word_1_619' title='bbox 2944 1491 3022 1563; x_wconf 80' lang='grc' dir='ltr'>τῷ</span> <span class='ocrx_word' id='word_1_620' title='bbox 3053 1489 3334 1562; x_wconf 77' lang='grc' dir='ltr'>βασιλικῷ,</span> <span class='ocrx_word' id='word_1_621' title='bbox 3362 1494 3481 1554; x_wconf 89' lang='grc' dir='ltr'>ταῖς</span> <span class='ocrx_word' id='word_1_622' title='bbox 3509 1490 3729 1561; x_wconf 74' lang='grc' dir='ltr'>δωρεαῖς</span> 
     </span>
    </p>
   </div>
   <div class='ocr_carea' id='block_1_79' title="bbox 2050 1581 3729 1658">
    <p class='ocr_par' dir='ltr' id='par_1_79' title="bbox 2050 1581 3729 1658">
     <span class='ocr_line' id='line_1_79' title="bbox 2050 1581 3729 1658; baseline -0.006 -15"><span class='ocrx_word' id='word_1_623' title='bbox 2050 1591 2176 1651; x_wconf 21' lang='grc' dir='ltr'>,τῶν</span> <span class='ocrx_word' id='word_1_624' title='bbox 2207 1588 2497 1658; x_wconf 86' lang='grc' dir='ltr'>βασιλέων·</span> <span class='ocrx_word' id='word_1_625' title='bbox 2529 1585 2702 1640; x_wconf 89' lang='grc' dir='ltr'>ταῦτα</span> <span class='ocrx_word' id='word_1_626' title='bbox 2742 1583 3052 1656; x_wconf 80' lang='grc' dir='ltr'>προσδοκῶν</span> <span class='ocrx_word' id='word_1_627' title='bbox 3079 1583 3305 1645; x_wconf 73' lang='grc' dir='ltr'>ἕκαστος</span> <span class='ocrx_word' id='word_1_628' title='bbox 3337 1581 3483 1646; x_wconf 81' lang='grc' dir='ltr'>ἰδεῖν,</span> <span class='ocrx_word' id='word_1_629' title='bbox 3511 1581 3642 1652; x_wconf 81' lang='grc' dir='ltr'>διψᾷ</span> <span class='ocrx_word' id='word_1_630' title='bbox 3668 1581 3729 1634; x_wconf 72' lang='grc' dir='ltr'>τὰ</span> 
     </span>
    </p>
   </div>
   <div class='ocr_carea' id='block_1_80' title="bbox 2073 1669 3731 1749">
    <p class='ocr_par' dir='ltr' id='par_1_80' title="bbox 2073 1669 3731 1749">
     <span class='ocr_line' id='line_1_80' title="bbox 2073 1669 3731 1749; baseline -0.005 -19"><span class='ocrx_word' id='word_1_631' title='bbox 2073 1677 2333 1749; x_wconf 83' lang='grc' dir='ltr'>βασίλεια.</span> <span class='ocrx_word' id='word_1_632' title='bbox 2373 1674 2633 1744; x_wconf 72' lang='grc' dir='ltr'>καὶπρὸς</span> <span class='ocrx_word' id='word_1_633' title='bbox 2673 1672 2765 1726; x_wconf 91' lang='grc' dir='ltr'>τὸν</span> <span class='ocrx_word' id='word_1_634' title='bbox 2801 1671 2964 1725; x_wconf 87' lang='grc' dir='ltr'>πόθον</span> <span class='ocrx_word' id='word_1_635' title='bbox 2993 1670 3302 1739; x_wconf 81' lang='grc' dir='ltr'>ἐπείγεται·</span> <span class='ocrx_word' id='word_1_636' title='bbox 3341 1670 3404 1723; x_wconf 81' lang='grc' dir='ltr'>σὺ</span> <span class='ocrx_word' id='word_1_637' title='bbox 3443 1669 3501 1722; x_wconf 78' lang='grc' dir='ltr'>δὲ</span> <span class='ocrx_word' id='word_1_638' title='bbox 3539 1669 3593 1722; x_wconf 87' lang='grc' dir='ltr'>τί</span> <span class='ocrx_word' id='word_1_639' title='bbox 3640 1685 3731 1722; x_wconf 70' lang='grc' dir='ltr'>πο.</span> 
     </span>
    </p>
   </div>
   <div class='ocr_carea' id='block_1_81' title="bbox 2071 1757 3730 1834">
    <p class='ocr_par' dir='ltr' id='par_1_81' title="bbox 2071 1757 3730 1834">
     <span class='ocr_line' id='line_1_81' title="bbox 2071 1757 3730 1834; baseline -0.005 -15"><span class='ocrx_word' id='word_1_640' title='bbox 2071 1766 2181 1829; x_wconf 81' lang='grc' dir='ltr'>θείς</span> <span class='ocrx_word' id='word_1_641' title='bbox 2217 1759 2292 1819; x_wconf 85' lang='grc' dir='ltr'>ὧν</span> <span class='ocrx_word' id='word_1_642' title='bbox 2326 1758 2481 1834; x_wconf 75' lang='grc' dir='ltr'>εὗρες</span> <span class='ocrx_word' id='word_1_643' title='bbox 2509 1760 2761 1816; x_wconf 84' lang='grc' dir='ltr'>εἰσελθὼν</span> <span class='ocrx_word' id='word_1_644' title='bbox 2789 1760 2896 1813; x_wconf 74' lang='grc' dir='ltr'>ἔσω</span> <span class='ocrx_word' id='word_1_645' title='bbox 2922 1759 3020 1831; x_wconf 84' lang='grc' dir='ltr'>τῆς</span> <span class='ocrx_word' id='word_1_646' title='bbox 3052 1757 3259 1834; x_wconf 87' lang='grc' dir='ltr'>πύλης;</span> <span class='ocrx_word' id='word_1_647' title='bbox 3292 1757 3433 1829; x_wconf 61' lang='grc' dir='ltr'>ὑπὲρ</span> <span class='ocrx_word' id='word_1_648' title='bbox 3469 1757 3616 1821; x_wconf 88' lang='grc' dir='ltr'>τίνος</span> <span class='ocrx_word' id='word_1_649' title='bbox 3654 1760 3730 1811; x_wconf 83' lang='grc' dir='ltr'>εὐ-</span> 
     </span>
    </p>
   </div>
   <div class='ocr_carea' id='block_1_82' title="bbox 2070 1844 3730 1924">
    <p class='ocr_par' dir='ltr' id='par_1_82' title="bbox 2070 1844 3730 1924">
     <span class='ocr_line' id='line_1_82' title="bbox 2070 1844 3730 1924; baseline -0.006 -17"><span class='ocrx_word' id='word_1_650' title='bbox 2070 1855 2375 1924; x_wconf 87' lang='grc' dir='ltr'>χαριστεῖς;</span> <span class='ocrx_word' id='word_1_651' title='bbox 2406 1852 2458 1903; x_wconf 92' lang='grc' dir='ltr'>τί</span> <span class='ocrx_word' id='word_1_652' title='bbox 2488 1850 2628 1922; x_wconf 86' lang='grc' dir='ltr'>μέγα</span> <span class='ocrx_word' id='word_1_653' title='bbox 2665 1845 3009 1915; x_wconf 82' lang='grc' dir='ltr'>καταλαϐὼν,</span> <span class='ocrx_word' id='word_1_654' title='bbox 3038 1845 3090 1899; x_wconf 92' lang='grc' dir='ltr'>τί</span> <span class='ocrx_word' id='word_1_655' title='bbox 3120 1844 3293 1916; x_wconf 87' lang='grc' dir='ltr'>εὐρὼν</span> <span class='ocrx_word' id='word_1_656' title='bbox 3317 1846 3414 1914; x_wconf 82' lang='grc' dir='ltr'>τῆς</span> <span class='ocrx_word' id='word_1_657' title='bbox 3439 1845 3730 1914; x_wconf 76' lang='grc' dir='ltr'>ἐπιθυμίας</span> 
     </span>
    </p>
   </div>
   <div class='ocr_carea' id='block_1_83' title="bbox 2071 1926 3729 2010">
    <p class='ocr_par' dir='ltr' id='par_1_83' title="bbox 2071 1926 3729 2010">
     <span class='ocr_line' id='line_1_83' title="bbox 2071 1926 3729 2010; baseline -0.007 -15"><span class='ocrx_word' id='word_1_658' title='bbox 2071 1926 2257 2007; x_wconf 55' lang='grc' dir='ltr'>ἀξιονέ</span> <span class='ocrx_word' id='word_1_659' title='bbox 2285 1942 2617 2010; x_wconf 81' lang='grc' dir='ltr'>έρμήνευσον</span> <span class='ocrx_word' id='word_1_660' title='bbox 2656 1934 2748 1989; x_wconf 91' lang='grc' dir='ltr'>τὸν</span> <span class='ocrx_word' id='word_1_661' title='bbox 2797 1933 2981 2002; x_wconf 88' lang='grc' dir='ltr'>πόθον,</span> <span class='ocrx_word' id='word_1_662' title='bbox 3026 1934 3114 1987; x_wconf 82' lang='grc' dir='ltr'>ἵνα</span> <span class='ocrx_word' id='word_1_663' title='bbox 3164 1932 3372 2003; x_wconf 81' lang='grc' dir='ltr'>μήποτε</span> <span class='ocrx_word' id='word_1_664' title='bbox 3402 1934 3435 2002; x_wconf 81' lang='grc' dir='ltr'><strong>ἡ</strong></span> <span class='ocrx_word' id='word_1_665' title='bbox 3472 1933 3729 2003; x_wconf 84' lang='grc' dir='ltr'>Ἰουδαῖκὴ</span> 
     </span>
    </p>
   </div>
   <div class='ocr_carea' id='block_1_84' title="bbox 2070 2013 3730 2098">
    <p class='ocr_par' dir='ltr' id='par_1_84' title="bbox 2070 2013 3730 2098">
     <span class='ocr_line' id='line_1_84' title="bbox 2070 2013 3730 2098; baseline -0.007 -15"><span class='ocrx_word' id='word_1_666' title='bbox 2070 2027 2420 2098; x_wconf 85' lang='grc' dir='ltr'>ἀναισχυντία</span> <span class='ocrx_word' id='word_1_667' title='bbox 2464 2022 2844 2093; x_wconf 78' lang='grc' dir='ltr'>συκοφαντήσῃ</span> <span class='ocrx_word' id='word_1_668' title='bbox 2872 2020 2971 2092; x_wconf 89' lang='grc' dir='ltr'>τὴν</span> <span class='ocrx_word' id='word_1_669' title='bbox 3022 2018 3296 2090; x_wconf 85' lang='grc' dir='ltr'>ἀλήθειαν.</span> <span class='ocrx_word' id='word_1_670' title='bbox 3340 2020 3382 2070; x_wconf 88' lang='grc' dir='ltr'>Τ</span> <span class='ocrx_word' id='word_1_671' title='bbox 3390 2013 3645 2090; x_wconf 73' lang='grc' dir='ltr'>ίεύρεςς</span> <span class='ocrx_word' id='word_1_672' title='bbox 3682 2021 3730 2072; x_wconf 86' lang='grc' dir='ltr'>τί</span> 
     </span>
    </p>
   </div>
   <div class='ocr_carea' id='block_1_85' title="bbox 2070 2101 3732 2188">
    <p class='ocr_par' dir='ltr' id='par_1_85' title="bbox 2070 2101 3732 2188">
     <span class='ocr_line' id='line_1_85' title="bbox 2070 2101 3732 2188; baseline -0.005 -19"><span class='ocrx_word' id='word_1_673' title='bbox 2070 2116 2391 2188; x_wconf 84' lang='grc' dir='ltr'>κηρύττεις;</span> <span class='ocrx_word' id='word_1_674' title='bbox 2420 2114 2472 2166; x_wconf 86' lang='grc' dir='ltr'>τί</span> <span class='ocrx_word' id='word_1_675' title='bbox 2501 2111 2835 2183; x_wconf 75' lang='grc' dir='ltr'>θαυμάζειςς</span> <span class='ocrx_word' id='word_1_676' title='bbox 2879 2108 3132 2181; x_wconf 80' lang='grc' dir='ltr'>Χριστὸν,</span> <span class='ocrx_word' id='word_1_677' title='bbox 3174 2108 3362 2179; x_wconf 74' lang='grc' dir='ltr'>φησὶν,</span> <span class='ocrx_word' id='word_1_678' title='bbox 3392 2101 3571 2176; x_wconf 74' lang='grc' dir='ltr'>εὖρον.</span> <span class='ocrx_word' id='word_1_679' title='bbox 3609 2108 3732 2177; x_wconf 84' lang='grc' dir='ltr'>Χρι-</span> 
     </span>
    </p>
   </div>
   <div class='ocr_carea' id='block_1_86' title="bbox 2074 2192 3731 2272">
    <p class='ocr_par' dir='ltr' id='par_1_86' title="bbox 2074 2192 3731 2272">
     <span class='ocr_line' id='line_1_86' title="bbox 2074 2192 3731 2272; baseline -0.006 -16"><span class='ocrx_word' id='word_1_680' title='bbox 2074 2202 2198 2256; x_wconf 88' lang='grc' dir='ltr'>στοῦ</span> <span class='ocrx_word' id='word_1_681' title='bbox 2247 2201 2345 2272; x_wconf 84' lang='grc' dir='ltr'>τὴν</span> <span class='ocrx_word' id='word_1_682' title='bbox 2373 2198 2683 2269; x_wconf 88' lang='grc' dir='ltr'>οἰκονομίαν</span> <span class='ocrx_word' id='word_1_683' title='bbox 2725 2192 2886 2262; x_wconf 83' lang='grc' dir='ltr'>εἶδον,</span> <span class='ocrx_word' id='word_1_684' title='bbox 2915 2195 3012 2267; x_wconf 87' lang='grc' dir='ltr'>τὴν</span> <span class='ocrx_word' id='word_1_685' title='bbox 3043 2194 3233 2265; x_wconf 87' lang='grc' dir='ltr'>καινὴν</span> <span class='ocrx_word' id='word_1_686' title='bbox 3287 2195 3468 2264; x_wconf 86' lang='grc' dir='ltr'>χάριν,</span> <span class='ocrx_word' id='word_1_687' title='bbox 3502 2194 3604 2261; x_wconf 82' lang='grc' dir='ltr'>τὴν</span> <span class='ocrx_word' id='word_1_688' title='bbox 3651 2194 3731 2259; x_wconf 81' lang='grc' dir='ltr'>ξέ-</span> 
     </span>
    </p>
   </div>
   <div class='ocr_carea' id='block_1_87' title="bbox 2071 2279 3734 2359">
    <p class='ocr_par' dir='ltr' id='par_1_87' title="bbox 2071 2279 3734 2359">
     <span class='ocr_line' id='line_1_87' title="bbox 2071 2279 3734 2359; baseline -0.007 -17"><span class='ocrx_word' id='word_1_689' title='bbox 2071 2305 2168 2359; x_wconf 88' lang='grc' dir='ltr'>νην</span> <span class='ocrx_word' id='word_1_690' title='bbox 2232 2286 2570 2359; x_wconf 87' lang='grc' dir='ltr'>εὐεργεσίαν,</span> <span class='ocrx_word' id='word_1_691' title='bbox 2617 2284 2679 2337; x_wconf 89' lang='grc' dir='ltr'>τὸ</span> <span class='ocrx_word' id='word_1_692' title='bbox 2739 2280 2946 2346; x_wconf 73' lang='grc' dir='ltr'>ἔνδοξον</span> <span class='ocrx_word' id='word_1_693' title='bbox 3014 2279 3217 2345; x_wconf 89' lang='grc' dir='ltr'>πάθος,</span> <span class='ocrx_word' id='word_1_694' title='bbox 3270 2280 3370 2349; x_wconf 88' lang='grc' dir='ltr'>τὴν</span> <span class='ocrx_word' id='word_1_695' title='bbox 3426 2279 3734 2352; x_wconf 72' lang='grc' dir='ltr'>ἀπόρρητον</span> 
     </span>
    </p>
   </div>
   <div class='ocr_carea' id='block_1_88' title="bbox 2073 2364 3735 2444">
    <p class='ocr_par' dir='ltr' id='par_1_88' title="bbox 2073 2364 3735 2444">
     <span class='ocr_line' id='line_1_88' title="bbox 2073 2364 3735 2444; baseline -0.005 -17"><span class='ocrx_word' id='word_1_696' title='bbox 2073 2372 2496 2444; x_wconf 79' lang='grc' dir='ltr'>μυσταγωγίαν·</span> <span class='ocrx_word' id='word_1_697' title='bbox 2553 2370 2726 2424; x_wconf 87' lang='grc' dir='ltr'>ταῦτα</span> <span class='ocrx_word' id='word_1_698' title='bbox 2768 2369 2979 2438; x_wconf 83' lang='grc' dir='ltr'>βλέπω,</span> <span class='ocrx_word' id='word_1_699' title='bbox 3025 2366 3197 2420; x_wconf 88' lang='grc' dir='ltr'>ταῦτα</span> <span class='ocrx_word' id='word_1_700' title='bbox 3246 2364 3542 2435; x_wconf 77' lang='grc' dir='ltr'>θαυμάζω,</span> <span class='ocrx_word' id='word_1_701' title='bbox 3594 2368 3735 2437; x_wconf 79' lang='grc' dir='ltr'>ὑπὲρ</span> 
     </span>
    </p>
   </div>
   <div class='ocr_carea' id='block_1_89' title="bbox 2070 2453 3735 2531">
    <p class='ocr_par' dir='ltr' id='par_1_89' title="bbox 2070 2453 3735 2531">
     <span class='ocr_line' id='line_1_89' title="bbox 2070 2453 3735 2531; baseline -0.004 -18"><span class='ocrx_word' id='word_1_702' title='bbox 2070 2458 2270 2513; x_wconf 87' lang='grc' dir='ltr'>τούτων</span> <span class='ocrx_word' id='word_1_703' title='bbox 2297 2457 2632 2531; x_wconf 82' lang='grc' dir='ltr'>εὐχαριστῶν</span> <span class='ocrx_word' id='word_1_704' title='bbox 2667 2457 2836 2525; x_wconf 81' lang='grc' dir='ltr'>λέγω·</span> <span class='ocrx_word' id='word_1_705' title='bbox 2881 2453 3431 2524; x_wconf 76' lang='grc' dir='ltr'>Ἐξομολοτήσομαί</span> <span class='ocrx_word' id='word_1_706' title='bbox 3477 2468 3599 2519; x_wconf 89' lang='grc' dir='ltr'>σοι,</span> <span class='ocrx_word' id='word_1_707' title='bbox 3651 2455 3735 2507; x_wconf 81' lang='grc' dir='ltr'>ὅτι</span> 
     </span>
    </p>
   </div>
   <div class='ocr_carea' id='block_1_90' title="bbox 2069 2542 3734 2615">
    <p class='ocr_par' dir='ltr' id='par_1_90' title="bbox 2069 2542 3734 2615">
     <span class='ocr_line' id='line_1_90' title="bbox 2069 2542 3734 2615; baseline -0.004 -14"><span class='ocrx_word' id='word_1_708' title='bbox 2069 2545 2417 2613; x_wconf 79' lang='grc' dir='ltr'>ἐπήκουσάς</span> <span class='ocrx_word' id='word_1_709' title='bbox 2458 2564 2599 2615; x_wconf 85' lang='grc' dir='ltr'>μου,</span> <span class='ocrx_word' id='word_1_710' title='bbox 2652 2544 2751 2598; x_wconf 81' lang='grc' dir='ltr'>καὶ</span> <span class='ocrx_word' id='word_1_711' title='bbox 2790 2542 3002 2612; x_wconf 77' lang='grc' dir='ltr'>ἐγένου</span> <span class='ocrx_word' id='word_1_712' title='bbox 3033 2559 3135 2611; x_wconf 85' lang='grc' dir='ltr'>μοι</span> <span class='ocrx_word' id='word_1_713' title='bbox 3171 2544 3259 2607; x_wconf 82' lang='grc' dir='ltr'>είς</span> <span class='ocrx_word' id='word_1_714' title='bbox 3300 2542 3623 2608; x_wconf 83' lang='grc' dir='ltr'>σωτηρίαν.</span> <span class='ocrx_word' id='word_1_715' title='bbox 3660 2543 3734 2594; x_wconf 82' lang='grc' dir='ltr'>Οὐ</span> 
     </span>
    </p>
   </div>
   <div class='ocr_carea' id='block_1_91' title="bbox 2070 2626 3734 2703">
    <p class='ocr_par' dir='ltr' id='par_1_91' title="bbox 2070 2626 3734 2703">
     <span class='ocr_line' id='line_1_91' title="bbox 2070 2626 3734 2703; baseline -0.005 -18"><span class='ocrx_word' id='word_1_716' title='bbox 2070 2631 2296 2703; x_wconf 88' lang='grc' dir='ltr'>κρύπτω</span> <span class='ocrx_word' id='word_1_717' title='bbox 2331 2630 2429 2703; x_wconf 87' lang='grc' dir='ltr'>τὴν</span> <span class='ocrx_word' id='word_1_718' title='bbox 2461 2630 2797 2701; x_wconf 88' lang='grc' dir='ltr'>εὐεργεσίαν,</span> <span class='ocrx_word' id='word_1_719' title='bbox 2831 2628 2891 2680; x_wconf 88' lang='grc' dir='ltr'>οὐ</span> <span class='ocrx_word' id='word_1_720' title='bbox 2928 2626 3259 2697; x_wconf 88' lang='grc' dir='ltr'>ταμιεύομαι</span> <span class='ocrx_word' id='word_1_721' title='bbox 3296 2626 3397 2698; x_wconf 85' lang='grc' dir='ltr'>τὴν</span> <span class='ocrx_word' id='word_1_722' title='bbox 3439 2626 3734 2697; x_wconf 82' lang='grc' dir='ltr'>σωτηρίαν,</span> 
     </span>
    </p>
   </div>
   <div class='ocr_carea' id='block_1_92' title="bbox 2070 2713 3735 2788">
    <p class='ocr_par' dir='ltr' id='par_1_92' title="bbox 2070 2713 3735 2788">
     <span class='ocr_line' id='line_1_92' title="bbox 2070 2713 3735 2788; baseline -0.003 -16"><span class='ocrx_word' id='word_1_723' title='bbox 2070 2719 2183 2773; x_wconf 91' lang='grc' dir='ltr'>ἀλλ’</span> <span class='ocrx_word' id='word_1_724' title='bbox 2223 2718 2640 2788; x_wconf 78' lang='grc' dir='ltr'>εὐαγγελίζομαι</span> <span class='ocrx_word' id='word_1_725' title='bbox 2683 2715 2779 2786; x_wconf 86' lang='grc' dir='ltr'>τὴν</span> <span class='ocrx_word' id='word_1_726' title='bbox 2820 2715 3149 2784; x_wconf 80' lang='grc' dir='ltr'>οἰκονομίαν.</span> <span class='ocrx_word' id='word_1_727' title='bbox 3187 2714 3371 2767; x_wconf 86' lang='grc' dir='ltr'>Λίθον</span> <span class='ocrx_word' id='word_1_728' title='bbox 3415 2713 3488 2765; x_wconf 79' lang='grc' dir='ltr'>ὃν</span> <span class='ocrx_word' id='word_1_729' title='bbox 3524 2713 3735 2767; x_wconf 75' lang='grc' dir='ltr'>ἀπεδο-</span> 
     </span>
    </p>
   </div>
   <div class='ocr_carea' id='block_1_93' title="bbox 2071 2798 3739 2878">
    <p class='ocr_par' dir='ltr' id='par_1_93' title="bbox 2071 2798 3739 2878">
     <span class='ocr_line' id='line_1_93' title="bbox 2071 2798 3739 2878; baseline -0.007 -16"><span class='ocrx_word' id='word_1_730' title='bbox 2071 2809 2338 2878; x_wconf 78' lang='grc' dir='ltr'>κίμασαν</span> <span class='ocrx_word' id='word_1_731' title='bbox 2374 2808 2429 2860; x_wconf 85' lang='grc' dir='ltr'>οἱ</span> <span class='ocrx_word' id='word_1_732' title='bbox 2468 2805 2944 2873; x_wconf 71' lang='grc' dir='ltr'>οἰκοδομοῦντες,</span> <span class='ocrx_word' id='word_1_733' title='bbox 2986 2798 3163 2867; x_wconf 84' lang='grc' dir='ltr'>οὗτος</span> <span class='ocrx_word' id='word_1_734' title='bbox 3215 2800 3472 2870; x_wconf 72' lang='grc' dir='ltr'>ἐγενήθη</span> <span class='ocrx_word' id='word_1_735' title='bbox 3520 2803 3608 2865; x_wconf 79' lang='grc' dir='ltr'>εἰς</span> <span class='ocrx_word' id='word_1_736' title='bbox 3646 2817 3739 2852; x_wconf 83' lang='grc' dir='ltr'>κε-</span> 
     </span>
    </p>
   </div>
   <div class='ocr_carea' id='block_1_94' title="bbox 2070 2888 3737 2967">
    <p class='ocr_par' dir='ltr' id='par_1_94' title="bbox 2070 2888 3737 2967">
     <span class='ocr_line' id='line_1_94' title="bbox 2070 2888 3737 2967; baseline -0.007 -16"><span class='ocrx_word' id='word_1_737' title='bbox 2070 2895 2278 2967; x_wconf 65' lang='grc' dir='ltr'>φαλὴν</span> <span class='ocrx_word' id='word_1_738' title='bbox 2308 2895 2542 2965; x_wconf 76' lang='grc' dir='ltr'>γωνίας.</span> <span class='ocrx_word' id='word_1_739' title='bbox 2581 2893 2745 2963; x_wconf 83' lang='grc' dir='ltr'>ὐρᾷς</span> <span class='ocrx_word' id='word_1_740' title='bbox 2771 2891 2918 2953; x_wconf 82' lang='grc' dir='ltr'>ὅπως</span> <span class='ocrx_word' id='word_1_741' title='bbox 2946 2891 2980 2960; x_wconf 82' lang='grc' dir='ltr'><strong>ἡ</strong></span> <span class='ocrx_word' id='word_1_742' title='bbox 3014 2889 3332 2961; x_wconf 83' lang='grc' dir='ltr'>εὐχαριστία</span> <span class='ocrx_word' id='word_1_743' title='bbox 3369 2888 3468 2958; x_wconf 83' lang='grc' dir='ltr'>τὴν</span> <span class='ocrx_word' id='word_1_744' title='bbox 3498 2889 3737 2959; x_wconf 85' lang='grc' dir='ltr'>ἱστορίαν</span> 
     </span>
    </p>
   </div>
   <div class='ocr_carea' id='block_1_95' title="bbox 2012 2974 3739 3055">
    <p class='ocr_par' dir='ltr' id='par_1_95' title="bbox 2012 2974 3739 3055">
     <span class='ocr_line' id='line_1_95' title="bbox 2012 2974 3739 3055; baseline -0.008 -15"><span class='ocrx_word' id='word_1_745' title='bbox 2012 2986 2015 2991; x_wconf 70' lang='grc'><strong>”</strong></span> <span class='ocrx_word' id='word_1_746' title='bbox 2070 2983 2416 3055; x_wconf 82' lang='grc' dir='ltr'>ὲγύμνωσεν;</span> <span class='ocrx_word' id='word_1_747' title='bbox 2466 2976 3010 3049; x_wconf 77' lang='grc' dir='ltr'>Ἐξομολογήσομαί</span> <span class='ocrx_word' id='word_1_748' title='bbox 3055 2990 3186 3041; x_wconf 92' lang='grc' dir='ltr'>σοι,</span> <span class='ocrx_word' id='word_1_749' title='bbox 3240 2974 3331 3029; x_wconf 85' lang='grc' dir='ltr'>ὅτι</span> <span class='ocrx_word' id='word_1_750' title='bbox 3382 2975 3739 3043; x_wconf 78' lang='grc' dir='ltr'>ἐπήκουσύς</span> 
     </span>
    </p>
   </div>
   <div class='ocr_carea' id='block_1_96' title="bbox 2064 3060 3736 3140">
    <p class='ocr_par' dir='ltr' id='par_1_96' title="bbox 2064 3060 3736 3140">
     <span class='ocr_line' id='line_1_96' title="bbox 2064 3060 3736 3140; baseline -0.006 -15"><span class='ocrx_word' id='word_1_751' title='bbox 2064 3088 2184 3140; x_wconf 81' lang='grc' dir='ltr'>μου</span> <span class='ocrx_word' id='word_1_752' title='bbox 2217 3068 2317 3124; x_wconf 82' lang='grc' dir='ltr'>καί</span> <span class='ocrx_word' id='word_1_753' title='bbox 2352 3066 2562 3137; x_wconf 76' lang='grc' dir='ltr'>ἐγένου</span> <span class='ocrx_word' id='word_1_754' title='bbox 2601 3084 2701 3135; x_wconf 85' lang='grc' dir='ltr'>μοι</span> <span class='ocrx_word' id='word_1_755' title='bbox 2731 3068 2812 3131; x_wconf 84' lang='grc' dir='ltr'>είς</span> <span class='ocrx_word' id='word_1_756' title='bbox 2863 3063 3184 3132; x_wconf 84' lang='grc' dir='ltr'>σωτηρίαν.</span> <span class='ocrx_word' id='word_1_757' title='bbox 3221 3064 3403 3116; x_wconf 90' lang='grc' dir='ltr'>Λίθον</span> <span class='ocrx_word' id='word_1_758' title='bbox 3426 3061 3500 3114; x_wconf 81' lang='grc' dir='ltr'>ὃν</span> <span class='ocrx_word' id='word_1_759' title='bbox 3527 3060 3736 3115; x_wconf 75' lang='grc' dir='ltr'>ἀπεδο-</span> 
     </span>
    </p>
   </div>
   <div class='ocr_carea' id='block_1_97' title="bbox 2070 3147 3733 3226">
    <p class='ocr_par' dir='ltr' id='par_1_97' title="bbox 2070 3147 3733 3226">
     <span class='ocr_line' id='line_1_97' title="bbox 2070 3147 3733 3226; baseline -0.007 -16"><span class='ocrx_word' id='word_1_760' title='bbox 2070 3157 2335 3226; x_wconf 81' lang='grc' dir='ltr'>κίμασαν</span> <span class='ocrx_word' id='word_1_761' title='bbox 2376 3157 2430 3208; x_wconf 88' lang='grc' dir='ltr'>οί</span> <span class='ocrx_word' id='word_1_762' title='bbox 2468 3151 2951 3221; x_wconf 75' lang='grc' dir='ltr'>οἰκοδομοῦντες,</span> <span class='ocrx_word' id='word_1_763' title='bbox 3001 3147 3182 3215; x_wconf 88' lang='grc' dir='ltr'>οὗτος</span> <span class='ocrx_word' id='word_1_764' title='bbox 3211 3149 3458 3218; x_wconf 72' lang='grc' dir='ltr'>ἐγενήθη</span> <span class='ocrx_word' id='word_1_765' title='bbox 3503 3151 3592 3226; x_wconf 83' lang='grc' dir='ltr'>είς</span> <span class='ocrx_word' id='word_1_766' title='bbox 3635 3165 3733 3200; x_wconf 63' lang='grc' dir='ltr'>κει</span> 
     </span>
    </p>
   </div>
   <div class='ocr_carea' id='block_1_98' title="bbox 2024 3232 3736 3312">
    <p class='ocr_par' dir='ltr' id='par_1_98' title="bbox 2024 3232 3736 3312">
     <span class='ocr_line' id='line_1_98' title="bbox 2024 3232 3736 3312; baseline -0.008 -14"><span class='ocrx_word' id='word_1_767' title='bbox 2024 3234 2036 3246; x_wconf 80' lang='grc'><em>’</em></span> <span class='ocrx_word' id='word_1_768' title='bbox 2070 3242 2277 3312; x_wconf 73' lang='grc' dir='ltr'>φαλὴν</span> <span class='ocrx_word' id='word_1_769' title='bbox 2318 3243 2552 3311; x_wconf 72' lang='grc' dir='ltr'>γωνίας.</span> <span class='ocrx_word' id='word_1_770' title='bbox 2594 3240 2753 3310; x_wconf 72' lang='grc' dir='ltr'>Ὁρᾷς</span> <span class='ocrx_word' id='word_1_771' title='bbox 2801 3239 2947 3300; x_wconf 83' lang='grc' dir='ltr'>ὅπως</span> <span class='ocrx_word' id='word_1_772' title='bbox 2990 3238 3176 3291; x_wconf 83' lang='grc' dir='ltr'>ἀπασα</span> <span class='ocrx_word' id='word_1_773' title='bbox 3220 3236 3329 3290; x_wconf 88' lang='grc' dir='ltr'>τῶν</span> <span class='ocrx_word' id='word_1_774' title='bbox 3359 3232 3652 3307; x_wconf 83' lang='grc' dir='ltr'>προφητῶν</span> <span class='ocrx_word' id='word_1_775' title='bbox 3697 3236 3736 3303; x_wconf 79' lang='grc' dir='ltr'><strong>ἡ</strong></span> 
     </span>
    </p>
   </div>
   <div class='ocr_carea' id='block_1_99' title="bbox 2070 3321 3741 3399">
    <p class='ocr_par' dir='ltr' id='par_1_99' title="bbox 2070 3321 3741 3399">
     <span class='ocr_line' id='line_1_99' title="bbox 2070 3321 3741 3399; baseline -0.006 -17"><span class='ocrx_word' id='word_1_776' title='bbox 2070 3327 2363 3399; x_wconf 88' lang='grc' dir='ltr'>προσδοκία</span> <span class='ocrx_word' id='word_1_777' title='bbox 2394 3326 2529 3397; x_wconf 89' lang='grc' dir='ltr'>πρὸς</span> <span class='ocrx_word' id='word_1_778' title='bbox 2560 3326 2728 3396; x_wconf 87' lang='grc' dir='ltr'>αὐτὴν</span> <span class='ocrx_word' id='word_1_779' title='bbox 2755 3324 2948 3377; x_wconf 79' lang='grc' dir='ltr'>ἕϐλεπε</span> <span class='ocrx_word' id='word_1_780' title='bbox 2976 3323 3074 3395; x_wconf 89' lang='grc' dir='ltr'>τὴν</span> <span class='ocrx_word' id='word_1_781' title='bbox 3102 3323 3433 3393; x_wconf 87' lang='grc' dir='ltr'>οἰκονομίαν,</span> <span class='ocrx_word' id='word_1_782' title='bbox 3469 3322 3564 3375; x_wconf 70' lang='grc' dir='ltr'>καὶ</span> <span class='ocrx_word' id='word_1_783' title='bbox 3603 3321 3741 3392; x_wconf 64' lang='lat' dir='ltr'><strong>X9:-</strong></span> 
     </span>
    </p>
   </div>
   <div class='ocr_carea' id='block_1_100' title="bbox 2073 3407 3743 3483">
    <p class='ocr_par' dir='ltr' id='par_1_100' title="bbox 2073 3407 3743 3483">
     <span class='ocr_line' id='line_1_100' title="bbox 2073 3407 3743 3483; baseline -0.005 -14"><span class='ocrx_word' id='word_1_784' title='bbox 2073 3415 2197 3469; x_wconf 83' lang='grc' dir='ltr'>στὸν</span> <span class='ocrx_word' id='word_1_785' title='bbox 2234 3414 2417 3467; x_wconf 75' lang='grc' dir='ltr'>ἐπόθει</span> <span class='ocrx_word' id='word_1_786' title='bbox 2454 3414 2545 3466; x_wconf 83' lang='grc' dir='ltr'>τὸν</span> <span class='ocrx_word' id='word_1_787' title='bbox 2587 3414 2645 3465; x_wconf 81' lang='grc' dir='ltr'>έν</span> <span class='ocrx_word' id='word_1_788' title='bbox 2676 3414 2741 3483; x_wconf 81' lang='grc' dir='ltr'>τῇ</span> <span class='ocrx_word' id='word_1_789' title='bbox 2788 3413 3076 3482; x_wconf 85' lang='grc' dir='ltr'>συναγωγῇ</span> <span class='ocrx_word' id='word_1_790' title='bbox 3112 3409 3551 3480; x_wconf 80' lang='grc' dir='ltr'>ὲξουθενημένον,</span> <span class='ocrx_word' id='word_1_791' title='bbox 3594 3409 3657 3460; x_wconf 82' lang='grc' dir='ltr'>ὲν</span> <span class='ocrx_word' id='word_1_792' title='bbox 3687 3407 3743 3460; x_wconf 67' lang='grc' dir='ltr'>δὲ</span> 
     </span>
    </p>
   </div>
   <div class='ocr_carea' id='block_1_101' title="bbox 2070 3494 3744 3568">
    <p class='ocr_par' dir='ltr' id='par_1_101' title="bbox 2070 3494 3744 3568">
     <span class='ocr_line' id='line_1_101' title="bbox 2070 3494 3744 3568; baseline -0.004 -14"><span class='ocrx_word' id='word_1_793' title='bbox 2070 3504 2182 3565; x_wconf 87' lang='grc' dir='ltr'>τοῖς</span> <span class='ocrx_word' id='word_1_794' title='bbox 2212 3500 2388 3553; x_wconf 81' lang='grc' dir='ltr'>ἔθνεσι</span> <span class='ocrx_word' id='word_1_795' title='bbox 2416 3498 2786 3568; x_wconf 78' lang='grc' dir='ltr'>δοξαζόμενον.</span> <span class='ocrx_word' id='word_1_796' title='bbox 2815 3497 3023 3551; x_wconf 81' lang='grc' dir='ltr'>υύκοῦν</span> <span class='ocrx_word' id='word_1_797' title='bbox 3053 3498 3140 3550; x_wconf 85' lang='grc' dir='ltr'>ῐνα</span> <span class='ocrx_word' id='word_1_798' title='bbox 3177 3499 3257 3562; x_wconf 88' lang='grc' dir='ltr'>εἰς</span> <span class='ocrx_word' id='word_1_799' title='bbox 3290 3497 3350 3548; x_wconf 89' lang='grc' dir='ltr'>τὸ</span> <span class='ocrx_word' id='word_1_800' title='bbox 3383 3494 3744 3566; x_wconf 87' lang='grc' dir='ltr'>προκείμενον</span> 
     </span>
    </p>
   </div>
   <div class='ocr_carea' id='block_1_102' title="bbox 2072 3584 3744 3659">
    <p class='ocr_par' dir='ltr' id='par_1_102' title="bbox 2072 3584 3744 3659">
     <span class='ocr_line' id='line_1_102' title="bbox 2072 3584 3744 3659; baseline -0.007 -14"><span class='ocrx_word' id='word_1_801' title='bbox 2072 3589 2474 3659; x_wconf 79' lang='grc' dir='ltr'>ἐπανέλθωμεν,</span> <span class='ocrx_word' id='word_1_802' title='bbox 2505 3588 2606 3641; x_wconf 78' lang='grc' dir='ltr'>κᾶν</span> <span class='ocrx_word' id='word_1_803' title='bbox 2632 3586 2730 3659; x_wconf 89' lang='grc' dir='ltr'>τὴν</span> <span class='ocrx_word' id='word_1_804' title='bbox 2774 3586 2946 3657; x_wconf 89' lang='grc' dir='ltr'>πύλην</span> <span class='ocrx_word' id='word_1_805' title='bbox 2980 3586 3221 3658; x_wconf 82' lang='grc' dir='ltr'>ζητήσῃς</span> <span class='ocrx_word' id='word_1_806' title='bbox 3242 3623 3258 3647; x_wconf 92' lang='grc'>,</span> <span class='ocrx_word' id='word_1_807' title='bbox 3304 3584 3542 3655; x_wconf 88' lang='grc' dir='ltr'>Χριστὸν</span> <span class='ocrx_word' id='word_1_808' title='bbox 3581 3584 3744 3654; x_wconf 79' lang='grc' dir='ltr'>εὑρή-</span> 
     </span>
    </p>
   </div>
   <div class='ocr_carea' id='block_1_103' title="bbox 2075 3670 3741 3745">
    <p class='ocr_par' dir='ltr' id='par_1_103' title="bbox 2075 3670 3741 3745">
     <span class='ocr_line' id='line_1_103' title="bbox 2075 3670 3741 3745; baseline -0.006 -15"><span class='ocrx_word' id='word_1_809' title='bbox 2075 3694 2207 3739; x_wconf 89' lang='grc' dir='ltr'>σεις.</span> <span class='ocrx_word' id='word_1_810' title='bbox 2258 3677 2367 3730; x_wconf 78' lang='grc' dir='ltr'>Καὶ</span> <span class='ocrx_word' id='word_1_811' title='bbox 2414 3675 2538 3740; x_wconf 76' lang='grc' dir='ltr'>ναὶ,</span> <span class='ocrx_word' id='word_1_812' title='bbox 2579 3675 2745 3745; x_wconf 73' lang='grc' dir='ltr'>φησὶ,</span> <span class='ocrx_word' id='word_1_813' title='bbox 2799 3672 2939 3744; x_wconf 89' lang='grc' dir='ltr'>θύρα</span> <span class='ocrx_word' id='word_1_814' title='bbox 2985 3673 3073 3725; x_wconf 72' lang='grc' dir='ltr'>διὰ</span> <span class='ocrx_word' id='word_1_815' title='bbox 3127 3670 3563 3741; x_wconf 82' lang='grc' dir='ltr'>φιλανθρωπίαν.</span> <span class='ocrx_word' id='word_1_816' title='bbox 3603 3670 3741 3723; x_wconf 80' lang='grc' dir='ltr'>Ἀλλ’</span> 
     </span>
    </p>
   </div>
   <div class='ocr_carea' id='block_1_104' title="bbox 2073 3757 3742 3833">
    <p class='ocr_par' dir='ltr' id='par_1_104' title="bbox 2073 3757 3742 3833">
     <span class='ocr_line' id='line_1_104' title="bbox 2073 3757 3742 3833; baseline -0.005 -17"><span class='ocrx_word' id='word_1_817' title='bbox 2073 3762 2259 3833; x_wconf 78' lang='grc' dir='ltr'>ἐπειδὴ</span> <span class='ocrx_word' id='word_1_818' title='bbox 2305 3761 2385 3814; x_wconf 86' lang='grc' dir='ltr'>δεῖ</span> <span class='ocrx_word' id='word_1_819' title='bbox 2425 3760 2642 3824; x_wconf 89' lang='grc' dir='ltr'>πάντως</span> <span class='ocrx_word' id='word_1_820' title='bbox 2686 3759 2765 3830; x_wconf 83' lang='grc' dir='ltr'>τῷ</span> <span class='ocrx_word' id='word_1_821' title='bbox 2806 3759 3146 3812; x_wconf 71' lang='grc' dir='ltr'>εἰσελθόντιιι</span> <span class='ocrx_word' id='word_1_822' title='bbox 3190 3760 3269 3820; x_wconf 89' lang='grc' dir='ltr'>εἰς</span> <span class='ocrx_word' id='word_1_823' title='bbox 3320 3757 3602 3827; x_wconf 86' lang='grc' dir='ltr'>βασιλείαν</span> <span class='ocrx_word' id='word_1_824' title='bbox 3652 3757 3742 3809; x_wconf 75' lang='grc' dir='ltr'>καὶ</span> 
     </span>
    </p>
   </div>
   <div class='ocr_carea' id='block_1_105' title="bbox 2074 3844 3744 3918">
    <p class='ocr_par' dir='ltr' id='par_1_105' title="bbox 2074 3844 3744 3918">
     <span class='ocr_line' id='line_1_105' title="bbox 2074 3844 3744 3918; baseline -0.005 -15"><span class='ocrx_word' id='word_1_825' title='bbox 2074 3851 2197 3903; x_wconf 87' lang='grc' dir='ltr'>ναὸν</span> <span class='ocrx_word' id='word_1_826' title='bbox 2225 3848 2357 3902; x_wconf 84' lang='grc' dir='ltr'>Θεοῦ</span> <span class='ocrx_word' id='word_1_827' title='bbox 2389 3848 2529 3918; x_wconf 77' lang='grc' dir='ltr'>ἔχειν</span> <span class='ocrx_word' id='word_1_828' title='bbox 2558 3847 2647 3899; x_wconf 82' lang='grc' dir='ltr'>τὸν</span> <span class='ocrx_word' id='word_1_829' title='bbox 2675 3846 2970 3916; x_wconf 86' lang='grc' dir='ltr'>ὀδηγοῦντα</span> <span class='ocrx_word' id='word_1_830' title='bbox 3010 3846 3146 3916; x_wconf 86' lang='grc' dir='ltr'>πρὸς</span> <span class='ocrx_word' id='word_1_831' title='bbox 3175 3846 3273 3917; x_wconf 80' lang='grc' dir='ltr'>τὴν</span> <span class='ocrx_word' id='word_1_832' title='bbox 3303 3845 3608 3914; x_wconf 78' lang='grc' dir='ltr'>ἐπιθυμίαν</span> <span class='ocrx_word' id='word_1_833' title='bbox 3643 3844 3744 3913; x_wconf 70' lang='lat'>(0&#39;3-</span> 
     </span>
    </p>
   </div>
   <div class='ocr_carea' id='block_1_106' title="bbox 2073 3930 3741 4008">
    <p class='ocr_par' dir='ltr' id='par_1_106' title="bbox 2073 3930 3741 4008">
     <span class='ocr_line' id='line_1_106' title="bbox 2073 3930 3741 4008; baseline -0.007 -18"><span class='ocrx_word' id='word_1_834' title='bbox 2073 3937 2182 4002; x_wconf 76' lang='grc' dir='ltr'>δεὶς</span> <span class='ocrx_word' id='word_1_835' title='bbox 2202 3936 2319 4008; x_wconf 82' lang='grc' dir='ltr'>γὰρ</span> <span class='ocrx_word' id='word_1_836' title='bbox 2339 3937 2457 3989; x_wconf 79' lang='grc' dir='ltr'>καθ’</span> <span class='ocrx_word' id='word_1_837' title='bbox 2478 3935 2669 3988; x_wconf 78' lang='grc' dir='ltr'>ἑαυτὸν</span> <span class='ocrx_word' id='word_1_838' title='bbox 2697 3933 3038 4004; x_wconf 80' lang='grc' dir='ltr'>παραστῆναι</span> <span class='ocrx_word' id='word_1_839' title='bbox 3060 3933 3233 4002; x_wconf 78' lang='grc' dir='ltr'>τολμᾷ</span> <span class='ocrx_word' id='word_1_840' title='bbox 3253 3931 3330 4001; x_wconf 80' lang='grc' dir='ltr'>τῷ</span> <span class='ocrx_word' id='word_1_841' title='bbox 3348 3930 3741 4001; x_wconf 78' lang='grc' dir='ltr'>θυσιαστηρίῳ,</span> 
     </span>
    </p>
   </div>
   <div class='ocr_carea' id='block_1_107' title="bbox 2079 4018 3743 4096">
    <p class='ocr_par' dir='ltr' id='par_1_107' title="bbox 2079 4018 3743 4096">
     <span class='ocr_line' id='line_1_107' title="bbox 2079 4018 3743 4096; baseline -0.005 -18"><span class='ocrx_word' id='word_1_842' title='bbox 2079 4027 2152 4096; x_wconf 88' lang='grc' dir='ltr'>μὴ</span> <span class='ocrx_word' id='word_1_843' title='bbox 2194 4026 2330 4094; x_wconf 74' lang='grc' dir='ltr'>ἔχων</span> <span class='ocrx_word' id='word_1_844' title='bbox 2357 4023 2450 4077; x_wconf 88' lang='grc' dir='ltr'>τὸν</span> <span class='ocrx_word' id='word_1_845' title='bbox 2493 4021 2890 4093; x_wconf 84' lang='grc' dir='ltr'>ἱερατεύοντα)·</span> <span class='ocrx_word' id='word_1_846' title='bbox 2929 4022 3055 4073; x_wconf 77' lang='grc' dir='ltr'>όταν</span> <span class='ocrx_word' id='word_1_847' title='bbox 3082 4019 3240 4090; x_wconf 76' lang='grc' dir='ltr'>ἔλθῃς</span> <span class='ocrx_word' id='word_1_848' title='bbox 3281 4019 3388 4071; x_wconf 76' lang='grc' dir='ltr'>ἔσω</span> <span class='ocrx_word' id='word_1_849' title='bbox 3418 4018 3516 4088; x_wconf 85' lang='grc' dir='ltr'>τῆς</span> <span class='ocrx_word' id='word_1_850' title='bbox 3546 4018 3743 4087; x_wconf 86' lang='grc' dir='ltr'>πύλης,</span> 
     </span>
    </p>
   </div>
   <div class='ocr_carea' id='block_1_108' title="bbox 2075 4105 3745 4184">
    <p class='ocr_par' dir='ltr' id='par_1_108' title="bbox 2075 4105 3745 4184">
     <span class='ocr_line' id='line_1_108' title="bbox 2075 4105 3745 4184; baseline -0.004 -20"><span class='ocrx_word' id='word_1_851' title='bbox 2075 4113 2347 4184; x_wconf 82' lang='grc' dir='ltr'>εὑρίσκεις</span> <span class='ocrx_word' id='word_1_852' title='bbox 2390 4110 2549 4164; x_wconf 85' lang='grc' dir='ltr'>αὐτὸν</span> <span class='ocrx_word' id='word_1_853' title='bbox 2598 4109 2751 4180; x_wconf 78' lang='grc' dir='ltr'>ἱερέα</span> <span class='ocrx_word' id='word_1_854' title='bbox 2796 4108 3139 4179; x_wconf 77' lang='grc' dir='ltr'>προσάγοντά</span> <span class='ocrx_word' id='word_1_855' title='bbox 3174 4122 3269 4158; x_wconf 88' lang='grc' dir='ltr'>σε·</span> <span class='ocrx_word' id='word_1_856' title='bbox 3301 4106 3385 4159; x_wconf 80' lang='grc' dir='ltr'>Σὺ</span> <span class='ocrx_word' id='word_1_857' title='bbox 3430 4105 3538 4176; x_wconf 77' lang='grc' dir='ltr'>γάρ</span> <span class='ocrx_word' id='word_1_858' title='bbox 3577 4105 3637 4158; x_wconf 77' lang='grc' dir='ltr'>εἴ</span> <span class='ocrx_word' id='word_1_859' title='bbox 3670 4108 3745 4158; x_wconf 78' lang='lat' dir='ltr'>Ie-</span> 
     </span>
    </p>
   </div>
   <div class='ocr_carea' id='block_1_109' title="bbox 2067 4190 3742 4266">
    <p class='ocr_par' dir='ltr' id='par_1_109' title="bbox 2067 4190 3742 4266">
     <span class='ocr_line' id='line_1_109' title="bbox 2067 4190 3742 4266; baseline -0.005 -15"><span class='ocrx_word' id='word_1_860' title='bbox 2067 4199 2214 4266; x_wconf 85' lang='grc' dir='ltr'>ρεὺς</span> <span class='ocrx_word' id='word_1_861' title='bbox 2254 4200 2340 4262; x_wconf 86' lang='grc' dir='ltr'>είς</span> <span class='ocrx_word' id='word_1_862' title='bbox 2384 4196 2492 4250; x_wconf 87' lang='grc' dir='ltr'>τόν</span> <span class='ocrx_word' id='word_1_863' title='bbox 2542 4195 2728 4249; x_wconf 76' lang='grc' dir='ltr'>αἰῶνα</span> <span class='ocrx_word' id='word_1_864' title='bbox 2774 4194 2921 4247; x_wconf 79' lang='grc' dir='ltr'>κατὰ</span> <span class='ocrx_word' id='word_1_865' title='bbox 2969 4193 3086 4260; x_wconf 82' lang='grc' dir='ltr'>τὴν</span> <span class='ocrx_word' id='word_1_866' title='bbox 3133 4191 3306 4256; x_wconf 77' lang='grc' dir='ltr'>τάξιν</span> <span class='ocrx_word' id='word_1_867' title='bbox 3345 4190 3742 4259; x_wconf 77' lang='grc' dir='ltr'>Μελχισεδέκ.</span> 
     </span>
    </p>
   </div>
   <div class='ocr_carea' id='block_1_110' title="bbox 2088 4277 3746 4353">
    <p class='ocr_par' dir='ltr' id='par_1_110' title="bbox 2088 4277 3746 4353">
     <span class='ocr_line' id='line_1_110' title="bbox 2088 4277 3746 4353; baseline -0.004 -16"><span class='ocrx_word' id='word_1_868' title='bbox 2088 4282 2245 4337; x_wconf 80' lang='grc' dir='ltr'>Ἀλλά</span> <span class='ocrx_word' id='word_1_869' title='bbox 2273 4282 2429 4353; x_wconf 85' lang='grc' dir='ltr'>χρεία</span> <span class='ocrx_word' id='word_1_870' title='bbox 2469 4281 2546 4351; x_wconf 82' lang='grc' dir='ltr'>τῷ</span> <span class='ocrx_word' id='word_1_871' title='bbox 2576 4284 2711 4352; x_wconf 82' lang='grc' dir='ltr'>ἱερεῖ</span> <span class='ocrx_word' id='word_1_872' title='bbox 2741 4282 2832 4334; x_wconf 78' lang='grc' dir='ltr'>καὶ</span> <span class='ocrx_word' id='word_1_873' title='bbox 2861 4279 3099 4349; x_wconf 86' lang='grc' dir='ltr'>θύματος</span> <span class='ocrx_word' id='word_1_874' title='bbox 3146 4281 3239 4332; x_wconf 76' lang='grc' dir='ltr'>καὶ</span> <span class='ocrx_word' id='word_1_875' title='bbox 3281 4279 3477 4350; x_wconf 82' lang='grc' dir='ltr'>ἱερείου</span> <span class='ocrx_word' id='word_1_876' title='bbox 3510 4278 3651 4350; x_wconf 86' lang='grc' dir='ltr'>πρὸς</span> <span class='ocrx_word' id='word_1_877' title='bbox 3686 4277 3746 4330; x_wconf 86' lang='grc' dir='ltr'>τὸ</span> 
     </span>
    </p>
   </div>
   <div class='ocr_carea' id='block_1_111' title="bbox 2074 4366 3745 4438">
    <p class='ocr_par' dir='ltr' id='par_1_111' title="bbox 2074 4366 3745 4438">
     <span class='ocr_line' id='line_1_111' title="bbox 2074 4366 3745 4438; baseline -0.005 -10"><span class='ocrx_word' id='word_1_878' title='bbox 2074 4374 2164 4427; x_wconf 82' lang='grc' dir='ltr'>τὸν</span> <span class='ocrx_word' id='word_1_879' title='bbox 2191 4372 2321 4425; x_wconf 83' lang='grc' dir='ltr'>Θεὸν</span> <span class='ocrx_word' id='word_1_880' title='bbox 2347 4368 2751 4438; x_wconf 69' lang='grc' dir='ltr'>ἐξιλεώσασθαι.</span> <span class='ocrx_word' id='word_1_881' title='bbox 2793 4370 2849 4422; x_wconf 85' lang='lat'>&#39;0</span> <span class='ocrx_word' id='word_1_882' title='bbox 2884 4369 3043 4431; x_wconf 89' lang='grc' dir='ltr'>αὐτός</span> <span class='ocrx_word' id='word_1_883' title='bbox 3071 4385 3151 4421; x_wconf 81' lang='grc' dir='ltr'>σοι</span> <span class='ocrx_word' id='word_1_884' title='bbox 3184 4368 3342 4420; x_wconf 86' lang='grc' dir='ltr'>πάλιν</span> <span class='ocrx_word' id='word_1_885' title='bbox 3366 4368 3606 4436; x_wconf 79' lang='grc' dir='ltr'>γίνεται·</span> <span class='ocrx_word' id='word_1_886' title='bbox 3635 4366 3745 4422; x_wconf 82' lang='grc' dir='ltr'>Ἴδε</span> 
     </span>
    </p>
   </div>
   <div class='ocr_carea' id='block_1_112' title="bbox 2077 4455 3743 4530">
    <p class='ocr_par' dir='ltr' id='par_1_112' title="bbox 2077 4455 3743 4530">
     <span class='ocr_line' id='line_1_112' title="bbox 2077 4455 3743 4530; baseline -0.005 -15"><span class='ocrx_word' id='word_1_887' title='bbox 2077 4464 2110 4515; x_wconf 82' lang='grc' dir='ltr'>ό</span> <span class='ocrx_word' id='word_1_888' title='bbox 2143 4458 2332 4530; x_wconf 83' lang='grc' dir='ltr'>ἀμνὸς</span> <span class='ocrx_word' id='word_1_889' title='bbox 2366 4458 2470 4512; x_wconf 89' lang='grc' dir='ltr'>τοῦ</span> <span class='ocrx_word' id='word_1_890' title='bbox 2519 4458 2665 4513; x_wconf 79' lang='grc' dir='ltr'>Θεοῦ</span> <span class='ocrx_word' id='word_1_891' title='bbox 2716 4460 2749 4512; x_wconf 81' lang='grc' dir='ltr'>ό</span> <span class='ocrx_word' id='word_1_892' title='bbox 2798 4457 2981 4525; x_wconf 70' lang='grc' dir='ltr'>αἴρων</span> <span class='ocrx_word' id='word_1_893' title='bbox 3026 4456 3139 4524; x_wconf 79' lang='grc' dir='ltr'>τὴν</span> <span class='ocrx_word' id='word_1_894' title='bbox 3176 4456 3470 4526; x_wconf 79' lang='grc' dir='ltr'>ἁμαρτίαν</span> <span class='ocrx_word' id='word_1_895' title='bbox 3506 4455 3617 4509; x_wconf 87' lang='grc' dir='ltr'>τοῦ</span> <span class='ocrx_word' id='word_1_896' title='bbox 3650 4455 3743 4507; x_wconf 73' lang='grc' dir='ltr'>κόο</span> 
     </span>
    </p>
   </div>
   <div class='ocr_carea' id='block_1_113' title="bbox 2076 4541 3742 4617">
    <p class='ocr_par' dir='ltr' id='par_1_113' title="bbox 2076 4541 3742 4617">
     <span class='ocr_line' id='line_1_113' title="bbox 2076 4541 3742 4617; baseline -0.005 -15"><span class='ocrx_word' id='word_1_897' title='bbox 2076 4565 2255 4617; x_wconf 89' lang='grc' dir='ltr'>σμου.</span> <span class='ocrx_word' id='word_1_898' title='bbox 2289 4547 2564 4609; x_wconf 86' lang='grc' dir='ltr'>Ἤκουσας</span> <span class='ocrx_word' id='word_1_899' title='bbox 2594 4546 2766 4598; x_wconf 88' lang='grc' dir='ltr'>ταῦτα</span> <span class='ocrx_word' id='word_1_900' title='bbox 2811 4545 2987 4598; x_wconf 83' lang='grc' dir='ltr'>πάντα</span> <span class='ocrx_word' id='word_1_901' title='bbox 3014 4544 3103 4596; x_wconf 72' lang='grc' dir='ltr'>διὰ</span> <span class='ocrx_word' id='word_1_902' title='bbox 3134 4545 3227 4610; x_wconf 86' lang='grc' dir='ltr'>σέ;</span> <span class='ocrx_word' id='word_1_903' title='bbox 3259 4543 3491 4596; x_wconf 77' lang='grc' dir='ltr'>ἄκουσον</span> <span class='ocrx_word' id='word_1_904' title='bbox 3523 4542 3635 4596; x_wconf 84' lang='grc' dir='ltr'>τῶν</span> <span class='ocrx_word' id='word_1_905' title='bbox 3679 4541 3742 4595; x_wconf 83' lang='grc' dir='ltr'>δι’</span> 
     </span>
    </p>
   </div>
   <div class='ocr_carea' id='block_1_114' title="bbox 2077 4629 3743 4706">
    <p class='ocr_par' dir='ltr' id='par_1_114' title="bbox 2077 4629 3743 4706">
     <span class='ocr_line' id='line_1_114' title="bbox 2077 4629 3743 4706; baseline -0.003 -18"><span class='ocrx_word' id='word_1_906' title='bbox 2077 4635 2258 4688; x_wconf 81' lang='grc' dir='ltr'>αὐτόν.</span> <span class='ocrx_word' id='word_1_907' title='bbox 2306 4632 2455 4706; x_wconf 68' lang='lat'><em>[606]</em></span> <span class='ocrx_word' id='word_1_908' title='bbox 2491 4634 2579 4703; x_wconf 83' lang='grc' dir='ltr'>Μὴ</span> <span class='ocrx_word' id='word_1_909' title='bbox 2615 4632 2720 4703; x_wconf 86' lang='grc' dir='ltr'>γὰρ</span> <span class='ocrx_word' id='word_1_910' title='bbox 2768 4633 2823 4684; x_wconf 79' lang='grc' dir='ltr'>ὲν</span> <span class='ocrx_word' id='word_1_911' title='bbox 2861 4633 2925 4702; x_wconf 87' lang='grc' dir='ltr'>τῇ</span> <span class='ocrx_word' id='word_1_912' title='bbox 2959 4629 3052 4684; x_wconf 86' lang='grc' dir='ltr'>τοῦ</span> <span class='ocrx_word' id='word_1_913' title='bbox 3095 4630 3286 4702; x_wconf 82' lang='grc' dir='ltr'>ἱερέως</span> <span class='ocrx_word' id='word_1_914' title='bbox 3333 4630 3482 4694; x_wconf 82' lang='grc' dir='ltr'>τάξει</span> <span class='ocrx_word' id='word_1_915' title='bbox 3541 4632 3743 4701; x_wconf 80' lang='grc' dir='ltr'>στήσῃς</span> 
     </span>
    </p>
   </div>
   <div class='ocr_carea' id='block_1_115' title="bbox 2077 4716 3742 4793">
    <p class='ocr_par' dir='ltr' id='par_1_115' title="bbox 2077 4716 3742 4793">
     <span class='ocr_line' id='line_1_115' title="bbox 2077 4716 3742 4793; baseline -0.004 -18"><span class='ocrx_word' id='word_1_916' title='bbox 2077 4723 2175 4793; x_wconf 86' lang='grc' dir='ltr'>τὴν</span> <span class='ocrx_word' id='word_1_917' title='bbox 2200 4722 2447 4792; x_wconf 86' lang='grc' dir='ltr'>θεωρίαν,</span> <span class='ocrx_word' id='word_1_918' title='bbox 2477 4719 2551 4791; x_wconf 84' lang='grc' dir='ltr'>μὴ</span> <span class='ocrx_word' id='word_1_919' title='bbox 2580 4720 2695 4791; x_wconf 83' lang='grc' dir='ltr'>ίδῃς</span> <span class='ocrx_word' id='word_1_920' title='bbox 2715 4719 2876 4772; x_wconf 88' lang='grc' dir='ltr'>αὐτὸν</span> <span class='ocrx_word' id='word_1_921' title='bbox 2897 4718 2971 4780; x_wconf 86' lang='grc' dir='ltr'>ὡς</span> <span class='ocrx_word' id='word_1_922' title='bbox 2998 4718 3146 4788; x_wconf 85' lang='grc' dir='ltr'>ἱερέα</span> <span class='ocrx_word' id='word_1_923' title='bbox 3180 4717 3586 4789; x_wconf 81' lang='grc' dir='ltr'>παρεστηκότα,</span> <span class='ocrx_word' id='word_1_924' title='bbox 3611 4716 3742 4770; x_wconf 76' lang='grc' dir='ltr'>ἀλλά</span> 
     </span>
    </p>
   </div>
   <div class='ocr_carea' id='block_1_116' title="bbox 2081 4803 3743 4879">
    <p class='ocr_par' dir='ltr' id='par_1_116' title="bbox 2081 4803 3743 4879">
     <span class='ocr_line' id='line_1_116' title="bbox 2081 4803 3743 4879; baseline -0.004 -18"><span class='ocrx_word' id='word_1_925' title='bbox 2081 4808 2243 4879; x_wconf 81' lang='grc' dir='ltr'>βλέπε</span> <span class='ocrx_word' id='word_1_926' title='bbox 2276 4808 2435 4862; x_wconf 82' lang='grc' dir='ltr'>αὐτὸν</span> <span class='ocrx_word' id='word_1_927' title='bbox 2467 4807 2554 4860; x_wconf 85' lang='grc' dir='ltr'>διά</span> <span class='ocrx_word' id='word_1_928' title='bbox 2594 4807 2693 4876; x_wconf 89' lang='grc' dir='ltr'>τὴν</span> <span class='ocrx_word' id='word_1_929' title='bbox 2736 4805 2901 4858; x_wconf 88' lang='grc' dir='ltr'>αὐτοῦ</span> <span class='ocrx_word' id='word_1_930' title='bbox 2946 4805 3101 4869; x_wconf 79' lang='grc' dir='ltr'>ἀξίαν</span> <span class='ocrx_word' id='word_1_931' title='bbox 3138 4805 3216 4876; x_wconf 86' lang='grc' dir='ltr'>τῷ</span> <span class='ocrx_word' id='word_1_932' title='bbox 3252 4805 3427 4874; x_wconf 84' lang='grc' dir='ltr'>Πατρὶ</span> <span class='ocrx_word' id='word_1_933' title='bbox 3464 4803 3743 4873; x_wconf 86' lang='grc' dir='ltr'>συγκαθή-</span> 
     </span>
    </p>
   </div>
   <div class='ocr_carea' id='block_1_117' title="bbox 2082 4891 3742 4968">
    <p class='ocr_par' dir='ltr' id='par_1_117' title="bbox 2082 4891 3742 4968">
     <span class='ocr_line' id='line_1_117' title="bbox 2082 4891 3742 4968; baseline -0.005 -18"><span class='ocrx_word' id='word_1_934' title='bbox 2082 4914 2259 4968; x_wconf 87' lang='grc' dir='ltr'>μενον.</span> <span class='ocrx_word' id='word_1_935' title='bbox 2302 4894 2461 4949; x_wconf 85' lang='grc' dir='ltr'>Ἀλλά</span> <span class='ocrx_word' id='word_1_936' title='bbox 2491 4897 2566 4966; x_wconf 89' lang='grc' dir='ltr'>μὴ</span> <span class='ocrx_word' id='word_1_937' title='bbox 2599 4893 2791 4966; x_wconf 73' lang='grc' dir='ltr'>ἐχθρὸς</span> <span class='ocrx_word' id='word_1_938' title='bbox 2816 4894 2953 4947; x_wconf 80' lang='grc' dir='ltr'>ἔστω</span> <span class='ocrx_word' id='word_1_939' title='bbox 2982 4911 3065 4956; x_wconf 90' lang='grc' dir='ltr'>τις</span> <span class='ocrx_word' id='word_1_940' title='bbox 3096 4894 3198 4964; x_wconf 76' lang='grc' dir='ltr'>τῆς</span> <span class='ocrx_word' id='word_1_941' title='bbox 3227 4891 3506 4965; x_wconf 85' lang='grc' dir='ltr'>ἀληθείας,</span> <span class='ocrx_word' id='word_1_942' title='bbox 3536 4891 3607 4944; x_wconf 85' lang='grc' dir='ltr'>τά</span> <span class='ocrx_word' id='word_1_943' title='bbox 3648 4891 3742 4961; x_wconf 81' lang='grc' dir='ltr'>μὲν</span> 
     </span>
    </p>
   </div>
   <div class='ocr_carea' id='block_1_118' title="bbox 2081 4981 2857 5054">
    <p class='ocr_par' dir='ltr' id='par_1_118' title="bbox 2081 4981 2857 5054">
     <span class='ocr_line' id='line_1_118' title="bbox 2081 4981 2857 5054; baseline -0.006 -16"><span class='ocrx_word' id='word_1_944' title='bbox 2081 4983 2364 5054; x_wconf 81' lang='grc' dir='ltr'>ἁρπάζων,</span> <span class='ocrx_word' id='word_1_945' title='bbox 2391 4981 2459 5035; x_wconf 89' lang='grc' dir='ltr'>τά</span> <span class='ocrx_word' id='word_1_946' title='bbox 2489 4983 2546 5034; x_wconf 86' lang='grc' dir='ltr'>δὲ</span> <span class='ocrx_word' id='word_1_947' title='bbox 2578 4981 2857 5052; x_wconf 88' lang='grc' dir='ltr'>κρύπτων.</span> 
     </span>
    </p>
   </div>
   <div class='ocr_carea' id='block_1_119' title="bbox 2149 5062 3741 5139">
    <p class='ocr_par' dir='ltr' id='par_1_119' title="bbox 2149 5062 3741 5139">
     <span class='ocr_line' id='line_1_119' title="bbox 2149 5062 3741 5139; baseline -0.006 -16"><span class='ocrx_word' id='word_1_948' title='bbox 2149 5068 2279 5123; x_wconf 82' lang='grc' dir='ltr'>Οἶδα</span> <span class='ocrx_word' id='word_1_949' title='bbox 2310 5070 2391 5122; x_wconf 85' lang='grc' dir='ltr'>ὅτι</span> <span class='ocrx_word' id='word_1_950' title='bbox 2428 5068 2681 5131; x_wconf 82' lang='grc' dir='ltr'>πολλάκις</span> <span class='ocrx_word' id='word_1_951' title='bbox 2711 5067 2980 5139; x_wconf 86' lang='grc' dir='ltr'>αἰρετικός</span> <span class='ocrx_word' id='word_1_952' title='bbox 3014 5084 3097 5130; x_wconf 89' lang='grc' dir='ltr'>τις</span> <span class='ocrx_word' id='word_1_953' title='bbox 3127 5065 3317 5136; x_wconf 81' lang='grc' dir='ltr'>ἐχθρὸς</span> <span class='ocrx_word' id='word_1_954' title='bbox 3346 5064 3445 5133; x_wconf 84' lang='grc' dir='ltr'>τῆς</span> <span class='ocrx_word' id='word_1_955' title='bbox 3485 5062 3741 5135; x_wconf 79' lang='grc' dir='ltr'>ἀληθείας</span> 
     </span>
    </p>
   </div>
   <div class='ocr_carea' id='block_1_120' title="bbox 2080 5150 3744 5228">
    <p class='ocr_par' dir='ltr' id='par_1_120' title="bbox 2080 5150 3744 5228">
     <span class='ocr_line' id='line_1_120' title="bbox 2080 5150 3744 5228; baseline -0.005 -18"><span class='ocrx_word' id='word_1_956' title='bbox 2080 5156 2208 5228; x_wconf 77' lang='grc' dir='ltr'>ἔστη</span> <span class='ocrx_word' id='word_1_957' title='bbox 2242 5159 2257 5197; x_wconf 74' lang='grc' dir='ltr'>ί</span> <span class='ocrx_word' id='word_1_958' title='bbox 2289 5155 2480 5225; x_wconf 85' lang='grc' dir='ltr'>λέγων·</span> <span class='ocrx_word' id='word_1_959' title='bbox 2529 5156 2709 5227; x_wconf 82' lang='grc' dir='ltr'>Ὁρᾷς,</span> <span class='ocrx_word' id='word_1_960' title='bbox 2748 5156 2822 5219; x_wconf 86' lang='grc' dir='ltr'>ὡς</span> <span class='ocrx_word' id='word_1_961' title='bbox 2852 5156 2950 5208; x_wconf 86' lang='grc' dir='ltr'>οὐκ</span> <span class='ocrx_word' id='word_1_962' title='bbox 2975 5153 3088 5207; x_wconf 79' lang='grc' dir='ltr'>ἐστι</span> <span class='ocrx_word' id='word_1_963' title='bbox 3122 5152 3436 5227; x_wconf 82' lang='grc' dir='ltr'>προσελθεῖν</span> <span class='ocrx_word' id='word_1_964' title='bbox 3469 5151 3548 5221; x_wconf 85' lang='grc' dir='ltr'>τῷ</span> <span class='ocrx_word' id='word_1_965' title='bbox 3573 5150 3744 5222; x_wconf 74' lang='grc' dir='ltr'>Πατρὶ</span> 
     </span>
    </p>
   </div>
   <div class='ocr_carea' id='block_1_121' title="bbox 2079 5235 3744 5314">
    <p class='ocr_par' dir='ltr' id='par_1_121' title="bbox 2079 5235 3744 5314">
     <span class='ocr_line' id='line_1_121' title="bbox 2079 5235 3744 5314; baseline -0.005 -17"><span class='ocrx_word' id='word_1_966' title='bbox 2079 5245 2206 5299; x_wconf 84' lang='grc' dir='ltr'>ἀνευ</span> <span class='ocrx_word' id='word_1_967' title='bbox 2249 5243 2341 5297; x_wconf 89' lang='grc' dir='ltr'>τοῦ</span> <span class='ocrx_word' id='word_1_968' title='bbox 2387 5243 2546 5308; x_wconf 86' lang='grc' dir='ltr'>Υἱοῦ;</span> <span class='ocrx_word' id='word_1_969' title='bbox 2582 5243 2801 5313; x_wconf 89' lang='grc' dir='ltr'>μεσίτου</span> <span class='ocrx_word' id='word_1_970' title='bbox 2838 5241 2967 5314; x_wconf 74' lang='grc' dir='ltr'>γὰρ,</span> <span class='ocrx_word' id='word_1_971' title='bbox 3004 5242 3187 5310; x_wconf 70' lang='grc' dir='ltr'>φησιν,</span> <span class='ocrx_word' id='word_1_972' title='bbox 3229 5239 3414 5309; x_wconf 78' lang='grc' dir='ltr'>ἐπέχει</span> <span class='ocrx_word' id='word_1_973' title='bbox 3458 5238 3614 5303; x_wconf 78' lang='grc' dir='ltr'>τάξιν</span> <span class='ocrx_word' id='word_1_974' title='bbox 3651 5235 3744 5289; x_wconf 71' lang='grc' dir='ltr'>καὶ</span> 
     </span>
    </p>
   </div>
   <div class='ocr_carea' id='block_1_122' title="bbox 2081 5321 3739 5402">
    <p class='ocr_par' dir='ltr' id='par_1_122' title="bbox 2081 5321 3739 5402">
     <span class='ocr_line' id='line_1_122' title="bbox 2081 5321 3739 5402; baseline -0.004 -20"><span class='ocrx_word' id='word_1_975' title='bbox 2081 5330 2376 5402; x_wconf 80' lang='grc' dir='ltr'>ὑπηρέτου,</span> <span class='ocrx_word' id='word_1_976' title='bbox 2443 5329 2734 5399; x_wconf 88' lang='grc' dir='ltr'>προσάγων</span> <span class='ocrx_word' id='word_1_977' title='bbox 2799 5327 2877 5398; x_wconf 82' lang='grc' dir='ltr'>τῷ</span> <span class='ocrx_word' id='word_1_978' title='bbox 2951 5327 3127 5397; x_wconf 76' lang='grc' dir='ltr'>Πατρὶ</span> <span class='ocrx_word' id='word_1_979' title='bbox 3188 5325 3313 5388; x_wconf 80' lang='grc' dir='ltr'>τοὺς</span> <span class='ocrx_word' id='word_1_980' title='bbox 3380 5321 3739 5393; x_wconf 74' lang='grc' dir='ltr'>σωζομένους.</span> 
     </span>
    </p>
   </div>
   <div class='ocr_carea' id='block_1_123' title="bbox 2146 5461 3600 5528">
    <p class='ocr_par' dir='ltr' id='par_1_123' title="bbox 2146 5461 3600 5528">
     <span class='ocr_line' id='line_1_123' title="bbox 2146 5461 3600 5528; baseline -0.009 -8"><span class='ocrx_word' id='word_1_981' title='bbox 2146 5470 2166 5508; x_wconf 70' lang='grc' dir='ltr'><em>τ</em></span> <span class='ocrx_word' id='word_1_982' title='bbox 2192 5470 2273 5520; x_wconf 87' lang='lat' dir='ltr'>Sic</span> <span class='ocrx_word' id='word_1_983' title='bbox 2291 5469 2439 5525; x_wconf 81' lang='lat' dir='ltr'><strong>idem.</strong></span> <span class='ocrx_word' id='word_1_984' title='bbox 2467 5473 2521 5517; x_wconf 78' lang='lat' dir='ltr'>ut</span> <span class='ocrx_word' id='word_1_985' title='bbox 2543 5468 2822 5528; x_wconf 84' lang='lat' dir='ltr'>conjeceral</span> <span class='ocrx_word' id='word_1_986' title='bbox 2848 5465 3188 5523; x_wconf 63' lang='lat' dir='ltr'>Savil.,reclc.</span> <span class='ocrx_word' id='word_1_987' title='bbox 3215 5461 3346 5528; x_wconf 70' lang='lat' dir='ltr'>Editj</span> <span class='ocrx_word' id='word_1_988' title='bbox 3370 5463 3470 5511; x_wconf 79' lang='grc' dir='ltr'>ἐπεὶ</span> <span class='ocrx_word' id='word_1_989' title='bbox 3491 5462 3600 5528; x_wconf 75' lang='grc' dir='ltr'>γᾴρ.</span> 
     </span>
    </p>
   </div>
   <div class='ocr_carea' id='block_1_124' title="bbox 2144 5523 3740 5593">
    <p class='ocr_par' dir='ltr' id='par_1_124' title="bbox 2144 5523 3740 5593">
     <span class='ocr_line' id='line_1_124' title="bbox 2144 5523 3740 5593; baseline -0.008 -12"><span class='ocrx_word' id='word_1_990' title='bbox 2144 5536 2170 5572; x_wconf 74' lang='grc' dir='ltr'><strong><em>κ</em></strong></span> <span class='ocrx_word' id='word_1_991' title='bbox 2195 5533 2277 5581; x_wconf 81' lang='lat' dir='ltr'><strong>Sic</strong></span> <span class='ocrx_word' id='word_1_992' title='bbox 2300 5523 2468 5580; x_wconf 73' lang='lat' dir='ltr'>Morel.</span> <span class='ocrx_word' id='word_1_993' title='bbox 2495 5523 2648 5593; x_wconf 58' lang='lat' dir='ltr'>unus;</span> <span class='ocrx_word' id='word_1_994' title='bbox 2664 5539 2819 5593; x_wconf 61' lang='grc' dir='ltr'>τριτιε.</span> <span class='ocrx_word' id='word_1_995' title='bbox 2864 5529 2958 5593; x_wconf 65' lang='lat' dir='ltr'>Mii</span> <span class='ocrx_word' id='word_1_996' title='bbox 2996 5539 3180 5593; x_wconf 25' lang='lat' dir='ltr'>om‘nes‘</span> <span class='ocrx_word' id='word_1_997' title='bbox 3200 5523 3601 5593; x_wconf 40' lang='grc' dir='ltr'>τήγδορυξσορίάν</span> <span class='ocrx_word' id='word_1_998' title='bbox 3636 5523 3740 5593; x_wconf 63' lang='grc' dir='ltr'>τήνἶ</span> 
     </span>
    </p>
   </div>
   <div class='ocr_carea' id='block_1_125' title="bbox 2081 5539 3743 5655">
    <p class='ocr_par' dir='ltr' id='par_1_125' title="bbox 2081 5539 3743 5655">
     <span class='ocr_line' id='line_1_125' title="bbox 2144 5539 3740 5633; baseline -0.009 -52"><span class='ocrx_word' id='word_1_999' title='bbox 2144 5539 2170 5572; x_wconf 73' lang='grc' dir='ltr'><strong><em>κ</em></strong></span> <span class='ocrx_word' id='word_1_1000' title='bbox 2195 5539 2277 5581; x_wconf 77' lang='lat' dir='ltr'>Sic</span> <span class='ocrx_word' id='word_1_1001' title='bbox 2300 5539 2468 5580; x_wconf 75' lang='lat' dir='ltr'>Morel.</span> <span class='ocrx_word' id='word_1_1002' title='bbox 2495 5543 2638 5585; x_wconf 84' lang='lat' dir='ltr'>unus,</span> <span class='ocrx_word' id='word_1_1003' title='bbox 2667 5539 2817 5578; x_wconf 73' lang='lat' dir='ltr'>recte.</span> <span class='ocrx_word' id='word_1_1004' title='bbox 2864 5539 2958 5576; x_wconf 77' lang='lat' dir='ltr'>Am</span> <span class='ocrx_word' id='word_1_1005' title='bbox 2996 5539 3169 5576; x_wconf 88' lang='lat' dir='ltr'><strong>omnes</strong></span> <span class='ocrx_word' id='word_1_1006' title='bbox 3200 5542 3284 5581; x_wconf 88' lang='grc' dir='ltr'>την</span> <span class='ocrx_word' id='word_1_1007' title='bbox 3323 5539 3601 5633; x_wconf 63' lang='grc' dir='ltr'>δορυφοριαν</span> <span class='ocrx_word' id='word_1_1008' title='bbox 3636 5539 3740 5575; x_wconf 74' lang='grc' dir='ltr'>την.</span> 
     </span>
     <span class='ocr_line' id='line_1_126' title="bbox 2081 5579 3743 5655; baseline -0.008 -13"><span class='ocrx_word' id='word_1_1009' title='bbox 2081 5594 2433 5655; x_wconf 70' lang='lat' dir='ltr'>Pergunlxpss.</span> <span class='ocrx_word' id='word_1_1010' title='bbox 2475 5592 2556 5638; x_wconf 88' lang='grc' dir='ltr'>τὸν</span> <span class='ocrx_word' id='word_1_1011' title='bbox 2596 5590 2756 5652; x_wconf 84' lang='grc' dir='ltr'>θρόνον</span> <span class='ocrx_word' id='word_1_1012' title='bbox 2777 5591 2857 5637; x_wconf 79' lang='grc' dir='ltr'>τὸν</span> <span class='ocrx_word' id='word_1_1013' title='bbox 2900 5591 3008 5651; x_wconf 85' lang='grc' dir='ltr'>βασ.</span> <span class='ocrx_word' id='word_1_1014' title='bbox 3035 5588 3117 5643; x_wconf 78' lang='grc' dir='ltr'>τὰς</span> <span class='ocrx_word' id='word_1_1015' title='bbox 3160 5586 3351 5648; x_wconf 80' lang='grc' dir='ltr'>δωρεάς.</span> <span class='ocrx_word' id='word_1_1016' title='bbox 3403 5586 3509 5633; x_wconf 77' lang='lat' dir='ltr'>utra</span> <span class='ocrx_word' id='word_1_1017' title='bbox 3549 5579 3743 5632; x_wconf 73' lang='grc' dir='ltr'>υουετί</span> 
     </span>
    </p>
   </div>
   <div class='ocr_carea' id='block_1_126' title="bbox 2079 5652 2449 5714">
    <p class='ocr_par' dir='ltr' id='par_1_126' title="bbox 2079 5652 2449 5714">
     <span class='ocr_line' id='line_1_127' title="bbox 2079 5652 2449 5714; baseline -0.014 -11"><span class='ocrx_word' id='word_1_1018' title='bbox 2079 5652 2287 5703; x_wconf 61' lang='grc' dir='ltr'>ποθεινὸν</span> <span class='ocrx_word' id='word_1_1019' title='bbox 2307 5652 2449 5714; x_wconf 83' lang='grc' dir='ltr'>εὐρες.</span> 
     </span>
    </p>
   </div>
   <div class='ocr_carea' id='block_1_127' title="bbox 2139 5713 2734 5762">
    <p class='ocr_par' dir='ltr' id='par_1_127' title="bbox 2139 5713 2734 5762">
     <span class='ocr_line' id='line_1_128' title="bbox 2139 5713 2734 5762; baseline -0.007 0"><span class='ocrx_word' id='word_1_1020' title='bbox 2139 5716 2168 5754; x_wconf 76' lang='lat' dir='ltr'><strong>h</strong></span> <span class='ocrx_word' id='word_1_1021' title='bbox 2199 5716 2330 5762; x_wconf 62' lang='lat' dir='ltr'><strong>Vnus</strong></span> <span class='ocrx_word' id='word_1_1022' title='bbox 2355 5713 2433 5760; x_wconf 84' lang='grc' dir='ltr'>τὸν</span> <span class='ocrx_word' id='word_1_1023' title='bbox 2452 5713 2734 5762; x_wconf 85' lang='grc' dir='ltr'>εἰσελθόντα.</span> 
     </span>
    </p>
   </div>
   <div class='ocr_carea' id='block_1_128' title="bbox 2149 5776 2535 5831">
    <p class='ocr_par' dir='ltr' id='par_1_128' title="bbox 2149 5776 2535 5831">
     <span class='ocr_line' id='line_1_129' title="bbox 2149 5776 2535 5831; baseline -0.018 -4"><span class='ocrx_word' id='word_1_1024' title='bbox 2149 5777 2164 5815; x_wconf 73' lang='grc' dir='ltr'><strong>ἱ</strong></span> <span class='ocrx_word' id='word_1_1025' title='bbox 2196 5777 2325 5827; x_wconf 72' lang='lat' dir='ltr'><strong>L&#39;uus</strong></span> <span class='ocrx_word' id='word_1_1026' title='bbox 2349 5776 2535 5831; x_wconf 81' lang='grc' dir='ltr'>ἕστηκε.</span> 
     </span>
    </p>
   </div>
  </div>
