3966 6160
372 260 479 318 5'55

372 378 556 435 omnia
585 378 833 434 omnibus
861 377 996 435 facta
1025 388 1105 433 cst
1132 398 1144 432 :
1175 394 1279 433 non
1320 379 1458 449 quod
1500 393 1598 434 nos
1636 379 1780 450 digni
1805 395 1953 436 esse-

368 487 491 525 mus
518 514 532 536 ,
564 471 657 526 sed
688 481 908 540 propter
933 472 1223 526 bonitatem
1251 487 1370 540 quae
1400 471 1699 526 beneﬁcum
1724 472 1912 527 deceat
1936 490 1949 526 :

365 564 457 631 qui
486 578 609 616 cum
639 563 710 616 sit
737 571 925 617 natura
967 564 1193 631 simplex
1217 605 1233 627 ,
1279 563 1615 619 indivisibilis
1639 606 1655 631 ,
1686 565 1775 634 qui
1807 564 1952 618 nulla

371 655 540 720 ﬁgura
569 654 928 721 exprimatur,
960 654 1072 722 ipse
1104 655 1242 708 Deus
1267 653 1334 708 de
1366 654 1494 716 Deo,
1525 655 1696 723 imago
1712 653 1954 723 invisibi-

366 743 456 809 Iis,
488 744 747 812 Splendor
778 746 956 815 glorier
980 756 1026 798 et
1053 746 1218 815 figura
1243 745 1536 799 substantia:
1566 745 1753 816 (Hebr.
1785 747 1836 799 1.
1869 744 1948 816 3),

367 834 599 889 diversis
625 836 930 902 appellatur
955 835 1284 900 nominibus,
1314 850 1420 890 non
1448 852 1567 906 qua!
1595 845 1797 890 natura:
1822 851 1951 891 con-

364 926 604 991 veniant,
630 926 727 981 sed
752 942 871 996 qua:
901 926 1266 982 beneﬁcentiae
1288 936 1613 997 competant.
1644 928 1778 994 Quia
1804 929 1946 982 enim

364 1019 545 1072 omnia
571 1019 801 1073 humana
823 1021 1193 1086 conciderunt,
1214 1023 1267 1075 in
1294 1036 1353 1076 se
1375 1021 1554 1076 omnia
1577 1021 1800 1090 suscipit
1828 1038 1951 1089 pro-

364 1109 593 1177 prietate
620 1110 853 1178 quadam
898 1112 1288 1179 appellationes
1319 1112 1435 1166 illas
1462 1112 1762 1182 suscipiens
1782 1152 1797 1178 ,
1828 1128 1948 1182 qua;

360 1200 554 1268 gratiae
597 1201 777 1254 omnia
821 1203 1097 1256 renovanti
1137 1212 1467 1272 competant.
1515 1203 1708 1260 Fames
1750 1205 1948 1275 quippe

363 1305 558 1360 magna
584 1300 731 1357 erat,
762 1292 931 1346 fames
966 1292 1131 1347 divini
1172 1293 1362 1360 verbi,
1397 1294 1564 1349 fames
1592 1310 1750 1364 quam
1788 1309 1948 1365 syna-

361 1394 515 1448 εοεαε
554 1379 912 1435 comminatus
938 1392 1022 1437 est
1051 1383 1191 1437 Deus
1211 1422 1227 1448 ,
1258 1383 1445 1438 dicens
1470 1403 1483 1439 :
1507 1383 1710 1438 Mittam
1738 1384 1809 1439 eis
1844 1401 1945 1438 non

360 1473 554 1542 [amem
582 1472 750 1542 panis,
795 1488 957 1543 neque
995 1474 1132 1527 sitim
1173 1490 1340 1547 aqum,
1373 1475 1462 1529 sed
1490 1480 1678 1547 [amem
1702 1464 1981 1530 audiendi~

361 1561 501 1615 uerbi
532 1563 733 1616 Domini
761 1564 958 1633 (Amos.
986 1565 1040 1620 8.
1066 1566 1176 1638 11).

427 1653 484 1707 2.
515 1653 647 1709 Cum
668 1671 798 1726 ergo
823 1658 1160 1727 conspiceret
1191 1668 1358 1714 totum
1386 1661 1575 1716 orbem
1621 1659 1761 1716 fame
1783 1660 1937 1716 labo-

358 1760 481 1801 rare
506 1755 561 1799 et
583 1746 848 1813 deiicere;
881 1749 1019 1818 quod
1043 1750 1187 1804 enim
1213 1759 1296 1806 est
1314 1751 1418 1806 cibi
1449 1753 1668 1822 penuria
1701 1753 1938 1823 corpori,

357 1836 590 1906 idipsum
635 1848 720 1892 est
770 1839 1069 1910 ignorantia
1105 1842 1335 1908 animae;
1380 1841 1500 1898 fons
1546 1843 1638 1899 ille
1677 1843 1939 1899 bonorum

356 1942 456 1996 per
484 1929 770 2000 Evangelia
797 1931 1025 1986 clamat:
1057 1930 1169 2003 Ego
1195 1950 1307 1987 sum
1334 1936 1484 2004 panis
1504 1935 1590 2005 qui
1613 1934 1675 1988 de
1691 1935 1815 1989 ctelo
1851 1935 1943 1988 de-

351 2019 581 2082 scendit,
609 2028 660 2074 et
697 2021 783 2090 qui
821 2022 910 2074 dat
936 2022 1090 2075 vitam
1127 2023 1317 2077 mundo
1355 2024 1531 2095 (Joan.
1560 2025 1612 2080 6.
1634 2026 1748 2097 «11).
1782 2026 1940 2081 Panis

351 2111 551 2181 quippe
596 2114 808 2167 sensilis
834 2130 899 2169 ex
929 2125 1070 2169 terra
1124 2117 1337 2186 prodit.
1371 2125 1430 2172 ut
1473 2117 1674 2173 dictum
1708 2128 1826 2183 est,
1869 2118 1938 2174 Ut

353 2203 539 2255 educas
566 2220 747 2272 panem
773 2206 836 2258 de
865 2215 999 2259 terra
1032 2205 1203 2277 (Psal.
1232 2208 1355 2263 105.
1381 2208 1468 2277 M)
1497 2227 1509 2261 :
1538 2210 1768 2263 carlestis
1808 2224 1938 2264 vero

354 2294 507 2361 panis
533 2310 598 2348 ex
638 2295 771 2349 caelo
818 2298 1043 2352 scaturit
1071 2314 1086 2353 :
1121 2298 1233 2368 Ego
1260 2300 1401 2352 enim
1446 2316 1557 2352 sum
1584 2300 1732 2369 panis
1759 2301 1844 2370 qui
1873 2299 1937 2355 de

350 2385 478 2437 calo
491 2384 766 2439 descendit.
784 2385 1003 2442 Deserta
1029 2390 1224 2458 quippe
1241 2399 1359 2444 erat
1373 2399 1510 2444 terra
1532 2390 1740 2456 sitiens,
1754 2391 1936 2445 divino

350 2474 606 2529 destituta
634 2477 835 2543 verbo,
884 2479 1142 2547 spirituali
1188 2480 1498 2552 irrigatione
1538 2482 1763 2550 privata.
1797 2481 1935 2547 Quid

349 2566 524 2634 ergo?
553 2566 642 2620 illa
672 2570 785 2636 ipsa
823 2571 1012 2638 gratia,
1045 2586 1164 2640 qua:
1193 2572 1451 2627 beneﬁcia
1481 2574 1711 2640 emittit,
1752 2575 1932 2629 excla-

350 2664 462 2708 mat
488 2671 503 2707 :
537 2654 600 2710 Si
627 2660 739 2722 quis
762 2660 889 2723 sitit,
917 2661 1080 2714 veniat
1104 2661 1171 2714 ad
1197 2679 1276 2715 me
1295 2674 1340 2717 et
1369 2662 1504 2717 bibat
1531 2663 1712 2733 (Joan.
1739 2666 1791 2719 7.
1816 2666 1929 2736 57).

349 2744 486 2811 Quia
527 2747 672 2800 enim
727 2750 939 2805 diverso
982 2752 1140 2806 modo
1179 2752 1482 2808 clamabant
1532 2756 1844 2824 praphetaz,
1877 2766 1932 2812 et

346 2842 527 2894 cuntis
554 2853 861 2896 sanctorum
892 2844 1088 2899 chorus
1129 2845 1246 2914 ejus
1274 2847 1558 2901 adventum
1604 2850 1928 2917 expetebat,

345 2932 569 2988 dicens:
599 2932 769 3001 Deus,
805 2933 943 2989 Deus
983 2953 1123 2991 meus
1150 2937 1219 2990 ad
1249 2947 1296 2992 te
1319 2938 1382 2992 de
1424 2939 1536 2993 luce
1565 2939 1715 3011 vigilo
1740 2960 1758 2994 :
1777 2941 1931 2996 sitivit

346 3024 525 3077 anima
579 3041 691 3078 mea
718 3026 787 3078 ad
829 3025 991 3079 Deum
1039 3028 1203 3082 vivum
1234 3028 1410 3099 (Psal.
1438 3030 1528 3085 62.
1556 3031 1609 3084 2.
1645 3042 1690 3085 et
1712 3033 1803 3086 41.
1827 3033 1884 3104 2)
1910 3050 1925 3100 ;

347 3123 407 3166 ιιι
432 3114 741 3170 ostenderet
761 3117 995 3186 seipsum
1022 3133 1143 3173 esse
1173 3135 1330 3189 quem
1354 3122 1604 3175 sitiebant
1630 3125 1925 3192 prophetae,

347 3218 444 3271 per
472 3204 755 3274 Evangelia
787 3207 1017 3261 clamat:
1052 3209 1114 3263 Si
1137 3211 1249 3280 quis
1276 3212 1413 3276 sitit,
1457 3214 1620 3266 ueniat
1644 3214 1712 3267 ad
1754 3231 1851 3282 me,
1882 3224 1928 3269 et

345 3295 502 3347 bibat.
537 3294 594 3349 Si
620 3296 740 3365 quis
766 3305 851 3350 est
877 3298 962 3351 illa
997 3298 1219 3356 aﬁ‘ectus
1249 3303 1539 3372 cupiditate
1582 3321 1702 3375 qua:
1728 3306 1805 3361 sic
1832 3322 1928 3362 ex-

347 3386 616 3453 primitur,
652 3388 822 3442 Sitivit
847 3390 901 3444 in
929 3399 977 3447 te
1004 3393 1173 3445 anima
1203 3411 1344 3460 mea,
1379 3397 1557 3450 veniat
1603 3397 1670 3452 ad
1702 3414 1807 3454 me.
1836 3399 1928 3454 Vi-

344 3477 507 3532 debat
526 3493 711 3533 rursus
731 3480 916 3536 orbem
935 3483 1152 3549 nudum,
1180 3500 1285 3540 non
1312 3501 1557 3557 corpore,
1582 3490 1923 3550 sed'virtute:

345 3568 562 3623 videbat
585 3569 854 3639 opiﬁcium
878 3587 1031 3627 suum
1055 3615 1070 3640 ,
1115 3586 1171 3630 et
1197 3578 1449 3633 misertus
1476 3590 1560 3634 est
1583 3581 1699 3651 ejus
1717 3623 1731 3647 ,
1762 3599 1926 3654 seque

346 3658 520 3729 ipsum
542 3660 636 3714 dat
661 3661 817 3717 nudis
842 3663 1234 3732 indumentum,
1265 3678 1320 3722 ut
1338 3668 1448 3738 jam
1492 3680 1617 3726 ante
1645 3672 1877 3728 diximus
1907 3693 1921 3730 :

350 3750 666 3823 Quicumque
691 3754 743 3806 in
791 3753 1047 3809 Christum
1076 3757 1321 3828 baptizati
1369 3762 1486 3815 estis
1510 3803 1525 3826 ,
1557 3762 1810 3818 Christum
1839 3768 1923 3820 in-

345 3842 527 3898 duistis
554 3843 699 3914 (Gal.
729 3845 782 3900 3.
812 3844 930 3917 2'7).
959 3847 1251 3903 Erraverat
1283 3858 1420 3905 terra
1450 3852 1589 3907 viam
1636 3870 1882 3925 quaerens
1906 3901 1921 3925 ,

345 3950 449 3988 nec
474 3935 754 3991 inveniens
796 3956 808 3991 :
845 3938 1018 3993 omnis
1059 3940 1258 4010 quippe
1288 3943 1464 3996 anima
1498 3959 1681 4000 semen
1715 3947 1923 4004 theolo-

346 4027 449 4095 giae
477 4027 528 4080 in
576 4042 634 4081 se
665 4027 857 4094 habet;
888 4041 941 4084 et
972 4031 1095 4085 licet
1134 4033 1184 4085 in
1216 4048 1274 4087 se
1304 4033 1523 4090 haberet
1550 4079 1565 4104 ,
1611 4041 1920 4108 nesciebat,

343 4117 615 4185 quomodo
644 4118 695 4172 id
724 4118 865 4188 quod
894 4119 1229 4176 desiderabat
1254 4127 1606 4195 perquireret.
1636 4131 1768 4198 Quia
1795 4148 1922 4203 ergo

342 4216 586 4262 errantes
620 4211 757 4262 viam
786 4210 1120 4279 ignorabant,
1145 4212 1253 4284 Ego
1279 4233 1389 4269 sum
1414 4217 1494 4270 via
1523 4218 1699 4289 (loan.
1725 4224 1883 4293 14.6)
1904 4266 1920 4292 ,

344 4299 537 4366 inquit.
574 4301 644 4354 At
670 4313 912 4358 mortuus
943 4304 1046 4357 es?
1076 4303 1189 4376 Ego
1238 4325 1353 4362 sunt
1403 4317 1700 4369 resurrectio
1722 4317 1740 4385 (
1760 4316 1918 4372 Joan.

341 4389 563 4463 11.25).
590 4392 657 4445 At
693 4393 936 4448 inﬁrmus
964 4409 1024 4449 es
1047 4437 1061 4460 ,
1104 4407 1159 4450 et
1199 4398 1359 4454 ductu
1411 4417 1545 4472 opus
1576 4404 1780 4461 habes?
1810 4410 1921 4480 Ego

343 4495 462 4534 sum
492 4482 635 4551 virga
669 4483 736 4537 de
780 4485 960 4540 radice
985 4485 1140 4541 Jesse
1160 4528 1175 4549 .
1206 4505 1324 4559 quae
1350 4503 1614 4550 sustentat
1644 4497 1882 4555 inﬁrmos
1903 4544 1919 4569 ,

338 4572 408 4625 de
438 4587 541 4641 qua
567 4573 696 4627 dicit
723 4576 983 4644 prOphela
1009 4594 1023 4630 :
1052 4577 1207 4649 Virga
1233 4590 1319 4634 tua
1346 4593 1391 4635 et
1410 4584 1621 4640 baculus
1646 4597 1780 4656 tuus,
1808 4592 1920 4660 ipsa

337 4678 419 4713 me
443 4664 705 4717 consoluta
732 4676 844 4718 sunt
873 4665 925 4735 (Ι
935 4668 1033 4720 sai.
1056 4669 1143 4722 ll.
1173 4669 1249 4741 1).
1275 4672 1384 4725 Cur
1418 4676 1562 4745 virga
1582 4719 1596 4742 ,
1629 4694 1727 4733 cur
1756 4680 1920 4736 bacu-

335 4754 463 4808 lus?
492 4756 626 4822 Quia
643 4758 787 4811 omni
819 4759 961 4813 aetati
982 4771 1294 4830 competunt
1321 4781 1335 4828 ;
1363 4764 1585 4834 juvenes
1613 4771 1916 4841 instituunt,

334 4861 498 4901 senes
527 4847 759 4903 Iirmant.
794 4850 1007 4917 Verum,
1036 4868 1071 4905 o
1101 4854 1344 4918 Domine.
1370 4856 1686 4915 Esurientem
1712 4880 1790 4917 me
1820 4882 1917 4919 nu-

336 4939 542 4999 trivisti.
574 4940 761 4994 sitienti
789 4953 961 5012 potum
988 4944 1190 5009 dedisti,
1223 4949 1413 5003 nudum
1437 4954 1697 5021 aperuisti,
1729 4973 1917 5012 erran-

336 5036 445 5081 tem
475 5028 756 5095 reduxisti,
787 5033 1052 5086 inﬁrmum
1076 5039 1417 5105 sustentasti;
1446 5043 1582 5096 viam
1614 5044 1914 5116 ingressus,

336 5119 557 5186 pietatis
601 5120 817 5190 vestigia
865 5135 1184 5192 asscquutus
1232 5143 1350 5181 sum
1383 5147 1397 5181 :
1430 5141 1634 5199 portam
1677 5138 1917 5194 veritatis

332 5226 522 5277 quer
555 5228 568 5265 :
597 5213 715 5280 quis
744 5214 1030 5269 ostendet?
1055 5216 1166 5287 Ego
1192 5236 1302 5273 sum
1322 5224 1504 5276 ostium
1539 5224 1715 5293 (Joan.
1738 5226 1822 5281 10.
1841 5228 1919 5298 9),

336 5315 435 5368 per
462 5317 548 5355 me
573 5303 798 5372 quisque
815 5304 880 5357 ad
908 5305 1117 5360 Patrem
1151 5308 1470 5378 ingreditur.
1499 5314 1599 5370 Per
1627 5325 1916 5388 te,quare?

333 5389 496 5445 Porta
525 5406 642 5445 sum
671 5395 859 5449 salutis
884 5406 1092 5466 aperta,
1122 5416 1279 5466 quam
1310 5405 1500 5471 quaerit
1520 5405 1707 5462 beatus
1727 5410 1911 5479 David,

330 5483 426 5550 qui
458 5498 581 5539 cum
615 5486 807 5541 multas
835 5490 1157 5558 cogitasset,
1193 5510 1350 5547 unam
1385 5496 1628 5566 invenit,
1659 5511 1710 5555 et
1741 5504 1914 5571 primo

331 5570 466 5626 dicit
496 5588 512 5627 τ
542 5575 746 5643 Aperite
772 5579 899 5631 milii
927 5593 1098 5651 portas
1132 5586 1384 5654 justitice;
1414 5589 1666 5659 ingressus
1714 5570 1764 5647 in
1793 5613 1908 5662 eas,

326 5659 616 5727 conﬁtebor
664 5664 883 5721 Domino
933 5671 1101 5739 (ἔδεαι.
1138 5676 1220 5727 I7.
1254 5677 1361 5746 l9).
1392 5680 1724 5739 Postulatum
1754 5659 1901 5742 asse;

636 5750 912 5815 PniwL.
960 5756 1077 5819 Gn.
1122 5762 1343 5825 LXIII.

1650 262 1737 319 DE
1775 259 2060 318 SIGILLIS
2097 224 2348 321 sentio.

3540 297 3643 355 831

2066 389 2262 477 (ιιιιιιιιε
2282 423 2297 449 ,
2328 389 2388 437 ιιι
2430 382 2635 442 invenit
2663 386 2717 443 id
2746 390 2888 461 quod
2934 410 3041 453 non
3069 406 3412 472 exspectabat
3437 449 3453 477 ,
3483 428 3641 470 unam

2066 472 2290 579 scilicet,
2324 492 2428 579 non
2457 479 2652 537 multas
2673 525 2688 547 ,
2722 488 2948 556 repetita
2977 507 3108 548 voce
3138 497 3270 554 dicit
3294 517 3309 555 :
3345 472 3472 560 uec
3495 523 3642 579 porta

2059 559 2313 664 D'omini;
2353 567 2487 637 justi
2515 570 2773 630 intrabant
2817 577 2871 633 in
2912 597 3044 637 eam.
3094 585 3295 648 Deinde
3333 559 3639 665 prophetica

2059 654 2266 711 visione
2295 666 2350 711 et
2374 661 2536 716 animi
2562 663 2830 723 desiderio
2851 669 2994 728 intus
3012 675 3305 749 ingressus,
3328 654 3477 754 quasi
3500 690 3637 745 intra
3669 730 3678 739 .

2060 748 2258 845 regiam
2281 752 2629 823 constitutus,
2650 755 2941 830 Can/itebor
2972 768 3082 835 tibi,
3109 771 3302 842 inquit,
3333 748 3454 845 quia
3478 797 3639 837 exau-

2058 838 2178 938 disti
2201 858 2298 894 me.
2326 843 2439 909 Dic,
2472 849 2728 918 prapheta
2751 863 2804 909 et
2837 857 3105 932 theologe,
3133 838 3405 928 conﬁteris
3425 887 3480 931 et
3514 894 3634 950 gra.

2060 928 2294 1030 tias-algis
2332 934 2485 1030 ﬁco?
2527 939 2655 1006 quid
2686 928 3099 1013 exspectatione
3122 966 3207 1012 tua
3236 928 3637 1030 dignumvit‘lve-

2058 1018 2181 1072 nisti
2206 1020 2229 1072 ?
2251 1021 2354 1126 Qui
2385 1027 2678 1126 cupiuntin
2698 1031 2914 1092 domum
2944 1044 3142 1112 regiam
3175 1018 3636 1126 ingredi,sperant

2055 1123 2115 1162 se
2144 1111 2327 1167 oculos
2354 1118 2712 1176 exsatiaturos
2745 1139 2866 1180 csse
2894 1111 3475 1206 Spectaculis,“auri'eti

2062 1212 2272 1254 morum
2304 1200 2536 1273 fulgore,
2560 1208 2866 1269 divitiarum
2896 1221 3056 1277 variis
3081 1224 3301 1286 ﬁoribus
3324 1274 3340 1299 ,
3383 1239 3638 1299 satellitio

2053 1297 2109 1342 et
2132 1292 2268 1391 solio
2295 1296 2462 1365 regio,
2487 1314 2671 1370 regum
2702 1310 3020 1367 muneribus
3045 1330 3059 1369 :
3086 1315 3201 1373 haec
3227 1292 3424 1393 singuli

2053 1381 2351 1450 cupientes,
2385 1389 2585 1458 regiam
2615 1405 2895 1465 expetunt,
2924 1411 2979 1456 et
3002 1404 3277 1465 desiderio
3307 1381 3631 1477 ardent:

2055 1476 2339 1581 veroquid
2365 1478 2642 1581 desideras
2669 1501 2857 1544 eorum
2880 1530 2896 1557 ,
2920 1508 3039 1563 quia
3080 1498 3355 1569 ingressus
3384 1522 3480 1576 per
3507 1525 3631 1581 por-

2053 1566 2160 1666 tam
2186 1564 2432 1675 invertisti
2444 1571 2492 1675 .i‘
2506 1573 2574 1628 de
2603 1590 2705 1675 qua
2728 1594 2787 1635 re
2811 1586 3011 1651 gratias
3038 1564 3160 1658 agis
3173 1594 3196 1645 ‘!
3225 1597 3352 1664 quid
3381 1564 3630 1675 inagizuin

2050 1653 2340 1756 invenisti?
2367 1662 2836 1757 quid_cupiditate
2877 1653 3137 1745 dignuni?
3164 1653 3630 1757 explieadetside:

2048 1745 2186 1847 rium
2214 1758 2383 1847 tuum,
2412 1769 2479 1808 ne
2499 1754 2720 1815 Judaica
2750 1762 3076 1833 impudentia
3105 1745 3382 1837 veritatem

2048 1836 2245 1942 pietur.
2276 1840 2410 1942 Quid
2441 1846 2728 1906 invenisti?
2753 1857 2878 1924 quid
2907 1862 3201 1927 praedicas?
3228 1836 3629 1942 αυίάιηῖἶξιῖξξτ

2046 1929 2352 1998 Christum,
2388 1935 2587 2008 inquit,
2622 1941 2832 2014 inveni,
2861 1948 3059 2008 Christi
3089 1929 3623 2043 ceconbmiaiii

2042 2663 2512 2776 Xide‘n’quomodo
2535 2681 2825 2748 gratiarum
2842 2663 2985 2745 actio
3011 2663 3620 2776 historiam‘aperueri-tli

2038 2755 2325 2861 lionﬁtebor
2358 2765 2466 2832 tibi,
2493 2773 2734 2837 quoniam
2770 2782 3023 2837 exaudiin
3043 2802 3141 2854 me,
3161 2802 3208 2844 et
3225 2755 3395 2866 factbs

2119 2854 2356 2966 s‘alutem.
2389 2858 2639 2931 Lapidem
2668 2883 2816 2935 quem
2847 2850 3238 2942 reprobaverunl

2037 2943 2118 2997 hic
2139 2946 2305 3015 factus
2331 2961 2404 3003 est
2423 2953 2477 3006 in
2504 2966 2657 3023 caput
2685 2963 2885 3031 anguli.
2913 2965 3103 3024 Viden‘
3125 2943 3402 3042 quomodo

2037 3039 2416 3108 prephetarum
2447 3053 2776 3117 exspectatio
2823 3056 2992 3126 ipsam
3038 3039 3393 3129 meonomiam
3443 3083 3617 3151 reSpi-

2036 3130 2161 3245 cialt,
2194 3142 2248 3186 et
2270 3132 2547 3245 Fbrislum
2576 3141 2848 3202 desideret
2878 3150 2929 3203 in
2960 3168 3227 3231 synagoga
3260 3130 3613 3245 contentum,

2034 3222 2127 3332 sed
2156 3225 2296 3292 apud
2323 3237 2512 3296 gentes
2539 3234 2888 3294 celebratum.
2922 3222 3142 3316 Itaque,
3165 3222 3235 3307 iit
3258 3257 3326 3312 ad

2037 3319 2144 3365 tum
2174 3326 2532 3387 revertamur,
2575 3326 2617 3377 si
2650 3338 2857 3394 portam
2884 3349 3119 3404 quiet-as,
3152 3319 3424 3406 Christum

2034 3403 2169 3458 nies.
2309 3424 2440 3513 sane
2462 3452 2479 3480 ,
2507 3412 2717 3485 inquies
2739 3460 2753 3483 ,
2785 3434 2933 3491 porta
2984 3441 3065 3484 est
3108 3403 3177 3488 ob
3232 3403 3611 3513 benignitatem

2033 3510 2202 3550 suam.
2236 3500 2339 3555 Sed
2371 3505 2493 3571 quia
2513 3522 2646 3575 opus
2675 3520 2759 3565 est
2777 3514 2847 3579 ei,
2877 3517 2967 3585 qui
2996 3518 3047 3572 in
3078 3524 3282 3592 regiam
3308 3500 3386 3585 et“
3391 3534 3445 3587 in

2033 3589 2195 3687 plum-
2214 3591 2309 3646 Dei
2337 3594 2654 3665 ingreditur,
2683 3612 2740 3656 ut
2788 3605 3065 3664 ductorem
3098 3589 3166 3669 eo
3194 3634 3303 3687 quo
3342 3622 3447 3681 fert

2032 3695 2149 3734 mus
2181 3681 2372 3739 haheat
2406 3689 2588 3758 (nemo
2617 3694 2761 3749 enim
2799 3698 2864 3752 ad
2914 3700 3083 3759 altare
3131 3711 3388 3769 accedere
3430 3721 3609 3787 ausit,

2032 3772 2132 3870 nisi
2163 3776 2417 3831 sacerdos
2446 3779 2606 3853 adsit)
2632 3800 2646 3847 ;
2673 3800 2793 3839 cum
2826 3805 2918 3857 per
2948 3805 3156 3861 portam
3196 3772 3608 3872 ingressus

2032 3860 2105 3912 ris
2125 3903 2139 3926 ,
2167 3863 2341 3931 ipsum
2370 3869 2704 3928 sacerdotem
2738 3860 2978 3937 invenies
3007 3925 3022 3949 ,
3057 3888 3147 3956 qui
3177 3899 3230 3945 te
3252 3860 3559 3955 "admoveat
3594 3922 3606 3957 :

2029 3949 2108 4002 Tu
2134 3954 2274 4006 enim
2308 3962 2619 4016 es‘sacerdos
2663 3965 2715 4018 in
2769 3980 3013 4026 anet-num
3065 3981 3343 4038 secundum
3382 3991 3609 4047 ordinem

2032 4040 2403 4140 dleleliisedech
2440 4050 2609 4120 (Psal-
2644 4057 2768 4112 109.
2794 4060 2873 4132 4).
2902 4062 3007 4118 Sed
3040 4082 3175 4138 opus
3224 4040 3608 4140 habet,

2030 4134 2127 4189 dos
2173 4136 2342 4194 hostia
2393 4152 2445 4197 et
2489 4144 2737 4215 victima,
2770 4161 2828 4206 ut
2855 4153 3020 4211 Deum
3071 4134 3356 4232 propitium
3398 4134 3603 4232 reddat.

2029 4225 2147 4294 Ipse
2175 4229 2266 4282 tibi
2294 4231 2501 4334 victima
2535 4245 2617 4291 est
2637 4254 2650 4289 :
2672 4238 2804 4334 Ecce
2816 4240 2993 4313 Agnus
3010 4225 3125 4317 Dei,
3157 4225 3248 4321 qui
3271 4225 3605 4334 tollit

2029 4329 2134 4418 tum
2158 4323 2337 4418 mundi
2364 4323 2546 4418 (Joan.
2578 4329 2628 4383 1.
2647 4328 2760 4404 29).
2789 4334 2914 4391 Ilaec
2940 4343 3116 4398 omnia
3139 4359 3359 4418 propter
3388 4323 3439 4410 te
3456 4359 3608 4414 audi-

2025 4412 2146 4465 visti
2169 4415 2340 4508 laudi
2362 4417 2472 4486 jam
2525 4434 2745 4494 propter
2774 4428 2968 4496 ipsum.
2992 4433 3069 4490 Ne
3090 4412 3257 4495 sistas
3276 4412 3604 4508 intuitumin

2026 4502 2308 4559 sacerdotii
2331 4508 2520 4564 ordine
2547 4552 2563 4577 ,
2596 4529 2665 4569 ne
2692 4521 2948 4587 respicias
2978 4525 3125 4581 illum
3163 4541 3219 4584 ut
3269 4540 3602 4599 sacerdotem

2023 4593 2365 4665 adstantem;
2406 4602 2500 4657 sed
2550 4608 2760 4677 respice
2791 4611 2939 4668 illum
2971 4633 3070 4687 per
3095 4636 3244 4678 suam
3289 4593 3601 4699 dignitatem

2022 4704 2142 4743 cum
2182 4691 2339 4746 Patre
2367 4694 2670 4753 sedentem.
2705 4702 2900 4760 Verum
2930 4724 2996 4764 ne
3022 4712 3181 4781 adsit,
3217 4691 3456 4779 veritatis

2026 4779 2215 4843 Inicus,
2248 4782 2337 4850 qui
2366 4785 2468 4840 alia
2498 4790 2719 4859 adimat,
2750 4797 2855 4850 alia
2886 4801 3041 4855 celet.

2055 4960 2065 4971 .
2093 4870 2543 4974 Contradrianos.
2574 4915 2645 4924 --
2672 4886 2803 4943 Novi
2838 4890 3145 4952 hmreticum
3174 4909 3474 4977 quempiam
3508 4931 3600 4970 rc-

2024 4964 2196 5015 ritatis
2234 4964 2518 5023 inimicum
2564 4989 2707 5043 smpe
2756 4978 3002 5038 dixisse:
3046 4964 3235 5045 Viden’
3278 4964 3383 5052 non
3439 4964 3598 5071 posse

2022 5057 2327 5124 quempiam
2358 5063 2421 5112 ad
2449 5063 2662 5119 Patrem
2694 5073 2951 5131 accedere
2984 5078 3101 5134 sine
3132 5083 3311 5141 Filio?
3338 5057 3597 5152 mediain

2023 5145 2098 5256 ris
2118 5149 2313 5217 quippe
2339 5153 2579 5210 ordinem
2613 5167 2756 5216 tenet
2786 5180 2849 5219 ac
2876 5169 3130 5239 ministri,
3154 5179 3242 5247 qui
3272 5198 3367 5238 eos

2026 5237 2186 5291 lutem
2220 5256 2619 5313 consequuntur
2650 5253 2790 5309 Patri
2824 5257 3001 5316 ol‘fert.
3030 5237 3185 5331 Quia.
3205 5237 3359 5328 enim,
3385 5237 3595 5351 ιῖιῖιύἷῖ,

2024 5344 2158 5431 nova
2197 5335 2467 5440 sapientia
2509 5342 2788 5402 veritatem
2845 5353 3123 5423 Innovari;
3173 5379 3345 5435 neque
3391 5335 3596 5440 poterat

2021 5422 2164 5474 enim
2197 5422 2424 5477 humana
2457 5437 2638 5482 natura
2666 5451 2760 5502 per
2786 5453 2844 5491 se
2865 5443 2931 5494 ad
2958 5443 3120 5502 Deum
3147 5422 3410 5516 accedere

2022 5513 2228 5566 medius
2254 5516 2390 5570 inter
2427 5530 2656 5576 creatam
2687 5537 2741 5580 et
2789 5530 3079 5590 increatam
3131 5513 3401 5604 naturam'
3431 5513 3596 5611 Filius

2021 5604 2274 5658 mundum
2306 5604 2459 5663 offert
2512 5612 2641 5671 Deo.
2674 5616 2719 5672 Ο
2768 5637 2960 5679 novam
2998 5629 3258 5692 insaniam
3288 5640 3302 5694 !
3335 5658 3366 5698 ο
3398 5661 3593 5704 novam

2021 5691 2282 5750 fabulam!
2316 5702 2582 5759 exrclleus
2609 5708 2776 5767 Patris
2842 5716 3052 5777 bonitas
3082 5730 3417 5795 periclitatur
3437 5691 3592 5811 ναι)..έέ

3168 5815 3247 5875 27

3494 4729 3598 4786 ini-
