3966 6160
305 275 410 333 535

312 389 623 457 haereticos,
644 384 736 456 qui
763 379 1064 439 divinitatis
1101 375 1410 448 dignitatem
1437 375 1746 431 obscurant.
1776 370 1883 426 Ve-

310 493 427 534 rum
457 478 835 533 haereticorum
866 470 1076 528 insania
1106 468 1335 534 ferocit;
1368 466 1677 522 Servatoris
1704 472 1884 518 autem

309 578 547 638 potestas
599 582 702 621 non
760 563 1061 621 minuitur.
1119 558 1288 629 gloria
1340 565 1445 612 non
1494 555 1886 624 exstinguitur,

309 660 477 727 gratia
526 672 634 711 non
661 654 944 711 evertitur.
974 652 1033 706 Si
1064 667 1156 704 nos
1182 691 1197 715 ,
1252 649 1459 718 inquit,
1501 647 1845 718 negaverimus
1868 683 1882 709 ,

309 752 399 806 ille
439 750 610 819 ﬁdelis
662 757 827 800 manet
872 744 970 817 (2.
995 743 1126 797 Tim.
1150 741 1204 796 2.
1236 742 1370 812 I3):
1413 740 1646 810 seipsum
1694 738 1889 807 quippe

311 857 507 912 negare
535 855 642 894 non
674 847 869 909 potest.
904 835 1020 890 Una
1067 833 1219 887 sedet
1247 833 1316 886 ob
1362 831 1673 901 dignitatem
1703 841 1886 889 suam;

310 942 417 987 stat
443 946 575 987 vero
602 940 664 985 ut
689 926 944 983 sacerdos
971 926 1044 979 ob
1072 924 1176 979 sibi
1210 924 1448 976 innatam
1482 920 1886 991 benignitatem.

381 1023 437 1079 5.
468 1022 532 1076 Et
558 1035 670 1075 rem
714 1018 904 1073 miram
932 1014 1239 1078 considera,
1276 1014 1460 1068 frater.
1490 1012 1623 1079 Quia
1653 1011 1706 1064 in
1750 1009 1889 1063 servi

315 1114 559 1168 ordinem
582 1121 638 1167 ει
664 1110 896 1165 ministri
926 1110 1151 1162 formam
1187 1103 1302 1159 hazc
1342 1104 1506 1158 verba
1535 1101 1853 1169 detorquent
1873 1140 1889 1165 ,

314 1205 483 1260 Nemo
532 1206 667 1259 venit
704 1204 770 1256 ad
814 1201 1022 1255 Patrem
1045 1239 1061 1263 ,
1089 1198 1187 1251 nisi
1217 1212 1306 1267 per
1354 1211 1432 1248 me
1478 1192 1658 1265 (Joan.
1695 1192 1781 1246 14.
1811 1188 1889 1262 6).

315 1297 679 1354 necessarium
708 1303 791 1350 est
835 1293 902 1348 ad
932 1290 1219 1346 luereticos
1259 1287 1546 1357 impietatis
1572 1286 1777 1339 crimen
1808 1299 1895 1338 re-

317 1401 591 1459 torquere.
617 1388 674 1443 Si
705 1384 847 1454 quod
876 1384 1021 1439 Patri
1050 1382 1219 1436 Filius
1245 1379 1458 1444 oderat,
1492 1378 1543 1432 id
1573 1377 1888 1446 dignitatem

319 1480 599 1535 offerentis
628 1477 810 1540 tollit;
841 1476 884 1529 si
915 1474 1127 1528 Patrem
1155 1471 1339 1526 videas
1368 1470 1507 1525 Filio
1553 1467 1890 1530 offerentem,

317 1573 445 1628 illuc
470 1570 799 1639 impietatem
824 1565 1090 1621 extendis.
1114 1563 1343 1619 Maxime
1377 1576 1506 1631 ergo
1531 1600 1545 1624 ,
1577 1559 1705 1614 dum
1734 1559 1895 1627 impie

316 1666 430 1734 agis
474 1662 527 1717 in
571 1660 798 1726 Filium,
850 1658 903 1711 in
955 1656 1167 1711 Patrem
1219 1654 1577 1723 blaSphemas.
1612 1650 1681 1706 Ut
1727 1664 1893 1719 ergo,

319 1755 529 1819 fratres,
559 1751 611 1806 in
641 1749 806 1805 verbo
838 1747 1051 1816 pietatis
1071 1753 1126 1800 et
1150 1744 1392 1800 veritatis
1422 1742 1717 1812 nequitiam
1740 1755 1891 1794 com-

319 1848 609 1917 primamus
635 1883 649 1905 ,
683 1850 737 1896 et
784 1840 927 1909 piam
971 1840 1292 1892 sententiam
1337 1834 1673 1889 declaremus
1701 1830 1898 1902 (Vivus

317 1950 388 1994 est
418 1938 546 1993 enim
574 1951 737 1990 sermo
766 1932 862 1986 Dei
883 1942 928 1986 et
956 1931 1151 2003 eﬁicax,
1176 1940 1222 1984 et
1241 1927 1597 1999 penetrabilior
1616 1926 1752 1980 ontni
1783 1925 1899 1995 gla-

318 2031 403 2084 dio
428 2028 636 2100 ancipiti
665 2024 864 2101 [Helm
891 2026 945 2080 4.
972 2021 1081 2096 12]
1117 2040 1130 2077 :
1159 2022 1394 2093 gladium
1416 2019 1703 2089 ancipitem
1721 2027 1897 2081 vocat,

317 2124 441 2193 quia
471 2120 668 2191 duplici
711 2118 875 2173 utitur
901 2128 1153 2172 sermone
1174 2154 1190 2178 ,
1207 2113 1313 2169 alio
1343 2114 1623 2175 firmante,
1646 2109 1754 2165 alio
1775 2108 1902 2163 sub-

318 2221 591 2273 vertente;
618 2208 961 2264 subvertente
985 2205 1346 2269 adversarios,
1376 2203 1623 2257 ﬁrmante
1644 2201 1901 2256 domesti-

319 2321 412 2361 cos
442 2302 588 2371 ﬁdei)
606 2319 619 2356 :
637 2300 760 2354 audi
785 2301 957 2369 ipsum
986 2298 1266 2352 Dominum
1288 2294 1553 2350 dicentem
1579 2311 1594 2347 :
1621 2291 1785 2346 Nemo
1810 2306 1903 2362 po-

320 2406 412 2452 test
437 2395 601 2450 venire
622 2390 691 2445 ad
710 2408 788 2447 me
809 2430 826 2458 ,
851 2390 947 2444 nisi
969 2387 1126 2442 Pater
1152 2403 1290 2442 meus
1309 2385 1523 2441 calcatis
1553 2384 1761 2438 traxerit
1789 2398 1902 2436 eum

322 2486 570 2562 (Joan.6.
595 2486 709 2556 44).
738 2481 1108 2540 Necessarium
1136 2489 1314 2535 autem
1335 2487 1437 2545 est,
1467 2479 1677 2544 fratres,
1704 2491 1904 2547 eaquae

322 2585 620 2649 opportuna
661 2583 786 2630 sunt
802 2573 1070 2629 haereticis
1098 2571 1281 2627 dicere
1304 2610 1320 2635 ,
1343 2580 1396 2625 et
1418 2569 1558 2625 hanc
1580 2569 1902 2624 sententiam

324 2668 447 2725 fidei
477 2668 599 2723 filiis
623 2666 910 2721 inculcare.
939 2664 1047 2719 Cur
1066 2661 1211 2717 illam
1227 2661 1549 2717 oblationem
1574 2661 1903 2731 unigenitum

326 2762 416 2816 Dei
431 2760 664 2817 Verbum
693 2758 891 2823 divisit,
924 2756 1082 2811 modo
1097 2754 1281 2810 dicens
1292 2753 1361 2808 ab
1375 2768 1434 2809 se
1444 2753 1610 2820 Patri,
1626 2752 1784 2807 modo
1804 2751 1905 2806 sibi

324 2867 353 2906 a
380 2852 537 2907 Patre
563 2848 781 2904 oﬂerri?
809 2860 982 2917 neque
1020 2845 1164 2901 enim
1182 2859 1243 2900 ea
1258 2858 1376 2915 quae
1391 2842 1459 2898 ad
1486 2842 1721 2898 divinam
1752 2851 1906 2896 natu-

323 2958 437 2998 ram
456 2941 720 3011 pertinent
734 2937 1161 3003 confunduntur;
1179 2935 1275 2991 sed
1288 2938 1507 2989 verbum
1530 2933 1769 2989 veritatis
1792 2934 1905 3003 pla-

324 3047 450 3088 num
476 3040 530 3085 et
552 3030 856 3085 distinctum
873 3038 976 3094 est,
1005 3027 1135 3081 nihil
1160 3027 1361 3082 habens
1380 3026 1654 3096 obliquum
1683 3036 1775 3079 aut
1797 3035 1907 3080 tor-

326 3135 536 3180 tuosum
566 3141 580 3178 :
607 3122 791 3175 Omnes
808 3121 947 3174 enim
980 3119 1071 3172 vite
1087 3117 1289 3171 Domini
1309 3127 1459 3171 recte
1479 3115 1648 3185 (Psaf.
1672 3115 1762 3172 24.
1789 3115 1903 3187 10).

399 3214 539 3268 Deus
562 3213 813 3284 quomodo
838 3221 953 3278 stet,
976 3209 1230 3278 quomodo
1260 3210 1446 3264 sedeat.
1471 3238 1540 3248 —
1574 3209 1709 3263 Num
1735 3223 1868 3279 ergo
1886 3249 1900 3274 ,

329 3307 545 3371 fratres,
570 3303 750 3367 Pater,
785 3301 945 3356 modo
970 3301 1164 3356 sedens
1193 3301 1494 3370 primasque
1534 3310 1742 3367 tenens,
1760 3299 1908 3354 obla-

328 3408 412 3453 tos
440 3397 659 3465 recipit;
693 3395 852 3449 modo
880 3391 1016 3446 Filio
1036 3432 1051 3455 ,
1079 3392 1130 3445 in
1178 3391 1324 3461 regio
1355 3391 1540 3445 habitu
1591 3390 1797 3445 sedenti
1846 3401 1901 3444 et

328 3490 529 3560 primas
561 3487 786 3550 tenenti,
814 3484 1055 3540 debitum
1086 3483 1265 3538 reddit
1290 3493 1346 3537 et
1375 3484 1429 3538 in
1460 3484 1691 3537 ministri
1717 3482 1906 3538 ordine

329 3580 591 3651 quosdam
619 3579 754 3633 Filio
785 3575 985 3632 affert?
1004 3575 1159 3630 Absit
1185 3594 1198 3629 :
1232 3589 1354 3628 nam
1396 3575 1449 3629 in
1498 3575 1607 3629 Deo
1629 3589 1798 3653 ,_cum
1823 3589 1911 3628 se-

331 3675 455 3729 dem
484 3672 605 3742 quis
633 3670 895 3733 nominat,
944 3682 1048 3723 non
1077 3666 1238 3721 debet
1266 3666 1559 3720 humanum
1589 3665 1787 3735 aliquid
1816 3681 1910 3720 co-

336 3765 508 3833 gilare
532 3778 548 3827 ;
576 3776 748 3830 neque
779 3774 901 3813 cum
932 3768 1077 3812 stare
1108 3757 1248 3811 Deus
1279 3755 1494 3820 dicitur,
1521 3756 1573 3809 id
1604 3756 1766 3810 debet
1809 3756 1910 3808 lm-

332 3868 492 3907 mano
521 3866 671 3906 more
717 3848 957 3918 intelligi.
983 3846 1039 3902 Si
1070 3847 1235 3900 Deum
1285 3856 1431 3899 stare
1460 3845 1645 3899 audias
1669 3886 1684 3911 ,
1717 3845 1912 3899 divina:

335 3942 647 4000 substantiae
673 3949 876 4027 r'ectam
904 3937 1211 3993 firmitatem
1258 3936 1496 4005 intelligo
1525 3954 1539 3989 :
1569 3938 1612 3990 si
1657 3937 1802 4007 legas
1827 3937 1911 3992 vel

335 4036 520 4089 audias
543 4035 715 4103 ipsum
744 4029 954 4095 sedere,
980 4029 1357 4082 ineoncussam
1386 4027 1555 4082 beata:
1579 4036 1787 4081 naturae
1807 4038 1917 4081 sta-

339 4127 596 4181 bilitatem
635 4123 830 4194 cogita.
860 4121 979 4191 Ipse
1005 4119 1136 4175 dicit
1163 4134 1221 4174 se
1252 4130 1396 4174 stare
1421 4128 1477 4174 et
1497 4118 1687 4174 sedere
1711 4138 1724 4174 :
1745 4120 1914 4191 Moysi

337 4217 466 4271 dicit
492 4233 507 4271 :
537 4213 620 4268 Tu
647 4223 724 4267 sta
744 4215 826 4267 hic
854 4228 1065 4266 mecum.
1092 4209 1159 4265 Et
1181 4221 1287 4264 erat
1313 4209 1455 4264 locus
1481 4209 1565 4264 ubi
1585 4211 1748 4265 stabat
1775 4210 1916 4266 Deus

342 4305 547 4372 Israel,
594 4304 739 4375 quasi
775 4303 906 4375 lapis
934 4303 1165 4374 sappltiri
1190 4302 1384 4375 (Exod.
1412 4302 1501 4357 54.
1524 4302 1578 4356 2.
1601 4312 1647 4356 ει
1679 4301 1770 4356 24.
1801 4300 1913 4375 10).

342 4399 635 4469 Diligenter
658 4394 1025 4450 animadverte
1068 4393 1323 4466 :Moyses
1362 4403 1595 4448 stantem
1641 4393 1811 4460 dicit,
1863 4404 1919 4449 et

341 4496 482 4549 Deus
507 4488 672 4561 Moysi
703 4486 855 4558 quasi
880 4495 1049 4551 stans,
1072 4485 1202 4540 dicit
1227 4504 1241 4539 :
1269 4485 1366 4540 Sta
1392 4502 1608 4540 mecum.
1626 4485 1765 4552 Quid
1789 4501 1919 4557 ergo

340 4597 654 4642 censeamus
678 4580 745 4635 de
768 4578 1001 4635 Ieremia
1025 4576 1258 4642 dicente,
1277 4575 1357 4630 Tu
1376 4577 1554 4630 sedens
1574 4578 1627 4630 in
1652 4579 1918 4645 aniculam,

342 4688 399 4735 et
437 4692 535 4733 nos
582 4673 820 4745 perimus
871 4672 922 4724 in
954 4668 1251 4725 saeculum?
1279 4669 1451 4724 Sedes
1492 4679 1547 4724 et
1592 4669 1752 4724 statio
1796 4678 1921 4724 sunt

342 4774 572 4826 humana
589 4767 771 4830 verba,
802 4763 896 4818 sed
926 4776 1118 4818 sensus
1148 4772 1230 4817 est
1263 4760 1497 4815 divinus.
1528 4761 1659 4829 Quia
1688 4763 1919 4816 humana

348 4864 457 4919 vita
485 4863 588 4916 huc
616 4859 742 4914 illuc
786 4855 1168 4925 circumagitur
1192 4895 1208 4919 ,
1254 4854 1393 4907 Deus
1433 4862 1578 4908 stare
1603 4853 1836 4919 dicitur;
1868 4862 1924 4908 et

342 4955 463 5025 quia
499 4966 596 5005 nos
640 4948 861 5003 minime
906 4946 1042 5000 firmi
1088 4944 1472 5014 instabilesque
1512 4958 1730 5012 sumus,
1781 4945 1924 5000 Deus

345 5045 540 5100 dicitur
557 5039 744 5096 sedere
767 5040 836 5093 ob
852 5036 1196 5092 stabilitatem
1215 5050 1365 5091 suam
1389 5054 1402 5091 :
1420 5034 1563 5105 quod
1584 5036 1725 5091 enim
1751 5037 1921 5102 sedet,

347 5137 559 5190 firmum
585 5142 686 5188 est.
707 5131 852 5200 Fuge
870 5128 960 5182 illa
981 5142 1098 5197 qua:
1128 5128 1219 5181 tibi
1250 5143 1317 5181 ex
1344 5126 1563 5181 vocibus
1577 5127 1920 5196 objiciuntur,

347 5235 399 5282 et
413 5226 583 5295 cogita
597 5224 683 5278 illa
697 5237 815 5290 quae
828 5236 923 5291 per
936 5218 1092 5273 fidem
1110 5216 1779 5287 percipiuntur.Quomodo
1795 5233 1926 5287 ergo

346 5319 504 5375 ofl‘ert
516 5316 655 5373 Patri
676 5313 863 5369 Filius?
879 5310 1148 5384 quomodo
1165 5312 1318 5365 Pater
1330 5309 1492 5364 Filio?
1509 5325 1681 5379 neque
1696 5314 1837 5363 enim
1854 5310 1931 5364 di-

347 5423 490 5467 ctum
509 5406 638 5464 illud
659 5407 774 5461 sine
798 5404 1041 5460 examine
1060 5401 1463 5474 relinquendum
1486 5412 1586 5456 est.
1616 5401 1772 5455 Pater
1784 5399 1920 5455 Filio

349 5502 606 5573 quosdam
626 5498 941 5567 conspicuos
958 5504 1014 5551 et
1035 5495 1286 5566 probatos
1310 5493 1467 5549 oﬂert
1484 5511 1498 5559 ;
1518 5493 1685 5548 Filius
1714 5506 1924 5563 quoque

349 5593 492 5649 Patri
507 5590 768 5662 quosdam
781 5589 1098 5659 conspicuos
1111 5597 1168 5644 et
1188 5587 1437 5657 probatos
1454 5585 1628 5641 offert.
1644 5587 1717 5640 Ne
1731 5597 1784 5640 tu
1802 5601 1930 5656 prae

351 5698 637 5756 occupans,
654 5683 853 5738 dictum
871 5681 937 5738 ad
952 5680 1272 5739 calumniam
1293 5678 1544 5747 abripias,
1565 5680 1656 5733 sed
1678 5687 1927 5748 exspecta

1436 257 1804 319 SEVERIANI
1855 254 2199 312 GABALOB.
2239 255 2454 315 EPISC.

2005 369 2161 426 finem
2191 381 2248 427 et
2273 370 2342 426 de
2364 369 2508 426 dicto
2540 370 2714 441 judica
2750 388 2763 425 :
2787 386 2855 426 ne
2877 371 2953 425 sis
2973 368 3149 440 iudex
3177 368 3441 439 inimicus,
3468 376 3549 428 sal

1995 471 2335 517 concertator
2349 462 2660 517 benevolus.
2680 460 2736 515 In
2757 460 2914 516 lsrael
2932 461 3071 516 Deus
3086 467 3146 515 et;
3162 461 3314 517 Pater
3325 463 3543 532 cognitus

1994 565 2132 621 erat,
2157 553 2323 609 Filius
2346 554 2725 625 ignorabatur:
2756 553 2895 623 apud
2923 562 3110 624 gentes
3135 562 3306 608 autem
3333 563 3388 609 et
3404 553 3543 609 Pater

1994 644 2400 715 ignorabaturet
2412 645 2579 700 Filius
2594 662 2607 698 :
2630 661 2751 700 nam
2765 645 3136 715 multiplicium
3153 644 3365 700 deorum
3379 660 3546 702 errore

1996 736 2395 792 detinebantur.
2433 735 2532 791 Ubi
2563 735 2723 806 igitur
2748 736 2908 791 Pater
2936 746 3094 791 uetus
3122 746 3221 800 est,
3253 734 3411 791 Filius
3433 751 3549 791 vero

1997 828 2275 897 ignoratur
2298 868 2313 893 ,
2347 828 2512 897 ignmi
2561 827 2686 883 Filii
2740 828 3006 896 interpres
3026 837 3108 881 est
3151 826 3325 881 Pater.
3353 827 3550 881 Sermo-

1997 934 2119 974 nem
2147 934 2437 985 resumam,
2468 929 2525 974 ut
2552 919 2965 990 intelligentiam
3010 928 3262 973 statuam.
3282 916 3381 974 Ubi
3410 917 3554 974 Pater

1997 1023 2156 1069 notus
2182 1022 2296 1081 est,
2318 1015 2388 1070 de
2411 1014 2550 1069 Filio
2575 1025 2755 1069 autem
2785 1013 3062 1068 dubitatur
3081 1054 3097 1078 ,
3129 1022 3289 1067 notus
3323 1012 3475 1082 ignoti
3502 1012 3554 1066 fit

1997 1106 2261 1176 interpres
2289 1123 2307 1161 :
2335 1108 2422 1162 ubi
2470 1108 2628 1163 Pater
2674 1109 2969 1178 ignoratur,
2996 1106 3161 1177 ignoti
3187 1121 3363 1180 praeco
3404 1106 3556 1162 Filius

1997 1197 2251 1253 efficitur.
2291 1198 2451 1265 Ideo,
2482 1208 2540 1253 ut
2580 1207 2890 1255 accuratum
2927 1198 3192 1253 dictorum
3218 1213 3435 1253 examen
3474 1212 3555 1251 ac-

1997 1289 2201 1357 cipias,
2253 1305 2570 1360 sponsorem
2616 1292 2709 1346 tibi
2759 1291 3104 1361 Evangelium
3159 1290 3392 1361 praebeo.
3436 1289 3559 1343 liicit

1999 1381 2255 1438 Servator
2279 1382 2347 1437 de
2371 1383 2645 1453 gentibus:
2675 1382 2880 1438 Nomen
2904 1393 3044 1436 tuum
3062 1384 3377 1454 manifestavi
3388 1382 3558 1435 mundo

2000 1470 2185 1540 (Joan.
2218 1474 2307 1527 I7.
2332 1472 2429 1544 6);
2482 1475 2590 1529 imo
2630 1474 2897 1544 ignoranti
2951 1473 3154 1529 mundo
3193 1488 3386 1527 nomen
3427 1481 3559 1526 tuum

2003 1563 2367 1620 manifesmvi.
2390 1565 2543 1633 Quod
2588 1581 2781 1620 nomen
2818 1564 3220 1620 manifestavit‘t
3256 1564 3405 1632 Quod
3437 1565 3563 1618 Deus

2002 1664 2164 1708 esset.
2189 1656 2344 1721 Atqui
2388 1656 2625 1727 cognitio
2654 1672 2848 1713 nomen
2902 1666 3415 1729 praeoccupaverat:
3453 1671 3562 1710 nam

2002 1746 2161 1799 etiam
2190 1747 2279 1814 qui
2309 1747 2359 1799 in
2400 1752 2591 1801 errore
2632 1756 2948 1813 versantur,
2986 1747 3154 1802 Deum
3175 1747 3386 1810 dicunt;
3413 1754 3465 1799 et
3488 1746 3565 1813 qui

2011 1851 2039 1888 a
2070 1835 2265 1905 pietate
2291 1845 2416 1891 sunt
2441 1838 2596 1892 alieni
2616 1879 2632 1904 ,
2668 1853 2863 1893 nomen
2891 1853 2999 1892 non
3048 1848 3273 1909 negant.
3305 1835 3568 1902 Quodnam

2004 1941 2133 1996 ergo
2179 1944 2374 1982 nomen
2424 1927 2784 1984 manifeslavit
2814 1930 2839 1982 i
2883 1928 3038 1995 Quod
3084 1928 3248 1983 Pater
3297 1935 3512 1982 vocetur
3553 1942 3566 1976 :

2006 2015 2334 2087 Manifestavi
2379 2037 2559 2073 nomen
2604 2030 2746 2073 tuum
2789 2020 2999 2075 mundo.
3034 2014 3222 2075 Viden'
3257 2017 3397 2090 quod
3423 2059 3439 2085 ,
3492 2017 3573 2072 ubi

2005 2111 2163 2167 Pater
2190 2113 2402 2184 ignotus
2428 2124 2529 2180 est,
2554 2112 2722 2169 Filius
2751 2114 2821 2167 sit
2846 2113 3135 2182 interpres,
3165 2114 3257 2183 qui
3283 2128 3376 2184 per
3401 2109 3574 2182 prtedi-

2004 2204 2267 2259 cationem
2293 2206 2655 2274 evangelicam
2682 2214 2969 2260 veritatem
2997 2204 3239 2260 declaret
3273 2221 3288 2258 :
3321 2202 3409 2258 ubi
3458 2217 3577 2256 vero

2007 2294 2166 2349 Pater
2191 2305 2350 2350 notus
2391 2310 2515 2351 esse
2546 2296 2831 2366 putabatur
2878 2294 3153 2366 Filiusque
3193 2297 3406 2367 ignotus
3431 2304 3538 2348 erat
3560 2334 3575 2356 ,

2007 2385 2165 2440 Pater
2190 2386 2353 2457 ignoti
2401 2387 2667 2456 interpres
2717 2387 2834 2442 fuit.
2875 2387 3119 2457 Exempli
3149 2401 3316 2443 causa
3343 2427 3358 2453 ,
3384 2395 3438 2439 ut
3465 2385 3582 2454 ipsis

2010 2480 2170 2534 rebus
2198 2482 2477 2534 veritatem
2507 2479 2870 2535 demonstrem
2907 2498 2921 2534 :
2951 2479 3152 2535 Paulus
3202 2480 3370 2535 Deum
3424 2491 3581 2533 nove-

2010 2579 2093 2624 rat
2114 2611 2129 2635 ,
2159 2569 2350 2624 Filium
2396 2587 2503 2625 non
2554 2580 2778 2626 noverat
2810 2589 2825 2626 :
2868 2580 3028 2625 norat
3055 2570 3230 2626 Deum
3251 2613 3267 2636 ,
3302 2585 3406 2626 non
3440 2579 3581 2623 uorat

2013 2663 2175 2717 Deum
2208 2676 2333 2718 esse
2358 2661 2556 2720 Christi
2597 2663 2807 2719 Patrem
2830 2681 2843 2718 :
2866 2673 3087 2734 eratque
3132 2665 3353 2733 pietatis
3383 2661 3577 2717 studio-

2009 2769 2122 2820 sus,
2154 2769 2215 2809 ac
2243 2770 2338 2825 pro
2360 2754 2475 2826 lege
2496 2756 2782 2826 pugnabat.
2812 2756 2954 2811 Deus
2985 2756 3159 2811 zelum
3186 2756 3425 2826 respexit
3450 2755 3586 2826 igno-

2010 2845 2181 2901 rantia
2222 2847 2462 2916 plenum,
2511 2847 2604 2901 sed
2645 2847 2821 2901 studio
2861 2846 3180 2902 ardentem:
3220 2857 3275 2903 et
3302 2846 3428 2916 quid
3457 2845 3588 2915 agit?

2010 2937 2343 2990 demonstrat
2371 2936 2639 3007 ignoranti
2684 2937 2946 3007 ignotum.
2991 2936 3123 3004 Quis
3156 2937 3318 2992 nobis
3350 2938 3462 2990 haec
3501 2950 3587 2989 ex-

2013 3027 2262 3097 plicabit?
2304 3028 2354 3083 Is
2396 3028 2534 3097 ipse,
2564 3028 2654 3098 qui
2682 3028 2972 3098 aliquando
3003 3030 3299 3098 ignoravit,
3333 3038 3383 3083 et
3419 3038 3589 3097 postea

2009 3117 2297 3187 cognovit;
2336 3119 2426 3188 qui
2458 3118 2747 3186 aliquando
2775 3127 3138 3189 persequutus
3180 3130 3290 3184 est,
3323 3129 3381 3174 et
3422 3127 3590 3188 postea

2015 3210 2338 3279 praedicavit.
2362 3210 2498 3279 Quid
2526 3212 2671 3265 enim
2702 3210 2814 3264 ait?
2842 3210 2907 3264 Et
2936 3228 3075 3264 eram
3117 3212 3342 3267 tenacius
3387 3220 3597 3281 paterna

2012 3302 2154 3372 legis,
2169 3318 2227 3356 stt
2237 3318 2326 3371 pra
2341 3302 2542 3355 modum
2564 3317 2860 3372 persequens
2877 3300 3154 3356 Ecclesium
3170 3302 3293 3356 Dei.
3304 3303 3430 3359 Cum
3443 3312 3597 3355 autem

2013 3392 2122 3446 Deo
2148 3394 2437 3464 placuisset,
2472 3395 2559 3463 qui
2587 3410 2667 3447 me
2690 3397 2968 3465 segregavit
2996 3410 3059 3448 ex
3084 3406 3237 3449 utero
3260 3398 3441 3450 matris
3465 3410 3597 3456 mea,

2014 3498 2060 3539 et
2082 3490 2273 3539 vocavit
2300 3501 2388 3556 per
2411 3485 2630 3555 gratiam
2660 3501 2804 3539 suant
2829 3487 3051 3539 revelare
3068 3483 3117 3538 F
3117 3487 3269 3540 ilium
3295 3503 3445 3540 suum
3465 3487 3514 3538 in
3530 3499 3601 3537 me

2016 3575 2159 3646 (Gal.
2193 3576 2238 3629 1.
2267 3576 2352 3630 14.
2379 3576 2465 3630 15.
2490 3575 2601 3646 15),
2625 3585 2729 3630 etc.
2753 3575 3143 3630 Testimonium
3167 3579 3376 3647 quippe
3395 3577 3600 3630 allatum

2016 3676 2099 3721 est
2126 3667 2190 3721 ad
2220 3667 2503 3736 qumsitum
2549 3666 3051 3730 demonstrandum,
3087 3683 3197 3721 non
3232 3669 3302 3723 ad
3336 3669 3441 3722 loci
3473 3668 3604 3721 illius

2017 3761 2458 3830 speculationem.
2482 3759 2715 3814 Rursum
2754 3760 3008 3814 Servator
3053 3764 3341 3830 apostolos
3386 3763 3605 3816 interro-

2016 3863 2138 3923 gat:
2165 3851 2325 3917 Quem
2366 3868 2446 3905 me
2495 3853 2667 3905 dicunt
2716 3853 2940 3905 homines
2989 3869 3096 3906 esse
3144 3852 3351 3907 Filium
3396 3851 3607 3907 hominis

2020 3945 2236 4014 (Matth.
2268 3945 2355 3999 I6.
2387 3946 2517 4015 15)?
2549 3947 2866 4015 Interrogat,
2901 3960 3008 3997 non
3039 3953 3098 3998 ut
3141 3944 3345 4010 discat,
3395 3944 3490 4000 sed
3537 3952 3607 4005 ut,

2019 4035 2241 4103 depulsa
2289 4036 2393 4089 alia
2447 4035 2723 4104 Opinione,
2775 4035 3056 4089 veritatem
3088 4034 3294 4091 firmet.
3333 4036 3496 4103 Quem
3538 4049 3612 4087 me

2020 4127 2191 4179 dicunt
2216 4126 2441 4179 homines
2453 4126 2479 4179 .7
2493 4126 2532 4178 A
2544 4124 2736 4193 postoli
2764 4124 2993 4194 primum
3015 4126 3314 4181 multorum
3334 4127 3613 4198 opiniones

2024 4215 2442 4281 referunt:Alii,
2484 4214 2751 4285 inquiunt,
2787 4213 3009 4280 Heliam,
3044 4215 3133 4269 alii
3173 4216 3481 4283 Jeremiant,
3528 4226 3612 4269 aut

2022 4324 2179 4360 unum
2209 4323 2271 4362 ea:
2299 4307 2556 4378 prophetis
2585 4305 2693 4375 (Ib.
2741 4321 2786 4359 υ.
2835 4307 2946 4372 Il).
2987 4307 3121 4373 Quid
3154 4324 3290 4379 ergo
3324 4307 3614 4365 Servator?

2025 4400 2197 4455 Falsis
2225 4400 2565 4469 opinionibus
2592 4398 2725 4452 nihil
2758 4398 3066 4468 respondet,
3090 4401 3234 4468 quod
3260 4400 3616 4469 responsione

2026 4493 2266 4559 indignas
2292 4491 2526 4560 judicet:
2573 4489 2669 4543 Vos
2694 4500 2859 4542 autem
2888 4506 3033 4560 quem
3060 4506 3137 4542 me
3157 4506 3270 4544 esse
3311 4492 3485 4545 dicitis
3512 4487 3614 4559 (Ib.

2025 4600 2070 4635 υ.
2100 4582 2225 4651 I5)?
2258 4596 2363 4635 non
2396 4596 2526 4634 curo
2557 4580 2752 4634 multos
2781 4580 2900 4633 illus
2929 4588 3189 4645 errantes,
3224 4581 3328 4636 sed
3361 4598 3460 4636 vos
3482 4596 3619 4651 pta:-

2027 4691 2213 4730 cones.
2244 4675 2375 4740 Quia
2406 4674 2553 4729 enim
2586 4689 2678 4727 vos
2726 4674 2858 4727 estis
2900 4673 2990 4741 qui
3039 4672 3329 4728 lucernam
3376 4674 3620 4730 veritatis

2031 4764 2579 4834 prmdicationemque
2609 4762 2820 4831 pietatis
2853 4777 2946 4831 per
2974 4772 3148 4816 totum
3175 4764 3375 4819 orbem
3412 4765 3623 4818 nuutia-

2033 4857 2138 4911 turi
2169 4857 2322 4921 estis,
2352 4856 2403 4909 in
2434 4855 2588 4909 vobis
2618 4865 2901 4908 versantur
2928 4853 3183 4915 humana,
3217 4854 3274 4907 in
3304 4854 3468 4909 vobis
3490 4852 3624 4908 veri—

2032 4961 2112 5002 tas
2159 4949 2524 5016 periclitatur:
2555 4963 2617 5001 ac
2664 4948 2802 5000 sicut
2848 4958 3022 5001 vestra
3053 4947 3294 5016 cognitio
3333 4959 3627 5002 commune

2032 5040 2305 5093 hominum
2342 5037 2659 5093 beneficium
2684 5048 2784 5102 est,
2815 5038 2893 5091 sic
2924 5047 3098 5092 vestra
3133 5040 3449 5107 Ignorantia
3476 5052 3628 5093 com-

2035 5146 2193 5186 mune
2219 5131 2366 5184 orbis
2391 5131 2791 5185 detrimentum.
2823 5129 3025 5184 Idcirco
3054 5146 3149 5183 vos
3187 5144 3357 5198 quem
3392 5145 3484 5185 me
3512 5142 3630 5185 esse

2034 5222 2247 5277 dicitis?
2272 5222 2565 5291 Respondit
2593 5223 2817 5277 Petrus:
2845 5222 2926 5277 Tu
2955 5238 3006 5276 es
3031 5222 3290 5288 Christus,
3333 5222 3513 5277 Filius
3536 5219 3633 5275 Dei

2033 5316 2130 5368 civi
2159 5311 2267 5387 (Ib.
2295 5330 2342 5366 v.
2377 5313 2486 5383 I6).
2516 5313 2611 5368 llic
2639 5311 2761 5367 fidei
2791 5313 3068 5377 terminus,
3104 5312 3203 5367 hoc
3229 5315 3495 5369 veritatis
3517 5327 3638 5368 ver-

2036 5405 2181 5470 bum,
2217 5404 2333 5459 Iracc
2363 5414 2527 5459 rectm
2553 5405 2835 5459 sententia:
2855 5404 3124 5459 confessio
3140 5412 3242 5457 est.
3268 5401 3485 5458 Verum
3510 5403 3633 5474 quia

2037 5498 2150 5553 fieri
2193 5507 2423 5568 poterat,
2475 5507 2533 5551 nt
2583 5497 2698 5553 haac
2737 5513 2843 5551 vox
2890 5496 3008 5550 aliis
3050 5494 3272 5565 aequalis
3306 5495 3637 5556 haberetur:

2038 5590 2159 5643 illas
2180 5589 2530 5659 responsione
2562 5602 2665 5642 non
2708 5587 2956 5657 dignatus
2984 5595 3088 5654 est,
3121 5585 3241 5639 huic
3270 5600 3417 5639 vero
3447 5583 3638 5640 calcu-

2043 5680 2151 5734 lum
2176 5679 2338 5748 addit,
2366 5678 2563 5750 etquid
2588 5677 2698 5734 ait?
2724 5677 2800 5734 Ne
2816 5687 3094 5750 putaretur
3110 5676 3210 5732 hoc
3231 5673 3452 5731 dictum
3475 5676 3637 5733 etiam
