3966 6160
309 285 419 341 555

319 400 676 474 Ἐπειδὴ-γάρ
707 419 892 474 φησιν,
922 403 1006 457 ὅτι
1057 401 1217 473 καινὴ
1263 402 1425 470 σοφία
1473 404 1651 456 καινοῖ
1687 402 1786 473 τὴν
1841 404 1976 474 ἀλή-

307 487 478 553 θειαν,
510 489 695 559 ἐπειδὴ
732 490 806 559 μὴ
851 488 1049 561 ἐχώρει
1078 491 1111 559 ή
1143 489 1460 561 ἀνθρωπίνη
1492 488 1654 558 φύσις
1679 490 1747 543 δι’
1776 492 1977 562 ἑαυτῆς

307 574 625 646 προσελθεῖν
652 574 731 645 τῷ
768 575 906 645 Θεῷ,
959 576 1208 647 μεθόριον
1251 576 1460 644 γίνεται
1488 576 1588 646 τῆς
1625 577 1847 647 κτιστῆς
1885 563 1979 632 καὶ

308 661 407 731 τῆς
435 661 692 714 ἀκτίστου
725 661 939 729 φύσεως
963 665 992 716 6
1029 662 1155 725 Υίὸς
1181 663 1473 736 προσάγων
1498 662 1597 732 τὴν
1624 664 1974 735 οἰκουμένην.

313 749 376 801 Ὢ
402 748 501 819 τῆς
527 748 720 818 καινῆς
757 747 983 818 μανίαςι
1012 748 1057 801 ὣ
1078 748 1171 803 τοῦ
1202 749 1386 802 καινοῦ
1415 749 1722 819 δράματοςι
1754 750 1978 821 ὴὺπερο

310 835 435 907 ϐολὴ
461 835 561 906 τῆς
586 835 680 889 τοῦ
713 836 920 907 Πατρὸς
941 847 968 876 ι
998 835 1332 906 ἀγαθότητος
1363 835 1660 890 κινδυνεύει
1688 838 1840 907 παρά
1863 839 1977 901 τοὶς

308 924 623 995 αἰρετικοῖς,
667 922 932 993 ἀμϐλύνει
977 923 1077 995 τὴν
1119 922 1276 987 ἀξίαν
1307 925 1406 993 τῆς
1455 923 1726 993 θεότητος.
1771 923 1907 977 Ἀλλ’
1937 927 1972 995 ὴ

312 1012 407 1081 μὲν
440 1010 690 1080 αἱρετικὴ
736 1012 904 1081 μανία
935 1010 1281 1081 θρασύνεται,
1324 1012 1357 1080 ὴ
1389 1009 1444 1063 δὲ
1473 1010 1566 1064 τοῦ
1603 1011 1853 1081 Σωτῆρος
1885 1011 1976 1064 δύ-

309 1114 468 1166 ναμις
495 1099 596 1151 οὐκ
634 1096 986 1168 ἀμϐλύνεται,
1015 1100 1047 1168 ὴ
1080 1097 1205 1162 δόξα
1232 1099 1293 1151 οὐ
1326 1098 1631 1158 σϐέννυται,
1661 1101 1694 1168 ὴ
1726 1100 1883 1169 χάρις
1913 1099 1972 1152 οὐ

308 1184 669 1254 καθαιρεῖται.
706 1184 861 1246 Ἐὰν,
899 1185 1082 1253 φησιν,
1110 1184 1283 1253 ἡμεῖς
1308 1185 1720 1253 ἀρνησώμεθα,
1749 1185 1975 1251 ἐκεῖνος

309 1271 524 1337 πιστὸς
564 1271 750 1339 μένει·
794 1270 1180 1339 ἀρνήσασθαι
1214 1272 1322 1343 γάρ
1354 1272 1572 1326 ἑαυτὸν
1603 1275 1674 1326 οὐ
1704 1272 1970 1326 δύναται·

310 1357 648 1428 ωγκάθηται
682 1356 780 1426 μὲν
824 1357 914 1410 διὰ
957 1359 1054 1428 τὴν
1096 1358 1306 1411 οἰκείαν
1352 1356 1531 1423 ἀξίαν,
1580 1358 1778 1429 ἕστηκε
1814 1359 1869 1412 δὲ
1899 1359 1975 1423 ὡς

310 1445 489 1515 ἰερεύς
512 1445 598 1498 διά
620 1445 715 1515 τὴν
742 1444 1057 1515 πρέπουσαν
1084 1446 1231 1515 αὐτῷ
1260 1445 1689 1517 φιλανθρωπίαν.

376 1534 572 1601 γ’.Καὶ
600 1533 698 1604 ὅρα
727 1532 787 1586 τὸ
818 1533 1146 1603 θαυμαστὸν,
1179 1533 1398 1602 ἀδελφέ.
1438 1534 1654 1604 Ἐπειδὴ
1685 1536 1741 1588 ἐν
1763 1533 1971 1605 ὑπηρέ-

304 1635 398 1671 του
442 1618 593 1682 τάξει
650 1620 745 1672 καὶ
794 1621 1033 1690 σχήματι
1072 1619 1443 1684 διακονοῦντος
1473 1619 1873 1689 ὲκλαμϐάνουσι
1913 1620 1973 1674 τὸ

304 1705 487 1776 ῥῆμα,
524 1706 608 1759 ὅτι
656 1707 866 1772 Οὐδεὶς
905 1708 1139 1776 ἔρχεται
1184 1708 1335 1775 πρὸς
1365 1708 1471 1761 τὸν
1501 1707 1753 1777 Πατέρα,
1796 1711 1848 1761 εὶ
1882 1708 1969 1778 μὴ

303 1792 381 1845 δι’
415 1792 590 1861 ἐμοῦο
632 1795 926 1862 ἀναγκαῖον
984 1794 1121 1864 πρὸς
1154 1797 1280 1857 τοὺς
1328 1795 1636 1864 αἱρετικοὺς
1691 1797 1971 1849 ἀποτεῖναι

302 1879 395 1931 τὸν
423 1879 641 1950 ἔλεγχον
670 1882 768 1951 τῆς
797 1881 1051 1944 ἀσεϐείας
1077 1880 1130 1933 δ.
1162 1881 1227 1933 Εἰ
1260 1880 1319 1933 1:6
1345 1882 1643 1951 προσάγειν
1678 1881 1757 1953 τῷ
1797 1883 1971 1952 Πατρὶ

302 1963 393 2016 τὸν
421 1964 547 2017 Υίὸν
577 1962 830 2036 καθαιρεῖ
859 1966 957 2037 τὴν
999 1965 1154 2032 ἀξίαν
1179 1964 1272 2019 τοῦ
1303 1968 1690 2036 προσάγοντος,
1733 1967 1827 2020 ἐάν
1858 1968 1971 2039 ἴδῃς

302 2052 396 2105 τὸν
448 2052 666 2122 Πατέρα
711 2054 789 2121 τῷ
842 2052 957 2123 Υἱῷ
1004 2054 1379 2124 προσάγοντα,
1429 2054 1689 2116 ὲκτείνεις
1719 2057 1835 2107 ὲκεῖ
1871 2056 1969 2126 τὴν

300 2138 573 2215 ἀσέϐειαν.
620 2140 868 2193 Μάλιστα
902 2141 1000 2210 μὲν
1045 2137 1137 2194 οὖν
1167 2142 1248 2203 εἰς
1286 2140 1415 2195 Υίδν
1446 2140 1679 2204 ἀσεϐῶν,
1715 2143 1806 2195 τὸν
1854 2144 1967 2196 Πα-

300 2226 436 2297 τέρα
468 2226 827 2298 βλασφημεῖς.
851 2228 966 2280 ἰνα
997 2227 1195 2294 τοίνυν,
1225 2228 1461 2297 ἀδελφοὶ,
1493 2230 1551 2282 ὲν
1580 2229 1658 2299 τῷ
1687 2229 1829 2300 λόγῳ
1862 2232 1964 2301 τῆς

299 2313 582 2377 εὐσεϐείας
613 2316 705 2368 καὶ⁵
749 2316 848 2385 τῆς
884 2314 1139 2386 ἀληθείας
1182 2315 1277 2368 καὶ
1304 2316 1404 2387 τὴν
1445 2315 1643 2369 κακίαν
1685 2317 1969 2387 ἐπιστομί-

301 2418 505 2470 σωμεν,
544 2402 635 2455 καὶ
671 2403 770 2472 τὴν
804 2401 1001 2473 εὐσεϐῆ
1035 2401 1189 2467 δόξαν
1219 2403 1575 2474 γνωρίσωμεν
1609 2403 1763 2471 (Ζῶν
1800 2404 1907 2473 γὰρ
1936 2407 1969 2459 ό

296 2492 483 2557 λόγος
509 2490 617 2544 τοῦ
650 2489 798 2544 Θεοῦ
848 2489 949 2542 καί
992 2490 1272 2559 ἐνεργὴς,
1311 2491 1412 2543 καὶ
1452 2490 1775 2560 τομώτερος
1816 2490 1968 2562 ὑπὲρ

296 2576 509 2630 πᾶσαν
556 2578 858 2647 μάχαιραν
905 2576 1219 2645 δίστομονο
1268 2576 1519 2648 δίστομον
1568 2578 1624 2630 δὲ
1665 2578 1821 2632 καλεῖ
1872 2578 1968 2650 τὴν

299 2665 597 2735 μάχαιραν,
624 2665 810 2736 ἐπειδὴ
836 2663 1005 2734 διπλῷ
1033 2665 1298 2735 κέχρηται
1323 2665 1400 2734 τῷ
1428 2665 1590 2737 λόγῳ,
1617 2666 1695 2735 τῷ
1724 2668 1821 2737 μὲν
1850 2682 1964 2738 στηο

297 2751 522 2822 ρίζοντι,
554 2752 632 2822 τῷ
659 2752 716 2805 δὲ
744 2750 1088 2821 καθαιροῦντι
1109 2767 1122 2781 ο
1154 2750 1505 2822 καθαιροῦντι
1539 2754 1637 2822 μὲν
1669 2754 1794 2816 τοὺς
1824 2756 1970 2808 ἐναν-

292 2838 467 2901 τίους,
501 2838 804 2908 στηρίζοντι
830 2838 888 2892 δὲ
914 2838 1039 2901 τοὺς
1071 2838 1304 2901 οἰκείους
1342 2839 1440 2907 τῆς
1475 2840 1733 2908 πίστεως)
1754 2858 1768 2872 ·
1802 2840 1968 2894 ἄκουε

294 2927 465 2981 αὐτοῦ
511 2926 606 2980 τοῦ
653 2926 858 2997 Κυρίου
903 2926 1180 2995 λέγοντος·
1226 2927 1436 2994 Οὐδεὶς
1468 2927 1717 2981 δύναται
1768 2929 1969 2984 ἐλθεῖν

292 3016 450 3083 πρός
480 3031 578 3085 με,
619 3014 729 3069 ἐὰν
759 3013 847 3084 μὴ
886 3017 919 3069 ό
954 3013 1155 3082 Πατήρ
1187 3032 1308 3084 μου
1340 3018 1373 3070 ό
1420 3015 1697 3083 οὐράνιος
1733 3017 1966 3087 ἐλκύσῃ

290 3103 505 3156 αὐτόν.
540 3102 857 3169 ’Δναγκαῖον
905 3100 982 3164 δὲ,
1029 3101 1267 3170 ἀδελφοὶ,
1313 3102 1381 3155 τά
1424 3104 1609 3156 εἰκότα
1657 3104 1792 3174 πρὸς
1837 3106 1963 3169 τοὺς

289 3191 607 3261 αἰρετικοὺς
624 3190 822 3253 εἰπεῖν,
849 3190 942 3243 καὶ
964 3189 1033 3243 τά
1066 3192 1193 3261 περὶ
1220 3190 1407 3243 τούτου
1428 3191 1520 3244 τοῦ
1546 3192 1814 3261 νοήματος
1838 3194 1964 3258 τοὺς

292 3279 449 3340 υἱοὺς
488 3280 588 3347 τῆς
629 3277 861 3339 πίστεως
903 3276 1337 3348 πληροφορῆσαι.
1370 3277 1526 3340 Τίνος
1579 3280 1763 3332 ἕνεκεν
1797 3298 1969 3334 κατα-

289 3364 490 3418 διεῖλεν
513 3365 544 3416 ό
585 3363 878 3435 μονογενὴς
929 3362 1024 3417 τοῦ
1056 3363 1191 3418 Θεοῦ
1236 3364 1406 3433 Λόγος
1450 3364 1546 3437 τὴν
1581 3371 1965 3438 προσαγωγὴν,

290 3455 376 3523 πῆ
412 3453 511 3523 μὲν
545 3453 675 3522 παρ’
701 3450 866 3504 αὐτοῦ
906 3450 1078 3519 λέγων
1134 3452 1507 3523 προσάγεσθαι
1537 3453 1615 3525 τῷ
1644 3455 1838 3526 Πατρὶ,
1888 3459 1964 3525 πῆ

290 3541 355 3594 δὲ
381 3538 533 3610 παρά
563 3536 657 3593 τοῦ
691 3537 903 3611 Πατρὸς
932 3538 1069 3609 πρὸς
1096 3539 1289 3603 αὐτόν;
1315 3541 1374 3593 οὐ
1404 3540 1512 3612 γὰρ
1546 3542 1873 3612 συγκέχυται
1899 3544 1967 3597 τά

291 3626 396 3697 τῆς
427 3623 576 3688 θείας
604 3623 838 3693 φύσεως,
864 3623 978 3680 ἀλλ’
1010 3625 1265 3697 εὐκρινής
1296 3627 1410 3678 εστι
1455 3627 1547 3679 καὶ
1584 3627 1910 3698 εὐδιόριστος
1939 3631 1968 3682 6

290 3714 456 3782 λόγος
477 3716 575 3785 τῆς
607 3713 885 3784 ἀληθείας,
906 3714 1056 3767 οὐδὲν
1084 3714 1296 3769 σκολιὸν
1324 3713 1483 3784 ἔχων,
1511 3715 1663 3768 οὐδὲν
1694 3731 1966 3785 στραγγα-

287 3799 515 3863 λιῶδες·
554 3798 750 3855 Πᾶσαι
780 3799 889 3871 γὰρ
920 3804 979 3852 αι
1003 3799 1133 3853 ὁδοὶ
1158 3799 1378 3868 Κυρίου
1406 3799 1646 3853 εὐθεῖαι.

367 3883 514 3959 ’Δρα
545 3887 675 3959 γὰρ,
704 3887 942 3957 ἀδελφοὶ,
963 3889 993 3939 6
1022 3886 1209 3958 Πατὴρ
1240 3887 1371 3940 ποτὲ
1414 3886 1511 3957 μὲν
1542 3886 1640 3957 τὴν
1685 3887 1965 3960 βασιλικὴν

288 3975 591 4047 προεδρίαν
624 3975 832 4045 ἐπέχων
856 3975 1068 4045 δέχεται
1097 3975 1222 4037 τοὺς
1260 3975 1719 4045 προσαγομένους,
1752 3977 1880 4030 ποτε
1908 3979 1965 4031 δὲ

286 4062 378 4134 τῷ
416 4063 532 4132 Υίῷ
560 4065 618 4119 ὲν
657 4062 916 4133 βασιλικῷ
955 4064 1193 4132 σχήματι
1227 4061 1615 4132 προκαθίσαντι
1651 4062 1829 4116 δίδωσι
1868 4066 1964 4135 τὴν

283 4149 536 4220 ὀφειλὴν,
571 4152 666 4202 καὶ
698 4152 755 4201 ἐν
791 4148 1062 4219 ὑπηρέτου
1096 4148 1245 4213 τάξει
1275 4149 1676 4218 παριστάμενος
1702 4152 1965 4221 προσάγει

288 4237 375 4305 τῷ
415 4235 565 4306 Υἱῴ;
594 4236 686 4306 Μὴ
713 4236 954 4304 γένοιτο·
987 4234 1079 4287 ἐπὶ
1109 4235 1217 4304 γάρ
1250 4234 1383 4287 Θεοῦ
1421 4234 1543 4288 οὐτε
1582 4237 1851 4307 καθέδραν
1891 4240 1967 4290 εί-

288 4324 470 4376 πόντα
488 4323 602 4376 ἔστι
642 4341 693 4376 τι
723 4320 1062 4392 ἀνθρώπινον
1109 4321 1379 4389 ἐννοῆσαι,
1420 4322 1539 4373 οὐδὲ
1570 4323 1756 4375 στάσιν
1800 4324 1965 4377 ἀκού-

292 4426 471 4463 σαντα
500 4409 661 4463 πάλιν
692 4408 807 4461 ἔστι
842 4408 1032 4477 νοῆσαί
1062 4424 1115 4461 τι
1150 4407 1258 4459 τῶν
1295 4406 1417 4460 καθ’
1453 4410 1621 4477 ἡμᾶς.
1658 4411 1782 4462 Ἐάν
1810 4411 1969 4463 ἀκού-

292 4512 404 4569 σῃς
436 4497 566 4565 περὶ
608 4495 742 4548 Θεοῦ
778 4495 857 4546 ὅτι
905 4494 1154 4564 ἕστηκεν,
1201 4493 1259 4545 τὸ
1307 4494 1521 4556 άκλινὲς
1554 4496 1646 4549 καὶ
1681 4497 1742 4548 τὸ
1788 4496 1967 4569 ὄρθιον

289 4584 412 4637 νόει
438 4583 535 4652 τῆς
566 4581 714 4644 θείας
746 4582 932 4643 οὐσίας
954 4597 968 4611 ·
998 4579 1102 4632 κᾶν
1138 4579 1297 4633 πάλιν
1328 4580 1628 4650 ἀναγνῷςῆ
1658 4583 1966 4653 ἀκούσῃς-π,

289 4673 380 4724 ὅτι
412 4670 665 4740 κάθηται,
702 4668 850 4740 [607]
878 4668 937 4719 τὸ
974 4668 1183 4737 ἑδραῖον
1213 4668 1306 4720 καὶ
1337 4666 1626 4720 ἀσάλευτον
1658 4669 1967 4739 ἐκλάμϐανε

287 4759 401 4827 τῆς
437 4757 710 4829 μακαρίας
750 4755 981 4824 φύσεως.
1006 4753 1176 4816 Αὐτὸς
1209 4753 1359 4821 λέγει
1400 4755 1591 4807 ἑαυτὸν
1621 4758 1839 4810 ἑστάναι
1875 4759 1968 4810 καὶ

288 4844 572 4914 καθῆσθαι
590 4861 605 4875 ⁸
633 4842 713 4913 τῷ
737 4844 959 4895 Μωύσεῖ
985 4840 1150 4908 λέγει,
1181 4841 1262 4893 Σὺ
1291 4839 1471 4907 στῆθι
1498 4836 1615 4895 ὦδε
1645 4846 1773 4911 μετ’
1798 4843 1963 4913 ἐμοῦ.

287 4933 412 4987 Καὶ
456 4928 535 5003 ἦν
579 4935 611 4985 ὀ
650 4934 853 4995 τόπος,
893 4924 964 4983 οὗ
1015 4927 1277 4995 εἱστήκει
1321 4931 1354 4981 ό
1403 4929 1544 4992 Θεὸς
1593 4930 1850 4996 Ἰσραὴλ,
1890 4933 1969 4998 ὡς

285 5022 471 5086 λίθος
503 5019 859 5087 σάπφειρον.
883 5017 1121 5087 Πρόσεχε
1146 5015 1413 5085 ἀκριϐῶς·
1439 5019 1466 5069 6
1499 5018 1735 5088 Μωῡσῆς
1760 5019 1969 5073 ἑστῶτα

285 5107 469 5174 λέγει,
494 5107 587 5159 καὶ
611 5108 640 5158 6
669 5105 801 5167 Θεὸς
825 5103 903 5173 τῷ
933 5105 1176 5167 Μωῦσεῖ,
1202 5103 1276 5164 ῶς
1308 5103 1589 5172 ίστάμενός
1616 5121 1766 5174 φησι,
1790 5105 1970 5173 Στῆθι

271 5195 423 5264 μετ’
465 5193 634 5261 ἐμοῦ.
685 5192 750 5245 Τί
795 5188 886 5244 οὖν
940 5189 1200 5258 ποιοῦμεν
1249 5189 1509 5259 Ἱερεμίου
1562 5189 1841 5258 λέγοντος,
1886 5194 1968 5247 Σὺ

281 5279 638 5349 καθήμενος
685 5282 772 5344 εις
802 5278 908 5332 τὸν
934 5277 1137 5341 αἰῶνα,
1168 5276 1259 5330 καὶ
1306 5278 1464 5347 ἡμεῖς
1499 5277 1858 5348 ἀπολλύμενοι
1890 5282 1968 5344 εἰς

280 5376 392 5428 τὸν
427 5372 631 5435 αίῶνα;
674 5370 929 5439 Καθέδρα
972 5368 1064 5422 καὶ
1122 5367 1309 5430 στάσις
1354 5366 1665 5436 ἀνθρώπινα
1719 5371 1966 5440 ῥήματα,

281 5463 437 5518 ἁλλά
482 5462 602 5515 θεῖα
623 5460 920 5549 ’νοήματαο
953 5457 1040 5510 διά
1079 5456 1170 5509 τὸν
1203 5456 1432 5509 ἄστατον
1466 5455 1560 5507 καὶ⁹
1605 5449 1707 5507 ὧδε
1748 5458 1969 5510 κάκεῖσε

362 5555 393 5584 ⁸
424 5552 556 5600 Εηυε
578 5547 667 5598 τοῦ
689 5553 919 5608 σωτῆρος.

364 5612 393 5652 δ
411 5611 562 5663 Savil.
594 5618 649 5660 et
674 5622 800 5658 unus
822 5604 905 5664 τῆς
944 5605 1198 5664 εὐσεϐείας,
1240 5611 1292 5652 et
1314 5605 1461 5665 paulo
1487 5609 1597 5664 pOSI.
1620 5604 1766 5652 etiam
1792 5607 1877 5662 τήν
1902 5606 1974 5654 εὐ-

281 5677 660 5786 recte
687 5743 829 5779 unus.
856 5729 952 5778 Alii
974 5740 1091 5777 vero
1116 5727 1323 5789 ἀναγνῷς
1345 5728 1424 5773 καὶ
1446 5725 1671 5787 ἀκούσῃς.

1518 302 1521 307 ‘
1614 286 1699 342 DE
1740 287 2026 346 SIGILLIS
2065 288 2317 347 SERMO.

3631 288 3737 345 558

2077 407 2470 479 περιαγόμενον
2515 407 2604 462 τὸν
2632 405 2967 480 ἀνθρώπινον
3003 404 3144 475 βίον,
3173 400 3305 466 Θεὸς
3334 398 3550 471 λέγεται
3580 404 3737 458 istd.-

2073 510 2181 558 ναι,
2212 494 2307 547 καὶ
2349 494 2437 550 διὰ
2476 495 2575 565 τὴν
2600 496 2922 565 ἀστήρικτον
2959 494 3052 546 καὶ
3082 491 3384 560 πανταχόσε
3413 508 3737 561 περιτρεπο-

2077 581 2244 651 μένην
2270 582 2378 635 τῶν
2403 582 2525 636 καθ’
2551 584 2697 652 ἡμᾶς
2729 580 3057 635 κατάστασιν
3093 578 3310 647 λέγεται
3351 576 3623 647 καθῆσθαι
3646 576 3733 631 διά

2070 668 2133 720 τὸ
2165 668 2405 739 ἑδραῖον*
2435 669 2495 723 τὸ
2526 669 2634 739 γάρ
2670 668 2972 739 καθήμενον
3013 665 3296 736 ὴδρασται.
3340 664 3481 732 Φύγε
3521 663 3590 716 τά
3625 664 3733 717 ἀπὸ

2071 753 2170 822 τῆς
2205 754 2399 819 λέξεως
2435 755 2863 824 ὐποϐαλλόμενα,
2890 754 2983 809 καὶ
3012 754 3121 806 νόει
3149 752 3219 805 τά
3245 749 3335 803 διά
3373 750 3469 820 τῆς
3499 750 3734 811 πίστεως

2071 838 2438 911 θεωρούμενα.
2482 842 2606 905 Πῶς
2637 838 2729 896 οὖν
2769 843 3031 911 προσάγει
3074 839 3153 908 τῷ
3196 837 3368 908 Πατρὶ
3413 836 3574 903 Υἰός;
3619 834 3735 898 πῶς

2072 927 2264 997 Πατὴρ
2311 927 2389 997 τῷ
2416 928 2557 998 mp;
2580 930 2639 981 οὐ
2674 929 2782 999 γάρ
2805 928 2883 980 δεῖ
2916 926 3231 981 καταλιπεῖν
3258 925 3348 977 τὸν
3388 924 3541 992 λόγον
3575 922 3733 988 ἀνεξ-

2071 1012 2313 1070 έταστον.
2351 1016 2407 1068 Ὀ
2437 1015 2625 1085 Πατὴρ
2662 1013 2926 1086 φανερούς
2967 1030 3118 1077 τινας
3150 1014 3243 1066 καὶ
3270 1011 3732 1082 ὁμολογουμένους

2072 1100 2338 1170 προσάγει
2362 1103 2439 1172 τῷ
2460 1101 2593 1171 Υίῷ,
2620 1104 2648 1153 6
2671 1101 2798 1164 Υἱὸς
2830 1102 2990 1154 πάλιν
3021 1099 3284 1170 φανερούς
3314 1115 3466 1161 τινας
3492 1097 3585 1150 καὶ
3613 1098 3735 1167 ὁμο·

2069 1186 2430 1256 λογουμένους
2463 1188 2726 1259 προσάγει
2758 1186 2836 1259 τῷ
2874 1187 3067 1258 Πατρί.
3100 1187 3191 1257 Μὴ
3233 1184 3517 1256 προλαϐὼν
3556 1185 3734 1255 ἀρπά-

2071 1270 2170 1341 ζῃς
2196 1271 2255 1324 τὸ
2287 1273 2434 1342 ῥῆμα
2463 1274 2541 1334 εἰς
2572 1272 2844 1344 διαϐολὴν,
2885 1273 2997 1326 ἀλλ’
3020 1273 3309 1342 ἀνάμεινον
3337 1269 3397 1323 τὸ
3429 1269 3605 1335 τέλος,
3641 1268 3736 1321 καὶ

2071 1362 2252 1430 κρῖνον
2278 1360 2340 1412 τὸ
2368 1360 2685 1430 λεγόμενονο
2722 1362 2797 1433 μὴ
2828 1361 2978 1429 γίνου
3007 1359 3264 1429 δικαστὴς
3290 1357 3575 1428 δυσμενὴς,
3601 1355 3734 1409 ἀλλά

2072 1447 2475 1518 συναγωνιστὴς
2508 1449 2760 1518 εὐμενής.
2796 1449 2885 1503 Ἐν
2923 1448 3000 1519 τῷ
3032 1446 3246 1517 Ἰσραὴλ
3289 1444 3534 1514 ἐγνώσθη
3581 1443 3677 1514 μὲν
3705 1445 3735 1495 6

2068 1533 2199 1597 Θεὸς
2236 1535 2327 1588 καὶ
2362 1534 2570 1606 Πατὴρ,
2608 1538 2848 1605 ἠγνοεῖτο
2886 1535 2943 1588 δὲ
2975 1536 3003 1586 6
3034 1533 3195 1597 Υἱόςο
3227 1535 3284 1585 ἐν
3319 1531 3375 1584 δὲ
3416 1533 3528 1592 τοῖς
3561 1529 3734 1582 ἔθνεσι

2068 1621 2165 1674 καὶ
2204 1622 2232 1673 6
2266 1621 2456 1691 Πατὴρ
2499 1624 2772 1691 ὴγνοεῖτο,
2809 1623 2901 1675 καὶ
2943 1622 2971 1674 6
3016 1620 3173 1684 Υἱός·
3220 1622 3283 1689 τῇ
3334 1617 3443 1688 γὰρ
3490 1615 3734 1685 Μλυθέῳ

2068 1708 2242 1779 πλάνῃ
2266 1709 2556 1763 δεδούλωτο
2586 1709 2655 1763 τά
2689 1709 2836 1781 ἔθνη.
2866 1711 3040 1763 Ὅπου
3070 1705 3161 1762 οὖν
3192 1707 3376 1778 Πατὴρ
3408 1706 3506 1776 μὲν
3538 1705 3734 1775 γνωρί-

2069 1794 2248 1860 ζεται,
2291 1795 2420 1860 Υἱὸς
2453 1797 2511 1849 δὲ
2553 1799 2615 1850 οὐ
2662 1797 3016 1867 γνωρίζεται,
3064 1796 3332 1866 ἑρμηνεὺς
3384 1794 3590 1862 γίνεται
3638 1789 3733 1845 τοῦ

2067 1884 2432 1954 ἀγνοουμένου
2475 1885 2604 1938 Υίοῦ
2640 1887 2669 1939 6
2698 1886 2904 1957 Πατήρ.
2939 1883 3383 1954 Ἐπαναλήψομαι
3422 1880 3513 1935 τὸν
3553 1880 3733 1949 λόγον,

2066 1971 2153 2024 ἵνα
2181 1973 2361 2042 στήσω
2385 1972 2445 2026 τὸ
2473 1973 2672 2044 νόημα.
2695 1974 2868 2026 ’Ὅπου
2899 1972 3084 2043 Πατὴρ
3109 1970 3455 2041 γνωρίζεται,
3478 1968 3573 2022 καὶ
3604 1967 3732 2029 Υἱὸς

2064 2058 2494 2130 ἀμφιϐάλλεται,
2543 2062 2817 2132 ἑρμηνεὺς
2862 2060 3069 2128 γίνεται
3114 2061 3145 2113 6
3186 2056 3587 2129 γνωριζόμενος
3633 2052 3731 2108 τοῦ

2066 2147 2456 2217 ἀγνοουμένου·
2485 2151 2619 2201 ὅπου
2651 2148 2841 2219 Πατὴρ
2867 2148 3151 2217 ὴγνόηται,
3182 2143 3355 2216 κῆρυξ
3382 2143 3475 2197 τοῦ
3507 2145 3731 2211 ἀγνοου-

2070 2234 2230 2303 μένου
2264 2238 2293 2287 6
2320 2235 2448 2298 Υἱὸς
2482 2235 2708 2303 γίνεται.
2738 2234 2838 2288 Διά
2864 2234 3040 2298 τοῦτο,
3071 2233 3159 2287 ἵνα
3186 2227 3357 2302 λάϐῃς
3390 2230 3590 2300 ἀκριϐῆ
3621 2228 3731 2281 τῶν

2062 2323 2364 2395 εἰρημένων
2387 2325 2485 2394 τὴν
2518 2324 2781 2388 ἐξέτασιν,
2817 2321 3011 2389 ἕγγυόν
3041 2338 3124 2374 σοι
3159 2321 3384 2390 παρέχω
3413 2318 3473 2370 τὸ
3497 2315 3735 2383 Εὐαγγέ·

2065 2410 2195 2464 λιον.
2238 2411 2398 2478 Λέγει
2428 2413 2456 2464 6
2495 2410 2684 2481 Σωτὴρ
2722 2410 2851 2480 περὶ
2877 2408 2985 2462 τῶν
3023 2407 3191 2462 ἐθνῶν
3214 2423 3229 2438 ·
3268 2407 3336 2459 Τὸ
3380 2401 3568 2472 ὄνομά
3614 2416 3733 2457 σου

2062 2495 2409 2566 ἐφανέρωσα
2436 2497 2516 2563 τῷ
2543 2500 2774 2565 κόσμῳ·
2822 2496 3038 2566 μᾶλλον,
3073 2496 3156 2548 ὅτι
3186 2493 3264 2563 τῷ
3291 2491 3571 2561 ἀγνοοῦντι
3603 2491 3735 2557 ἐφα-

2065 2585 2278 2654 νέρωσά
2315 2602 2410 2638 σου
2444 2586 2506 2638 τὸ
2553 2585 2722 2653 ὄνομα
2765 2584 2844 2654 τῷ
2880 2585 3088 2654 κόσμῳ.
3130 2584 3289 2635 Ποῖον
3338 2579 3508 2648 ὄνομα
3538 2576 3734 2645 ἐφανέ-

2067 2688 2239 2742 ρωσε;
2273 2672 2394 2725 ’Ότι
2447 2671 2600 2734 Θεός.
2636 2669 2795 2724 Ἀλλά
2835 2669 3154 2742 προειλήφει
3192 2669 3226 2737 ἡ
3280 2664 3480 2734 γνῶσις
3520 2662 3582 2715 τὸ
3616 2660 3732 2713 ὅνο-

2068 2775 2172 2828 μα·
2213 2760 2304 2812 καὶ
2337 2759 2386 2812 οἱ
2438 2757 2777 2828 πλανώμενοι
2821 2759 2929 2829 γὰρ
2970 2757 3186 2824 λέγουσι
3232 2754 3376 2814 θεὸν,
3404 2750 3499 2805 καὶ⁵
3541 2750 3589 2803 οἱ
3623 2750 3731 2801 ἀπ-

2064 2847 2455 2916 εσχοινισμένοι
2494 2846 2592 2916 τῆς
2626 2845 2905 2907 εὐσεϐείας
2960 2845 3060 2897 οὐκ
3089 2841 3377 2913 ἀρνοῦνται
3417 2837 3515 2908 τὴν
3567 2851 3734 2907 προσ-

2062 2935 2324 3005 ηγορίαν⁶
2369 2937 2516 2986 ποῖον
2555 2929 2645 2986 οὖν
2685 2933 2853 3001 ὄνομα
2885 2932 3207 3000 ὲγνώρισεν;
3246 2928 3368 2981 Ὀτι
3413 2922 3601 2994 Πατὴρ
3633 2939 3734 2977 καο

2063 3020 2263 3074 λεῖται·
2313 3018 2690 3089 Ἐφανέρωσὰ
2725 3036 2841 3073 σου
2870 3017 2936 3071 τὸ
2972 3017 3158 3086 ὄνομα
3200 3013 3281 3080 τῷ
3310 3015 3533 3082 κόσμῳ.
3570 3011 3733 3082 Ὁρᾷς

2064 3108 2146 3160 ὅτι
2173 3109 2305 3160 ὅπου
2344 3108 2608 3177 ὴγνόηται
2644 3108 2673 3159 6
2712 3105 2920 3175 Πατὴρ,
2957 3103 3229 3175 ἑρμηνεὺς
3275 3100 3479 3170 γίνεται
3506 3099 3535 3150 6
3571 3096 3731 3159 Υίδς.

2062 3194 2141 3263 τῷ
2187 3194 2525 3263 εὐαγγελικῷ
2571 3192 2889 3265 κηρύγματι
2941 3190 3245 3261 σαφηνίζων
3294 3188 3392 3259 τὴν
3442 3185 3721 3255 ἀλήθειαν

2063 3282 2196 3334 ὅπου
2251 3280 2307 3332 δὲ
2353 3281 2381 3332 6
2427 3279 2615 3350 Πατὴρ
2664 3277 2940 3348 ἐνομίζετο
2994 3276 3384 3347 γνωρίζεσθαι,
3431 3274 3459 3325 ὁ
3500 3272 3558 3324 δὲ
3608 3268 3734 3331 Υἱὸς

2067 3367 2141 3437 μὴ
2175 3366 2553 3437 γνωρίζεσθαι,
2590 3367 2858 3437 ἑρμηνεὺς
2897 3364 3104 3432 γίνεται
3128 3362 3287 3425 αὐτὸς
3319 3360 3411 3413 τοῦ
3438 3356 3734 3427 ἀγνοουμέ-

2063 3470 2174 3505 νου.
2193 3448 2338 3513 Οῖον,
2366 3452 2452 3505 ἵνα
2485 3452 2570 3505 ἐπ’
2597 3450 2773 3505 αὐτῶν
2801 3451 2957 3515 δείξω
2986 3450 3094 3502 τῶν
3129 3447 3463 3519 πραγμάτων
3491 3446 3588 3513 τὴν
3604 3442 3733 3511 ἁλή-

2064 3539 2235 3593 θειαν·
2295 3538 2507 3604 Παῦλος
2561 3540 2678 3610 ᾔδει
2710 3539 2801 3591 τὸν
2857 3537 3010 3600 Θεὸν,
3034 3538 3134 3590 οκκ
3161 3536 3275 3607 ᾔδει
3296 3534 3387 3587 τὸν
3435 3532 3582 3586 Υίόν·
3615 3530 3732 3600 ⁴ᾔδει

2062 3628 2214 3694 Θεὸν,
2250 3629 2348 3681 οὐκ
2377 3628 2491 3699 ᾔδει
2540 3628 2595 3680 δὲ
2646 3626 2866 3697 Πατέρα
2893 3625 3021 3677 εντα
3054 3623 3149 3677 τοῦ
3180 3618 3410 3692 Χριστοῦ
3455 3618 3545 3671 τὸν
3576 3616 3727 3671 Θεόνσ

2063 3717 2155 3769 καὶ
2172 3711 2239 3785 ἧν
2270 3714 2515 3785 ζηλωτὴς
2538 3712 2819 3774 εὐσεϐείας
2853 3712 2991 3779 ὑπὲρ
3024 3710 3119 3762 τοὶ
3146 3709 3311 3777 νόμου
3349 3704 3675 3776 μαχόμενος
3704 3706 3735 3759 6

2059 3804 2191 3866 Θεὸς
2215 3802 2520 3867 ἀπέϐλεπεν
2568 3802 2648 3863 εἰς
2682 3800 2771 3851 τὸν
2800 3798 2980 3867 ζῆλον,
3000 3798 3097 3864 ἀγν
3126 3796 3219 3859 νίας
3238 3795 3334 3865 μὲν
3368 3791 3731 3862 πεπληρωμέ-

2061 3908 2169 3952 νον,
2189 3890 2350 3942 πόθου
2374 3889 2430 3941 δὲ
2448 3889 2508 3956 γέ
2518 3904 2702 3958 μοντα’
2723 3889 2815 3940 καὶ
2838 3887 2890 3937 τί
2906 3889 3046 3937 ποιεῖ
3065 3900 3080 3949 ;
3097 3883 3347 3954 γνωρίζει
3366 3882 3442 3952 τῷ
3455 3880 3735 3948 ἀγνοοῦντι

2060 3979 2151 4032 τὸν
2204 3977 2581 4046 ἀγνοούμενον.
2624 3976 2666 4026 Τ
2674 3976 2719 4037 ίς
2771 3975 2900 4043 ἡμῖν
2937 3972 3108 4024 ταῦτα
3148 3968 3465 4040 σαφηνίζεις
3499 3967 3670 4029 Αὐτὸς
3707 3968 3735 4017 6

2063 4065 2193 4117 ποτὲ
2233 4065 2529 4133 ἀγνοήσας,
2584 4062 2676 4113 καὶ
2729 4058 2952 4129 ὕστερον
3010 4058 3301 4126 γνωρίσας,
3343 4055 3504 4117 αὐτὸς
3545 4056 3574 4107 6
3605 4051 3733 4105 ποτε

2062 4149 2275 4215 διώξας,
2312 4150 2404 4201 καὶ
2441 4147 2664 4219 ὕστερον
2692 4144 3201 4214 εὐαγγελισάμενος.
3226 4142 3289 4195 Τί
3312 4141 3419 4211 γάρ
3447 4141 3731 4211 φησιςΚαὶ

2063 4237 2226 4305 ἥμην
2265 4235 2528 4303 ζὴλωτὴς
2558 4234 2662 4287 τοῦ
2690 4233 2959 4301 πατρῴου
2999 4233 3206 4299 νόμου,
3239 4230 3364 4283 καθ’
3392 4227 3736 4297 ὑπερϐολὴν

2064 4326 2293 4377 διώκων
2320 4324 2433 4391 τὴν
2476 4322 2848 4387 Ἐκκλησίαν
2880 4321 2984 4373 τοῦ
3017 4319 3183 4373 Θεοῦ.
3217 4319 3356 4371 Ὅτε
3383 4317 3449 4370 δὲ
3479 4317 3733 4383 ηὐδόκη-

2064 4429 2177 4464 σεν
2203 4414 2236 4464 ὀ
2252 4410 2393 4475 Θεὸς
2422 4413 2454 4461 ό
2479 4411 2775 4477 ἀφορίσας
2790 4424 2865 4475 με
2888 4408 2954 4459 ἐκ
2977 4408 3207 4471 κοιλίας
3227 4406 3454 4474 μητρός
3471 4422 3607 4472 μου,
3636 4402 3731 4454 καὶ

2063 4497 2329 4560 καλέσας
2383 4494 2481 4548 διὰ
2530 4493 2640 4560 τῆς
2685 4493 2921 4561 χάριτος
2951 4492 3136 4546 αὐτοῦ
3201 4492 3590 4557 ἀποκαλύψαι
3628 4488 3733 4539 τὸν

2075 4584 2210 4637 Υίὸν
2242 4582 2425 4635 αὑτοῦ
2451 4581 2521 4633 ἐν
2556 4581 2707 4648 ἐμοί’
2744 4582 2837 4633 καὶ
2868 4580 2937 4631 τὰ
2965 4578 3109 4649 ἑξῆς.
3140 4580 3205 4630 Ἡ
3234 4580 3340 4647 γάρ
3378 4576 3651 4646 μαρτυρία
3674 4573 3734 4625 τὸ

2063 4670 2231 4733 δεῖξαι
2260 4670 2320 4720 τὸ
2348 4667 2694 4737 ζητούμενον,
2721 4667 2816 4736 οὐχ
2842 4669 2875 4737 ὴ
2898 4666 3097 4739 θεωρία
3117 4665 3209 4717 τοῦ
3249 4666 3533 4732 νοήματος.
3566 4660 3730 4713 Πάλιν

2065 4758 2243 4827 ἐρωτᾷ
2273 4757 2301 4809 ὁ
2331 4755 2518 4825 Σωτὴρ
2564 4756 2685 4817 τοὺς
2710 4754 3057 4817 ἀποστόλους,
3097 4754 3235 4807 Τίνα
3262 4769 3338 4820 με
3370 4749 3658 4816 λέγουσιν
3677 4751 3729 4800 οι

2064 4846 2357 4912 ἅνθρωποι
2394 4839 2543 4896 εἶναι
2574 4843 2678 4895 τὸν
2706 4842 2839 4895 Υίὸν
2866 4843 2970 4895 τοῦ
2995 4839 3144 4911 [608]
3181 4838 3531 4905 ἁνθρώπου;
3565 4837 3721 4906 Ἑρω-

2064 4934 2131 5002 τᾷ
2157 4933 2255 5001 οὐχ
2285 4932 2369 4982 ἵνα
2423 4930 2587 5000 μάθῃ,
2622 4928 2842 4981 ἀλλ’ἵνα
2879 4928 2977 4998 τὴν
3001 4927 3259 4980 ὑπόνοιαν
3306 4922 3573 4991 ἐξορίσας,
3633 4919 3730 4989 τὴν

2066 5018 2317 5087 ἀλήθειαν
2349 5018 2591 5087 στηρίξῃ.
2636 5016 2779 5068 Τίνα
2806 5032 2882 5081 με
2913 5014 3201 5082 λέγουσιν
3225 5014 3278 5064 οἱ
3307 5010 3633 5075 (ir-Opunta;
3666 5008 3726 5060 Οἱ

2066 5105 2347 5158 ἀπόστολοι
2381 5106 2591 5174 πρῶτον
2620 5103 2716 5164 τὰς
2745 5103 2852 5153 τῶν
2871 5100 3075 5152 πολλῶν
3104 5097 3356 5159 ὑπονοίας
3388 5093 3729 5147 ἀντιϐάλλου-

2068 5208 2169 5244 σιν·
2204 5192 2393 5260 Οίμὲνν
2425 5191 2552 5261 γάρ,
2588 5191 2767 5257 φασιν,
2805 5190 3031 5248 Ἠλίαν,
3059 5190 3110 5239 οἱ
3133 5186 3199 5237 δὲ
3234 5184 3529 5252 Ἰερεμίαν,
3559 5183 3595 5249 ἢ
3622 5182 3730 5234 ἕνα

2068 5278 2181 5330 τῶν
2210 5277 2544 5345 προφητῶν.
2583 5275 2646 5326 Τί
2675 5270 2766 5326 οὖν
2796 5277 2822 5326 6
2846 5274 3066 5341 Σωτήρ;
3107 5272 3247 5340 Πρὸς
3273 5272 3369 5339 μὲν
3394 5269 3491 5331 τὰς
3517 5266 3731 5339 ψευδεῖς

2067 5364 2222 5431 δόξας
2250 5364 2503 5432 οὐδεμίαν
2538 5362 2827 5432 ἀπόκρισιν
2848 5363 3099 5420 ποιεῖται,
3142 5358 3366 5423 ἀναξίας
3388 5354 3730 5425 ἀποκρίσεως

2068 5454 2265 5523 κρίνων
2291 5453 2383 5512 τὰς
2417 5448 2625 5517 ψευδεῖς
2661 5447 2931 5508 ὑπονοίας.
2975 5446 3158 5513 Ὑμεῖς
3191 5445 3258 5497 δὲ
3285 5446 3419 5497 τίνα
3430 5460 3504 5511 με
3527 5441 3731 5510 λέγετε

2067 5539 2253 5600 sirm;
2277 5539 2336 5589 οὐ
2361 5536 2465 5587 τῶν
2484 5533 2689 5586 πολλῶν
2714 5551 2800 5602 μοι
2827 5532 2981 5600 λόγος
3002 5532 3108 5584 τῶν
3133 5531 3587 5601 πεπλανημένων,
3616 5527 3729 5583 ἀλλ’

2070 5628 2098 5676 ὑ
2108 5624 2221 5695 μῶν
2252 5623 2359 5676 τῶν
2382 5621 2772 5691 κηρυττόντων.
2822 5619 3040 5689 Ἐπειδὴ
3073 5620 3187 5688 γὰρ
3213 5620 3367 5689 ὑμεῖς
3388 5621 3508 5671 ἐστε
3530 5620 3578 5671 οί
3603 5615 3734 5687 μέλ-

2068 5714 2249 5774 λοντες
2292 5710 2621 5778 διαγγέλλειν
2658 5712 2747 5763 τὸν
2776 5709 3070 5779 λαμπτῆρα
3110 5709 3211 5779 τῆς
3239 5708 3514 5780 ἀληθείας,
3546 5708 3606 5762 τδ
3629 5706 3732 5780 κὴ·

3752 164 3783 179 κ
