3966 6160
291 289 393 346 εστ

294 422 477 476 ρυγμα
492 405 590 477 τῆς
606 405 887 471 εὐσεϐείας
914 409 993 471 εἰς
1023 408 1203 463 πᾶσαν
1230 407 1414 481 φέρειν
1448 410 1546 482 τὴν
1582 411 1673 464 ὑπ’
1702 412 1955 483 οὐρανόν·

292 494 349 545 ἐν
392 495 519 564 ὑμῖν
549 493 761 547 σαλεύει
799 495 867 549 τά
896 494 1230 566 ἀνθρώπινα,
1279 500 1338 551 ἐν
1371 497 1499 568 ὑμῖν
1540 500 1839 554 κινδυνεύει
1887 500 1957 554 τά

291 578 393 649 τῆς
421 579 697 651 ἀληθείαςο
728 582 820 633 καὶ
870 580 1060 653 ὥσπερ
1087 582 1122 653 ἡ
1157 583 1396 653 ὑμετέρα
1423 583 1624 651 γνῶσις
1667 586 1818 657 κοινὴ
1845 587 1956 639 τῶν

292 666 596 738 ἀνθρώπων
643 670 952 739 εὐεργεσία,
1005 670 1238 741 οὖτωςή
1296 672 1534 744 ὑμετέρα
1558 673 1749 742 άγνοια
1804 676 1955 745 κοινὴ

292 754 391 823 τῆς
414 755 735 827 οἰκουμένης
757 756 947 828 ζημία·
966 757 1053 811 διὰ
1083 759 1257 820 τοῦτο,
1277 759 1459 828 Ὑμεῖς
1477 761 1610 814 τίνα
1622 779 1699 830 με
1721 762 1955 831 λέγετε;

293 842 337 892 Τ
337 842 426 894 ότε
457 844 772 914 ἀποκριθεὶς
804 846 1006 916 Πέτρος
1036 844 1177 913 εἷπε,
1206 848 1290 901 Σὺ
1316 849 1373 901 εί
1406 851 1439 902 ὁ
1467 849 1740 917 Χριστός,
1767 853 1800 903 ὁ
1830 851 1958 916 Υἱός

293 928 400 982 τοῦ
424 929 573 983 Θεοῦ
614 932 721 984 τοῦ
748 929 980 998 ζῶντος.
1005 926 1172 997 υῦτος
1205 935 1442 999 πίστεως
1474 937 1619 1007 ὄρος,
1647 931 1803 1001 οὗτος
1827 938 1960 1009 ἀλη-

294 1014 443 1079 θείας
487 1017 664 1085 λόγος,
712 1018 850 1090 αὐτη
905 1022 1005 1090 τῆς
1037 1022 1203 1092 ὀρθῆς
1222 1021 1380 1092 δόξης
1430 1023 1769 1094 ἡόμολογία.
1821 1024 1960 1077 Ἀλλ’

292 1102 480 1174 ἐπειδὴ
519 1105 789 1175 ἐνεδέχετο
826 1107 921 1160 καὶ
950 1106 1153 1177 ταύτην
1185 1109 1283 1177 τὴν
1313 1110 1494 1180 φωνὴν
1530 1111 1610 1172 είς
1643 1110 1744 1174 τάς
1795 1111 1960 1175 ἀλλας

296 1190 635 1259 ίσονοεῖσθαι,
670 1194 769 1257 τὰς
805 1194 903 1264 μὲν
949 1194 1293 1265 ἀποκρίσεως
1338 1197 1438 1249 οὐκ
1473 1196 1645 1266 ἠξίου,
1667 1200 1732 1269 τῇ
1760 1199 1817 1250 δὲ
1862 1198 1961 1270 τὴν

291 1276 471 1347 ψῆφον
505 1280 683 1350 φέρει,
712 1281 807 1334 καὶ
830 1279 884 1333 τί
906 1297 1099 1351 φησιν;
1130 1281 1247 1334 Ἵνα
1275 1282 1348 1353 μὴ
1370 1283 1464 1337 καὶ
1491 1283 1645 1337 τοῦτο
1667 1283 1724 1349 ἐξ
1752 1283 1962 1354 ἀνθρω-

295 1364 454 1436 πίνης
482 1366 709 1437 νομισθῇ
749 1367 1002 1430 ὑπονοίας
1051 1363 1187 1421 εἶναι
1219 1370 1280 1421 τὸ
1332 1369 1504 1440 ῥῆμα,
1540 1370 1960 1441 ἐπισφραγίσας,

294 1455 388 1506 καὶ
415 1455 480 1523 σή
491 1471 722 1526 μαντρον
745 1454 893 1526 αὐτῷ
914 1455 1122 1520 ἐπιθεὶς
1151 1457 1249 1526 τῆς
1277 1456 1554 1527 ἀληθείας,
1574 1459 1706 1528 φησί
1723 1476 1736 1489 ·
1761 1458 1964 1513 Μακά-

290 1558 420 1608 ριος
440 1538 513 1602 εἴ,
545 1543 742 1611 Σίμων
777 1542 898 1611 ,ϐὰρ
935 1542 1121 1598 Ἰωνᾶ.
1166 1543 1429 1598 Ἐνταῦθα
1458 1546 1846 1616 μνημόνευσον,
1879 1548 1963 1599 ὅτι

297 1630 486 1700 Πατὴρ
541 1632 636 1683 καὶ
706 1631 785 1700 τῷ
846 1633 1163 1700 γινώσκοντι
1222 1631 1385 1685 αὐτὸν
1432 1633 1805 1687 ἀποκαλύπτει
1869 1633 1964 1688 τὸν

294 1715 671 1787 ἀγνοούμενον.
692 1717 990 1785 Μακάριος
1006 1714 1076 1781 εί,
1110 1719 1306 1788 Σίμων
1326 1719 1447 1785 βὰρ
1482 1718 1659 1782 Ἰωνᾶ,
1688 1717 1776 1773 ὅτι
1807 1719 1963 1788 σὰρξ

293 1803 393 1857 καὶ
419 1801 562 1873 αἷμα
575 1807 687 1858 οὐκ
720 1805 1076 1874 ἀπεκάλυψέ
1096 1821 1215 1869 σοι,
1234 1806 1371 1861 ἀλλ’
1401 1807 1434 1859 ό
1458 1804 1660 1873 Πατήρ
1686 1823 1806 1874 μου
1830 1810 1863 1859 ὁ
1893 1808 1965 1861 ἐν

293 1890 416 1957 τοῖς
442 1891 735 1958 οὐρανοῖς.
774 1889 935 1964 Ὁρᾷς
955 1893 1037 1945 ὅτι
1063 1892 1141 1963 τῷ
1169 1893 1267 1964 μὲν
1285 1892 1472 1964 κόσμῳ
1498 1892 1660 1946 παντὶ
1680 1893 1964 1962 ἀγνοοῦντι

292 1976 383 2030 τὸν
410 1978 646 2048 Πατέρα,
678 1980 706 2032 6
735 1978 862 2042 Υἱὸς
900 1980 1168 2050 ἑρμηνεὺς
1197 1980 1402 2048 γίνεται
1443 1979 1537 2034 τοῦ
1575 1979 1959 2051 ἀγνοουμένου*

290 2066 356 2134 τῇ
390 2064 446 2117 δὲ
477 2068 763 2136 συναγωγῇ
782 2070 874 2119 καὶ
892 2069 1002 2129 τοῖς
1043 2067 1312 2131 Ἰουδαίοις
1333 2067 1465 2124 Θεὸν
1504 2068 1602 2136 μὲν
1643 2066 1964 2123 ὑπονοοῦσιν

292 2152 508 2214 εἰδέναι,
538 2153 628 2207 τὸν
642 2153 704 2207 δὲ
720 2154 812 2207 τοῦ
837 2153 972 2208 Θεοῦ
1000 2154 1133 2208 Θεὸν
1161 2155 1333 2224 Λόγον
1347 2157 1448 2211 οὐκ
1479 2156 1957 2225 ἐπιγινώσκουσιν,

291 2239 453 2305 αὐτὸς
474 2242 521 2293 νύ
549 2241 734 2313 Πατὴρ
751 2242 1022 2313 ἑρμηνεὺς
1040 2241 1249 2312 γίνεται
1273 2243 1365 2297 τοῦ
1391 2244 1889 2316 ἀμφιϐαλλομένου.

360 2328 423 2383 δ’.
464 2329 556 2399 Μὴ
592 2330 776 2382 τοίνυν
808 2331 907 2400 τὴν
954 2330 1399 2402 ὑπερϐάλλουσαν
1441 2332 1850 2403 φιλανθρωπίαν
1884 2334 1965 2397 είς

291 2414 503 2483 ἐφόδιον
533 2414 701 2488 τάξῃς
726 2414 997 2482 ἀσεϐείας,
1020 2416 1095 2487 μὴ
1125 2417 1432 2489 ἐλαττώσῃς
1456 2420 1556 2487 τὴν
1576 2418 1732 2486 ἀξίαν
1759 2418 1847 2472 διά
1863 2419 1963 2490 τὴν

293 2501 625 2571 οἰκονομίαν,
656 2502 757 2573 -μὴ
792 2502 1235 2574 πολυπραγμόνει
1286 2503 1447 2572 φύσιν
1495 2505 1827 2576 ἀμέτρητον,
1888 2506 1965 2576 μὴ

294 2588 492 2661 ἐρεύνα
517 2589 704 2642 οὐσίαν
729 2589 1133 2660 ἀκατάληπτον.
1178 2589 1406 2654 Ἡσαΐας
1438 2608 1496 2643 σε
1522 2591 1765 2646 πεισάτω
1783 2592 1967 2647 τοιαῦ-

295 2691 365 2728 τα
380 2675 454 2746 μὴ
489 2675 787 2747 διερευνᾷν,
822 2675 954 2746 μηδὲ
999 2673 1223 2730 τοιαῦτα
1260 2682 1803 2749 πραγματογραφείνο
1848 2677 1968 2748 Τὴν

295 2763 510 2833 γενεὰν
534 2765 642 2836 γὰρ
667 2764 854 2819 αὐτοῦ
895 2764 989 2830 τίς
1022 2763 1406 2834 διηγήσεται;
1442 2765 1579 2819 Ἀλλ’
1618 2766 1665 2820 ὣ
1688 2767 1787 2838 τῆς
1811 2768 1964 2820 ἀναι-

299 2851 524 2921 σχύντου
550 2852 755 2922 τόλμης
798 2851 906 2904 τῶν
946 2851 1125 2905 πάντα
1161 2852 1358 2924 ῥᾳδίως
1406 2855 1624 2925 φρονεῖν
1654 2854 1749 2907 καὶ
1788 2854 1968 2923 λέγειν

297 2937 649 3009 τολμώντωνῑ
685 2938 778 2991 καὶ
806 2938 867 2991 οὐ
889 2937 1143 3008 ’φοϐεῖται
1174 2951 1199 2980 ι
1222 2940 1256 2991 ό
1286 2939 1558 3010 Ἀνόμοιος
1583 2940 1659 3004 ὡς
1694 2940 1829 2994 Θεοῦ
1866 2941 1967 3010 φύ-

299 3016 383 3079 σιν
411 3025 848 3096 διερευνὼμενος.
878 3026 974 3078 καὶ⁸
1010 3026 1224 3097 τολμῶν
1263 3027 1441 3096 λέγειν
1484 3029 1554 3081 τά
1604 3028 1838 3100 ἄρρητα,
1874 3030 1969 3083 καὶ

296 3115 638 3188 δημοσιεύειν
675 3114 745 3167 τά
778 3114 946 3183 ἅγια·
976 3115 1070 3168 καὶ
1114 3115 1359 3180 είκότωςο
1404 3115 1590 3186 ἐπειδὴ
1638 3117 1747 3187 γάρ
1783 3117 1970 3184 ἀγνοεῖ

298 3194 399 3270 τὴν
439 3202 716 3273 ἀλήθειαν,
745 3202 1136 3270 ἐπαγγέλλεται
1164 3202 1234 3256 τά
1282 3202 1641 3275 ἀγνοούμενα,
1670 3205 1757 3258 ἵνα
1785 3205 1969 3277 κρύψῃ

299 3288 367 3342 τά
395 3288 791 3361 κηρυττόμενα.
819 3289 933 3343 υύκ
955 3290 1154 3362 ῆκουσε
1188 3290 1285 3360 τῆς
1328 3291 1488 3358 ἁγίας
1513 3291 1737 3362 Γραφῆς
1768 3308 1968 3361 παραι-

299 3374 516 3446 νούσης,
560 3376 629 3430 Ἃ
679 3374 1059 3444 προσετάχθη
1108 3391 1226 3441 σοι,
1258 3376 1446 3431 ταῦτα
1472 3376 1736 3430 διανοοῦ·
1764 3378 1826 3430 οὐ
1858 3377 1971 3448 γάρ

303 3463 460 3533 χρεία
489 3479 571 3516 σοι
619 3463 729 3517 τῶν
759 3464 1037 3537 κρυπτῶν.
1076 3465 1137 3518 '0
1172 3465 1439 3535 μακάριος
1463 3465 1617 3530 Θεὸς,
1669 3468 1764 3520 καὶ
1812 3467 1970 3537 μόνος

302 3550 568 3622 δυνάστης
597 3551 706 3605 τῶν
745 3550 1081 3622 θαυμασίων,
1130 3549 1247 3604 Ἰὼϐ
1278 3551 1368 3604 τὸν
1387 3553 1497 3605 ἀπὸ
1540 3553 1639 3623 τῆς
1695 3553 1971 3623 ὑπομονῆς

302 3638 612 3709 λάμψαντα,
656 3640 934 3711 βουληθείς
981 3658 1111 3693 ποτε
1139 3642 1206 3711 τῇ
1241 3641 1451 3712 ἱστορίᾳ
1491 3640 1589 3710 τῆς
1614 3640 1971 3713 δημιουργίας

304 3725 591 3796 ἐκπλῆξαι,
620 3727 766 3794 λέγει
792 3727 958 3797 αὐτῷ·
983 3728 1107 3781 Ποῦ
1134 3724 1291 3798 ἦςέν
1315 3727 1396 3792 τῷ
1414 3727 1731 3796 θεμελιοῦν
1751 3744 1828 3796 με
1857 3726 1974 3795 τὴν

302 3810 456 3880 γῆν;
506 3813 651 3884 ὄτεή
681 3812 924 3867 θάλασσα
956 3814 1198 3882 ἐγένετο;
1230 3815 1319 3867 ῖνα
1355 3813 1622 3884 συντέμω,
1658 3814 1748 3866 ὅτε
1777 3812 1847 3867 τὰ
1868 3813 1971 3884 ὅρη

304 3899 632 3966 ἐπλάττετο;
694 3902 776 3955 Σὺ
833 3901 1143 3971 ἐφύλαξας
1209 3901 1484 3967 τοκετοὺς
1550 3901 1971 3970 τραγελάφων;

317 3985 673 4057 Ἀπάγγειλόν
724 4005 838 4058 μοι,
886 3990 1039 4059 φησὶ,
1080 3987 1172 4042 τοῦ
1222 3990 1430 4059 κόσμου
1469 3988 1570 4059 τὴν
1614 3987 1971 4051 διατύπωσιν,

305 4073 403 4146 τὴν
431 4073 541 4127 τῶν
557 4074 759 4145 θηρίων
784 4074 966 4138 ὠδῖνα,
990 4075 1085 4129 καὶ
1116 4075 1217 4146 τὴν
1243 4077 1447 4147 τροφὴν
1478 4074 1586 4128 τῶν
1614 4074 1848 4144 κτηνῶν,
1875 4075 1974 4144 τὴν

306 4161 638 4215 κατάστασιν
666 4161 880 4214 πάντων
906 4160 1016 4214 τῶν
1062 4163 1119 4214 ἐν
1153 4161 1230 4233 τῷ
1270 4164 1480 4233 κόσμῳ,
1531 4162 1632 4233 τὴν
1677 4159 1970 4217 ποικιλίαν.

307 4246 491 4300 Ταῦτα
527 4246 585 4298 δὲ
614 4246 751 4316 πρὸς
809 4248 969 4300 αὐτὸν
993 4246 1175 4316 ἔλεγεν
1203 4249 1350 4317 ὅμως
1372 4246 1641 4301 παιδεύων
1673 4248 1857 4313 αὐτὸν,
1894 4248 1977 4302 ὅτι

308 4334 402 4386 καὶ
428 4333 496 4386 τὰ
521 4335 578 4386 ὲν
604 4333 740 4404 αὐτῇ
762 4335 827 4404 τῇ
847 4334 1020 4386 κτίσει
1043 4333 1191 4405 [409]
1215 4334 1513 4405 φαινόμενα
1534 4339 1642 4397 τοῖς
1667 4334 1975 4405 ἀνθρώποις

309 4423 685 4494 ἀκατάληπτα.
718 4418 852 4475 Εἶτα
879 4424 907 4476 6
933 4423 1200 4494 μακάριος
1238 4423 1532 4491 ἐκπλαγείς
1563 4440 1714 4494 φησι·
1775 4426 1973 4492 Κύριε,

308 4512 471 4575 ἅπαξ
495 4510 788 4578 ἐλάλησα,
811 4510 910 4564 ἐπὶ
936 4511 1004 4563 δὲ
1028 4510 1108 4575 τῷ
1137 4511 1390 4580 δευτέρῳ
1410 4512 1483 4564 οὐ
1517 4510 1862 4581 προσθήσω.
1890 4508 1979 4565 Εἴ-

307 4603 429 4672 ταὴ
466 4600 690 4671 ζήτησις
717 4599 823 4653 τῶν
849 4599 1186 4670 φαινομένων
1231 4601 1449 4672 ἐνίκησε
1488 4605 1580 4653 τὸν
1626 4598 1767 4653 Ἰώϐ-
1797 4601 1889 4653 σοῦ
1919 4601 1979 4654 δὲ

310 4691 408 4761 τὴν
431 4689 634 4759 τόλμαν
658 4688 782 4741 οὐδέ
804 4689 850 4758 ἡ⁵
868 4687 1105 4760 άρῤητος
1122 4686 1213 4740 τοῦ
1239 4688 1576 4755 Μονογενοῦς
1604 4687 1819 4758 ἐνίκησε
1853 4688 1978 4756 γέν-

311 4794 498 4848 νησις;
540 4775 676 4829 Ἀλλ’
706 4776 828 4828 ἐπεὶ
862 4774 1197 4844 διαγγέλλεις
1224 4775 1260 4828 ἃ.
1295 4775 1369 4847 μὴ
1391 4773 1558 4839 οἶδας,
1583 4775 1798 4829 ἀπαιτῶ
1832 4777 1861 4818 b
1894 4774 1981 4828 λό-

310 4882 406 4933 γον
431 4860 506 4918 ῶν
561 4863 762 4929 πάντες
795 4862 976 4934 ίσμεψ
1027 4862 1149 4916 είπέ
1199 4879 1307 4932 μοι,
1353 4862 1470 4928 πῶς
1509 4862 1643 4934 ήγῆ
1684 4862 1979 4933 ὲστηρίχθη

311 4951 526 5006 ἐπὶτῶν
554 4952 782 5015 ὑδάτων,
838 4951 980 5015 είπέ,
1023 4950 1139 5014 πῶς
1173 4952 1201 5004 6
1237 4951 1410 5022 Ἀδὰμ
1442 4950 1683 5023 ἐπλάσθη
1717 4951 1826 5004 ἀπὸ
1855 4951 1977 5020 γῆς·

312 5041 455 5106 είπέ,
482 5040 601 5104 πῶς
623 5040 684 5093 τὸ
716 5040 889 5111 μάννα
917 5038 1246 5110 ἐχορηγήθη,
1266 5038 1382 5103 πῶς
1410 5042 1442 5111 ἡ
1471 5038 1709 5093 θάλαττα
1732 5038 1979 5111 διῃρέθη,

312 5129 408 5182 καὶ
433 5127 502 5183 τά
525 5127 688 5182 λοιπά
702 5126 975 5197 θαύματα,
1000 5127 1086 5180 ἵνα
1112 5125 1186 5198 μὴ
1221 5126 1467 5200 μηκύνωο
1494 5126 1613 5179 εἰπέ
1640 5144 1751 5197 μοι,
1784 5125 1899 5189 πῶς
1932 5126 1984 5178 οί

314 5216 534 5285 ἄγγελοι
565 5213 937 5287 παρατεθέντα
966 5213 1148 5277 αὐτοῖς
1176 5214 1266 5267 τὸν
1287 5214 1484 5286 μόσχον
1500 5212 1603 5267 ὐπὸ
1624 5213 1717 5266 τοῦ
1736 5213 1985 5284 ’Δϐραάμ

315 5302 545 5373 ἐφαγον;
576 5301 786 5372 γαστὴρ
812 5302 914 5355 οὐκ
938 5297 1028 5374 ἦν,
1058 5301 1239 5372 δοχεία
1260 5302 1467 5374 τροφῆς
1486 5302 1584 5372 οὐχ
1614 5300 1859 5371 ὑπῆρχεν
1888 5301 1990 5368 ἀγ-

315 5389 489 5461 γέλων
542 5388 723 5458 φύσει.
772 5388 834 5440 '0
886 5387 1074 5443 ποιῶν
1127 5388 1235 5459 γὰρ
1275 5388 1420 5454 τοὺς
1450 5386 1748 5457 ἀγγέλους
1794 5385 1982 5440 αὐτοῦ

376 5497 401 5565 _’_
422 5495 559 5565 βοῦς.
578 5496 605 5542 ό
636 5492 896 5565 Ἀνρμριοῆ
918 5493 1155 5565 ’ωθιίιιεξ
1183 5506 1294 5565 ηομ]
1332 5499 1500 5565 οοςιιξε
1521 5491 1784 5565 Ληοςηοεοε
1805 5487 1984 5565 agitur.

318 5555 444 5602 F.le
467 5558 494 5602 6
517 5554 705 5612 ἄνομος.
730 5553 853 5615 Infra
884 5553 1014 5601 idem
1055 5560 1196 5603 recte
1238 5555 1572 5615 ἐπαγγέλλεται
1595 5553 1656 5600 τὰ
1680 5553 1983 5615 ἀγνοούμενα.

322 5616 453 5676 aqua,
469 5610 799 5676 ἐπαγγέλλεται
820 5614 1021 5676 ἀγνοεῖν,
1047 5610 1398 5676 συαῃιεοιὶοὴὲ
1437 5619 1539 5676 tota
1562 5610 1986 5676 serigslmrbalur.

379 5673 409 5713 ι)
435 5675 516 5735 Sic
535 5672 834 5724 cbrreximus
854 5672 943 5735 pro
978 5672 1199 5724 ἀπαιτοῦ.
1227 5674 1333 5726 Mox
1368 5675 1434 5722 ὧν
1470 5674 1640 5731 πάντες
1654 5672 1879 5722 dedimus
1900 5681 1989 5731 pro

323 5733 506 5781 ὄνπάντ

1496 302 1868 361 εΕνΕΒιΑΜ
1905 301 2253 361 GABALOR.
2294 300 2509 358 EPISC.

3604 291 3694 347 ὅδὲ

2056 412 2380 481 πνεύματα,
2400 410 2500 464 καί
2524 408 2667 476 τοὺς
2697 408 3082 479 λειτουργοὺς
3110 408 3298 465 αὐτοῦ
3334 408 3452 479 πῦρ
3473 407 3699 485 ςρλέγον.Γ

2055 500 2181 563 Πῶς
2228 497 2516 570 ἀνηλώθη;
2576 497 2794 561 Εὐθέως
2847 500 2876 551 6
2912 497 3208 569 αίρετικὸς,
3248 499 3354 551 Καὶ
3409 498 3481 560 τί,
3532 497 3694 566 φησὶν,

2053 586 2312 640 ἀδύνατον
2329 586 2510 655 ζητεῖς
2529 601 2544 651 ;
2561 584 2903 655 δυνάμειτῶν
2940 584 3188 654 ἀγγέλων
3218 584 3506 655 ἠφανίσθη.
3529 585 3694 652 Καὶτῇ

2057 674 2155 746 μὲν
2172 673 2398 744 δυνάμει
2412 672 2521 727 τῶν
2536 673 2782 743 ἀγγέλων
2801 674 3096 739 πιστεύεις,
3152 675 3246 727 καὶ
3297 674 3395 727 οὐκ
3428 672 3695 739 ἐξετάζεις,

2054 759 2189 815 Θεοῦ
2208 760 2264 813 δὲ
2282 762 2532 831 γέννησιν
2542 761 3011 832 πολυπραγμονεῖς
3027 779 3041 828 ;
3058 761 3179 824 Πῶς
3189 761 3344 830 ἐποίη
3352 761 3480 813 σενό
3492 758 3613 821 Θεὸς
3623 757 3700 812 τὸν

2054 847 2282 921 οὐρανὸν
2296 848 2391 902 καὶ
2401 849 2498 917 τὴν
2511 849 2612 918 γῆν
2628 864 2642 913 ;
2660 847 3151 918 Ἀποκρίνεται,Ὡς
3164 844 3323 912 οἶδεν,
3345 848 3420 910 ὡς
3437 845 3698 915 ἠθέλησεν.

2056 932 2191 990 Είτα
2221 937 2253 1006 ἡ
2280 934 2612 1006 μὲνδύναμις
2624 934 2719 989 τοῦ
2739 934 2875 988 Θεοῦ
2904 934 3184 1005 λογισμοῖς
3209 935 3308 1005 οὐχ
3340 932 3700 993 ὑποϐάλλεται,

2057 1022 2193 1076 ἀλλά
2229 1022 2408 1075 πίστει
2445 1021 2825 1092 παραδίδοταιο
2874 1022 2994 1075 θεία
3028 1021 3085 1075 δὲ
3127 1022 3379 1090 γέννησις
3406 1019 3510 1073 τῶν
3544 1018 3703 1086 λογισ-

2059 1109 2174 1179 μῶν
2205 1109 2471 1178 ἀνάγκαις
2511 1109 3001 1180 περιστοιχίζεται;
3033 1109 3146 1163 Οὐκ
3174 1109 3413 1178 ἤκουσας
3446 1105 3536 1160 τοῦ
3559 1104 3726 1157 Δαυῒδ

2057 1196 2324 1265 λέγοντος,
2354 1197 2553 1250 Πάντα
2577 1197 2693 1251 ὅσα
2708 1196 3010 1265 ἠθέλησεν
3028 1200 3061 1252 ό
3076 1198 3308 1265 Κύριος,
3330 1195 3628 1262 ἐποίησενς
3641 1192 3704 1245 Τὸ

2061 1283 2269 1355 θέλημα
2307 1286 2368 1337 οὐ
2413 1284 2907 1356 πολυπραγμονεῖς,
2933 1286 3026 1339 καὶ
3042 1284 3315 1355 τὴνφύσιν
3350 1281 3703 1354 περιεργάζης

2059 1373 2168 1425 Καὶ
2206 1372 2278 1435 τί,
2308 1371 2564 1442 ἀδελφοί;
2607 1373 2673 1424 Ἀ
2706 1372 2803 1442 μὲν
2841 1373 3096 1442 ἐποίησεν
3135 1374 3164 1425 6
3206 1371 3338 1435 Θεὸς
3379 1370 3564 1430 θέλων,
3590 1370 3705 1439 ὁρᾶ-

2057 1473 2167 1521 ται,
2208 1456 2267 1510 ὃν
2312 1457 2370 1510 δὲ
2402 1457 2689 1527 ἐγέννησεν
2722 1459 2786 1510 ἐκ
2813 1457 2914 1526 τῆς
2962 1457 3095 1520 ίδίας
3138 1456 3326 1519 οὐσίας
3369 1455 3592 1526 ἀόρατον
3623 1454 3707 1525 (εί-

2059 1548 2171 1603 κὼν
2208 1547 2318 1620 γάρ
2345 1548 2481 1601 Θεοῦ
2506 1548 2738 1619 ἀοράτου
2763 1549 2834 1603 τὰ
2856 1549 3157 1619 φαινόμενα
3183 1547 3506 1620 ποιήματα),
3538 1543 3626 1598 νῦν
3657 1544 3705 1595 ἐν

2057 1634 2137 1706 τῷ
2180 1633 2423 1706 λογισμῷ
2448 1638 2482 1707 ή
2515 1636 2742 1708 ἀόρατος
2773 1646 2797 1675 ο
2834 1636 3087 1707 γέννησις
3130 1638 3242 1698 τοῖς
3291 1635 3568 1703 λογισμοῖς
3606 1631 3708 1684 δου-

2059 1721 2243 1789 λεύει;
2282 1722 2318 1777 ἀ
2356 1722 2588 1794 θελήσας
2628 1723 2904 1793 ἐποίησεν,
2953 1724 3053 1777 οὐκ
3100 1723 3483 1793 ἀνακρίνεται“
3520 1722 3549 1775 δ
3587 1719 3707 1773 κατά

2059 1810 2159 1881 τὴν
2186 1810 2337 1863 θείαν
2374 1808 2468 1863 καὶ
2508 1809 2774 1879 ἄχραντον
2809 1808 2969 1878 φύσιν
3000 1809 3297 1879 ὑπήνεγκε,
3342 1807 3703 1877 πολυπραγμο·

2060 1901 2207 1963 νεῖς;
2234 1898 2298 1949 Ὢ
2319 1897 2509 1968 καινῆς
2530 1896 2769 1967 τόλμηςί
2798 1895 2844 1949 ὣ
2876 1895 3034 1966 ξένης
3063 1895 3489 1967 ἐπιχειρήσεωςί
3530 1893 3573 1947 ὣ
3609 1892 3712 1962 βουο

2062 1984 2302 2056 λήματος
2333 1985 2645 2055 τιμωμένου
2674 1985 2727 2049 (³,
2756 1984 2850 2037 καὶ
2877 1983 3089 2053 φύσεως
3113 1982 3512 2054 ύϐριζομένηςί
3542 1980 3710 2041 Καλῶς

2060 2077 2089 2129 6
2119 2075 2388 2145 μακάριος
2429 2074 2589 2127 Δαυῒδ
2633 2074 2851 2143 ἔλεγεν·
2904 2074 3020 2128 Υἱοὶ
3076 2072 3560 2149 ἀνθρώπιον,ἕως
3588 2072 3713 2123 πότε

2055 2162 2497 2231 βαρυκάρδιοιε
2543 2162 2699 2216 [rari
2747 2160 3015 2230 ἀγαπᾶτε
3062 2162 3451 2231 ματαιότητα,
3497 2158 3588 2213 καί
3630 2156 3712 2225 ζη-

2059 2249 2212 2304 τεῖτε
2252 2250 2517 2319 ψεῦδος;
2560 2251 2676 2303 Πᾶν
2707 2250 2816 2321 γάρ
2859 2249 3133 2320 ἀλλότριον
3164 2248 3266 2319 τῆς
3307 2245 3541 2319 Χριστοῦ
3581 2245 3709 2299 διδα-

2063 2338 2287 2404 σκαλίας
2318 2337 2411 2391 καὶ
2441 2336 2660 2407 ψεῦσμα
2707 2337 2801 2390 καὶ
2836 2336 3083 2406 μάταιον.
3118 2336 3178 2388 El
3212 2336 3325 2408 γὰρ
3357 2333 3601 2405 ἀληθεύει
3631 2329 3708 2382 λέ-

2062 2441 2195 2493 γων,
2234 2423 2373 2494 Ἐγώ
2413 2427 2527 2493 εἰμι
2559 2426 2592 2495 ἡ
2632 2423 2877 2495 ἀλήθεια,
2903 2425 3002 2477 ὅσα
3031 2422 3185 2485 ἐκτὸς
3210 2422 3312 2493 τῆς
3338 2420 3565 2493 Χριστοῦ
3594 2416 3712 2471 διδα-

2064 2512 2311 2575 σκαλίας,
2334 2514 2412 2576 είς
2437 2511 2627 2581 ψεῦδος
2654 2512 2830 2582 φέρει.
2877 2510 3143 2578 Ἀνάγαγέ
3176 2526 3269 2563 σου
3310 2511 3407 2580 τὴν
3430 2507 3598 2578 ψυχὴν
3620 2501 3714 2558 ἀπὸ

2062 2599 2171 2654 τῶν
2193 2600 2367 2671 χαμαὶ
2379 2599 2654 2670 κειμένων
2688 2598 3017 2669 ζητημάτων
3057 2599 3150 2651 καὶ
3178 2597 3291 2651 τῶν
3331 2597 3564 2669 ματαίων
3590 2593 3715 2663 λογι-

2066 2688 2219 2759 σμῶν
2260 2688 2353 2740 ἐπὶ
2398 2687 2457 2740 τὸ
2493 2687 2627 2758 ὕψος
2669 2687 2771 2757 τῆς
2811 2686 3111 2754 θεολογίας,
3158 2686 3255 2739 καὶ
3303 2685 3587 2739 κατάλειπε
3627 2680 3713 2749 τὴν

2066 2775 2286 2845 πτωχὴν
2308 2773 2414 2827 τῶν
2440 2773 2716 2844 λογισμῶν
2744 2773 2968 2846 ἔρευναν
2989 2790 3005 2805 ο
3054 2772 3185 2826 λάϐε
3225 2772 3322 2825 τὸν
3349 2768 3611 2842 θησαυρὸν
3632 2764 3717 2832 τῆς

2066 2862 2351 2931 άληθείας’
2413 2862 2610 2931 Ὁμοία
2652 2861 2826 2915 ἐστίν
2860 2860 2900 2927 ή
2952 2861 3243 2925 ,ϐασιλεία
3309 2857 3429 2913 τῶν
3475 2848 3718 2918 οὐρανῶν

2065 2949 2348 3019 θησαυρῷ
2371 2947 2770 3018 κεκρυμμένῳ.
2806 2948 2905 3001 Διά
2941 2947 2996 3001 τί
3043 2946 3325 3018 θησαυρὸς
3362 2942 3663 3014 ὀνομάζεται
3692 2938 3720 2988 ὀ

2067 3039 2294 3110 Σωτήρς
2335 3035 2599 3090 Ἐνταῦθα
2651 3036 2884 3108 πρόσεχε
2940 3035 3204 3107 ἀκριϐῶς.
3229 3035 3445 3102 ’Ὠσπερ
3474 3031 3502 3083 6
3541 3029 3718 3097 θησαυ-

2055 3127 2162 3197 ’ρὸς
2187 3125 2285 3194 οὐχ
2322 3124 2410 3178 ὅτε
2450 3123 2785 3194 εὑρίσκεται,
2820 3122 2940 3176 τότε
2986 3122 3328 3189 συνίσταται,
3358 3117 3470 3174 ἀλλ’
3501 3115 3608 3171 ἐστι
3635 3111 3720 3185 μὲν

2069 3212 2295 3274 παλαιὸς
2340 3213 2405 3282 τῇ
2446 3210 2591 3264 θέσει
2626 3223 2673 3274 ο,
2731 3211 2851 3273 νέος
2894 3209 2950 3263 δὲ
2988 3212 3054 3280 τῇ
3108 3209 3367 3279 εὑρέσειο
3399 3206 3537 3261 οὓτω
3577 3201 3661 3256 καὶ
3697 3201 3723 3251 ό

2070 3301 2337 3371 σωτήριος
2379 3299 2536 3369 λόγος
2580 3298 2805 3362 παλαιὸς
2846 3299 2944 3369 μέν
2973 3299 3088 3351 ἐστι
3125 3296 3224 3368 τὴν
3268 3297 3453 3364 ἀξίαν,
3484 3293 3574 3348 καὶ
3599 3287 3721 3360 ἀρχὴ

2067 3387 2177 3442 τῶν
2219 3390 2491 3453 ἀπάντων,
2529 3387 2714 3458 ἐπειδὴ
2748 3388 2844 3441 Ἑν
2885 3384 3044 3457 ἀρχῇ
3092 3384 3172 3454 ἦν
3208 3387 3241 3438 ὁ
3291 3386 3508 3455 Λόγος’
3539 3379 3646 3434 νέον
3676 3374 3724 3428 δὲ

2068 3476 2129 3529 τὸ
2150 3477 2412 3548 κήρυγμα
2430 3475 2516 3529 διά
2544 3476 2642 3547 τὴν
2661 3476 2764 3545 τῆς
2793 3475 2993 3545 σαρκὸς
3019 3472 3355 3543 οἰκονομίαν.
3390 3467 3594 3541 ’Δμέλει
3624 3458 3721 3524 οὖν,

2070 3564 2282 3634 ἀδελφέ,
2323 3564 2410 3617 ἵνα
2461 3562 2657 3634 μάθῃς,
2689 3564 2770 3615 δτι
2817 3562 2972 3630 δίκην
3021 3559 3304 3631 θησαυροῦ
3344 3559 3455 3621 τοῖς
3495 3550 3721 3608 ποθοῦσιν

2070 3654 2361 3725 ἐκλάμπει,
2405 3655 2495 3707 καὶ
2535 3652 2584 3706 οί
2631 3651 2996 3722 εὑρίσκοντες,
3039 3647 3215 3711 οὕτως
3270 3644 3630 3718 ἐπιτρέχουσιν
3656 3636 3721 3725 ὡς

2073 3719 2330 3812 θησαὐρῷ
2357 3740 2642 3811 εὑρημένῳ
2673 3719 2730 3785 ’δ
2768 3736 3022 3807 Ἀνδρέας
3053 3734 3132 3806 τῷ
3171 3735 3367 3807 Πέτρῳ
3386 3719 3720 3798 τὴνεύρεσινί

2072 3828 2355 3899 κηρύττων
2399 3828 2593 3898 φησίν·
2628 3828 2737 3879 ⁸ον
2764 3825 2990 3894 ἔγραψε
3037 3821 3310 3890 Μωῢσῆς
3345 3821 3414 3875 ἐν
3464 3816 3560 3906 tt?"
3583 3813 3723 3906 ’ζόιίφ

2071 3914 2169 3968 καί
2214 3917 2268 3968 οἱ
2317 3913 2635 3983 προφῆται,
2674 3912 3011 3981 εὑρήκαμεν
3053 3907 3163 3962 τὸν
3197 3908 3475 3978 Χριστόν.
3507 3902 3721 3965 Μωῦσῆς

2072 4000 2181 4071 γὰρ
2207 4001 2298 4053 καὶ⁸
2325 4002 2373 4053 οί
2413 4001 2689 4072 προφῆται
2728 4001 2786 4052 ἐν
2826 4001 2945 4060 ταῖς
2981 3996 3164 4065 ἁγίαις
3193 3995 3399 4066 βίϐλοις
3440 3992 3527 4055 ὡς·
3555 3991 3607 4042 ἐν
3641 3984 3723 4072 θηα

2075 4069 2294 4159 σαυροῖς
2323 4069 2593 4141 ἀπέθεντο⁷
2625 4086 2685 4140 τὸ
2722 4087 3003 4157 κήρυγμα.
3037 4083 3177 4137 Ἀλλ’
3203 4082 3397 4152 ὥσπερ
3423 4080 3472 4132 οί
3511 4069 3723 4159 κρυπτὺν

2075 4157 2344 4247 θησαυρὸν
2384 4174 2780 4244 ἀποτιθέμενοι,
2827 4173 2981 4226 αὐτοὶ
3030 4172 3129 4243 μὲν
3178 4171 3381 4242 ὁρῶσιν
3413 4167 3448 4223 ἀ
3480 4157 3722 4247 καταϐάλο

2073 4243 2274 4327 λονται,
2304 4262 2560 4315 σκέπουσι
2587 4243 2643 4314 δέ
2672 4264 2737 4331 τῇ
2779 4258 2930 4331 [410]
2956 4259 3094 4328 ὄψει,
3138 4257 3213 4329 μὴ
3254 4255 3630 4329 εὐδιάρπαστος
3650 4243 3722 4331 ’τέ’

2075 4366 2230 4420 νηται
2271 4351 2384 4414 τοῖς
2429 4330 2932 4420 ἀλλοτρίοιςίσούτω
2971 4347 3064 4399 καὶ
3106 4347 3156 4398 οί
3193 4344 3473 4417 προφῆται
3514 4330 3724 4420 Χριστὸν

2076 4418 2408 4509 κηρύξαντες
2449 4439 2517 4508 τῇ
2563 4418 2801 4506 ἀσαφείᾳ
2840 4433 2950 4488 τῶν
2993 4432 3190 4498 λέξεων
3228 4431 3471 4504 ἔκρυψαν
3514 4425 3598 4478 τὸν
3638 4418 3719 4486 θη·

2078 4527 2297 4597 σαυρόν.
2330 4524 2429 4578 Διά
2470 4524 2556 4589 τί;
2594 4524 2658 4576 EE
2704 4524 2813 4593 γὰρ
2854 4521 3041 4589 σαφῶς
3081 4517 3256 4585 εἶπον,
3288 4520 3389 4573 οὐκ
3421 4513 3488 4587 ἦν
3529 4520 3718 4603 προφγ

2075 4614 2217 4675 τεία,
2263 4612 2397 4666 ἀλλά
2442 4612 2717 4682 κήρυγμα,
2768 4609 2864 4663 καὶ
2910 4607 3321 4680 προελάμϐανεν
3362 4608 3397 4677 ἠ
3439 4599 3603 4691 42wa
3633 4599 3716 4691 τῇς

2077 4700 2396 4772 ἐκφράσεως
2452 4697 2553 4769 τὴν
2613 4695 2900 4767 εὐκαιρίαν
2949 4695 3044 4749 τοῦ
3103 4696 3471 4767 κηρύγματος.
3533 4683 3594 4738 Τί
3634 4683 3722 4772 σὺν

2078 4769 2321 4854 ποιοῦσις
2356 4790 2466 4841 Καὶ
2508 4787 2888 4859 ἐρμηνεύουσι,
2933 4787 3027 4840 καὶ
3080 4786 3403 4858 κρύπτουσι.
3439 4781 3530 4842 Τίς
3569 4769 3709 4859 ταῖξτ³

2079 4876 2223 4946 λέγει
2246 4893 2261 4941 ς
2305 4854 2556 4938 Ἠσαῖαςί
2578 4854 2707 4929 'K'al
2736 4874 2908 4929 ἔσται
2944 4854 3131 4928 τοῦτον
3154 4873 3224 4928 τὸ
3252 4871 3505 4939 βιϐλίον,
3533 4863 3603 4924 ὡς
3623 4854 3697 4919 ,βυ

2081 4965 2179 5019 ϐλί
2184 4982 2253 5019 ον
2272 4961 2755 5033 ἐσφραγισμένον
2772 4978 2786 4992 ·
2835 4960 2882 5015 δ’
2903 4961 3010 5016 ἐὰν
3030 4958 3179 5028 δοθῇ
3206 4958 3482 5028 ἀνθρώπῳ
3497 4950 3703 5033 auara:

2075 5051 2239 5121 μένῳ
2259 5024 2583 5120 γράμμάτα,
2606 5049 2746 5118 ἐρεῖ,
2773 5051 2856 5103 Οὐ
2875 5048 3131 5117 δύναμαι
3146 5024 3481 5115 ἀναγνῶναι
3493 5024 3708 5121 ’-ἒσ

2081 5117 2282 5200 λγισταὶ
2320 5117 2452 5199 γάρ.
2502 5129 2614 5183 Καὶ
2636 5117 2764 5182 ίέὰν
2795 5127 2943 5196 δοθῇ
2973 5126 3053 5193 τῷ
3082 5126 3166 5196 μὴ
3209 5125 3391 5179 εἰδότι
3423 5117 3716 5200 τράμμ⁰ἶ⁸“

2081 5187 2220 5282 ἐρεῖ,
2250 5187 2341 5266 Οὐ
2378 5187 2634 5282 δύναμαι
2673 5187 3035 5281 ἀναγνῶναιί
3066 5187 3282 5279 οὐγὰρ
3330 5207 3542 5273 ἔμαθον
3559 5187 3729 5282 γίζᾷψ

2076 5272 2254 5365 άατά.
2284 5294 2349 5346 Τί
2386 5272 2630 5363 βούλεται
2657 5288 2748 5345 οῦν
2786 5272 2942 5345 τοῦτο
2966 5292 3027 5344 τὸ
3062 5272 3288 5359 αἴνιγμα
3465 5277 3580 5347 περὶ
3598 5272 3734 5365 ,Χρῗ

2085 5353 2209 5426 στοῦ
2244 5353 2568 5443 προφητεία,
2601 5370 2754 5442 φησὶ,
2775 5371 2869 5423 καὶ
2899 5353 3302 5430 Ἰουδαίοιςκαὶ
3328 5360 3569 5443 Ἕλλησιν
3591 5353 3733 5443 ὴΥΥῨξ

2084 5424 2214 5517 ἐπὶ»,
2253 5424 2528 5514 νἸιουδάίοις
2720 5424 2833 5512 τοῖς
2876 5447 3040 5502 εἰδόσι
3083 5424 3417 5518 γράμματα,
3451 5424 3605 5504 νόμον
3648 5424 3730 5480 καὶ

2151 5551 2174 5620 (ξ
2203 5549 2341 5620 ρηυξ
2361 5547 2605 5620 ποιήματα
2614 5547 2790 5620 νικῶσι
2812 5545 2894 5620 τὸν
2917 5543 3161 5606 ).ογισμόν’
3183 5540 3269 5591 καὶ
3288 5541 3320 5595 ἠ
3341 5536 3549 5599 ἀόρατος

2148 5609 2177 5649 d
2211 5609 2363 5659 Savil.
2387 5609 2586 5667 conjicil
2605 5608 2925 5669 ἠτιμωμένον.

2156 5684 2178 5711 θ
2203 5670 2302 5719 Alii
2320 5671 2406 5727 τήν
2431 5670 2576 5717 θέσιν.

2156 5684 2178 5769 ἶ
2203 5684 2576 5781 ἓίὲιῖἒιῖεῗεῖίῖί
2593 5729 2679 5786 τὴν
2697 5727 2980 5793 εὐεργεσίαν.
