3966 6160
313 371 414 427 53-7

315 489 599 543 humanam
626 497 751 542 esse
791 483 1122 553 opinionem,
1165 475 1296 532 illud
1338 472 1627 542 obsignans
1655 478 1710 524 et
1737 465 1889 538 sigii-

314 581 418 634 lum
444 578 684 634 veritatis
709 575 935 640 addens,
960 573 1122 628 dicit:
1152 569 1341 623 Beatus
1368 582 1439 631 es,
1463 563 1643 619 Simon
1665 559 1892 630 Barjora

311 669 419 738 (Ib.
449 684 499 723 υ.
530 669 642 738 17).
676 667 850 721 Hicin
881 664 1194 720 memoriam
1226 672 1440 722 revoca,
1468 657 1681 710 Patrem
1729 651 1888 704 etiam

313 763 360 818 ei
386 762 477 831 qui
500 775 559 815 se
585 769 829 822 noverat,
861 773 982 812 eum
1005 770 1164 826 quem
1189 751 1465 823 ignorabat
1486 746 1742 801 revelare.
1760 741 1894 795 Ben-

315 863 389 906 tus
418 868 489 916 es,
519 850 702 906 Simon
726 849 971 917 Barjona,
1001 847 1120 917 quia
1146 859 1264 898 caro
1293 852 1338 895 et
1367 839 1571 908 sanguis
1616 851 1718 889 non
1754 847 1894 885 reve-

317 944 436 998 lavit
457 944 566 1007 tibi,
595 942 684 997 sed
708 941 865 995 Pater
890 956 1052 1003 meus,
1075 939 1160 1007 qui
1190 937 1242 988 in
1262 934 1398 988 caelis
1424 940 1518 986 est.
1555 927 1738 982 Vidcn’
1756 938 1893 993 qun-

251 1097 259 1103 _
316 1035 476 1089 modo
503 1036 601 1090 toti
627 1034 767 1099 orbi,
799 1033 889 1103 qui
923 1032 1134 1085 Patrem
1167 1026 1464 1097 ignorabat,
1515 1021 1680 1075 Filius
1727 1019 1894 1086 ignoti

317 1127 581 1195 interpres
609 1125 679 1179 sit
706 1141 719 1178 :
752 1137 1036 1195 synagoga:
1059 1129 1237 1174 autem
1269 1126 1323 1172 et
1362 1114 1582 1178 Judaais,
1613 1110 1700 1180 qui
1729 1111 1892 1161 Deum

316 1215 529 1285 quidem
561 1229 620 1270 se
652 1229 810 1268 nosse
839 1214 1114 1282 putabant,
1135 1209 1229 1264 sed
1249 1207 1341 1262 Dei
1361 1205 1580 1260 verbum
1605 1202 1770 1254 Deum
1789 1211 1893 1251 non

317 1315 593 1370 noverant,
619 1307 730 1373 ipse
756 1306 914 1360 Pater
943 1305 1204 1371 interpres
1232 1299 1396 1370 ignoti
1421 1291 1717 1352 efficiatur?

389 1400 443 1452 4.
483 1396 560 1452 Ne
580 1397 759 1466 itaque
779 1410 1042 1451 summam
1072 1392 1450 1461 benignitatem
1469 1383 1756 1456 impietatis
1781 1380 1895 1433 via-

322 1490 484 1545 ticum
515 1496 746 1553 statuas;
777 1505 844 1543 ne
875 1489 1082 1542 minuas
1121 1485 1430 1555 dignitatem
1473 1489 1692 1550 propter
1718 1477 1899 1530 incar-

320 1584 622 1645 nationem;
652 1596 720 1636 ne
746 1581 1010 1635 curiosius
1033 1579 1268 1648 inquiras
1297 1579 1610 1629 immensam
1634 1569 1779 1622 illam
1805 1581 1900 1620 ua-

323 1685 526 1738 turam;
559 1689 626 1728 ne
652 1673 911 1728 scruteris
954 1670 1242 1726 essentiam
1277 1658 1894 1732 incomprehensibilem.

322 1768 440 1823 Tibi
473 1767 634 1821 Isaias
675 1765 918 1830 suadeat,
951 1779 1057 1818 non
1105 1776 1226 1816 esse
1267 1759 1354 1813 illa
1397 1752 1764 1824 disquirenda,
1799 1765 1899 1805 nec

326 1860 526 1927 scripto
572 1857 852 1927 agitanda:
884 1871 1004 1909 nam
1056 1854 1148 1913 ait.
1206 1850 1587 1906 Generationem
1632 1847 1742 1914 ejus
1789 1843 1900 1911 quis

326 1953 580 2007 enarrabit
626 1949 797 2021 (Isai.
831 1950 920 2004 55.
966 1947 1074 2018 8)?
1111 1944 1238 2007 Sed,
1274 1958 1307 1996 o
1338 1938 1698 2011 impudentem
1739 1933 1903 1988 auda~

323 2044 460 2098 ciam
489 2057 675 2098 eorum
701 2041 790 2110 qui
813 2040 989 2092 omnia
1022 2047 1224 2091 temere
1255 2034 1492 2088 sentiunt
1526 2039 1580 2084 et
1623 2025 1898 2082 elfutiuut!

322 2135 504 2204 Neque
523 2135 674 2189 timet
703 2135 996 2186 Auommus
1021 2128 1112 2182 Dei
1139 2136 1378 2181 naturam
1407 2121 1660 2186 scrutari,
1688 2127 1744 2174 et
1764 2115 1900 2171 inef-

325 2226 502 2280 fabilia
532 2235 734 2280 temere
764 2221 931 2292 loqui,
965 2231 1125 2288 atque
1155 2227 1335 2272 sancta
1361 2215 1668 2276 traducere;
1696 2226 1760 2265 ac
1780 2209 1904 2279 jure

323 2317 561 2386 quidem.
593 2315 724 2382 Quia
766 2314 906 2369 enim
950 2312 1229 2366 veritatem
1273 2309 1502 2377 ignorat,
1544 2318 1664 2374 quae
1693 2302 1906 2372 ignorat

323 2409 496 2475 elfert,
541 2417 594 2461 ut
617 2423 736 2476 qua:
765 2405 1122 2475 praedicantur
1147 2401 1396 2455 occultet.
1416 2396 1532 2452 Non
1555 2394 1757 2449 audivit
1777 2407 1904 2448 san-

324 2511 464 2554 ctam
492 2498 822 2566 Scripturam
853 2503 1180 2559 monentem,
1213 2494 1339 2559 Quae
1367 2489 1454 2543 tibi
1483 2487 1723 2542 mandata
1763 2493 1902 2550 sunt,

327 2589 432 2642 lucc
457 2589 621 2658 cogita
653 2587 837 2658 (Eccli.
873 2588 924 2641 5.
973 2585 1104 2655 22);
1135 2599 1306 2652 neque
1349 2582 1491 2637 enim
1545 2578 1758 2632 arcanis
1810 2574 1904 2629 tibi

325 2695 459 2747 opus
486 2689 590 2732 est.
619 2679 814 2732 Beatus
849 2678 1005 2741 Deus,
1036 2676 1123 2744 qui
1142 2675 1287 2729 solus
1303 2672 1561 2728 mirabilia
1587 2679 1796 2740 patrare
1814 2684 1909 2738 po-

328 2779 454 2834 test,
482 2786 602 2823 cum
635 2770 793 2825 vellet
820 2769 1009 2824 Jobum
1044 2769 1189 2822 illum
1219 2767 1470 2835 patientia
1510 2779 1603 2818 sua
1635 2763 1892 2817 illustrem

326 2861 549 2916 historia
568 2862 852 2915 creatiouis
875 2859 1297 2924 obstupefacere,
1322 2857 1394 2910 ait
1412 2857 1483 2910 illi
1505 2872 1518 2908 :
1543 2854 1638 2909 Ubi
1667 2870 1777 2907 eras
1797 2868 1909 2905 cum

328 2964 515 3008 terram
549 2953 820 3021 fundarem
869 2951 988 3018 (Job
1034 2951 1120 3007 '58.
1163 2952 1222 3021 4)
1259 2949 1282 3002 ‘l
1311 2964 1431 3003 cum
1464 2963 1612 3002 mare
1643 2946 1828 3001 fieret?
1853 2953 1911 2998 ut

333 3047 513 3117 paucis
538 3045 834 3110 absolvam,
854 3042 984 3100 Cum
1015 3053 1226 3098 montes
1248 3041 1620 3096 firmarentur?
1637 3040 1715 3093 Tu
1739 3048 1911 3109 partus

332 3137 743 3208 tragelaphornm
785 3136 1057 3189 observasti
1111 3133 1229 3205 (Job
1261 3133 1347 3189 59.
1385 3134 1478 3201 l)?
1524 3134 1724 3186 Euarra
1781 3128 1909 3182 mihi

332 3227 514 3282 mundi
567 3227 961 3291 formationem,
1010 3225 1241 3280 ferarum
1296 3231 1500 3293 partus,
1550 3225 1911 3291 iumentorum

336 3335 536 3385 escam,
567 3320 998 3374 constitutionem
1023 3329 1075 3371 et
1103 3318 1414 3372 varietatem
1436 3316 1675 3370 omnium
1703 3333 1820 3384 quae
1853 3316 1907 3368 in

333 3413 535 3465 mundo
555 3422 700 3465 sunt.
730 3411 854 3465 Haec
876 3412 970 3480 ipsi
990 3411 1218 3474 dicebat,
1245 3409 1463 3462 ntillum
1492 3408 1732 3470 duceret,
1753 3407 1912 3460 etiam

336 3518 398 3558 ea
426 3503 477 3556 in
507 3502 726 3569 mundo,
754 3517 874 3571 quae
903 3503 1002 3556 sub
1033 3509 1303 3570 aspectum
1352 3500 1571 3564 cadunt,
1605 3514 1708 3551 non
1748 3512 1914 3568 posse

337 3595 406 3650 ab
433 3595 734 3650 hominibus
757 3593 1156 3664 comprehendi.
1189 3591 1388 3646 Deinde
1416 3592 1603 3645 beatus
1626 3591 1712 3644 ille
1731 3591 1922 3644 obstu-

341 3688 580 3756 pefactus
605 3686 768 3741 dicit:
803 3684 1040 3748 Domine,
1084 3684 1234 3738 semel
1261 3683 1497 3752 loquutus
1523 3698 1656 3747 sum,
1700 3683 1918 3734 secundo

342 3795 442 3832 non
468 3779 710 3848 adjiciam
738 3777 860 3846 (J-ob
898 3777 986 3832 59.
1016 3777 1127 3845 55).
1160 3775 1351 3841 Quaeso
1374 3782 1448 3839 te,
1475 3787 1654 3828 rerum
1680 3787 1800 3840 quze
1821 3770 1919 3825 sub

342 3878 615 3938 aspectum
647 3869 844 3923 eadunt
883 3867 1197 3937 perquisitio
1241 3866 1433 3921 Jobum
1487 3864 1833 3933 compressit;
1867 3873 1924 3919 et

344 3961 620 4017 audaciam
649 3971 790 4015 tuam
826 3976 892 4016 ne
919 3959 1200 4015 ineffabilis
1228 3958 1440 4028 quidem
1470 3956 1738 4026 Uuigeniti
1766 3970 1922 4025 gene-

345 4055 481 4109 ratio
506 4053 794 4123 reprimet?
822 4053 1019 4108 Verum
1037 4052 1158 4122 quia
1177 4052 1268 4106 illa
1287 4067 1405 4121 qua:
1428 4052 1638 4122 ignoras
1662 4051 1918 4119 explicas,

346 4159 409 4198 ea
451 4159 572 4214 quae
614 4158 801 4197 onmes
844 4143 1086 4198 novimus
1127 4142 1222 4196 abs
1255 4151 1306 4195 te
1339 4141 1627 4210 quaerenda
1658 4151 1804 4206 sunt,
1835 4141 1924 4195 dic

345 4236 478 4291 mihi
507 4236 778 4306 quomodo
810 4245 948 4289 terra
977 4250 1139 4302 super
1164 4249 1328 4304 aquas
1345 4233 1560 4292 fundata
1587 4235 1676 4300 sit,
1701 4248 1926 4303 quomo-

345 4327 415 4380 do
448 4327 618 4380 Adam
641 4342 705 4381 ex
740 4337 879 4380 terra
913 4329 1168 4381 formatus
1186 4327 1273 4391 sit,
1295 4326 1561 4396 quomodo
1591 4341 1781 4380 manna
1801 4342 1927 4395 sup-

350 4419 664 4486 peditatum,
696 4418 961 4486 quomodo
993 4433 1140 4473 mare
1191 4418 1452 4481 divisum;
1506 4431 1561 4473 et
1609 4435 1676 4473 ne
1719 4420 1928 4491 longior

348 4512 471 4575 sint,
501 4511 706 4578 reliqua
730 4510 1006 4564 miracula.
1033 4510 1126 4564 Dic
1152 4510 1283 4563 mihi
1310 4511 1580 4579 quomodo
1619 4515 1806 4582 angeli
1826 4531 1924 4585 ap-

350 4602 581 4669 positum
613 4600 712 4655 sibi
737 4601 805 4654 ab
831 4601 1138 4655 Abrahamo
1167 4602 1388 4655 vitulum
1419 4604 1783 4658 comederint:
1809 4608 1931 4660 nul-

349 4692 431 4744 lus
451 4692 520 4746 ibi
539 4703 748 4755 venter,
775 4692 977 4745 nullum
1001 4692 1243 4746 ciborum
1266 4695 1664 4762 receptaculum
1695 4696 1746 4748 in
1769 4713 1930 4766 auge-
1955 4735 1980 4778 Ι.

352 4783 450 4838 lis:
489 4784 591 4849 Qui
635 4782 760 4851 facit
788 4784 993 4852 angelos
1019 4801 1138 4837 suos
1174 4785 1404 4852 spiritus,
1442 4797 1488 4839 et
1518 4788 1773 4842 ministros
1812 4806 1932 4844 suos

347 4875 516 4942 ignem
566 4884 790 4927 urentem
840 4875 1009 4946 (Psal.
1042 4876 1165 4930 103.
1195 4875 1274 4946 4).
1305 4876 1586 4943 Quomodo
1619 4879 1932 4947 absumptus

346 4966 502 5019 cibus
548 4965 669 5018 est?
715 4965 904 5020 Statim
937 4967 1261 5021 haereticus:
1295 4966 1431 5032 Quid
1475 4968 1560 5021 hic
1605 4970 1935 5038 impossibile

346 5060 588 5128 qumris?
617 5059 927 5129 angelorum
961 5061 1154 5115 virtute
1177 5062 1424 5116 evanuit.
1459 5062 1783 5131 Angelorum
1826 5065 1935 5117 vir-

350 5160 517 5204 tutem
543 5148 744 5214 credis,
770 5165 868 5204 nec
891 5152 1189 5216 examinas,
1217 5161 1269 5205 et
1303 5152 1395 5206 Dei
1414 5154 1814 5222 generationem
1840 5170 1936 5209 cu-

347 5243 491 5299 riose
507 5243 800 5296 scrutaris?
813 5243 1093 5308 Quomodo
1118 5244 1241 5297 fecit
1263 5245 1401 5298 Deus
1416 5245 1601 5298 caelum
1626 5255 1678 5299 et
1701 5247 1941 5300 terram?

347 5334 683 5405 Respondet,
714 5333 786 5390 Ut
836 5336 1000 5398 novit,
1053 5343 1111 5388 ut
1159 5336 1346 5389 voluit.
1398 5335 1542 5391 Itane
1574 5337 1665 5390 Dei
1701 5346 1933 5406 potestas

346 5428 649 5482 ratiociniis
683 5443 788 5480 non
821 5426 1121 5496 subjicitur,
1173 5426 1268 5482 sed
1319 5427 1472 5491 ﬁdei;
1522 5429 1702 5482 divina
1749 5439 1926 5484 autem

344 5517 624 5585 generatio
655 5517 950 5572 ratiociniis
969 5516 1281 5571 addicitur?
1306 5516 1422 5571 Non
1445 5517 1636 5572 audisti
1672 5518 1927 5573 Davidem

346 5608 642 5673 dicentem,
695 5609 881 5663 Omnia
931 5625 1253 5679 quascumque
1306 5609 1463 5664 voluit
1513 5611 1759 5664 Dominus
1811 5613 1930 5681 fecit

347 5698 525 5766 (Psnl.
573 5701 695 5757 154.
728 5701 825 5773 6)?
854 5701 1192 5757 Voluntatem
1227 5718 1329 5756 non
1372 5702 1654 5772 perquiris,
1688 5711 1741 5756 et
1766 5711 1930 5757 natu-

353 5808 464 5848 ram
492 5798 704 5856 curiose
745 5799 1046 5856 scrutaris?
1078 5798 1279 5869 Ecquid
1305 5840 1318 5865 ,
1367 5797 1596 5854 fratres?
1624 5798 1752 5866 Qua:
1782 5799 1923 5854 Deus

1579 351 1667 406 DE
1706 348 1859 406 SlGll
1868 348 1902 404 .l
1914 346 1987 403 .lS
2023 345 2270 403 SERMO.

3477 349 3580 404 558

1997 465 2184 521 volens
2209 464 2406 532 ell'ecit,
2440 465 2722 532 videntur;
2773 467 2820 521 is
2866 481 3013 534 vero,
3055 483 3212 539 quem
3243 485 3308 526 ex
3364 487 3584 546 propria

1995 557 2292 611 substantia
2321 558 2508 626 genuit
2532 557 2852 616 iuvisibilem
2877 558 3062 633 (opera
3086 564 3229 618 enim
3247 581 3368 636 quae
3393 567 3578 623 viden-

1999 656 2104 710 tur,
2127 657 2253 702 sunt
2281 649 2455 719 imago
2481 649 2578 704 Dei
2607 652 2928 725 invisibilis),
2954 671 3097 711 nunc
3122 667 3300 713 autem
3326 661 3378 714 in
3408 663 3577 714 ratio-

1997 739 2141 794 cinio
2167 749 2412 794 versatur
2441 740 2722 797 invisibilis
2756 748 3055 814 generatio,
3096 750 3388 808 ratiociniis
3415 754 3596 824 subii--

1995 833 2170 886 citur?
2195 850 2313 903 quia
2341 836 2526 891 volens
2558 837 2682 892 fecit
2701 855 2803 893 non
2823 844 3216 912 examinantur,
3247 855 3302 901 et
3321 848 3459 918 quod
3485 865 3586 918 per.

1997 922 2232 977 divinam
2283 935 2338 979 et
2385 926 2756 984 intemeratum
2805 943 3048 987 naturam
3102 938 3322 1006 protulit
3368 944 3582 998 curiose

1999 1016 2291 1069 scrutaris?
2317 1016 2361 1071 Ο
2401 1034 2589 1072 novam
2634 1022 2940 1078 audaciam!
2979 1040 3016 1078 ο
3053 1031 3393 1084 temerarium
3425 1049 3582 1087 cona-

1999 1108 2146 1162 tum!
2197 1123 2229 1159 ο
2259 1109 2540 1163 consilium
2591 1113 2771 1181 turpe!
2815 1129 2848 1168 ο
2883 1124 3121 1172 naturam
3168 1113 3595 1182 inhonoratam!‘

1999 1198 2127 1254 Jure
2155 1200 2370 1257 dicebat
2399 1203 2586 1258 beatus
2613 1207 2775 1259 David
2801 1226 2814 1261 :
2849 1209 2976 1264 Filii
3019 1213 3282 1270 hominum
3324 1235 3596 1291 usquequa-

2000 1290 2140 1358 gravi
2162 1292 2348 1345 corde?
2374 1291 2441 1347 Ut
2465 1295 2586 1361 quid
2611 1295 2821 1366 diligitis
2845 1301 3112 1356 vanitatem
3140 1315 3186 1358 et
3207 1290 3428 1376 quaeritis
3451 1329 3581 1367 men-

2002 1380 2204 1436 dacium
2231 1383 2402 1451 (I’sal.
2427 1392 2479 1440 4.
2510 1387 2604 1456 5)?
2629 1388 3012 1462 Quodcumque
3040 1398 3183 1451 enim
3214 1401 3449 1457 alienum
3498 1420 3582 1459 est

2001 1486 2030 1523 a
2054 1471 2252 1526 Christi
2277 1475 2543 1543 doctrina,
2565 1495 2761 1534 vanum
2792 1493 2874 1536 est
2897 1495 2949 1538 et
2985 1488 3342 1544 mendacium.
3377 1493 3506 1548 Nam
3537 1497 3584 1551 si

2005 1579 2133 1619 vere
2155 1565 2305 1657 dicit,
2333 1565 2442 1639 Ego
2468 1586 2581 1623 sum
2611 1574 2795 1627 veritas
2821 1575 2997 1647 (Joan.
3033 1581 3118 1634 14.
3139 1582 3217 1652 6),
3237 1600 3588 1657 qumcumque

2001 1666 2152 1710 extra
2174 1655 2369 1713 Christi
2396 1660 2694 1718 doctrinam
2726 1677 2870 1732 sunt,
2904 1670 2968 1722 ad
2999 1674 3334 1729 mendacium
3361 1655 3582 1735 ducunt.

2001 1749 2188 1805 Reduc
2216 1753 2457 1807 animum
2489 1763 2636 1810 tuum
2669 1757 2738 1811 ab
2763 1759 2957 1815 infimis
2987 1764 3090 1818 illis
3123 1769 3506 1835 quarstionibus
3533 1783 3590 1828 et-

2003 1857 2034 1896 a
2065 1843 2229 1897 variis
2258 1845 2553 1900 ratiociniis
2575 1848 2640 1902 ad
2669 1851 2951 1908 sublimem
2983 1856 3330 1928 theologiam,
3355 1872 3410 1917 et
3433 1865 3585 1919 mitte

2006 1932 2219 2002 inopem
2253 1935 2396 1989 illam
2436 1938 2840 1996 ratiociniorum
2875 1948 3310 2016 perquisitionem
3343 1970 3357 2007 :
3402 1957 3586 2025 accipe

2005 2025 2248 2080 veritatis
2272 2028 2614 2085 thesaurum:
2649 2033 2830 2088 Simile
2853 2047 2924 2091 est
2961 2055 3169 2110 regnum
3197 2045 3434 2100 caelorum
3475 2050 3584 2102 tlte-

2005 2131 2157 2170 sauro
2183 2117 2476 2173 abscondito
2508 2121 2720 2194 (Matth.
2767 2127 2854 2180 15.
2887 2130 3002 2198 44).
3035 2132 3142 2185 Cur
3167 2133 3422 2191 Servator
3467 2138 3586 2195 tbe-

2005 2222 2198 2263 saurus
2223 2213 2481 2266 vocatur?
2511 2213 2608 2268 Hic
2633 2215 2920 2287 diligenter
2951 2223 3186 2278 attende.
3217 2225 3287 2282 Ut
3308 2229 3589 2287 thesaurus

2008 2313 2114 2352 non
2147 2308 2274 2355 tunc
2300 2303 2658 2370 constituitur,
2692 2323 2813 2362 cum
2857 2314 3142 2380 reperitur,
3194 2317 3288 2372 sed
3328 2330 3481 2376 vetus
3509 2332 3592 2378 est

2008 2389 2360 2460 depositione,
2412 2409 2583 2451 novus
2636 2398 2855 2454 inventu
2896 2420 2908 2456 :
2954 2405 3032 2459 sic
3083 2407 3319 2464 salutare
3365 2414 3588 2469 verbum

2007 2494 2160 2539 vetus
2188 2495 2272 2540 est
2295 2487 2572 2557 dignitate,
2607 2501 2660 2546 et
2690 2494 3006 2564 principium
3060 2500 3328 2568 omnium;
3372 2519 3493 2559 nam
3524 2507 3591 2562 In

2010 2577 2262 2648 principio
2287 2590 2394 2632 erat
2423 2582 2624 2636 verbum
2650 2582 2827 2655 (Joan.
2861 2588 2912 2641 1.
2943 2587 3031 2658 l);
3066 2605 3204 2646 nova
3230 2605 3408 2650 autem
3449 2615 3590 2668 prae-

2010 2669 2204 2725 dicatio
2232 2683 2449 2742 pr0pter
2473 2675 2649 2730 carnis
2671 2681 3045 2737 oeconomiam.
3066 2683 3133 2738 Et
3154 2699 3303 2754 sane,
3331 2689 3516 2760 frater,
3534 2706 3593 2750 ut

2009 2762 2188 2818 discas
2204 2765 2374 2834 ipsum
2396 2766 2631 2824 thesauri
2655 2770 2822 2827 instar
2838 2773 3268 2835 desiderantibus
3283 2783 3589 2854 splendere,

2011 2864 2065 2908 et
2091 2856 2179 2924 qni
2213 2856 2339 2912 illud
2363 2861 2636 2928 reperiunt
2666 2865 2818 2931 quasi
2850 2866 2914 2919 ad
2949 2867 3255 2925 thesaurum
3283 2889 3589 2944 accurrere,

2011 2946 2255 3001 Andreas
2289 2948 2447 3003 Petro
2486 2966 2752 3020 repertum
2796 2955 3036 3014 indicans
3065 2961 3172 3018 ait:
3207 2963 3365 3030 Quem
3392 2968 3594 3038 scripsit

2018 3035 2218 3106 Moyses
2246 3038 2298 3090 in
2323 3038 2430 3109 lege
2453 3049 2502 3093 et
2531 3044 2807 3112 prophetae,
2827 3048 3107 3107 invenimus
3133 3053 3387 3110 Christum
3412 3035 3592 3122 (Joan.

2017 3128 2065 3181 l.
2091 3127 2201 3198 45).
2228 3128 2437 3200 Moyses
2459 3133 2601 3186 enim
2633 3144 2686 3189 et
2713 3139 2983 3206 propheta:
3003 3143 3052 3195 in
3073 3145 3239 3198 sacris
3256 3147 3425 3214 libris,
3445 3152 3592 3219 quasi

2013 3221 2066 3275 in
2089 3220 2354 3277 thesauris
2383 3227 2810 3294 praedicationem
2834 3232 3210 3303 deposuerant.
3237 3239 3432 3296 Verum
3459 3244 3600 3299 sicut

2015 3311 2115 3376 illi,
2147 3314 2236 3382 qui
2263 3317 2528 3372 occultum
2559 3319 2864 3377 thesaurum
2895 3325 3196 3396 deponunt,
3237 3332 3339 3400 ipsi
3380 3334 3620 3403 quidem.

2017 3401 2316 3472 depositura
2357 3418 2574 3477 norunt,
2603 3412 2775 3467 oculis
2807 3430 2935 3469 vero
2979 3417 3225 3483 lustrant,
3278 3438 3345 3476 ne
3374 3401 3442 3478 ab
3480 3425 3598 3480 aliis

2017 3492 2171 3586 facile
2194 3496 2363 3567 abripi
2389 3500 2558 3568 possit
2585 3519 2598 3553 :
2626 3503 2703 3557 sie
2733 3505 3005 3573 propheta:
3030 3509 3156 3564 dum
3177 3509 3446 3569 Christum
3465 3533 3601 3586 prae-

2019 3584 2280 3652 dicarent,
2315 3589 2640 3648 obscuritate
2670 3597 2951 3651 verborum
3003 3600 3309 3658 thesaurum
3355 3584 3597 3664 occulta-

2020 3687 2165 3732 runt.
2200 3679 2410 3746 Quare?
2437 3683 2490 3737 Si
2520 3684 2662 3739 clare
2686 3686 2966 3752 dixissent,
3009 3706 3115 3745 non
3145 3692 3337 3750 fuisset
3366 3699 3598 3768 prOphe-

2022 3768 2114 3832 tia,
2151 3770 2244 3824 sed
2281 3773 2608 3841 praedicatio,
2639 3785 2694 3830 et
2735 3778 3104 3847 intempestiva
3151 3784 3389 3854 loquutio
3413 3790 3602 3858 prmdiq

2022 3859 2247 3914 catiouis
2291 3867 2742 3932 Opportunitatem
2791 3885 3239 3942 prteoccupasset.
3289 3878 3427 3946 Quid
3475 3897 3626 3952 ergo.-

2025 3949 2260 4006 faeiuut?
2290 3953 2715 4024 lnterpretantur
2757 3970 2813 4014 et
2841 3963 3126 4018 occultant.
3151 3966 3279 4035 Quis
3320 3969 3422 4025 hoc
3443 3949 3570 4026 dicit
3583 3979 3613 4026 ’ἐ-

2026 4043 2187 4098 Isaias
2212 4063 2224 4098 :
2257 4046 2322 4098 Et
2345 4047 2438 4099 erit
2469 4048 2550 4102 hic
2590 4049 2715 4103 liber
2747 4053 2896 4121 quasi
2921 4055 3044 4109 liber
3075 4056 3364 4129 obsignatas
3385 4078 3404 4114 :
3427 4065 3518 4132 qui
3563 4067 3627 4116 si-

2026 4137 2173 4192 detur
2201 4140 2307 4193 viro
2337 4141 2514 4194 scienti
2545 4141 2738 4211 literas,
2790 4146 2941 4211 dicet,
2991 4147 3115 4203 Non
3164 4169 3370 4220 possum
3409 4155 3622 4225 lege_re;-.

2029 4230 2319 4301 obsignatas
2349 4233 2481 4286 enim
2507 4244 2598 4288 est.
2629 4235 2697 4288 Et
2721 4239 2764 4289 si
2787 4238 2934 4292 detur
2962 4243 3202 4296 nescienti
3226 4245 3417 4313 literas,
3448 4249 3604 4312 dicet,

2030 4320 2153 4376 Non
2177 4339 2382 4392 possunt
2413 4325 2597 4395 legere,
2627 4329 2748 4398 quia
2775 4345 2875 4383 non
2912 4330 3070 4385 didici
3118 4333 3287 4390 literas
3331 4338 3486 4404 (Isai.
3515 4340 3604 4395 29.

2031 4415 2119 4469 ll.
2155 4415 2266 4486 12).
2298 4416 2436 4482 Quid
2477 4417 2578 4471 sibi
2629 4421 2740 4474 vult
2771 4421 2873 4476 hoc
2902 4424 3166 4493 aenigma?
3206 4427 3494 4497 Prophetia
3541 4431 3608 4486 de

2031 4506 2265 4574 Christo,
2299 4508 2491 4578 inquit,
2519 4519 2573 4564 et
2601 4525 2632 4563 a
2660 4510 2860 4566 Judzeis
2885 4523 2937 4568 et
2964 4529 2993 4568 a
3015 4517 3300 4584 gentilibus
3328 4520 3610 4587 ignorabao

2032 4607 2148 4652 tur:
2182 4613 2211 4652 a
2237 4599 2456 4664 Judzeis,
2499 4600 2588 4668 qui
2622 4601 2805 4655 literas
2845 4605 3085 4658 sciebant
3124 4616 3177 4661 et
3206 4607 3375 4676 legem
3404 4619 3457 4662 et
3488 4625 3609 4678 pro-

2033 4695 2239 4762 phetas,
2273 4694 2395 4761 quia
2425 4693 2700 4764 obsignata
2745 4705 2895 4750 erat:
2927 4697 3097 4752 Judaei
3148 4696 3331 4753 literas
3369 4701 3611 4756 sciebant

2033 4790 2089 4836 et
2115 4783 2340 4837 instituti
2369 4794 2551 4849 erant;
2585 4785 2812 4855 ideoque
2842 4787 2969 4842 dicit
2993 4787 3095 4842 illis
3130 4788 3301 4842 Deus:
3331 4789 3430 4854 Qui
3455 4802 3614 4860 gesta-

2034 4873 2159 4926 mini
2183 4889 2247 4928 ea:
2271 4885 2432 4941 utero,
2467 4886 2514 4928 et
2539 4877 2860 4930 instituimini
2905 4894 3060 4946 usque
3101 4879 3169 4930 ad
3212 4881 3404 4932 senium
3455 4880 3629 4951 (Isai..

2035 4965 2125 5020 46.
2155 4964 2210 5037 5)
2237 4983 2249 5018 :
2280 4966 2507 5021 instituti
2536 4977 2707 5029 erant,
2739 4968 2834 5022 sed
2881 4969 3209 5034 nesciebant,
3255 4971 3377 5037 quia
3406 4987 3492 5025 res
3519 4971 3614 5026 ob-

2038 5061 2293 5114 scuritate
2319 5059 2619 5129 tegebatur.
2659 5060 2704 5112 A
2747 5059 3034 5127 gentilibus
3073 5075 3200 5113 vero
3247 5060 3611 5129 ignorabatur,

2038 5166 2143 5205 non
2176 5159 2395 5219 propter
2419 5150 2823 5214 obscuritatem,
2859 5149 2952 5204 sed
2995 5151 3137 5218 quod
3182 5166 3405 5220 prorsus
3431 5152 3626 5207 literas-

2039 5243 2367 5312 ignorarent.
2399 5241 2524 5296 Ideo
2554 5241 2749 5295 Paulus
2775 5242 3077 5308 Timotheo,
3111 5243 3200 5314 qui
3231 5244 3282 5297 in
3328 5245 3445 5314 lege
3478 5244 3619 5300 eduo-

2039 5343 2188 5388 catus
2210 5331 2401 5396 fuerat,
2420 5332 2580 5385 dicit:
2613 5333 2742 5396 Quia
2759 5332 2821 5384 ab
2837 5332 3054 5404 infantia
3070 5350 3242 5387 sacras
3264 5334 3434 5390 literas
3459 5336 3614 5402 nosti,

2040 5440 2154 5494 quae
2183 5435 2230 5479 te
2256 5434 2464 5495 possunt
2513 5424 2757 5476 instruere
2799 5423 2867 5476 ad
2895 5424 3108 5478 salutem
3138 5425 3214 5494 (2,
3249 5425 3382 5479 Tim.
3416 5428 3468 5483 ὅ.
3503 5427 3610 5498 15).

2042 5516 2168 5570 Erat
2193 5529 2321 5584 ergo
2352 5511 2629 5582 prophetia
2660 5521 2718 5565 ut
2746 5512 3031 5567 thesaurus
3053 5513 3107 5570 in
3144 5515 3312 5570 sacris
3342 5515 3497 5571 libris
3528 5531 3613 5572 oc-

2038 5607 2178 5661 culta
2206 5625 2218 5659 :
2252 5620 2356 5659 non
2385 5604 2742 5660 recedendum
2772 5607 2917 5661 enim
2947 5615 3027 5662 est
3068 5621 3099 5662 a
3142 5609 3358 5682 ratione
3398 5609 3616 5665 occulti.

2038 5703 2221 5771 Neque
2242 5699 2406 5756 Isaias
2433 5701 2578 5755 solus
2606 5699 2914 5771 prophetias
2937 5701 3154 5756 exhibet
3174 5701 3501 5773 obsignatas,
3525 5702 3620 5756 sed

2039 5805 2199 5852 etiam
2233 5794 2449 5851 Daniel:
2480 5809 2602 5852 nam
2631 5793 2760 5854 dicit
2799 5793 2874 5852 illi
2904 5795 3145 5867 angelus,
3187 5805 3469 5870 postquam
3516 5794 3622 5864 ipsi
