3966 6160
301 409 403 466 539

296 533 600 602 προφήτας,
629 533 813 605 ἐπειδὴ
840 525 1200 607 ἐσφράγισεν
1236 535 1474 589 Ἰουδαῖοι
1499 535 1800 605 γράμματα
1827 534 1960 605 ᾔδει-

295 634 411 683 σαν,
442 620 538 672 καὶ
583 620 1006 693 ἐπαιδεύθησαν·
1049 623 1136 678 διά
1173 623 1331 676 τοῦτο
1355 623 1500 691 λέγει
1533 623 1711 685 αὐτοῖς
1746 625 1774 674 6
1805 621 1955 689 Θεὸς,

299 706 360 757 Ol
393 704 825 775 ,ϐασταζόμενοι
859 709 927 763 ἐκ
961 710 1212 775 κοιλίας,
1251 708 1349 762 καὶ
1397 708 1812 778 παιδευόμενοι
1848 709 1959 775 ἕως

295 791 546 861 γήρουςο
583 790 723 866 ἦσαν
771 796 1161 867 παιδευόμενοι,
1208 797 1321 849 ἀλλ’
1350 795 1449 848 οὐκ
1482 795 1719 867 ᾔδεισαν,
1769 796 1955 864 ἐπειδὴ

294 879 356 945 τῇ
393 878 628 949 ἀσαφείᾳ
666 879 984 950 ἐκρύπτετο.
1031 882 1153 944 Τοῖς
1203 880 1260 934 δὲ
1292 880 1548 951 Ἕλλησιν
1597 883 1861 950 ἠγνοεῖτο,
1895 880 1955 932 οὐ

291 962 377 1016 διὰ
413 963 510 1035 τὴν
556 966 841 1035 ἀσάφειαν,
869 966 1002 1021 ἀλλά
1045 968 1133 1021 διὰ
1176 968 1236 1022 τὸ
1280 970 1416 1032 ὅλως
1448 969 1522 1039 μὴ
1551 967 1748 1021 είδέναι
1780 968 1959 1038 γράμ-

296 1068 454 1120 ματα.
506 1051 606 1106 Διά
652 1053 809 1106 τοῦτο
849 1053 1060 1116 Παῦλος
1110 1055 1375 1126 Τιμοθέῳ,
1406 1056 1482 1125 τῷ
1532 1055 1851 1125 ἐντραφέντι
1879 1053 1958 1124 τῷ

291 1136 457 1207 νόμῳ,
485 1138 653 1206 λέγει,
677 1140 759 1192 ὅτι
802 1142 901 1194 Ἐκ
942 1140 1211 1209 βρέφους
1243 1142 1314 1195 τὰ
1360 1142 1486 1209 ίερὰ
1534 1139 1841 1209 γράμματα
1872 1135 1957 1193 οἷο

290 1223 418 1291 δας,
447 1227 521 1281 τὰ
546 1226 851 1297 δυνάμενά
880 1242 954 1282 σε
985 1230 1237 1298 σοφίσαι
1266 1232 1353 1295 είς
1383 1231 1703 1297 σωτηρίαν.
1728 1225 1835 1281 Ἦν
1864 1224 1957 1281 οῦν

291 1312 324 1381 ὴ
371 1313 672 1382 προφητεία
714 1312 1204 1385 τεθησαυρισμένη,
1250 1316 1343 1368 καὶ
1386 1317 1445 1368 ἐν
1492 1318 1613 1377 ταῖς
1658 1315 1838 1383 ἁγίαις
1877 1315 1952 1385 βί-

290 1395 436 1459 ϐλοις
466 1401 882 1472 ἐγκεκρυμμένη
904 1417 918 1431 ⁸
939 1400 1019 1453 δεῖ
1043 1401 1152 1470 γάρ
1179 1402 1251 1472 μὴ
1280 1401 1580 1471 ἀποστῆναι
1597 1401 1692 1454 τοῦ
1717 1419 1958 1473 κεκρυμ-

292 1481 479 1550 μένου.
520 1485 627 1555 Οὐχ
658 1486 878 1549 Ἡσαΐας
914 1486 971 1539 δέ
1012 1489 1169 1556 μόνον
1213 1487 1450 1540 δείκνυσι
1487 1488 1586 1550 τὰς
1627 1489 1956 1559 προφητείας

290 1571 746 1640 ἐσφραγισμένας,
788 1572 924 1626 ἀλλά
978 1575 1072 1627 καί
1117 1574 1346 1644 Δανιήλ’
1382 1575 1528 1643 λέγει
1577 1575 1686 1645 γὰρ
1731 1575 1879 1646 αὐτῷ
1928 1577 1956 1629 ὁ

290 1653 516 1722 ἅγγελος
549 1657 685 1726 μετὰ
720 1663 782 1712 τὸ
827 1659 1062 1729 μηνῦσαι
1118 1660 1264 1731 αύτῷ
1317 1661 1415 1731 τὴν
1459 1660 1799 1731 ἀποκάλυψιν
1846 1661 1954 1714 τῶν

292 1740 621 1798 μελλόντων·
653 1744 761 1798 Καὶ
809 1746 913 1811 σὺ,
957 1747 1202 1815 Δανιὴλ,
1247 1747 1586 1817 σφράγισον
1619 1747 1687 1800 τύ
1710 1748 1956 1811 βιϐλίον

285 1826 464 1883 τοῦτο
508 1827 615 1896 τῆς
662 1830 944 1899 ὁράσεως,
995 1833 1083 1888 ὅτι
1127 1836 1165 1902 ή
1211 1833 1476 1903 δήλωσις
1513 1833 1698 1888 αὐτοῦ
1732 1837 1819 1900 είς
1844 1851 1954 1904 μα-

290 1912 458 1980 κράν.
503 1915 603 1969 Διὰ
651 1917 804 1971 τοῦτο
851 1922 879 1973 6
920 1921 1186 1993 μακάριος
1231 1921 1393 1975 Δαυῒδ
1440 1920 1824 1990 ἀναγινώσκων
1863 1922 1953 1975 τὸν

278 2000 468 2071 νόμον,
498 2001 592 2056 καὶ
627 2004 1012 2073 ἀναγινώσκων
1052 2009 1177 2070 τοὺς
1234 2009 1517 2079 προφήτας
1553 2010 1617 2062 ἐκ
1662 2010 1951 2082 προσώπου

270 2085 376 2138 τοῦ
404 2086 533 2141 λαοῦ
556 2104 571 2119 ο
599 2091 660 2143 οὐ
687 2093 796 2162 γάρ
824 2093 982 2156 αὐτὸς
1012 2094 1191 2162 ἠγνόει
1220 2097 1248 2148 6
1281 2096 1664 2166 προφητεύωνο
1699 2096 1954 2166 βουλόμε-

287 2189 374 2235 νος
399 2172 587 2241 δεῖξαι,
631 2177 713 2231 ὅτι
756 2177 992 2249 ἔμφασιν
1032 2181 1129 2251 μέν
1159 2198 1282 2234 τινα
1326 2182 1538 2252 δέχεται
1567 2183 1664 2253 τῆς
1692 2183 1787 2236 τοῦ
1822 2185 1953 2254 Χρι-

286 2259 414 2313 στοῦ
449 2262 775 2333 οἰκονομίας,
806 2265 867 2318 06
897 2264 1116 2320 δύναται
1145 2267 1201 2319 δὲ
1226 2268 1412 2338 νοῆσαι
1449 2268 1537 2321 διὰ
1561 2270 1659 2339 τὴν
1688 2269 1951 2338 ἀσάφειαν

282 2345 393 2399 τῶν
418 2347 633 2415 λέξεων,
664 2349 871 2422 ἔπασχέ
912 2369 966 2405 τι
1011 2354 1386 2425 παραπλήσιον
1426 2356 1536 2417 τοῖς
1563 2356 1729 2424 δρῶσι
1760 2354 1954 2426 βαλάνο

281 2448 395 2484 τιον
415 2435 864 2507 ἐσφραγισμένον.
889 2438 954 2491 Τί
978 2436 1069 2493 οῦν
1085 2452 1111 2480 ι
1136 2444 1278 2493 ποιεῖ
1306 2440 1516 2512 βλέπων
1542 2444 1609 2495 τὰ
1628 2441 1948 2513 γράμματα,

227 2522 230 2524 ⁷
283 2520 380 2572 καὶ
409 2521 483 2590 μὴ
512 2524 940 2595 καταλαμϐάνων
970 2526 1147 2580 αὐτῶν
1170 2526 1240 2580 τὰ
1265 2529 1547 2599 νοήματα;
1581 2528 1749 2596 λέγει,
1792 2530 1951 2583 Ἀπο-

280 2607 567 2677 κάλυψον
597 2610 741 2677 τοὺς
777 2611 1120 2682 ὀφθαλμούς
1158 2631 1298 2682 μου,
1345 2616 1442 2668 καί
1486 2615 1837 2683 κατανοήσω
1878 2619 1952 2673 τὰ

279 2694 585 2763 θαυμάσια
611 2697 680 2749 ἐκ
710 2698 816 2752 τοῦ
842 2701 1029 2767 νόμου
1065 2716 1181 2754 σου
1200 2717 1213 2731 ο
1245 2702 1339 2754 καὶ
1372 2702 1533 2755 πάλιν
1557 2704 1585 2754 6
1614 2703 1773 2768 αὐτός
1791 2721 1805 2734 ⁸
1837 2709 1951 2760 Εὐ-

288 2782 537 2850 λογητὸς
576 2779 652 2845 ετ,
693 2785 888 2852 Κύριε,
926 2785 1174 2851 δίδαξόν
1205 2804 1283 2856 με
1312 2787 1383 2842 τὰ
1418 2788 1779 2858 δικαιώματά
1809 2807 1944 2845 σου.

280 2867 357 2918 Οὐ
387 2868 497 2939 γὰρ
530 2870 768 2938 ἀνέγνως
802 2873 950 2942 παρά
982 2872 1076 2926 τοῦ
1104 2873 1308 2943 νόμου;
1354 2875 1455 2928 οὐκ
1494 2877 1779 2930 ἐπαίδευσέ
1825 2895 1884 2931 σε
1921 2880 1950 2931 6

281 2955 518 3024 λ’ῐωῦσῆς
544 2956 634 3010 τὸν
655 2956 978 3026 ὰκάλογονς
1018 2961 1179 3013 Ἀλλὰ
1220 2961 1290 3014 τὰ
1334 2961 1401 3015 σά
1442 2962 1697 3035 βούλομαι
1735 2964 1943 3035 μαθεῖν,

278 3041 376 3094 καὶ
400 3041 473 3095 τά
504 3043 653 3113 παρὰ
697 3044 791 3098 σοῦ
830 3046 922 3099 τοῦ
966 3048 1272 3117 νομοθέτου,
1303 3051 1454 3123 παρὰ
1492 3053 1592 3123 τῆς
1636 3054 1816 3125 πηγῆς
1854 3053 1946 3108 τοῦ

278 3127 446 3197 νόμου
486 3128 743 3201 βούλομαι
771 3128 800 3170 δ
840 3132 1028 3201 μαθεῖν
1053 3133 1145 3188 τοῦ
1168 3135 1332 3206 νόμου
1369 3138 1469 3206 τὴν
1494 3138 1768 3210 ἀλήθειαν.
1809 3140 1946 3193 Ἀλλ’

279 3215 460 3285 ἐζήτει
496 3217 593 3286 μὲν
623 3218 833 3288 μαθεῖν,
859 3222 891 3291 ή
938 3220 992 3274 δέ
1020 3223 1178 3291 χάρις
1218 3223 1533 3293 ἐταμιεύετο
1558 3229 1667 3290 τοῖς
1698 3227 1946 3298 μέλλουσι

279 3302 575 3371 λαμϐάνειν
606 3303 706 3376 τὴν
749 3308 1085 3377 εὐεργεσίαν.
1131 3309 1230 3363 Διά
1271 3311 1432 3364 τοῦτο
1469 3312 1652 3381 ἔλεγεν
1691 3315 1722 3367 6
1759 3315 1946 3387 Σωτὴρ

277 3392 391 3452 τοῖς
420 3390 687 3461 μαθηταῖς
709 3410 723 3425 ο
771 3395 994 3448 Πολλοὶ
1029 3396 1312 3463 ,βασιλεῖς
1344 3398 1442 3452 καὶ
1487 3399 1701 3455 δίκαιοι
1733 3402 1946 3458 ἐπεθύ-

277 3491 484 3544 μησαν
503 3476 654 3532 ίδεῖν
676 3477 714 3533 ἁ
746 3480 1025 3546 βλέπετε,
1060 3485 1157 3537 καί
1192 3486 1301 3538 οὐκ
1335 3484 1519 3553 εἶδον,
1549 3488 1649 3541 καὶ
1691 3490 1946 3545 ἀκοῦσαι

276 3565 317 3620 ἆ
343 3568 612 3632 ἀκούετε,
635 3569 735 3623 καί
772 3574 882 3625 οὐκ
922 3571 1233 3640 ἥκουσαν·
1273 3576 1440 3646 ὑμῶν
1478 3575 1547 3631 δὲ
1576 3577 1853 3648 μακάριοι
1889 3583 1945 3635 οἱ

277 3652 597 3724 ὀφθαλμοί,
626 3656 715 3710 ὅτι
739 3657 1023 3722 βλέπετε.

346 3748 412 3797 ε’.
462 3743 619 3798 Ἀλλά
645 3744 911 3816 ζητοῦμεν
952 3748 1080 3802 πότε
1112 3750 1248 3814 ὅλως
1277 3754 1309 3820 ἡ
1343 3753 1577 3823 σφραγὶς
1600 3753 1944 3825 ἀπεσφράγι-

276 3828 421 3900 σθη,
469 3830 598 3883 πότε
632 3834 662 3885 6
701 3832 895 3903 δεσμὸς
935 3835 1034 3905 τῆς
1076 3837 1297 3905 ἀγνοίας
1338 3839 1534 3909 ἐλύθη,
1576 3840 1705 3892 πότε
1745 3842 1810 3894 τά
1855 3860 1946 3895 κε-

273 3916 572 3985 κλεισμένα
623 3918 869 3989 ἀνεῴγει.
919 3923 1165 3976 Ἀπαιτεῖ
1213 3926 1341 3995 παρ’
1381 3928 1537 3998 ἡμῶν
1578 3930 1606 3981 6
1651 3929 1942 4001 ἀκροατὴς,

273 4004 395 4070 καὶ,
419 4002 574 4072 Παρὰ
599 4004 688 4058 τὸν
718 4005 872 4075 λόγον
910 4009 1002 4061 τὸν
1042 4011 1238 4081 τρόπον
1281 4030 1391 4083 μοι,
1442 4017 1624 4084 φησὶν,
1667 4017 1944 4087 ἐμήνυσας

272 4089 373 4178 τοῦ
399 4091 835 4163 σφραγίσματος,
863 4096 954 4148 τὸν
981 4098 1171 4167 καιρόν
1208 4116 1298 4168 μοι
1328 4101 1424 4170 τῆς
1462 4101 1759 4166 ἐπιλύσεως
1788 4104 1939 4178 [411]

270 4176 388 4229 τῶν
404 4179 860 4249 ἐσφραγισμένων
882 4182 942 4235 οὐ
962 4182 1140 4252 λέγεις
1160 4203 1175 4250 ;
1212 4186 1600 4253 κεκλεισμένας
1621 4190 1824 4255 ἔδειξας
1846 4176 1942 4257 τὰς

270 4263 477 4328 πύλας,
516 4267 862 4337 ἀνεῳγμένας
891 4269 988 4338 οὐχ
1010 4268 1344 4338 ὑποδείξεις;
1375 4275 1440 4326 Τί
1468 4271 1597 4338 οὖνς
1649 4277 1782 4331 Ἀπὸ
1826 4279 1944 4345 ἐνὸς

271 4350 524 4418 ῥήματος
553 4351 621 4404 τά
661 4351 831 4435 πολλά
862 4356 1276 4427 παρωσάμενος,
1312 4363 1647 4431 παραστήσω
1667 4363 1727 4415 τὸ
1750 4364 1942 4435 ζητού-

271 4452 460 4505 μενον.
510 4437 576 4489 Τί
631 4433 757 4504 οῦν;
809 4442 964 4495 Μετά
1013 4443 1111 4514 τὴν
1168 4445 1265 4498 τοῦ
1325 4448 1576 4519 Σωτῆρος
1623 4433 1938 4520 ἀνάστασιν,

269 4523 651 4595 ἀγνοουμένης
675 4529 786 4589 τοῖς
805 4529 1020 4594 πολλοῖς
1040 4531 1138 4601 τῆς
1162 4531 1311 4597 θείας
1331 4535 1569 4606 χάριτος,
1599 4539 1759 4602 τινὲς,
1784 4542 1938 4610 φησὶ,

265 4609 680 4700 μαθητιῦν
710 4614 804 4667 δύο
844 4616 948 4682 ἔξω
993 4620 1073 4681 είς
1120 4619 1312 4692 κώμην
1358 4625 1622 4694 ἀπῄεσαν,
1671 4627 1766 4680 καὶ
1802 4609 1941 4700 πρὸς

263 4695 538 4767 ἀλλήλους
566 4692 655 4752 οἷα
688 4700 830 4770 φίλοι
853 4705 913 4755 ἐν
942 4704 1046 4773 ὁδῷ
1083 4706 1405 4762 ἀντέϐαλλον
1436 4692 1561 4782 περὶ
1592 4714 1692 4782 τῆς
1736 4692 1940 4768 οίκόνοζ

264 4783 427 4872 μίας.
463 4785 522 4838 ’0
570 4787 761 4859 Σωτὴρ
808 4790 1045 4860 ἀμείψας
1072 4793 1134 4846 τὸ
1180 4798 1367 4865 σχῆμα
1408 4800 1501 4852 καὶ
1537 4799 1598 4853 τὸ
1637 4801 1938 4872 ἐκφώνημα

263 4869 321 4935 (ὃ
352 4872 468 4941 γάρ
511 4873 629 4927 ἐστι
679 4876 966 4946 πρόσωπον
996 4883 1110 4943 τοῖς
1160 4882 1347 4953 ὁρῶσι,
1376 4883 1533 4939 τοῦτο
1563 4869 1937 4958 φωνὴίτοῖς-τὸ

262 4959 571 5049 πρόσωπον
598 4961 932 5049 οὐχγόρῶσι),
967 4965 1199 5036 κρύπτει
1227 4970 1321 5023 καὶ
1359 4970 1458 5043 τὴν
1491 4975 1672 5046 φωνὴν
1712 4978 1803 5030 καὶ
1838 4979 1937 5049 τὴν

262 5046 538 5132 μορφὴνζ
555 5049 650 5100 καὶ
697 5048 844 5113 λέγει
876 5052 1058 5114 αὐτοῖς
1086 5056 1114 5106 6
1150 5055 1218 5107 τὰ
1259 5058 1438 5112 πάντα
1470 5059 1655 5124 εἰδώς·
1693 5065 1856 5132 Τίνες
1883 5046 1938 5122 οί

256 5131 443 5199 λόγοι
465 5128 651 5199 οὗτοι,
690 5135 797 5201 οὓς
836 5137 1221 5194 ἀντιϐάλλετε
1256 5144 1405 5212 πρὸς
1444 5147 1753 5217 ἀλλήλους
1765 5169 1786 5217 ;
1830 5128 1935 5206 Λέο

260 5233 359 5283 γει
394 5217 547 5288 αὐτῷ
591 5220 669 5291 τῷ
716 5224 784 5274 τὰ
831 5225 1009 5279 πάντα
1045 5227 1207 5281 εἰδότι
1232 5231 1260 5281 6
1296 5233 1427 5303 παρ’
1454 5234 1617 5288 αὑτοῦ
1650 5236 1719 5290 τά
1760 5240 1937 5295 πάντα

264 5305 570 5373 μανθάνων
588 5322 601 5336 ⁸
645 5308 728 5361 Σὺ
752 5312 940 5379 μόνος
964 5316 1268 5382 παροικεῖς
1295 5319 1364 5371 ἐν
1392 5320 1800 5394 Ἰερουσαλὴμ,
1837 5329 1934 5382 καί

261 5395 393 5447 οὐκ
429 5396 621 5463 ἔγνως
658 5399 729 5451 τὰ
759 5402 1047 5469 γενόμενα
1070 5404 1141 5456 ἑν
1165 5405 1350 5474 αὐτῇ;
1380 5409 1539 5478 Λέγει
1564 5429 1577 5441 ·
1609 5413 1754 5466 Ποῖα
1771 5432 1791 5480 ;
1837 5411 1937 5470 Οὗ-

249 5495 363 5542 τος
395 5482 424 5532 6
458 5481 593 5544 Θεὸς
627 5484 654 5535 ὁ
684 5484 838 5547 εἰδὼς
866 5486 933 5538 τὰ
962 5491 1157 5555 πάντα,
1197 5494 1290 5544 καὶ
1320 5496 1559 5565 ἐρωτῶν,
1589 5498 1616 5549 6
1651 5500 1763 5563 υἱός
1791 5503 1936 5557 ἐστιν

330 5627 514 5707 ’μυῃμε
536 5630 921 5707 ἐσφροιγισινιένονἔ
969 5636 1058 5707 Καὶ
1088 5637 1309 5707 ἀγνοοῦσι
1350 5642 1432 5707 μὲν
1471 5643 1497 5689 ὃ
1537 5644 1652 5707 ἔχει,
1694 5645 1747 5707 ἐκ
1783 5646 1833 5694 δὲ
1856 5652 1938 5704 τῆς

254 5699 526 5763 σφραχιδος
546 5699 763 5763 νοοῦσιν,
777 5699 849 5740 ὅτι
871 5699 926 5763 τὸ
948 5699 1101 5763 ⁴τίμιον
1121 5699 1176 5763 τὸ
1200 5699 1649 5763 ὲναποέιείμενονῗΤί
1673 5705 1770 5753 οὖν.

392 5750 525 5799 Idem
551 5759 629 5809 τῆς
647 5761 798 5815 πηγῆς
819 5750 1076 5816 τοῦνόμξου,
1100 5759 1154 5807 οὐ
1176 5764 1302 5823 ποιρὰ
1326 5750 1662 5826 τοῦώπηρέτου
1689 5766 1771 5815 τοῦ
1794 5769 1936 5827 νόμου

260 5812 523 5872 βούλομαι.

1671 419 1757 473 DE
1797 416 2085 473 SICILLIS
2125 419 2372 475 SERMO.

3610 423 3714 478 ΗΘ

2055 537 2261 590 ἐκείνου
2287 536 2379 590 τοῦ
2408 536 2657 604 λέγοντος
2695 535 2773 605 τῷ
2802 536 2969 590 Κάῖνο
2998 535 3123 591 Ποῦ
3163 537 3352 604 Ἅϐελ,
3378 539 3411 590 ό
3450 535 3713 606 ἁδελφός

2055 639 2201 688 σους
2232 624 2490 692 Λέγουσι·
2524 624 2600 677 Τὰ
2625 625 2757 691 περὶ
2787 623 2989 689 ἰησοῦ
3016 623 3124 677 τοῦ
3142 624 3493 692 Ναζωραίου,
3510 622 3579 691 ὃς
3591 623 3712 693 ἐγέ-

2053 727 2189 763 νετο
2234 710 2388 777 ἀνὴρ
2433 709 2692 775 δυνατὸς
2739 711 2897 778 λόγῳ
2951 710 3046 776 καί
3095 709 3263 778 έργῳ.
3301 710 3508 780 Ἀκμὴν
3541 710 3711 781 ἀνήρ;

2057 795 2194 865 μετά
2212 796 2446 848 τοσαῦτα
2473 795 2726 863 θαύματα
2753 796 2926 865 ἀνήρ;
2963 796 3097 866 μετά
3121 795 3385 861 τοσαύτας
3410 796 3711 867 ἐνεργείας.

2057 882 2194 950 μετὰ
2238 881 2507 950 τοσαύτην
2536 881 2686 944 θείας
2729 881 3011 950 δυνάμεως
3058 882 3359 949 ἀπόδειξινς
3395 882 3583 952 Ἡμεῖς
3624 881 3711 947 δὲ,

2054 969 2216 1037 φησὶν
2242 969 2352 1036 (ἵνα
2388 968 2463 1038 μὴ
2490 968 2666 1022 πάντα
2700 967 2972 1032 ἐξετάζων
2997 972 3026 1021 6
3052 969 3210 1035 λόγος
3244 968 3506 1040 μηκύνῃ),
3542 970 3715 1039 ἡμεῖς

2051 1053 2120 1107 δὲ
2159 1054 2503 1123 ἠλπίζομεν,
2540 1056 2628 1108 ὅτι
2668 1057 2849 1121 αὑτός
2878 1057 3048 1110 ἐστιν
3087 1057 3119 1108 ὁ
3163 1059 3568 1125 λυτρούμενος
3608 1055 3735 1110 τὸνο

2065 1141 2330 1209 Ἰσραήλ.
2351 1142 2493 1212 Ὅρα
2527 1141 2643 1205 πῶς
2670 1140 2893 1194 ἐσϐεστο
2920 1145 2978 1195 ἐν
3007 1143 3190 1205 αὐτοῖς
3220 1144 3406 1213 σχεδὸν
3434 1145 3468 1214 ὴ
3506 1143 3710 1205 πίστις.

2056 1230 2146 1282 καὶ
2175 1227 2451 1298 καθῄρητο
2500 1229 2682 1282 λοιπὸν
2715 1230 2748 1298 ἡ
2791 1228 2948 1292 ἐλπὶς
2990 1229 3090 1297 τῆς
3136 1231 3471 1299 οἰκονομίας.
3513 1229 3709 1298 Ἡμεῖς

2050 1314 2522 1382 προσεδοκῶμεν.
2573 1312 2649 1367 Οὑ
2685 1314 2854 1382 λέγει,
2891 1314 3300 1386 Προσὼκῶμεν,
3330 1317 3485 1383 ἀλλὰ,
3518 1320 3710 1384 Προσ-

2048 1398 2367 1469 εδοκῶμεν.
2406 1401 2557 1472 ’ᾙδεε
2588 1397 2681 1454 υἷ’,
2714 1399 2898 1454 λοιπὸν
2939 1400 3267 1455 ἀσθενοῦσαν
3297 1403 3473 1456 αὐτῶν
3492 1404 3589 1473 τὴν
3614 1404 3706 1456 πί-

2052 1503 2187 1552 στιν,
2220 1489 2314 1540 καὶ
2350 1487 2609 1542 κλίνασαν
2651 1487 2829 1541 αὐτῶν
2870 1489 2969 1558 τὴν
2993 1489 3229 1542 διάνοιαν
3250 1506 3264 1519 ο
3309 1490 3403 1542 καὶ
3451 1490 3649 1560 ἐπέστη
3677 1492 3707 1541 6

2051 1574 2321 1644 στηρίζων
2350 1576 2474 1638 τοὺς
2516 1575 3032 1640 καταπεπτωκότας,
3084 1575 3178 1629 καὶ
3223 1576 3465 1647 ἀνορθῶν
3504 1576 3706 1639 πάντας

2044 1661 2173 1725 τοὺς
2205 1662 2703 1733 κατεῤῥαγμένους.
2725 1663 2835 1715 Καὶ
2868 1680 2920 1717 1:
2949 1662 3085 1732 πρὸς
3109 1664 3305 1726 αὐτοὺς
3337 1665 3365 1716 6
3385 1663 3707 1733 εὐεργέτηςς

2046 1742 2115 1799 Ὦ
2153 1748 2416 1817 ἀνόητοι,
2448 1749 2547 1803 καὶ
2581 1748 2830 1818 ,βραδεῖς
2853 1747 2926 1818 τῇ
2966 1750 3198 1818 καρδίᾳ,
3229 1752 3303 1805 οὐ
3331 1751 3573 1805 συνίετε
3608 1750 3714 1816 τὰς

2047 1833 2323 1903 Γραφάα
2364 1838 2435 1890 οὐ
2488 1836 2675 1890 ταῦτα
2713 1835 2835 1890 ἔδει
2884 1836 3096 1891 παθεῖν
3145 1836 3253 1890 τίν
3298 1838 3572 1905 Χριστὸν,
3612 1837 3712 1890 καὶ

2046 1922 2344 1976 εισελθεῖν
2366 1924 2455 1987 είς
2482 1921 2596 1991 τὴν
2624 1922 2812 1983 δόξαν
2840 1923 3059 1985 αὐτοῦ;
3092 1922 3202 1977 Καί
3233 1921 3566 1991 ἀρξάμενος
3593 1923 3712 1978 ἀπὸ

2046 2007 2153 2062 τοῦ
2180 2010 2369 2076 νόμου
2396 2009 2495 2064 καί
2524 2008 2641 2062 τῶν
2673 2009 3014 2078 προφητῶν,
3047 2008 3351 2078 διήνοιγεν
3378 2009 3582 2076 αὐτοῖς
3605 2008 3714 2075 τὰς

2046 2094 2312 2164 Γραφάς.
2329 2095 2508 2166 Ὁρᾷς,
2536 2097 2617 2149 ὃτι
2646 2096 2753 2159 ἕως
2778 2097 2988 2167 ἀπέστη
3012 2098 3044 2132 δ*
3065 2096 3320 2167 Χριστὸς,
3345 2098 3446 2150 οὐκ
3466 2095 3713 2167 ἀνεῴχθη

2045 2184 2145 2251 τῆς
2175 2180 2431 2263 ἀληθείας
2455 2183 2488 2252 ὴ
2524 2181 2687 2253 πύλη,
2719 2182 2840 2235 οὐδέ
2866 2182 3029 2252 ἐλύθη
3059 2185 3087 2235 6
3114 2182 3311 2252 δεσμὸς
3339 2182 3441 2252 τῆς
3465 2182 3715 2250 ἀγνοίας.

2046 2262 2294 2337 Διήνοιγε
2339 2267 2440 2330 τάς
2485 2267 2708 2338 Γραφάς
2755 2262 2846 2322 οἷά
2876 2285 3028 2331 τινας
3085 2267 3252 2339 θύρας
3300 2267 3721 2338 κεκλεισμένας-

2046 2354 2212 2416 Ποίας
2235 2353 2439 2423 θύρας;
2485 2356 2619 2424 Περὶ
2655 2348 2730 2408 ὧν
2779 2371 2943 2424 φησιν
2980 2356 3011 2408 6
3059 2354 3292 2418 Παῦλος,
3315 2355 3441 2408 ἰνα
3484 2357 3518 2407 ὁ
3568 2353 3714 2418 Θεὸς

2046 2438 2257 2506 ἀνοίξῃ
2294 2439 2481 2506 θύραν
2504 2439 2629 2505 τοῖς
2663 2440 2898 2495 ἔθνεσιν
2950 2440 3042 2494 καὶ
3076 2440 3235 2493 πάλιν
3265 2441 3355 2493 ἐπὶ
3393 2438 3722 2510 Κορνηλίου,

2043 2521 2189 2593 Ἀρά
2221 2541 2286 2594 γε
2318 2525 2414 2579 καί
2440 2524 2564 2591 τοῖς
2599 2525 2841 2580 ἔθνεσιν
2862 2525 3109 2594 ἤνοιξεν
3146 2527 3178 2580 ό
3227 2526 3374 2590 Θεὸς
3405 2527 3593 2594 θύραν
3607 2541 3715 2593 με-

2043 2613 2317 2678 τανοίας;
2358 2613 2467 2665 Καὶ
2508 2613 2611 2683 ὅρα
2644 2612 2698 2665 τί
2747 2614 3082 2683 οίκονομεῖὴ
3127 2612 3276 2684 πηγὴ
3317 2611 3707 2679 τῶνάγαθῶν·

2043 2700 2130 2753 ὅτε
2162 2698 2271 2770 γὰρ
2311 2699 2512 2771 ἐπέστη
2559 2702 2623 2770 τῇ
2675 2698 2838 2770 κώμῃ
2869 2702 2933 2769 τῇ
2962 2698 3265 2770 Ἐμμαοῦς,
3299 2696 3443 2751 καθὰ
3483 2700 3578 2752 καὶ
3612 2699 3712 2769 τὴν

2044 2872 2215 2942 ἐφάνη
2240 2872 2318 2943 τῷ
2351 2871 2830 2944 ἀμφιϐαλλομένῳ.
2867 2874 2953 2936 Ὠς
2996 2874 3105 2943 γάρ
3137 2873 3460 2943 κατεκλίνθη
3506 2874 3708 2935 αὐτοῖς,

2041 2960 2110 3013 τά
2142 2959 2335 3029 πρῶτα
2374 2959 2450 3022 ώς
2501 2958 2650 3025 ξένος
2691 2959 3085 3030 φιλοφροσύνης
3121 2959 3435 3029 ἀξιούμενος
3471 2958 3712 3030 (Μεῖνον

2043 3045 2173 3117 γὰρ,
2204 3047 2358 3116 φησὶ,
2386 3047 2523 3115 παρ’
2560 3046 2724 3115 ἡμῖν,
2759 3046 2847 3098 ὅτι
2878 3047 3118 3100 ἔκλινεν
3142 3045 3180 3113 ἡ
3218 3046 3475 3118 ἡμέραν
3509 3046 3596 3100 ἵνα
3633 3047 3706 3116 μὴ

2043 3133 2222 3204 πάντῃ
2248 3134 2280 3203 ἡ
2306 3134 2495 3202 ἄγνοια
2530 3132 2920 3207 κατακαλύπτῃ
2946 3134 3040 3204 τὴν
3072 3133 3247 3198 ἀξίαν,
3279 3136 3488 3188 Λαϐὼν
3527 3133 3708 3201 ἄρτον

2041 3222 2367 3289 ηὐλόγησε,
2394 3220 2492 3273 καὶ
2528 3219 2764 3284 κλάσας
2801 3219 3080 3283 ἐπέδωκε,
3105 3219 3206 3273 καί
3232 3221 3569 3289 ἠνοίγησαν
3605 3222 3711 3273 αὑ-

2040 3308 2160 3361 τῶν
2183 3311 2236 3360 οί
2266 3309 2580 3377 ὀφθαλμοὶ,
2611 3308 2708 3360 καί
2743 3307 3095 3377 ἐπέγνωσαν
3118 3309 3325 3361 αὐτόν.
3346 3308 3445 3361 Διά
3472 3308 3525 3359 τί
3559 3305 3709 3377 πρῶ-

2041 3410 2130 3447 τον
2186 3394 2354 3447 έδωκε
2399 3395 2491 3447 τὸν
2547 3394 2729 3465 ἄρτον,
2766 3394 2865 3447 καὶ
2908 3394 3029 3447 τότε
3087 3395 3381 3465 ἠνοίγησαν
3432 3393 3610 3447 αὐτῶν
3659 3395 3708 3446 οί

2040 3478 2339 3550 ὀφθαλμοί;
2396 3479 2609 3550 Ἐπειδὴ
2644 3479 2846 3550 βρῶσις
2891 3477 2986 3532 τοῦ
3039 3478 3210 3549 Ἀδὰμ
3236 3481 3360 3542 τοὺς
3397 3478 3703 3547 ὀφθαλμοὺς

2042 3566 2227 3628 κακῶς
2263 3564 2494 3635 ῆνοιξεν,
2543 3566 2869 3635 ἀντεισήχθη
2893 3564 2989 3619 νῦν
3013 3564 3213 3636 βρῶσις
3248 3564 3347 3635 τὴν
3370 3564 3529 3635 ξένην
3570 3566 3707 3618 ἀνάμ

2042 3651 2229 3721 ϐλεψιν
2258 3652 2620 3723 ἐργαζομένη.
2652 3650 3021 3720 Ἀναϐλέψωσι
3068 3652 3162 3704 καὶ
3196 3653 3245 3704 οί
3279 3651 3388 3704 τῶν
3420 3650 3719 3722 αίρετικῶνι

2041 3738 2249 3800 παῖδες,
2299 3738 2391 3791 καὶ
2436 3737 2585 3790 ἴδωσι
2628 3737 2690 3790 τὸ
2734 3736 2846 3805 φῶς
2883 3737 2983 3807 τῆς
3025 3735 3303 3808 ἀληθείας,
3337 3735 3483 3789 ίδωσι
3513 3735 3604 3788 τὸν
3647 3737 3727 3789 ἐν-

2039 3826 2180 3896 ἀρχῇ
2207 3824 2338 3878 ὄντα
2369 3823 2521 3886 Θεὸν,
2555 3823 2689 3877 Θεὸν
2714 3824 2862 3885 ὄντα,
2893 3824 2990 3877 καὶ
3010 3822 3145 3877 Θεοῦ
3166 3823 3337 3892 Λόγον
3358 3823 3669 3894 ὑπάρχοντα
3686 3838 3703 3853 ’

2039 3912 2311 3965 ἀκούσωσι
2341 3910 2601 3972 πολλάκις
2632 3910 2714 3973 τὸ,
2727 3906 2866 3973 'Hr,
2890 3911 2986 3963 καὶ
3013 3910 3327 3965 παύσωνται
3357 3911 3605 3979 λέγοντες
3621 3910 3707 3976 τὸ,

2032 4003 2153 4054 Οὐκ
2179 3997 2276 4070 ἦν.
2305 4002 2406 4055 Ἐν
2430 3998 2589 4069 ἀρχῇ
2621 3995 2698 4069 ἦν
2726 4002 2759 4052 ό
2782 3999 2991 4069 Λόγος.
3033 4000 3151 4053 Οὐκ
3190 4000 3351 4064 εὐθὺς
3388 3998 3547 4053 τοῦτο
3576 4000 3706 4070 ἐκη-

2040 4086 2210 4159 ρύχθη
2231 4104 2244 4117 ·
2279 4087 2340 4139 ού
2380 4087 2488 4156 γὰρ
2518 4085 2713 4156 ἐχώρει
2744 4087 2772 4139 6
2805 4086 3028 4156 κόσμος.
3057 4086 3334 4158 Τέσσαρες
3360 4086 3540 4158 μέντοι
3565 4086 3706 4139 εἰσὶν

2037 4173 2415 4242 εὐαγγελισταὶ
2443 4183 2493 4235 ο,
2524 4173 2823 4237 Ματθαῖος,
2854 4173 3103 4245 Μάρκος,
3130 4173 3365 4239 Λουκᾶς,
3400 4171 3706 4227 καὶἸωάν-

2037 4280 2134 4333 νης
2157 4279 2169 4292 ο
2200 4262 2295 4314 ὅτε
2312 4258 2544 4331 ἤρξαντο
2568 4259 2661 4313 τοῦ
2692 4259 3066 4331 κηρύγματος,
3096 4260 3195 4313 οὐκ
3223 4258 3375 4332 [ΗΞ]
3402 4259 3560 4323 εὐθὺς
3585 4259 3706 4313 ἐλά-

2035 4348 2206 4418 λησαν
2245 4348 2313 4401 τὰ
2355 4347 2635 4417 πρέποντα
2661 4350 2725 4417 τῇ
2753 4347 2903 4417 ἀξίᾳ,
2947 4345 3082 4400 ἀλλὰ
3111 4347 3181 4401 τὰ
3233 4346 3540 4418 ἁρμόζοντα
3595 4349 3705 4411 τοῖς

2037 4432 2428 4506 ἀκροωμένοις.
2463 4434 2521 4486 Ὀ
2553 4433 2832 4497 Ματθαῖος
2864 4433 3039 4507 ἀρχὴν
3076 4434 3441 4504 ποιησάμενος
3475 4433 3584 4489 τῶν
3613 4435 3707 4487 εὐ·-

2033 4522 2320 4593 αγγελίων,
2374 4522 2558 4591 λέγει⁹
2608 4523 2827 4588 Βίϐλος
2863 4523 3155 4593 γενέσεως
3197 4523 3399 4590 Ἰησοῦ
3446 4523 3718 4592 Χριστοῦ·

2034 4609 2169 4663 υίοῦ
2203 4607 2405 4675 Δαυὶδ,
2434 4608 2570 4663 υἱοῦ
2596 4608 2863 4679 Ἁϐραάμ.
2893 4609 2994 4662 Διὰ
3023 4609 3077 4662 τί
3131 4609 3205 4680 μὴ
3258 4609 3389 4662 Υίοῦ
3420 4608 3585 4674 Θεοῦ;
3616 4608 3703 4662 διὰ

2032 4696 2086 4750 τί
2116 4699 2305 4767 πτωχῇ
2337 4696 2480 4762 λέξει
2502 4695 2764 4767 κρύπτεις
2796 4697 2893 4756 τὴν
2923 4696 3114 4761 ἀξίαν;
3150 4695 3236 4749 διὰ
3263 4696 3316 4749 τί
3347 4698 3457 4758 τοῖς
3489 4695 3701 4766 ἀνθρώ-

2033 4799 2155 4847 ποις
2180 4781 2247 4839 τὰ
2274 4782 2393 4836 θεῖα
2422 4782 2752 4849 καλύπτεις;
2796 4784 2953 4854 Παρά
2987 4782 3276 4846 Ἰουδαίοις,
3313 4783 3465 4852 φησὶ,
3497 4781 3699 4853 κηρύτ-

2033 4888 2130 4935 τω,
2160 4873 2272 4936 τοῖς
2313 4870 2449 4942 μηδέ
2502 4871 2792 4942 ἄνθρωπον
2825 4871 3030 4925 δίκαιον
3067 4865 3206 4923 εἶναι
3256 4869 3565 4921 πιστεύουσι
3605 4869 3696 4921 τὸν

2034 4958 2286 5028 Χριστόν.
2330 4957 2458 5010 Υίὸν
2492 4957 2745 5028 Ἀϐραὰμ
2784 4955 2935 5011 οὔπω
2968 4956 3232 5020 ἐδέξαντο,
3283 4955 3376 5008 καὶ
3412 4954 3539 5007 Υίὸν
3563 4953 3696 5006 Θεοῦ

2033 5044 2532 5115 καταγγελλόμενον
2558 5043 2870 5108 ἀνέξονται;
2902 5044 3011 5097 Καὶ
3040 5041 3199 5096 πόθεν
3220 5041 3401 5107 τοῦτο;
3432 5039 3554 5095 ’Ότι
3578 5040 3697 5096 οὐδὲ

2032 5132 2127 5185 τοῦ
2162 5133 2356 5201 γένους
2392 5131 2556 5185 αὐτὸν
2589 5130 2900 5201 ὡμολόγουν
2951 5127 3218 5199 Ἀϐραάμ.
3274 5128 3386 5180 Οὐκ
3441 5127 3696 5198 ἤκουσας,

2031 5216 2106 5280 ὡς
2135 5217 2394 5279 πολλάκις
2418 5214 2865 5286 βλασφημοῦντες
2894 5214 3074 5279 αὐτὸν,
3098 5212 3303 5281 ἔλεγον·
3332 5212 3697 5282 Σαμαρείτης

2032 5300 2087 5356 εἷ
2114 5304 2216 5367 σὺ,
2255 5305 2354 5356 καί
2385 5302 2696 5370 δαιμόνιον
2731 5300 2933 5368 ἕχεις;
2965 5301 3027 5352 OE
3063 5296 3157 5351 τοῦ
3187 5298 3377 5366 γένους
3405 5299 3565 5351 αὑτὸν
3588 5299 3696 5351 τῶν

2037 5390 2207 5458 ἁγίων
2239 5377 2612 5450 ἐκϐάλλοντες,
2639 5386 2737 5457 τὴν
2761 5387 2918 5452 ἀξίαν
2939 5386 3035 5451 τὴν
3066 5383 3244 5438 ἔνθεον
3265 5384 3693 5454 κατελάμϐανον.

2033 5478 2097 5530 Τί
2124 5473 2215 5530 οῦν
2254 5493 2418 5545 φησι;
2449 5475 2663 5538 Βίϐλος
2689 5471 2976 5542 γενέσεως
3008 5470 3212 5537 Ἰησοῦ
3247 5471 3527 5539 Χριστοῦ,
3562 5473 3695 5526 υίοῦ

2033 5564 2231 5627 Auum,
2262 5563 2395 5616 υἱοῦ
2434 5559 2702 5628 Ἀϐραάμ.
2750 5558 2970 5630 Πρῶτον
3004 5558 3199 5621 αὐτοὺς
3233 5559 3416 5626 ἐνάγει
3443 5560 3555 5623 τοῖς
3584 5559 3699 5613 όνό-

2037 5669 2168 5722 μασι
2205 5653 2316 5712 τοῖς
2351 5648 2542 5718 φίλοις,
2592 5651 2700 5711 τοῖς
2735 5648 2868 5717 πρὸς
2918 5646 3239 5714 συγγένειαν
3278 5646 3593 5716 ἡνωμένοις,
3626 5646 3695 5702 [vi

2093 5768 2114 5785 ⁴¹
2143 5768 2288 5816 SaVil.
2315 5768 2404 5821 ἓως
2428 5766 2622 5822 ἐπέστη.

2099 5832 2119 5859 ε
2148 5829 2280 5877 Unus
2305 5831 2387 5877 sic.
2413 5829 2510 5877 Alii
2535 5826 2717 5890 μακρὰν
2742 5825 2852 5888 ἡμῖν
2871 5826 2915 5873 οί
2940 5825 3092 5884 εύαγγ.
