3966 6160
299 344 394 403 541

301 464 360 529 ἐξ
381 467 602 520 ἐκείνων
621 466 946 540 θηραθέντες
968 472 1108 525 κατά
1131 469 1322 543 μικρὸν
1348 470 1548 541 εὕρωσι
1573 471 1669 543 τὴν
1686 470 1960 540 ἀλήθειαν,

298 551 397 622 τὴν
425 552 607 625 ἀπαθῆ
637 555 905 623 γέννησιν,
936 556 1035 628 τὴν
1064 557 1347 629 ἄχραντον,
1373 558 1471 629 τὴν
1500 559 1792 629 θεοπρεπεῖ
1824 557 1967 627 λόγῳ

301 641 727 709 κηρυττομένην,
778 641 869 694 καὶ
904 643 1067 697 παντὶ
1116 644 1572 715 παραδεδομένην.
1603 644 1773 698 Πάλιν
1799 646 1827 697 6
1862 660 1967 714 μα-

300 726 489 794 κάριος
521 727 769 798 Μάρκος,
811 729 997 793 καθεὶς
1048 730 1239 784 ἑαυτὸν
1268 733 1348 796 είς
1397 731 1458 784 τὺ
1483 731 1834 799 Εὐαγγέλιον,
1870 731 1966 784 καὶ

300 810 580 883 θαρσήσας
605 817 717 878 τοῖς
743 820 1339 887 προγεγυμνασμένοις,
1370 818 1518 887 λέγει
1541 818 1638 887 μὲν
1663 818 1789 872 Υίὸν
1806 816 1963 884 Θεοῦ,

297 899 411 952 ἀλλ’
439 899 642 965 εὐθέως
677 904 981 957 συνέστειλε
1005 904 1094 957 τὸν
1114 904 1289 973 λόγον,
1313 907 1408 959 καὶ
1431 905 1729 958 ἐκολόϐωσε
1755 906 1854 976 τὴν
1880 905 1967 958 ἐν-

298 1004 467 1051 νοιαν,
496 988 585 1042 ἴνα
617 990 833 1063 μαλάξῃ
863 993 955 1045 τὸν
987 993 1283 1065 ἀκροατήν.
1310 994 1536 1062 Ἐπάγει
1558 991 1650 1047 οὖν
1674 993 1875 1056 εὐθέως
1895 991 1965 1046 τὰ

296 1074 436 1128 κατά
486 1076 579 1129 τὸν
636 1076 932 1150 βαπτιστήν
984 1079 1177 1147 λέγων,
1219 1081 1389 1149 Ἀρχὴ
1446 1080 1554 1135 τοῦ
1612 1081 1963 1149 εὐαγγελίου

308 1163 509 1229 Ἰησοῦ
548 1165 806 1232 Χριστοῦ
830 1183 844 1198 ⁶
908 1167 1102 1233 καθὼς
1149 1169 1469 1237 γέγραπται
1523 1169 1594 1221 ἐν
1625 1170 1838 1233 Ἡσαΐᾳ
1882 1167 1964 1233 τῷ

297 1250 597 1319 προφήτῃ·
656 1252 812 1306 ἰδοὺ
868 1254 1226 1307 ἀποστέλλω
1265 1254 1371 1308 τὸν
1399 1254 1658 1324 ἄγγελόν
1694 1272 1815 1323 μου
1848 1254 1962 1320 πρὸ

297 1336 623 1402 προσώπου
658 1355 794 1403 σου,
825 1339 891 1405 ὃς
914 1341 1354 1396 κατασκευάσει
1380 1342 1496 1410 τὴν
1524 1343 1668 1397 ὀδόν
1694 1360 1811 1397 σου
1859 1342 1961 1411 ἐμ-

299 1423 564 1488 προσθέν
592 1438 730 1479 σου.
771 1426 977 1491 Ἔδειξε
1007 1429 1104 1499 τὴν
1135 1428 1389 1501 λαμπάδα
1424 1434 1524 1502 τῆς
1550 1431 1827 1502 ἀληθείας,
1870 1429 1963 1482 καὶ

298 1509 499 1572 εὐθέως
537 1510 841 1583 ἀπέκρυψε.
870 1515 977 1567 Καὶ
1006 1516 1267 1588 προφέρει
1301 1516 1514 1588 πρῶτον
1537 1518 1629 1571 τὸν
1663 1516 1960 1589 ὑπηρέτην,

298 1597 385 1650 ἵνα
419 1600 485 1669 τῇ
524 1601 674 1670 φωνῇ
724 1602 1079 1672 περιηχηθεὶς
1120 1603 1149 1654 6
1190 1605 1485 1675 ἀκροατὴς,
1537 1603 1752 1674 δέξηται
1777 1603 1963 1657 λοιπὸν

297 1683 463 1751 ὑγιῶς
482 1684 574 1737 τὸν
604 1686 835 1756 παντελῆ
859 1689 958 1758 τῆς
984 1688 1273 1758 θεογωνίας
1295 1690 1471 1759 λόγον.
1498 1692 1557 1745 '0
1587 1693 1801 1754 Λουκᾶς
1828 1691 1961 1744 ἀκο-

296 1768 477 1823 λουθεῖ
506 1771 709 1843 τρίτος,
746 1775 839 1826 καὶ
868 1776 1030 1845 μέσος
1056 1781 1226 1848 χωρεῖ
1251 1778 1389 1846 μετὰ
1413 1777 1637 1842 τούτων,
1671 1778 1766 1832 καλ⁸
1795 1778 1963 1832 ἀπτε-

294 1872 383 1909 ται
406 1856 503 1927 μὲν
526 1857 620 1911 τοῦ
649 1858 793 1913 θείου
817 1861 997 1927 λόγου,
1026 1864 1086 1915 οὐ
1122 1865 1228 1935 μὴν
1255 1864 1546 1936 ἐρμηνεύει
1569 1866 1664 1919 καὶ
1692 1864 1964 1919 ἀναπτύσ-

297 1959 377 1995 σει
405 1944 502 2015 τὴν
538 1945 713 2011 ἀξίαν,
764 1947 901 2002 ἀλλά
951 1967 1148 2020 φησιν·
1199 1951 1553 2020 Ἐπειδήπερ
1597 1951 1816 2006 πολλοὶ
1858 1953 1962 2005 ἐπ-

286 2033 620 2100 ·ενςείρησαν
631 2035 1041 2101 ἀνατάξασθαι
1062 2038 1345 2108 διήγησιν
1365 2046 1496 2107 περὶ
1525 2039 1644 2093 τῶν
1661 2044 1961 2108 πεπληρο-

294 2120 644 2189 φορημένων
671 2124 742 2176 ἐν
770 2124 911 2193 ἡμῖν
940 2126 1318 2195 πραγμάτων,
1345 2127 1518 2192 ἔδοξε
1557 2128 1729 2195 κάμοὶ
1775 2143 1962 2195 παρα-

294 2210 689 2276 κολουθηκότι
719 2222 746 2250 ι
770 2211 894 2275 τοῖς
940 2210 1128 2265 πᾶσιν
1153 2213 1255 2267 ἀπ’
1284 2214 1477 2281 ἀρχῆς
1500 2213 1743 2282 γράψαι,
1768 2214 1963 2279 καθὼς

296 2293 647 2361 παρέδωκαν
677 2296 820 2364 ἡμῖν
855 2302 908 2351 ol
941 2301 1043 2353 ἀπ’
1077 2300 1269 2367 ἀρχῆς
1295 2301 1583 2354 αὐτόπται
1607 2301 1704 2354 καὶ
1744 2301 1963 2368 ὑπηρέ-

298 2397 389 2433 ται
426 2384 732 2452 γενόμενοι
772 2385 880 2438 τοῦ
905 2388 1112 2455 λόγου.
1154 2387 1314 2441 Ἀλλά
1350 2387 1505 2455 λόγον
1534 2389 1632 2458 μὲν
1661 2383 1833 2451 εἶπεν,
1862 2390 1963 2442 οὐκ

295 2464 413 2521 εἷπε
439 2468 496 2523 δὲ
525 2470 607 2524 ὅτι
650 2470 742 2523 καὶ
792 2471 937 2536 Θεὸς
973 2470 1052 2542 ἦν
1096 2477 1129 2528 ό
1164 2476 1375 2542 Λόγος.
1423 2475 1487 2528 Τί
1535 2472 1628 2528 οὖν
1655 2476 1750 2528 καὶ
1802 2476 1963 2539 αὐτὸς

295 2559 468 2625 ποιεῖ;
500 2557 804 2629 Ἀψάμενος
841 2560 902 2612 τὸ
942 2556 1101 2624 εἶναι,
1151 2561 1244 2614 καὶ
1290 2563 1569 2631 ἐννοήσας,
1623 2563 1704 2615 ὅτι
1743 2565 1964 2633 νεκραῖς

296 2644 486 2708 ἀκοαῖς
517 2645 720 2717 ἐνηχεῖ,
752 2647 983 2718 κρύπτει
1006 2647 1102 2718 τὴν
1133 2649 1309 2715 ἀξίαν,
1343 2650 1435 2702 καὶ
1465 2651 1726 2719 προφέρει
1754 2652 1850 2719 τὴν
1880 2652 1963 2703 οἱ-

299 2731 590 2801 κονομίανο
640 2733 910 2803 Ἐγένετο
961 2736 1149 2802 ἱερεὺς
1199 2738 1534 2805 Ζαχαρίας-ο
1595 2737 1688 2789 κα)⁸
1734 2737 1803 2791 τά
1835 2737 1964 2806 ἑξῆς

294 2816 388 2870 τοῦ
415 2819 754 2888 εὐαγγελίου.
781 2821 987 2884 Πάντες
1009 2818 1100 2875 οὖν
1116 2823 1399 2893 ἐχώρησαν
1422 2826 1500 2887 είς
1527 2823 1624 2895 τὴν
1645 2827 1742 2896 τῇς
1764 2825 1963 2896 σαρκὸς

295 2906 623 2976 οἰκονομίαν,
656 2909 750 2962 καὶ
770 2909 953 2979 ἡρέμα
984 2927 1099 2973 πως
1126 2910 1210 2963 διὰ
1232 2911 1339 2963 τῶν
1362 2912 1650 2983 θαυμάτων
1672 2913 1963 2986 ἐγνώριζον

294 2993 393 3065 τὴν
418 2994 593 3059 ἀξίαν.
622 2996 979 3068 Ἐκηρύττετο
1011 2997 1066 3051 δὲ
1107 2999 1197 3051 ἐπὶ
1222 3000 1314 3052 τοῦ
1340 2999 1474 3053 Θεοῦ
1508 3002 1682 3070 Λόγου
1714 3004 1775 3056 τὺ
1803 3002 1963 3067 ἀξίω-

301 3100 396 3150 μα,
424 3083 726 3152 ἐκρύπτετο
762 3085 819 3138 δέ
851 3085 918 3137 τά
959 3086 1099 3139 κατά
1134 3087 1240 3139 τῶν
1278 3089 1566 3159 αἱρετικῶν
1603 3090 1753 3161 βέλη,
1783 3092 1963 3145 καὶτὸ

294 3170 394 3240 τῆς
415 3170 580 3241 ὀρθῆς
609 3171 766 3243 δόξης
795 3173 1145 3245 ἐπιτείχισμα
1173 3175 1385 3229 οὐδέπω
1413 3176 1490 3248 τῷ
1523 3179 1834 3249 κηρύγματι
1861 3179 1964 3250 τῆς

296 3256 578 3321 εὐσεϐείας
617 3260 785 3327 ἐγήγε
794 3276 904 3330 ρτο.

380 3344 631 3415 Ἰωάννης
656 3346 835 3399 τοίνυν
857 3349 885 3400 6
905 3348 1016 3411 υἱὸς
1044 3350 1141 3419 τῆς
1165 3348 1393 3420 βροντῆς
1416 3350 1722 3415 τελευταῖος
1752 3351 1962 3423 παρῆλ-

299 3432 390 3485 θεν
422 3433 513 3486 ἐπὶ
529 3433 629 3505 τὴν
650 3433 926 3503 θεολογίαν
955 3437 1091 3504 μετά
1110 3437 1237 3502 τοὺς
1256 3441 1404 3509 τρεῖς
1430 3439 1669 3502 ἐκείνους
1693 3440 1962 3511 κήρυκας,

299 3520 392 3574 καὶ
424 3522 649 3586 εἰκότως
692 3523 721 3575 6
770 3523 869 3592 μὲν
907 3524 1290 3597 ἠκολούθησεν,
1336 3529 1385 3580 οί
1432 3527 1489 3580 δὲ
1530 3528 1852 3599 προέλαϐον,
1895 3529 1966 3582 τὰ

301 3610 472 3681 μικρὰ
502 3611 638 3676 τέως
663 3614 1303 3688 άστράπτοντες.⁶Ὠσπερ
1331 3616 1437 3688 γὰρ
1462 3617 1564 3687 τῆς
1586 3618 1812 3687 βροντῆς
1833 3635 1967 3689 προ-

298 3702 513 3767 ηγεῖται
539 3702 814 3774 ἀστραπὴ,
859 3704 945 3757 ἵνα
980 3703 1054 3776 μὴ
1102 3705 1297 3776 ἀθρόον
1337 3707 1516 3778 ἐκείνη
1557 3709 1622 3760 ἐκ
1649 3705 1758 3759 τῶν
1788 3707 1966 3777 νεφῶν

301 3789 529 3856 ῥαγεῖσα
575 3788 755 3862 πλήξῃ
810 3789 901 3844 τὸν
959 3791 1258 3846 ἀκούονταο
1307 3793 1480 3858 οὕτως
1539 3793 1725 3865 ἐπειδὴ
1773 3793 1966 3865 ἔμελλε

303 3874 530 3946 βροντᾷν
557 3877 587 3929 6
619 3878 891 3949 Ἰωάννης,
919 3881 968 3932 οί
1001 3882 1150 3951 τρεῖς
1177 3881 1557 3950 εὐαγγελισταὶ
1585 3882 1740 3955 δίκην
1764 3885 1967 3956 ἀστρα-

303 3959 447 4012 πῶν*
479 3962 572 4015 καὶ
603 3964 651 4015 οί
681 3963 782 4035 μὲν
809 3965 1092 4038 ῆστραψαν
1123 3967 1219 4038 τὴν
1251 3970 1580 4039 οίκονομίαν,
1613 3972 1641 4023 6
1671 3972 1729 4025 δὲ
1770 3972 1968 4044 βροντᾷ

299 4049 397 4118 τὴν
419 4049 713 4118 θεολογίαν.
745 4053 950 4126 Βροντὴ
975 4055 1054 4123 δὲ,
1082 4055 1321 4126 ἀδελφοὶ,
1356 4059 1491 4128 μετὰ
1512 4059 1751 4130 ὄμϐρων,
1773 4059 1967 4133 βροντὴ

304 4136 574 4206 φόϐητρόν
604 4139 713 4191 τῶν
745 4141 1031 4210 πονηρῶν*
1077 4144 1171 4196 καὶ
1226 4143 1412 4215 ὥσπερ
1460 4145 1525 4198 ἂν
1569 4147 1828 4217 σάλπιγγί
1860 4166 1966 4202 τινι

304 4224 640 4294 κεχρημένος
664 4229 728 4295 τῇ
761 4226 955 4297 βροντῇ
986 4230 1013 4280 6
1038 4229 1266 4300 οὐρανὸς
1294 4232 1448 4285 καλεῖ
1475 4233 1566 4285 τὸν
1586 4233 1809 4306 ὄμϐρον,
1833 4236 1969 4290 ἀλλά

305 4309 523 4380 πρῶτον
569 4315 690 4374 ταῖς
748 4313 1054 4383 ἀστραπαῖς
1125 4318 1387 4386 προκαλεῖ
1441 4320 1533 4374 τὸν
1579 4320 1727 4394 [415]
1780 4325 1964 4378 ὑετόν’

316 4398 644 4466 Ἀστραπάς
671 4398 778 4470 γὰρ
807 4403 839 4453 ό
867 4402 1011 4467 Θεός
1030 4406 1114 4468 εἰς
1146 4406 1323 4458 ὑετὸν
1347 4408 1663 4475 ἐποίησεν·
1689 4411 1876 4464 ἔπειτα
1898 4415 1964 4482 τῇ

306 4486 499 4555 βροντῇ
525 4488 664 4538 κινεῖ
689 4486 786 4549 τὰς
808 4487 1052 4556 νεφέλας.
1086 4488 1149 4542 Τί
1172 4487 1296 4556 οὖν;
1341 4493 1555 4565 Ἐπειδὴ
1587 4499 1969 4568 προηγήσαντο

302 4575 359 4625 αί
390 4573 646 4626 τοσαῦται
685 4576 965 4647 ἀστροιπαλ⁵
991 4578 1085 4630 τοῦ
1135 4579 1313 4647 λόγου,
1342 4581 1622 4636 ἀκολουθεῖ
1657 4586 1718 4637 τὸ
1763 4586 1966 4648 λοιπὸν,

301 4667 374 4728 ὡς
399 4665 568 4736 ἔφθην
587 4666 774 4734 εἰπὼν,
798 4670 830 4738 ή
856 4668 1049 4740 βροντὴ
1079 4670 1175 4740 τῆς
1203 4670 1497 4740 θεολογίας,
1521 4675 1968 4746 καταπλήττουσα

308 4754 405 4825 μὲν
437 4753 666 4820 πολλοὺς
712 4758 776 4826 τῇ
829 4756 1100 4827 ὑπερϐολῇ
1138 4756 1237 4825 τῆς
1272 4757 1571 4828 θεολογίας,
1626 4763 1866 4833 φέρουσα
1913 4763 1970 4817 δὲ

303 4842 429 4907 τοὺς
455 4841 694 4914 ὄμϐρους
725 4845 822 4913 τῆς
847 4843 1126 4912 εὐλογίαςο
1170 4846 1262 4897 καὶ
1297 4847 1427 4915 ἡμῖν
1470 4848 1567 4916 μὲν
1601 4848 1793 4921 βροντὴ
1827 4850 1970 4918 γίνε-

304 4930 394 4984 ται
443 4928 736 5001 θεολογίας,
770 4932 887 4994 τοῖς
932 4931 989 4983 δὲ
1025 4933 1320 5002 αἱρετικοῖς
1374 4931 1567 5004 βροντὴ
1608 4938 1731 4999 τοὺς
1767 4937 1970 5000 κακοὺς

306 5017 476 5089 θῆρας
504 5019 570 5090 τῇ
613 5017 885 5091 ὑπερϐολῇ
917 5018 1016 5089 τῆς
1049 5018 1458 5089 μεγαλοφωνίας
1486 5021 1802 5076 ἐλαύνουσα.
1837 5023 1968 5077 Ἀπὸ

304 5104 699 5173 ἐπιτιμήσεως
747 5120 862 5159 σου
908 5106 1251 5175 φεύξονται,
1296 5107 1415 5161 ἀπὸ
1470 5108 1676 5178 φωνῆς
1708 5109 1971 5180 ,βροντῆς

304 5208 422 5246 σου
446 5192 884 5247 δειλιάσουσιν.

378 5286 451 5344 ς’.
480 5279 905 5353 ’Λναδράμωμεν
925 5277 1016 5335 οὖν
1048 5281 1183 5354 πρὸς
1204 5280 1297 5335 τὸν
1320 5284 1376 5334 ἐν
1400 5283 1540 5357 ἀρχῇ
1567 5283 1716 5345 Θεὸν,
1741 5285 1971 5353 ἁναδρά-

309 5384 497 5437 μωμεν
525 5367 660 5439 πρὸς
690 5367 749 5422 τὸ
771 5367 937 5424 ἀΐδιον
953 5370 1088 5437 φῶς,
1112 5370 1507 5441 άναδράμωμεν
1525 5371 1660 5443 πρὸς
1687 5373 1777 5426 τὸν
1805 5374 1974 5441 Λόγον

305 5449 394 5503 διὰ
434 5452 493 5503 σὲ
538 5450 828 5520 γενόμενον
865 5450 1149 5522 ἄνθρωπον
1171 5469 1184 5484 ο
1234 5455 1522 5525 γενόμενον
1567 5455 1623 5508 δὲ
1655 5457 1780 5508 ὅταν
1813 5458 1970 5518 εἴπω,

306 5537 365 5588 οὐ
408 5536 832 5610 μεταϐληθεῖσαν
859 5538 1002 5607 λέγω
1031 5539 1216 5610 φύσιν,
1247 5541 1383 5593 ἀλλὰ
1426 5541 1523 5614 τὴν
1549 5542 1735 5613 θεῖκὴν
1774 5543 1929 5609 ἀξίαν
1948 5545 1975 5583 b

372 5654 397 5716 ξ
424 5652 594 5716 ᾗζοτθί.
625 5659 760 5705 solus
780 5657 1216 5716 παρακολουθῆσαι.

314 5774 331 5816 ἱ
361 5711 598 5817 91201101131.
619 5715 705 5771 τὴν
729 5711 984 5775 ἀνθρώπων
1026 5711 1172 5772 ἀξίαν.
1218 5716 1369 5771 Sas'il.
1395 5721 1480 5776 τήν
1512 5722 1688 5782 θεῖκήν,
1734 5723 1854 5771 alius
1893 5723 1977 5780 τήν

336 5789 356 5815 Ἰ
467 5802 480 5815 α

336 5789 480 5815 ἰνίον.

1513 351 1882 412 SEVERIANI
1919 354 2097 411 GABA
2107 353 2268 410 LOR.
2310 349 2524 408 EPISC.

3584 354 3666 411 512

2069 469 2440 524 ἀναλαϐοῦσαν
2454 471 2522 524 τὰ
2545 469 2804 542 ήμέτερα.
2828 468 2904 522 T6
2924 466 3052 538 γάρ,
3075 466 3258 536 Λόγος
3278 466 3423 535 σὰρξ
3452 466 3666 537 ἐγένετο,

2067 556 2127 608 οὐ
2171 558 2517 626 μετάπτωσιν
2543 558 2640 626 τῆς
2670 556 2887 625 φύσεως
2919 554 3132 626 μηνύει,
3170 553 3299 607 ἀλλά
3329 553 3420 624 τὴν
3447 554 3669 625 ἀνάληψιν

2066 642 2165 711 τῆς
2191 644 2465 716 ἡμετέρας
2495 642 2798 706 ἀσθενείας.
2837 644 2900 697 Εἰ
2925 643 3034 713 γὰρ
3067 641 3146 706 τὸ,
3176 640 3449 707 Ἐγένετο,
3484 645 3664 712 μεταϐοη

2065 727 2163 799 λὴν
2193 729 2453 799 νομίζεις,
2499 731 2594 784 ἐὰν
2644 730 2883 801 ἀκούσῃς
2914 729 3010 782 τοῦ
3051 727 3261 781 Παύλου
3285 727 3533 795 λέγοντος,
3568 732 3672 797 Χρι-

2066 816 2214 881 στὸς
2240 816 2400 885 ἡμᾶς
2432 818 2803 887 ἐξηγόρασεν
2838 818 2905 870 ἐκ
2951 815 3060 882 τῆς
3092 813 3347 882 κατάρας
3376 815 3475 869 τοῦ
3500 817 3671 884 νόμου,

2065 903 2386 972 γενόμενος
2422 903 2574 971 ὑπὲρ
2600 902 2770 972 ἡμῶν
2791 901 3036 969 κατάρα,
3061 901 3302 970 κατάραν
3334 902 3407 963 εἰς
3438 901 3579 968 φύσιν
3602 904 3677 956 καὶ

2068 989 2413 1059 μετατροπὴν
2465 990 2708 1061 κατάρας
2771 988 3133 1058 ἐκλαμϐάνεις
3173 989 3273 1056 τὴν
3312 986 3465 1052 λέξιν.
3502 986 3676 1057 Ὠσπερ

2063 1074 2193 1142 γοῦν
2223 1076 2304 1137 τὸ,
2333 1077 2603 1144 Γεγονὼς
2638 1075 2884 1142 κατάρα,
2916 1075 3065 1129 οὐδὲν
3083 1074 3267 1145 ἕτερον
3291 1074 3546 1144 σημαίνει,
3564 1072 3594 1143 ἢ
3614 1075 3677 1126 ὃτι

2062 1161 2160 1232 τὴν
2194 1162 2315 1214 καθ’
2352 1162 2508 1232 ἡμῶν
2534 1163 2776 1234 κατάραν
2801 1164 2880 1224 είς
2908 1162 3097 1214 ἐαυτὸν
3119 1160 3374 1214 ἀνέλαϐεν
3392 1178 3406 1191 ο
3435 1158 3587 1222 οὕτως
3604 1160 3680 1211 καὶ

2061 1249 2139 1312 τὸ,
2178 1250 2239 1301 '0
2275 1251 2458 1319 λόγος
2493 1250 2652 1317 σὰρξ
2678 1248 2933 1319 ἐγένετο,
2966 1249 3061 1302 καὶ
3092 1248 3440 1313 ἐσκήνωσεν
3461 1246 3679 1313 ἐνήμῐν,

2061 1330 2212 1382 οὐδὲν
2233 1330 2359 1383 ἀλλο
2382 1333 2712 1402 παρίστησιν
2732 1332 2765 1402 ἢ
2789 1332 2886 1402 τῆς
2914 1331 3115 1401 σαρκὸς
3137 1330 3236 1400 τὴν
3254 1328 3683 1398 ἀνάληψινοἜχεις

2062 1417 2241 1469 είκόνα
2292 1417 2443 1488 παρά
2475 1417 2677 1487 σαυτῷ,
2713 1418 2741 1470 6
2787 1418 2941 1485 λόγος
2971 1420 2999 1471 6
3045 1417 3138 1479 σὸς
3184 1416 3460 1469 παιδεύσει
3490 1432 3544 1467 σε
3579 1416 3684 1483 περὶ

2062 1497 2155 1550 τοῦ
2181 1498 2314 1552 Θεοῦ
2340 1501 2533 1568 Λόγου,
2566 1501 2664 1570 οὐχ
2692 1500 2767 1562 ὡς
2799 1500 3040 1569 παντελῆ
3071 1500 3254 1570 φέρων
3282 1501 3380 1569 τὴν
3414 1498 3685 1569 ὁμοιότητα,

2062 1584 2177 1636 ἀλλ’
2202 1585 2277 1647 ὡς
2301 1585 2439 1655 έχων
2464 1585 2607 1656 ἴχνος
2634 1587 2727 1639 καὶ
2757 1586 2991 1656 ἔμφασιν
3015 1587 3113 1658 τῆς
3145 1587 3296 1658 θείας
3323 1585 3473 1650 ἀξίας
3489 1587 3514 1637 6
3534 1585 3681 1651 λόγος.

2075 1670 2335 1724 Ἐνταῦθα
2364 1672 2420 1725 δέ
2463 1690 2552 1743 μοι
2584 1674 2812 1744 πρόσεχε
2836 1673 2926 1727 τὸν
2950 1672 3073 1727 νοῦν
3098 1673 3367 1744 ἀκριϐῶς,
3388 1673 3472 1726 ἵνα
3505 1674 3571 1743 μὴ
3593 1672 3688 1724 διαο

2061 1759 2224 1829 κενῆς
2261 1758 2576 1831 λέγηταιτά
2607 1761 2848 1832 ῥήματα,
2873 1760 2969 1815 καὶ
3001 1760 3331 1831 ἀφανίζηται
3364 1760 3431 1813 τά
3457 1759 3564 1812 θεῖα
3586 1758 3688 1827 νοή-

2064 1882 2230 1934 ματα.
2274 1865 2332 1918 ’0
2366 1865 2524 1933 λόγος
2567 1865 2595 1917 6
2656 1863 2764 1917 τῶν
2797 1861 3101 1932 ἀνθρώπων
3136 1853 3467 1949 (ἀμυδραόέ
3501 1854 3635 1947 ἐστιν

2061 1932 2246 2015 εἰκὼν,
2278 1954 2375 2023 οὐχ
2403 1932 2523 2006 ὅλον
2545 1950 2869 2022 παριστῶσα
2888 1948 2948 2002 τὸ
2973 1945 3214 2013 ἀξίωμα,
3236 1940 3352 1995 ἀλλ’
3379 1941 3443 1991 ἐκ
3463 1936 3563 2023 τῶν
3590 1932 3676 1986 καθ

2057 2043 2209 2112 ἡμᾶς
2252 2042 2321 2096 τὰ
2346 2022 2496 2112 γῦπέρ
2532 2042 2680 2112 ἡμᾶς
2718 2034 3103 2106 διδάσκουσα)’
3131 2036 3161 2086 ὁ
3190 2031 3350 2098 λόγος
3392 2029 3421 2080 6
3460 2022 3694 2093 ήμέτερϋς

2058 2128 2350 2200 ἀσώματός
2373 2131 2542 2189 ἐστιν,
2566 2129 2819 2197 ἀόρατος,
2844 2124 3179 2194 ἀκράτητος,
3203 2119 3344 2187 ἀκοῇ
3378 2114 3511 2184 μόνῃ
3544 2123 3696 2200 παραξ-

2058 2191 2360 2286 δεδομένος.
2384 2215 2573 2277 Οὐδεὶς
2592 2191 2733 2267 οἶδεν
2761 2211 2883 2281 ὄψει
2905 2191 3084 2277 λόγον,
3104 2206 3288 2266 οὐδεὶς
3310 2200 3535 2286 κατέσχε
3558 2191 3698 2286 χειρὶ,

2058 2285 2191 2358 ἀλλί
2225 2303 2371 2358 ἔστιν
2430 2304 2659 2374 ἀόρατος
2682 2342 2697 2363 ,
2733 2300 3070 2371 ἀκράτητος,
3101 2296 3212 2349 ὑπὸ
3254 2293 3388 2364 μιᾶς
3429 2285 3701 2374 αίσθήσεως

2059 2392 2431 2464 κρατούμενος
2471 2368 2570 2461 τῆς
2605 2368 2938 2459 άκοῆςίκαὶ
2976 2385 3140 2439 τοῦτο
3190 2382 3465 2453 ἀοράτως.
3495 2374 3582 2464 0:3~
3611 2368 3702 2464 γὰρ

2059 2461 2246 2551 χεῖρας
2275 2461 2622 2550 -ἐκτείνασαή
2663 2479 2801 2548 ἀκοὴ
2856 2475 3112 2543 κατέχει,
3159 2472 3283 2526 ἀλλ’
3326 2466 3488 2529 αὐτὸς
3520 2466 3546 2516 6
3572 2461 3707 2551 λόγος

2058 2550 2317 2622 εἰσελθὼν
2352 2570 2654 2636 κρατεῖται.
2693 2567 2753 2619 '0
2784 2566 2942 2631 λόγος
2974 2561 3142 2624 αὐτὸς
3187 2560 3447 2639 γέννημα
3487 2552 3579 2621 μέν
3609 2550 3706 2639 to?!

2057 2654 2151 2706 τοῦ
2184 2654 2297 2717 νοῦ,
2327 2656 2585 2722 γεννᾶται
2629 2654 2686 2707 δὲ
2716 2655 2778 2706 οὐ
2828 2653 3013 2713 πάθει,
3044 2650 3147 2703 οὐκ
3182 2648 3315 2716 ὄψει
3350 2656 3398 2708 ο,
3440 2643 3501 2695 οὗ
3535 2633 3713 2704 διαιρέ·

2059 2759 2164 2806 σει,
2192 2742 2251 2794 οὐ
2291 2742 2572 2813 μερίζεται
2611 2741 2705 2795 τοῦ
2740 2741 2831 2795 νοῦ
2873 2739 3269 2809 γεννήσαντος,
3317 2734 3382 2786 οὐ
3418 2725 3710 2801 χωρίζεταιο

2057 2832 2157 2885 οὐκ
2183 2832 2559 2902 ἀποσχίζεται.
2592 2830 2856 2883 Ἐνταῦθά
2883 2847 2970 2900 μοι
3003 2830 3217 2898 χρῆσον
3241 2825 3348 2893 τὴν
3375 2819 3564 2890 ἀκοὴν,
3594 2813 3719 2902 αἱρε-

2056 2920 2198 2982 τικὲ,
2230 2923 2422 2989 νόησον
2450 2919 2667 2990 πρῶτον
2693 2918 2761 2971 τὰ
2795 2918 2884 2981 σά,
2917 2915 3014 2968 καὶ
3035 2916 3158 2967 τότε
3186 2912 3475 2982 φαντάζου
3501 2904 3569 2958 τὰ
3592 2899 3717 2994 ὑπὲρ

2062 3006 2121 3059 σέ
2141 3025 2157 3039 ⁸
2184 3011 2347 3077 γεννᾷ
2370 3011 2397 3061 ὁ
2419 3008 2564 3070 νοῦς,
2589 3007 2914 3078 προέρχεται
2937 3005 2966 3056 6
2985 3004 3168 3072 λόγος,
3189 3002 3537 3072 προέρχεται
3558 2994 3618 3045 ἐκ
3637 3002 3718 3078 τον

2057 3096 2444 3165 γεννήσαντος,
2487 3096 2579 3148 καὶ
2624 3095 2830 3156 πάντας
2861 3090 3062 3161 πληροῖ
3106 3092 3244 3153 τοὺς
3273 3087 3610 3142 ἀκούοντας,

2058 3160 2155 3238 τοῦ
2191 3160 2546 3252 γεννήσαντος
2573 3181 2735 3235 αὐτὸν
2769 3181 2869 3233 οὐκ
2907 3160 3210 3248 ἀφίσταται
3238 3193 3253 3205 ·
3288 3174 3623 3246 προέρχεται
3648 3160 3722 3214 λό-

2062 3288 2158 3338 γος
2203 3274 2283 3332 είς
2316 3270 2523 3331 πάντας
2558 3268 2933 3339 μεριζόμενος,
2973 3266 3069 3319 καὶ
3105 3263 3365 3334 οὐδαμοῦ
3404 3257 3724 3330 σχιζόμενοςι

2061 3359 2331 3421 Ἕκαστος
2367 3358 2477 3428 γὰρ
2509 3358 2724 3426 δέχεται
2745 3355 3038 3425 ὁλόκληρον
3064 3355 3160 3407 τὸν
3185 3353 3384 3420 λόγον,
3403 3349 3503 3403 καὶ
3524 3346 3661 3400 ἐστιν
3676 3341 3726 3392 ἐν

2061 3448 2307 3516 έκάστῳ;
2334 3446 2428 3498 καὶ
2458 3448 2515 3498 ἐν
2550 3443 2826 3506 τοσούτοις
2869 3442 3257 3513 μεριζόμενος,
3296 3438 3420 3493 ἀλλ’
3457 3433 3729 3525 ὁλόκληροξ

2060 3535 2425 3604 εἰσχεόμενος.
2457 3533 2516 3586 '0
2540 3531 2635 3585 οὖν
2655 3534 2925 3604 ἡμέτερος
2960 3530 3119 3597 λόγος
3147 3528 3443 3582 δείκνυσιν
3477 3529 3536 3578 ἐν
3571 3523 3730 3585 ἑαυτῴ

2057 3625 2149 3676 τὸν
2172 3624 2509 3692 γεννήσαντα
2534 3621 2661 3674 νοῦν
2681 3637 2694 3651 ·
2731 3620 2839 3674 ἀπὸ
2870 3618 2979 3689 γὰρ
3002 3618 3096 3670 τοῦ
3115 3617 3294 3686 λόγου
3327 3609 3732 3679 καταλαμϐάνε-

2060 3728 2150 3764 ται
2183 3712 2216 3779 ἡ
2252 3694 2481 3762 διάνοια.
2519 3708 2719 3761 Σκόπει
2749 3707 2806 3760 δέ
2841 3724 2931 3776 μοι
2963 3707 3191 3758 κάκεῖνο
3215 3723 3232 3736 ·
3279 3704 3474 3774 τούτῳ
3502 3696 3732 3790 τῷλλόγίξ

2060 3798 2138 3867 τῷ
2171 3796 2426 3867 ήμετέρῳ
2451 3792 2977 3866 προαναζωγραφῶν
3004 3791 3105 3861 τὴν
3127 3791 3475 3863 οἰκονομίαν
3498 3787 3595 3842 τοῦ
3618 3785 3735 3838 Θεοῦ

2062 3886 2263 3954 Λόγου,
2294 3884 2478 3937 είκόνα
2522 3881 2646 3936 τινὰ
2680 3878 3002 3950 θαυμαστὴν
3051 3879 3521 3950 προανείληπται
3549 3872 3737 3944 γητνοις

2062 3970 2161 4037 μὲν
2197 3968 2413 4022 ἄνθεσιν
2440 3966 2849 4036 ὼραῖζομένην,
2886 3964 3216 4034 πρέπουσαν
3251 3963 3319 4017 δὲ
3353 3965 3426 4034 τῇ
3465 3959 3563 4015 τοῦ
3598 3957 3740 4020 λόγου

2061 4056 2394 4128 προθεωρίᾳ.
2425 4056 2490 4108 Τί
2534 4050 2661 4117 οῦν;
2692 4054 2798 4106 Τὸν
2835 4052 2997 4120 λόγον
3049 4050 3142 4104 τὸν
3175 4051 3483 4123 ἡμέτερον
3530 4047 3741 4128 ἀόρατογ

2060 4120 2210 4212 [ᾸΜ]
2240 4120 2391 4204 ὄντα,
2445 4138 2540 4191 καὶ
2572 4136 2732 4207 σῶμα
2788 4137 2863 4206 μὴ
2906 4135 3119 4205 ἔχοντα,
3155 4120 3260 4188 καὶ
3307 4120 3646 4206 κρατεῖσθαι
3681 4120 3745 4194 μὴ

2055 4223 2385 4292 δυνάμενον,
2422 4221 2588 4290 ἑτέρᾳ
2637 4221 2744 4271 τινί
2795 4217 2958 4288 σοφίᾳ
2994 4219 3023 4270 6
3073 4215 3214 4280 Θεὸς
3262 4212 3743 4289 μεταῤῥυθμίσαξ,

2060 4311 2155 4364 καὶ
2184 4309 2417 4378 ὁρᾶσθαι
2446 4308 2740 4376 πεποίηκε,
2781 4306 2877 4358 καὶ
2925 4304 3288 4374 κρατεῖσθαι.
3337 4304 3412 4357 Τί
3443 4302 3559 4374 γὰρ
3586 4297 3747 4358 mai;

2070 4397 2290 4467 Ἐπειδὴ
2332 4397 2430 4466 οὐχ
2477 4396 2689 4466 ἐωρᾶτο
2719 4392 2863 4463 ὄψει,
2920 4391 3097 4444 ἐνδύει
3145 4391 3330 4446 αὑτὸν
3361 4391 3395 4432 τι
3456 4391 3657 4456 σῶμα,
3697 4384 3750 4435 τὸ

2056 4485 2311 4556 γράμμα,
2348 4485 2441 4537 καὶ
2480 4482 2671 4552 ῶσπερ
2703 4482 2827 4534 τινὰ
2873 4479 3055 4551 σάρκα
3105 4478 3270 4549 αὐτῷ
3308 4478 3636 4552 περιέθηκε
3663 4468 3748 4541 τὴν

2055 4573 2165 4627 τῶν
2199 4572 2548 4642 γραμμάτων
2574 4570 2696 4640 ὄψιν
2716 4583 2730 4598 ⁸
2767 4570 2861 4622 καὶ
2891 4569 2949 4622 ὃν
2978 4567 3111 4621 ποτε
3148 4568 3396 4622 ἀκούων
3430 4568 3539 4638 οὐχ
3570 4563 3749 4634 ἐώρας.

2057 4659 2455 4729 ἀναγινώσκων
2501 4660 2665 4729 ὁρᾷς·
2726 4650 2771 4724 ᾧ
2819 4656 3065 4726 ἐντυχεῖν
3098 4654 3203 4707 οὐκ
3254 4655 3497 4717 ἐδύνου,
3531 4652 3625 4706 διὰ
3667 4646 3751 4713 τῆς

2063 4749 2249 4819 βίϐλου
2283 4744 2596 4817 βαστάζεις.
2634 4744 2794 4799 Ἀλλά
2838 4740 3185 4813 σωματοῦται
3247 4742 3367 4811 μὲν
3410 4747 3444 4797 ὁ
3487 4743 3651 4811 λόγος
3685 4732 3757 4786 διὰ

2059 4837 2154 4888 τοῦ
2182 4835 2533 4907 γράμματος,
2575 4833 2636 4885 οὑ
2668 4831 3045 4904 περικλείεται
3075 4829 3132 4882 δέ
3157 4827 3240 4898 τῷ
3275 4831 3625 4901 γράμματι,
3659 4820 3755 4878 ἀλλ’

2061 4923 2176 4976 ἐστι
2211 4923 2361 4994 παρὰ
2393 4921 2471 4991 τῷ
2520 4921 2756 4989 λέγοντι,
2787 4921 2881 4973 καὶ
2928 4918 3079 4988 παρά
3129 4916 3208 4987 τῷ
3271 4918 3762 5005 ἀναγινώσκοντιξ

2063 5014 2166 5068 κᾶν
2200 5031 2284 5075 τις
2333 5009 2549 5074 λαϐὼν,
2587 5009 2831 5079 ἀδελφοὶ,
2870 5007 3075 5078 βιϐλίον
3122 5005 3327 5078 σχίσῃ,
3368 5007 3440 5061 τὸ
3485 5006 3652 5075 σῶμα
3681 5016 3763 5052 του

2062 5100 2225 5168 λόγου
2250 5099 2488 5169 ἔσχισεν,
2516 5098 2577 5151 οὐ
2600 5097 2692 5149 τὸν
2723 5097 2881 5162 λόγον
2907 5095 3092 5163 ἔτεμε.
3117 5095 3227 5147 Καὶ
3258 5094 3365 5148 ἶνα
3397 5094 3595 5167 μάθῃς
3621 5094 3698 5145 ὃτι
3718 5085 3770 5140 οὗ

2067 5186 2525 5240 συναναλίσκεται
2555 5184 2850 5254 γράμματι
2873 5183 3053 5250 λόγος,
3085 5180 3239 5248 λέγει
3272 5182 3307 5232 6
3331 5183 3488 5245 Θεὸς
3521 5181 3606 5250 τῷ
3632 5177 3775 5246 Ἰερε-

2070 5276 2188 5348 μία,
2223 5275 2496 5339 Καθίσας
2533 5271 2768 5341 ’γράψον
2798 5270 2898 5323 ἐπὶ
2932 5270 3174 5334 ,βιϐλίου
3202 5267 3479 5336 πάντας
3511 5268 3661 5333 τοὺς
3684 5263 3778 5319 ,λό-

2064 5385 2232 5436 γους,
2260 5363 2358 5418 καὶ
2384 5360 2591 5426 ἐπίδος
2626 5357 2895 5446 Ἰωακείμ
2919 5356 2999 5422 τῷ
3024 5352 3470 5446 ﬂaua/182'.va;
3490 5358 3555 5446 δὲ
3578 5358 3609 5408 6
3636 5354 3780 5446 λόγοξ

2080 5453 2275 5525 μεστὸς
2302 5447 2555 5519 ἐλεγμοῦ.
2591 5447 2742 5499 Ἐπεὶ
2763 5441 2856 5498 οὖν
2885 5446 2935 5497 οἱ
2961 5444 3217 5497 δυνάσται
3244 5443 3398 5508 τοὺς
3426 5444 3703 5514 ἐλέγχους
3728 5441 3781 5489 οὐ

2132 5676 2155 5703 c
2190 5661 2273 5711 Sic
2299 5671 2431 5710 unus
2456 5655 2638 5704 melius
2662 5664 2807 5716 quam
2832 5646 3247 5716 θόίίίηοῦἡκόψει.
3365 5707 3382 5716 _
3654 5705 3664 5715 .

2131 5726 2156 5764 d
2187 5706 2521 5779 ᾗὶιῖιῖξῶπόν,
2547 5706 2862 5767 unus'codex
2885 5706 3043 5760 αὐτόν.
3066 5707 3149 5758 Sic
3162 5706 3484 5765 ‘legendum
3511 5706 3793 5765 suspicata!

2074 5797 2180 5838 eral
2201 5785 2351 5835 Savil.
