3966 6160
497 388 592 446 5-H

492 507 648 562 facit?
666 505 951 578 Postquam
969 524 1082 565 rem
1095 509 1363 580 attigerat,
1376 507 1615 579 cogitans
1631 522 1689 564 se
1707 508 1932 563 mortuis
1943 507 2076 561 auri-

490 598 591 653 bus
608 600 879 666 insonare,
897 601 1209 671 dignitatem
1224 601 1382 666 celat,
1402 609 1457 657 et
1475 601 1829 657 oeconomiam
1849 599 2081 671 profert:

494 688 616 746 Fuit
630 693 865 748 scca-dos
876 692 1174 760 Zacharias,
1191 695 1500 750 etc.0mnes
1516 710 1644 764 ergo
1665 696 1730 749 ad
1748 696 1923 750 carnis
1941 708 2086 749 (eco-

491 785 723 840 nomiam
755 796 1035 854 venerunt,
1062 796 1115 842 et
1144 803 1237 856 per
1265 787 1516 840 miracula
1547 786 1856 856 dignitatem
1876 783 2075 839 sensim

491 876 1213 933 indicarunt.Pr:edicabatur
1229 877 1483 934 DeiVerbi
1499 877 1751 947 dignitas,
1770 877 1873 931 tela
1887 885 2073 930 contra

492 969 774 1025 haereticos
786 971 1208 1034 occultabantur,
1226 979 1279 1024 et
1305 979 1465 1025 rectae
1486 970 1766 1024 sententia:
1783 983 2085 1038 propugna-

489 1060 669 1116 culum
701 1063 936 1117 nondum
959 1063 1168 1132 pietatis
1195 1061 1570 1132 praedicatione
1584 1061 1870 1116 excitatum
1889 1058 2078 1112 fuerat.

564 1152 688 1208 Tres
726 1154 921 1224 priores
959 1152 1295 1226 Evangelista:
1334 1155 1540 1225 fulgura
1562 1195 1577 1220 ,
1624 1150 1850 1206 Joannes
1894 1151 2084 1204 tonitru

492 1244 610 1314 fuit.
649 1274 720 1285 -
756 1244 991 1299 Joannes
1035 1260 1165 1315 ergo
1213 1245 1353 1299 tilius
1402 1243 1620 1299 lonitrui
1668 1253 1970 1312 postremus
2014 1241 2079 1294 ad

492 1333 813 1405 theologiam
845 1335 1074 1389 accessit
1104 1343 1224 1405 post
1255 1345 1362 1389 tres
1406 1334 1528 1388 illos
1556 1346 1853 1403 praecones,
1887 1341 1939 1385 et
1962 1331 2085 1401 jure

497 1425 588 1481 hic
614 1435 869 1495 sequutus
896 1435 1015 1492 est;
1046 1425 1121 1479 illi
1156 1433 1569 1496 praecesserunt,
1598 1433 1653 1479 et
1680 1422 1947 1491 paululum
1981 1422 2081 1477 ful-

497 1517 648 1587 guris
674 1517 984 1572 emiserunt.
1014 1515 1475 1583 Quemadmodum
1504 1516 1646 1570 enim
1674 1514 1851 1585 fulgur
1881 1516 2078 1568 tonitru

494 1605 786 1676 praecedit,
827 1622 896 1662 ne
937 1618 1162 1676 repente
1203 1621 1269 1661 ex
1315 1606 1544 1660 nubibus
1592 1620 1880 1674 erumpens
1925 1619 2083 1659 aures

491 1697 747 1766 percellat
774 1715 787 1750 :
822 1697 892 1752 ita
917 1708 1202 1768 antequam
1230 1696 1463 1752 Joannes
1490 1705 1735 1758 tonaret,
1766 1705 1877 1750 tres
1905 1711 2069 1749 evan-

487 1787 690 1858 gelistte
720 1788 888 1843 instar
918 1789 1187 1859 fulgurum
1220 1797 1625 1858 praecesserunt.
1659 1786 1734 1841 Illi
1769 1787 1934 1840 instar
1964 1785 2068 1840 ful-

486 1894 675 1949 gurum
711 1881 1067 1934 oeconomiam
1108 1880 1478 1944 illustrarunt;
1512 1879 1598 1934 hic
1638 1879 1957 1948 theologiam
1993 1886 2077 1932 to-

488 1980 602 2026 nat.
636 1971 857 2026 Tonitru
897 1983 1077 2027 autem
1099 2014 1113 2038 ,
1152 1972 1383 2039 fratres,
1414 1981 1533 2042 post
1576 1971 1804 2040 pluviam
1832 2011 1846 2037 ,
1879 1970 2079 2025 tonitru

489 2063 795 2117 terriculum
822 2073 904 2118 est
930 2064 1298 2136 improborum
1331 2081 1344 2116 :
1374 2079 1436 2117 ac
1478 2064 1616 2117 sicut
1643 2063 1832 2117 caelum
1878 2062 2078 2116 tonitrtt

490 2170 587 2209 ceu
616 2156 739 2210 tuba
768 2155 998 2227 quadam
1028 2172 1180 2212 usum
1206 2200 1221 2222 ,
1251 2156 1483 2227 pluviam
1516 2156 1776 2221 advocat,
1807 2155 1901 2209 sed
1931 2157 2078 2223 prius

493 2246 727 2317 pluviam
759 2249 996 2312 excitat;
1028 2263 1149 2302 nam
1186 2249 1327 2303 Deus
1361 2246 1589 2317 Fulgura
1619 2248 1671 2300 in
1701 2245 1927 2317 pluviam
1960 2247 2079 2317 fecit

502 2334 693 2407 (Psal.
737 2338 861 2394 154.
901 2338 968 2409 7)
1005 2356 1020 2393 :
1056 2338 1249 2394 deinde
1280 2339 1486 2396 tonitru
1536 2339 1702 2391 nubes
1746 2345 2063 2391 commovet.

489 2425 627 2494 Quid
656 2428 853 2498 igitur?
880 2428 1013 2495 Quia
1055 2438 1443 2499 prmcesserant
1475 2437 1617 2482 tanta
1651 2428 1796 2483 verbi
1828 2428 2031 2497 fulgura
2056 2469 2073 2495 ,

488 2520 730 2589 sequitur
764 2518 1014 2585 demum,
1055 2529 1114 2575 ut
1152 2520 1306 2588 dixi,
1348 2522 1546 2575 tonitru
1592 2520 1905 2591 theologite,
1933 2520 2076 2590 quod

491 2610 690 2666 multos
720 2610 1049 2667 sublimitate
1078 2628 1173 2667 sua
1215 2613 1472 2682 percellat
1499 2653 1517 2680 ,
1554 2612 1649 2668 sed
1692 2612 2077 2668 benedictionis

490 2702 690 2757 imbres
730 2705 959 2757 emittat.
989 2702 1058 2758 Et
1100 2704 1252 2757 nobis
1289 2702 1503 2774 quidem
1553 2704 1752 2758 tonitru
1797 2703 2078 2774 theologia:

490 2794 758 2861 efficitur;
791 2794 1061 2850 haereticis
1090 2811 1216 2850 vero
1248 2797 1476 2860 tonitru,
1506 2797 1646 2865 quod
1680 2796 1850 2850 malas
1881 2795 2077 2850 bestias

488 2885 814 2941 sublimitate
837 2887 982 2940 vocis
1004 2887 1256 2955 depellat.
1286 2886 1359 2939 Ab
1386 2887 1732 2955 increpatione
1754 2897 1839 2941 tua
1860 2888 2073 2960 fugient,

487 2991 522 3028 a
546 2991 666 3031 voce
691 2977 898 3030 tonitrui
929 2980 1004 3030 tui
1031 2977 1378 3048 formidabant
1410 2977 1583 3046 (Psal.
1614 2978 1738 3034 105.
1768 2978 1843 3048 7).

562 3066 618 3122 6.
649 3069 1008 3122 Accurramus
1039 3083 1168 3139 ergo
1208 3069 1274 3122 ad
1313 3085 1434 3123 eum
1466 3069 1555 3137 qui
1588 3069 1641 3123 in
1682 3069 1938 3139 principio
1962 3079 2079 3124 erat

492 3159 667 3225 Deus,
696 3175 1042 3215 accurramus
1079 3161 1146 3215 ad
1191 3171 1447 3215 aeternam
1492 3162 1665 3216 lucem
1688 3201 1704 3227 ,
1734 3176 2077 3217 accurramus

489 3251 556 3305 ad
586 3250 819 3305 Verbum
849 3262 1068 3322 propter
1100 3260 1151 3306 te
1186 3251 1386 3306 factum
1426 3251 1725 3308 hominem.
1757 3252 1888 3306 Cum
1919 3254 2074 3319 dico,

487 3344 699 3412 factum,
730 3356 838 3396 non
869 3350 1126 3396 mutatam
1156 3343 1277 3397 dico
1313 3351 1580 3407 naturam,
1610 3344 1703 3399 sed
1732 3343 1962 3398 divinam
1990 3344 2076 3398 di-

486 3431 745 3513 snitatem
797 3442 980 3488 nostra
1023 3445 1407 3490 assumentem.
1457 3436 1588 3490 Illud
1632 3438 1811 3502 enim,
1867 3436 2076 3492 Verbum

486 3538 610 3577 caro
637 3526 826 3594 fectant
856 3535 949 3592 est,
983 3541 1089 3580 non
1120 3527 1322 3595 lapsam
1356 3537 1598 3582 naturam
1627 3529 1844 3597 iudicat,
1875 3529 1966 3583 sed
1996 3531 2079 3583 in-

490 3616 795 3671 firmitatem
822 3625 1061 3671 nostram
1082 3628 1432 3687 assumptam.
1456 3619 1586 3674 Nam
1615 3620 1659 3674 si
1682 3620 1835 3687 illud,
1861 3620 2076 3675 Factum

488 3714 588 3772 est,
615 3706 962 3761 mutationem
991 3721 1114 3761 esse
1143 3717 1328 3776 putas;
1357 3708 1401 3762 si
1432 3708 1618 3764 audias
1647 3710 1867 3764 Paulum
1896 3712 2077 3765 dicen-

492 3807 623 3861 tem,
647 3796 874 3851 Cltristus
904 3813 996 3851 nos
1025 3799 1236 3851 redemit
1262 3816 1294 3852 a
1318 3799 1584 3854 maledicto
1615 3801 1760 3872 legis,
1791 3805 1958 3873 factus
1983 3820 2076 3874 pro

487 3887 635 3942 nobis
661 3889 985 3943 maledictum
1013 3890 1031 3957 (
1055 3888 1174 3945 Gal.
1201 3893 1256 3946 '5.
1287 3891 1424 3960 15);
1455 3891 1795 3946 maledictum
1836 3895 1887 3948 in
1919 3904 2075 3949 natu-

488 3993 608 4033 ram
636 3980 872 4047 referes,
902 3991 956 4036 et
999 3982 1348 4036 mutationem
1395 3982 1663 4037 maledicti
1701 3983 1806 4039 dici
1844 3985 2072 4054 putabis.

493 4068 560 4126 Ut
587 4085 715 4142 ergo
742 4070 897 4137 illud,
930 4069 1122 4125 Factus
1149 4072 1496 4141 maledictum,
1530 4073 1660 4128 nihil
1691 4075 1832 4129 aliud
1871 4078 2073 4147 signifi-

486 4168 608 4224 cat,
637 4176 795 4230 quam
823 4161 963 4230 quod
1010 4162 1124 4231 ipse
1162 4162 1502 4217 maledictum
1546 4165 1599 4217 in
1640 4179 1698 4219 se
1735 4170 2028 4237 susceperit
2058 4187 2073 4224 :

486 4254 572 4309 sic
598 4252 727 4307 illud
746 4293 761 4316 ,
793 4251 860 4306 Et
900 4251 1118 4307 Verbum
1149 4270 1270 4308 caro
1299 4259 1490 4325 factum
1529 4266 1602 4310 est
1621 4297 1634 4320 ,
1669 4266 1715 4311 et
1755 4258 1991 4313 habitavit
2023 4262 2077 4314 in

487 4345 637 4400 nobis
657 4386 672 4411 ,
703 4344 835 4398 nihil
861 4344 1004 4398 aliud
1037 4343 1301 4414 significat
1320 4387 1333 4407 ,
1363 4361 1520 4415 quam
1549 4347 1728 4402 carnis
1752 4351 2075 4419 assumptio-

488 4449 639 4490 nem.
682 4433 858 4489 Habes
892 4434 1032 4505 apud
1064 4444 1114 4489 te
1142 4435 1426 4505 imaginem
1461 4454 1474 4489 :
1508 4438 1727 4492 verbum
1760 4440 1872 4494 sive
1900 4455 2077 4495 sermo

486 4536 616 4581 tuus
639 4525 778 4580 circa
823 4526 917 4581 Dei
950 4526 1182 4582 Verbum
1227 4538 1277 4581 te
1314 4529 1591 4593 instituet,
1626 4545 1731 4585 non
1770 4533 2076 4590 omnimoda

486 4614 877 4679 similitudine,
915 4617 1009 4671 sed
1053 4618 1196 4688 quod
1240 4619 1520 4688 vestigium
1560 4621 1824 4690 quoddam
1870 4640 1977 4693 pm
2017 4642 2077 4682 se

485 4706 666 4774 ferat,
696 4716 751 4762 et
774 4708 1051 4778 emphasin
1091 4710 1285 4765 divina:
1316 4711 1608 4780 dignitatis.
1647 4714 1742 4768 llic
1780 4730 1907 4770 vero
1947 4718 2075 4772 mihi

484 4800 730 4854 animum
763 4799 962 4855 adhibe
987 4802 1292 4871 diligenter,
1321 4818 1388 4857 ne
1419 4803 1685 4858 incassum
1717 4807 1875 4860 verba
1905 4808 2076 4876 profe-

485 4900 703 4958 rantur,
729 4900 785 4946 et
813 4892 995 4946 divina
1023 4908 1180 4947 sensa
1213 4894 1529 4949 obruantur.
1573 4896 1763 4951 Sermo
1802 4897 2075 4954 hominum

485 4981 742 5053 (obscura
763 4993 939 5038 autem
962 4992 1044 5038 est
1066 4983 1262 5054 imago,
1292 5001 1409 5055 quae
1437 5001 1542 5040 non
1573 4995 1740 5042 totam
1767 4989 2075 5060 dignitatem

484 5073 766 5141 exprimit,
802 5071 897 5128 sed
925 5090 1043 5144 qua:
1069 5090 1137 5130 ex
1169 5076 1366 5130 nostris
1392 5092 1453 5131 ea
1484 5093 1604 5148 qua:
1630 5095 1790 5149 supra
1826 5096 1925 5137 nos
1954 5096 2079 5141 sunt

484 5163 719 5234 edocet)
751 5182 765 5219 :
797 5179 976 5219 sermo
1011 5173 1195 5219 noster
1227 5166 1575 5238 incorporeus
1617 5180 1729 5236 est,
1775 5172 2073 5243 invisibilis,

486 5256 847 5311 intractabilis
869 5297 884 5319 ,
915 5259 1005 5325 qui
1043 5258 1225 5312 auditu
1255 5260 1371 5314 solo
1402 5262 1711 5330 percipitur.
1751 5264 1936 5320 Nullus
1965 5282 2078 5322 ser-

486 5361 707 5401 monem
740 5363 807 5402 ex
838 5348 953 5401 visu
983 5350 1153 5413 novit,
1187 5351 1364 5404 nullus
1393 5367 1552 5407 manu
1584 5359 1951 5425 apprehendit,
1981 5361 2074 5415 sed

485 5446 576 5491 est
615 5436 938 5504 invisibilis,
982 5439 1330 5495 intractabilis
1355 5482 1369 5505 ,
1409 5458 1620 5511 unoque
1661 5448 1874 5503 auditus
1915 5465 2075 5505 sensu

483 5527 721 5596 capitur,
753 5526 915 5597 idque
959 5528 1208 5583 invisibili
1254 5532 1434 5587 modo.
1472 5533 1656 5604 Neque
1685 5539 1827 5590 enim
1865 5540 2077 5596 auditus

485 5627 715 5672 extensa
743 5632 904 5671 manu
931 5621 1073 5687 capit
1106 5620 1282 5689 illum,
1315 5622 1408 5677 sed
1449 5623 1562 5693 ipse
1599 5640 1776 5681 sermo
1805 5628 2078 5699 ingressus

489 5713 727 5762 tenetur.
754 5705 946 5763 Sermo
992 5710 1106 5777 ipse
1146 5712 1382 5780 gignitur
1410 5728 1438 5766 a
1472 5724 1684 5780 mente;
1714 5717 1947 5786 gignitur
1984 5737 2081 5777 an-

490 5810 602 5854 tem
631 5814 734 5854 non
767 5801 1035 5870 passione,
1067 5816 1170 5856 non
1201 5803 1341 5868 visu,
1367 5819 1472 5859 non
1501 5805 1787 5875 divisione;
1820 5824 1924 5866 non
1955 5827 2075 5882 pars

1802 385 1889 441 DE
1927 382 2212 442 SlGlLLlS
2249 385 2497 446 SERMO.

3668 412 3772 470 512

2193 506 2459 564 deciditur
2486 525 2549 565 ex
2581 521 2760 569 mente
2796 519 3136 589 generantis,
3174 537 3282 580 non
3319 539 3635 601 separatur,
3666 548 3773 590 non

2192 597 2472 655 scinditur.
2507 601 2601 657 llic
2623 603 2755 658 mihi
2785 620 2942 662 aures
2972 613 3273 682 commoda,
3304 616 3577 678 hau-etice.
3608 597 3772 680 lntel-

2191 686 2295 758 lige
2327 690 2555 759 primum
2584 702 2668 748 tua
2689 736 2704 762 ,
2732 704 2786 751 et
2812 705 2939 753 tunc
2962 715 3024 756 ea
3055 719 3175 773 qua:
3210 721 3367 776 supra
3398 720 3450 765 te
3478 722 3603 769 sunt
3637 716 3773 771 ima-

2189 781 2375 849 ginare
2408 802 2422 838 :
2450 784 2618 856 gignit
2647 803 2829 855 mens,
2861 794 3036 862 prodit
3066 797 3287 854 verbum
3310 841 3327 867 ,
3368 806 3546 873 prodit
3579 822 3646 864 ex
3674 824 3773 881 ge-

2191 883 2437 942 nerante,
2466 886 2520 931 et
2541 892 2729 935 omnes
2758 883 2844 951 qui
2871 886 3096 942 audiunt
3123 892 3310 960 replet,
3342 911 3441 950 nee
3470 914 3497 951 a
3527 901 3770 969 genitore

2189 966 2392 1020 recedit
2420 985 2434 1021 :
2470 970 2647 1037 prodit
2679 987 2879 1042 sermo,
2909 979 2997 1048 qui
3032 981 3081 1034 in
3115 997 3304 1041 onmes
3329 966 3687 1063 distribuitur,
3719 1007 3772 1052 et

2189 1069 2449 1155 pusquam
2487 1062 2766 1155 scinditur.
2803 1067 3178 1144 Unusquisque
3219 1086 3389 1135 totum
3427 1085 3625 1155 excipit
3651 1103 3773 1143 ver-

2189 1142 2347 1211 bum,
2379 1155 2433 1201 et
2461 1159 2547 1204 est
2584 1151 2636 1205 in
2678 1156 2904 1225 singulis
2925 1200 2941 1224 ,
2969 1172 3023 1214 et
3052 1142 3104 1216 in
3138 1173 3216 1219 tot
3244 1142 3563 1228 distributus
3583 1215 3599 1242 ,
3629 1186 3773 1234 totus

2190 1246 2366 1293 tamen
2409 1242 2721 1341 infunditur.
2765 1247 2962 1307 Noster
2990 1254 3168 1327 itaque
3198 1276 3377 1318 sermo
3412 1277 3643 1324 mentem
3676 1286 3773 1341 ge-

2188 1339 2467 1386 nerantem
2513 1334 2565 1388 in
2608 1350 2666 1391 se
2706 1338 3038 1399 demonstrat
3069 1363 3085 1406 :
3116 1363 3145 1402 a
3170 1351 3337 1405 verbo
3366 1364 3593 1427 namque
3619 1334 3773 1416 mens

2187 1423 2682 1513 comprehenditur.
2731 1431 2862 1488 Illud
2906 1446 3082 1492 autem
3131 1423 3523 1503 animadvertas
3563 1452 3718 1507 velim

2188 1510 2294 1567 hoc
2313 1527 2499 1571 nostro
2522 1533 2771 1578 sermone
2800 1527 2937 1582 Deus
2956 1533 3310 1589 oeconomiam
3340 1538 3430 1593 Dei
3455 1540 3610 1596 Verbi
3639 1510 3771 1614 pne;

2187 1603 2447 1674 gurans,
2477 1611 2765 1703 imaginem
2810 1622 3096 1687 quamdam
3138 1626 3433 1685 mirabilem
3472 1603 3768 1703 prmmittit,

2190 1700 2420 1754 terrenis
2467 1701 2687 1760 oribus
2728 1707 3071 1777 decoratam,
3118 1732 3236 1786 quae
3286 1700 3771 1784 tamensermonis

2187 1792 2380 1887 rationi
2404 1807 2692 1866 competat.
2727 1800 2862 1869 Quid
2902 1805 3094 1875 igitur?
3133 1810 3446 1870 Sermonem
3488 1828 3767 1887 nostrum,

2186 1880 2511 1940 invisibilem
2531 1928 2544 1951 ,
2590 1890 2959 1961 incorporeum
2979 1939 2995 1965 ,
3027 1900 3115 1968 qui
3161 1906 3326 1959 teneri
3368 1921 3597 1977 nequeat
3620 1952 3636 1976 ,
3662 1912 3767 1966 alio

2185 1973 2417 2041 quodam
2463 1980 2688 2047 sapienti
2735 1986 2895 2040 modo
2936 1990 3313 2061 conformatus,
3349 1999 3399 2052 id
3439 1973 3685 2057 eflicit'ut
3710 2015 3764 2060 et

2185 2063 2355 2120 videri
2386 2077 2439 2122 et
2469 2074 2638 2127 teneri
2683 2080 2870 2144 possit.
2913 2080 3048 2148 Quid
3092 2086 3232 2140 enim
3281 2089 3441 2146 facit?
3477 2094 3607 2162 Quia
3651 2099 3765 2153 visu

2185 2169 2301 2258 non
2324 2162 2737 2231 percipiebatur,
2772 2169 2922 2227 illum
2956 2175 3122 2231 literis
3151 2194 3247 2235 ceu
3276 2198 3501 2253 corpore
3530 2191 3763 2258 vestivit,

2184 2253 2239 2299 et
2267 2245 2541 2305 literarum
2573 2257 2807 2323 speciem
2837 2277 2933 2317 ceu
2962 2280 3175 2323 carnem
3207 2271 3304 2341 ipsi
3335 2278 3713 2350 circumposuit

2182 2349 2246 2389 ac
2275 2352 2431 2442 quem
2471 2344 2696 2401 audiens
2739 2365 2845 2405 non
2888 2357 3183 2426 cernebas,
3235 2362 3418 2433 legens
3460 2344 3762 2442 conspicis;

2182 2440 2341 2495 quem
2371 2430 2546 2501 legere
2573 2452 2677 2491 non
2706 2451 2940 2511 poteras,
2971 2446 3023 2500 in
3046 2450 3185 2506 libro
3204 2430 3535 2514 circumfers.
3566 2430 3762 2523 verum

2181 2531 2361 2575 sermo
2392 2538 2487 2591 per
2514 2527 2696 2583 literas
2725 2547 3014 2606 corporeus
3041 2541 3291 2613 eflicitur,
3319 2550 3368 2602 in
3394 2551 3560 2609 literis
3586 2566 3762 2614 tamen

2183 2624 2288 2664 non
2317 2616 2686 2706 concluditur:
2719 2625 2812 2679 sed
2843 2637 2925 2683 est
2952 2642 3002 2684 et
3034 2647 3155 2688 cum
3195 2636 3408 2697 dicente
3441 2655 3495 2698 et
3533 2662 3652 2702 enm
3683 2651 3763 2706 le-

2180 2710 2358 2805 gente.
2472 2708 2612 2805 quis,
2645 2711 2857 2783 fratres,
2890 2719 3078 2775 librum
3105 2725 3395 2798 discerpat,
3424 2750 3619 2805 corpus

2182 2794 2358 2848 monis
2379 2796 2613 2863 discidit,
2642 2819 2745 2858 non
2776 2823 3101 2869 sermonem.
3133 2817 3200 2871 Et
3225 2794 3480 2880 ut-tliseas
3508 2794 3613 2885 non
3638 2794 3765 2888 rou-

2181 2885 2318 2986 sumi
2341 2900 2647 2947 sermonem
2676 2911 2775 2949 una
2803 2913 2922 2953 cum
2948 2903 3135 2972 literis,
3159 2908 3287 2965 dicit
3312 2913 3458 2971 Deus
3477 2918 3762 2986 Jeremite:

2182 2973 2375 3029 Sedens
2401 2981 2561 3034 scribe
2587 2986 2636 3036 in
2659 2986 2786 3041 libro
2806 3006 2977 3047 omnes
3000 3012 3271 3066 sermones,
3300 3014 3345 3057 et
3366 3009 3508 3062 trade
3526 2973 3765 3070 Joacltin;

2180 3067 2289 3169 regi
2319 3067 2453 3169 (Jer:
2486 3073 2574 3128 56.
2607 3076 2722 3147 26).
2755 3081 2883 3136 Erat
2923 3097 3100 3141 autem
3142 3106 3320 3149 sermo
3348 3067 3766 3169 reprehensione

2182 3160 2390 3258 plenus.
2415 3165 2677 3234 Quoniam
2702 3172 2860 3242 igitur
2881 3180 3164 3247 optimates
3189 3160 3637 3258 reprehensiones
3657 3160 3761 3254 non

2180 3249 2391 3358 ferpnt;
2421 3274 2592 3357 neque
2614 3264 2754 3317 enim
2783 3268 3014 3337 dignitas
3039 3273 3196 3332 facile
3216 3249 3437 3347 justiti-ae

2181 3342 2275 3438 se_d
2320 3347 2601 3403 veritatem
2647 3353 2937 3424 obscurat;
2982 3378 3073 3418 rex
3114 3342 3621 3436 reprehensionibus
3661 3342 3764 3438 illis

2181 3433 2418 3491 offensus
2443 3480 2457 3504 ,
2493 3441 2640 3496 illum
2672 3447 2926 3516 sc:tlpello
2967 3457 3158 3511 scriba:
3196 3460 3475 3519 discissum
3509 3469 3558 3521 in
3591 3471 3763 3526 focum

2181 3526 2318 3597 ignis
2348 3533 2597 3602 conjecit.
2626 3536 2761 3604 Quid
2793 3558 2918 3610 ergo
2951 3545 3093 3601 Deus
3129 3551 3194 3602 ad
3224 3552 3543 3612 Jcrentiam?
3569 3561 3764 3618 Sedens

2181 3620 2378 3720 eosdem
2404 3639 2657 3681 sermones
2692 3632 2885 3699 scribe,
2926 3645 2973 3688 et
3001 3640 3067 3689 da
3096 3642 3203 3711 regi
3232 3643 3385 3713 (Jer.
3417 3648 3506 3703 '56.
3534 3650 3604 3706 28
3628 3654 3676 3720 ),
3708 3669 3766 3709 ttt

2180 3711 2353 3767 discat
2378 3729 2437 3769 se
2464 3716 2646 3773 literas
2670 3721 2991 3781 dissecuisse
3010 3769 3027 3793 ,
3055 3747 3153 3785 nec
3182 3711 3485 3794 sermonem
3518 3711 3759 3802 scidisse.

2185 3805 2372 3906 Xidisli
2414 3811 2742 3906 imaginem?
2781 3817 2890 3886 jam
2923 3834 3153 3878 mentem
3184 3827 3235 3881 in
3265 3829 3492 3888 sublime
3518 3851 3633 3906 age.
3668 3839 3762 3895 Dei

2184 3896 2442 3995 Verbum,
2469 3903 2583 3958 sive
2610 3904 2803 3962 Sermo
2828 3910 2970 3965 Deus
2998 3915 3320 3985 unigenitus,
3348 3896 3760 3995 corpusvinduit,

2183 3991 2354 4059 utqui
2390 4007 2497 4046 non
2527 3997 2816 4064 apparebat
2858 4016 3178 4073 appareret;
3207 4024 3422 4067 carnem
3447 3991 3677 4088 induit,
3707 3991 3764 4078 ut

2180 4085 2503 4138 contreetari
2538 4098 2720 4154 posset
2747 4091 2838 4160 qui
2866 4102 2990 4149 ante
3016 4112 3122 4153 non
3151 4106 3603 4164 contreetabatur.
3639 4085 3763 4171 ideo

2179 4172 2412 4272 Joannes
2441 4192 2562 4232 eum
2593 4179 2884 4240 invenisset
2913 4187 3044 4243 illud
3074 4189 3429 4254 desiderabile
3448 4242 3463 4267 ,
3491 4205 3631 4272 quod
3660 4207 3761 4262 ali-

2179 4268 2393 4370 quando
2420 4272 2602 4370 auditu
2620 4275 2949 4370 tenebatur,
2978 4281 3302 4356 demumque
3342 4292 3456 4347 visu
3499 4268 3761 4370 percipie-

2181 4357 2337 4412 batur
2357 4401 2372 4425 ,
2401 4360 2528 4415 dicit
2561 4380 2575 4417 :
2607 4364 2758 4432 Quod
2784 4380 2891 4422 erat
2920 4387 2953 4423 a
2980 4374 3230 4445 principio
3254 4420 3270 4445 ,
3301 4387 3437 4450 quod
3473 4357 3689 4445 vidinnis
3718 4405 3763 4447 et

2179 4450 2497 4518 audivimus,
2529 4465 2578 4509 et
2611 4474 2791 4513 manus
2820 4473 3005 4519 nostra:
3040 4479 3472 4532 contrectaverunt
3497 4482 3569 4550 (1.
3601 4484 3759 4541 Joan.

2184 4543 2236 4595 1.
2265 4540 2343 4615 1).
2629 4550 2807 4620 itaque
2844 4559 3088 4625 gestavit,
3121 4575 3320 4618 vestem
3348 4540 3636 4639 dignitatis,
3667 4540 3759 4631 ve;

2181 4645 2315 4689 stem
2346 4637 2625 4694 decentem
2656 4660 2671 4695 :
2704 4659 2825 4699 nam
2867 4647 3114 4707 Dominus
3142 4660 3366 4727 regnavit
3385 4637 3656 4725 {decorem
3684 4669 3762 4722 in-

2180 4729 2333 4828 dutus
2358 4741 2429 4786 est
2457 4731 2628 4828 (Psal.
2654 4735 2743 4791 92.
2774 4740 2847 4810 1).
2872 4740 3043 4797 Judaei
3069 4745 3377 4817 impugnant
3403 4768 3523 4808 eum
3551 4756 3641 4826 qui
3667 4775 3759 4828 ap-

2183 4822 2387 4888 paruit,
2416 4824 2505 4893 qui
2545 4840 2651 4880 nou
2697 4836 3040 4899 apparentem
3082 4837 3429 4908 ignorabant;
3460 4854 3513 4898 et
3541 4822 3757 4905 carnem

2181 4911 2396 4978 quidem
2442 4917 2793 4988 crucifigunt,
2836 4922 2932 4977 sed
2969 4924 3302 4984 divinitatem
3342 4948 3447 4988 non
3486 4940 3757 4997 occidunt.

2182 4999 2313 5056 Nam
2345 5004 2389 5057 si
2430 5020 2610 5062 sermo
2640 5025 2790 5065 meus
2815 5028 2925 5067 non
2960 5017 3094 5084 perit
3123 5034 3241 5073 cum
3275 5023 3459 5090 literis,
3489 5045 3606 5098 quae
3636 5045 3760 5090 sunt

2182 5093 2553 5152 indumentum
2581 5100 2728 5169 ejus,
2759 5119 2824 5156 an
2857 5105 2999 5160 Deus
3031 5111 3245 5166 verbum
3268 5154 3283 5179 ,
3312 5114 3430 5171 fons
3454 5093 3574 5176 vita:
3597 5164 3611 5188 ,
3638 5140 3760 5182 cum

2181 5201 2342 5286 carne
2369 5191 2623 5286 perierit?
2652 5193 2835 5249 Passio
2862 5200 3127 5267 corporis,
3155 5203 3551 5273 impassibilitas
3580 5215 3755 5286 digni-

2184 5280 2308 5334 tatis
2331 5290 2415 5334 est
2444 5280 2539 5352 (a).
2571 5281 2679 5337 Cur
2707 5300 2806 5354 ego
2833 5286 2962 5342 dicit
2989 5290 3183 5346 Paulus
3207 5310 3221 5349 :
3254 5295 3392 5351 Nam
3425 5302 3472 5355 si
3495 5280 3761 5376 cognovis-

2180 5387 2308 5438 sent,
2337 5390 2609 5444 numquam
2633 5375 2912 5434 Dominum
2938 5384 3115 5451 gloria:
3139 5389 3504 5458 crucixissent
3534 5375 3609 5468 (1.
3641 5399 3752 5457 Cor.

2179 5465 2234 5517 2.
2259 5466 2353 5533 8)?
2380 5465 2512 5530 Quia
2540 5467 2584 5521 is
2603 5507 2617 5532 ,
2652 5470 2740 5538 qui
2770 5485 2984 5526 carnem
3023 5475 3226 5543 induit,
3259 5465 3559 5551 passionem
3586 5491 3765 5548 carnis

2182 5556 2283 5610 sibi
2321 5558 2587 5626 propriam
2628 5561 2826 5617 reddit.
2866 5564 3077 5622 Vestem
3116 5573 3314 5644 regiam
3355 5576 3398 5630 si
3443 5586 3764 5641 contumelia

2182 5647 2455 5716 alfeceris,
2486 5666 2662 5706 annon
2702 5654 2791 5710 illa
2833 5657 3073 5715 indutum
3104 5669 3427 5726 contumelia
3457 5673 3670 5731 aflicis?
3696 5695 3764 5735 an

2183 5759 2316 5874 TIS)
2339 5760 2481 5813 nunc
2509 5763 2718 5848 locum}
2738 5770 2907 5831 Verbo,
2931 5770 3109 5847 ,
3130 5775 3451 5850 incipientem
3468 5784 3620 5835 habes
3640 5801 3767 5857 apuq

2264 5825 2545 5874 eodoretum
2573 5827 2702 5874 Dm.
2727 5832 2777 5874 5.
2800 5833 2866 5874 dp.
2890 5833 3157 5874 lmmnhtt._
3186 5840 3306 5874 'rnm
3428 5860 3519 5874 ...
3565 5850 3652 5874 tu

2264 5825 2545 5878 eodoretum
2573 5827 2702 5879 Diei.
2727 5832 2777 5894 3,
2800 5833 2866 5884 de
2890 5825 3669 5911 lmpatibilifllbni.
