3966 6160
375 317 478 372 5ἱὸ

379 428 556 484 nescis
581 442 702 480 eum
734 428 821 495 qui
853 424 1011 493 regite
1039 423 1253 494 imagini
1281 422 1661 479 contumeliam
1691 419 1871 484 infert,
1902 420 1957 475 in

379 524 685 593 dignitatem
731 518 997 590 prototypi
1028 516 1407 572 contumeliam
1439 514 1683 570 vertere?
1708 529 1776 567 an
1804 513 1956 583 igneo

379 630 464 668 ras
486 629 608 669 eum
634 613 723 682 qui
751 610 832 665 vel
862 611 1087 680 ligneam
1115 608 1198 662 vel
1225 622 1428 662 teneam
1472 616 1703 661 statuam
1742 604 1955 672 dejicit,

378 722 481 761 non
514 707 661 774 quasi
694 705 920 773 ligneam
949 703 1225 757 materiam
1255 702 1450 755 lzeserit
1477 700 1659 769 plecti,
1686 699 1779 755 sed
1806 698 1957 769 quasi

376 798 426 848 in
461 810 633 864 ipsum
678 809 857 864 regem
899 809 1091 848 manus
1130 792 1430 847 extendet-it
1467 791 1537 847 de
1582 791 1761 846 medio
1798 790 1960 845 tolli?

379 886 592 940 Materia
624 885 911 938 inanimata
940 900 1057 953 qua:
1088 884 1229 953 regis
1258 882 1541 951 imaginem
1570 882 1802 950 pra-fert,
1831 896 1960 935 con-

376 975 649 1031 tumeliam
683 976 734 1028 in
777 990 957 1043 regem
1003 972 1295 1027 transfert:
1330 973 1496 1026 forma
1527 979 1705 1026 autem
1736 972 1956 1036 vivens,

375 1080 532 1135 quam
565 1064 739 1120 induit
770 1065 911 1119 Deus
945 1063 1174 1117 Verbum
1195 1103 1209 1123 ,
1239 1063 1286 1116 si
1315 1061 1640 1116 contumelia
1668 1060 1955 1124 afﬁciatur,

1896 306 2122 362 DUBIA.

3565 305 3672 359 5M

2064 434 2244 476 annon
2267 423 2646 479 contumeliam
2675 421 2727 478 ln
2768 422 2939 490 illum,
2968 424 3057 495 qul
3086 439 3150 481 ea
3180 423 3441 493 indultur,
3476 431 3673 480 trans-

2065 511 2241 569 feret?
2272 514 2592 584 Dignitatem
2635 517 2874 588 intellige
2896 560 2912 585 ,
2943 529 3000 574 et
3026 520 3384 575 teconomiam
3422 535 3501 577 ne
3530 537 3663 577 con-

2064 606 2281 660 tumelia
2318 606 2540 662 afﬁcias.
2576 608 2772 663 Verum
2816 609 2930 665 htec
2967 609 3079 682 jam
3126 611 3258 666 satis
3296 621 3457 667 sunto
3493 630 3507 666 :
3539 630 3664 683 qua:

2065 714 2192 752 vero
2220 709 2421 753 restant
2450 700 2518 754 de
2549 700 2658 755 Deo
2688 702 2862 756 Verbo
2888 703 3163 758 tractanda
3187 744 3202 771 ,
3231 704 3384 759 alteri
3418 706 3661 759 orationi

2062 802 2424 857 reservantes,
2458 795 2645 849 ordine
2673 794 2903 865 quodam
2937 797 3360 852 moderationem
3395 798 3521 868 ejus
3563 796 3661 850 ho-

2062 898 2196 938 nore
2223 884 2518 939 afficiamus
2537 926 2554 952 ,
2583 896 2632 940 et
2664 887 2772 941 Deo
2795 886 3023 956 gloriam
3065 888 3361 945 referamus
3381 932 3395 954 ,
3428 890 3581 944 Patri
3608 902 3660 944 et

2065 976 2199 1031 Filio
2223 989 2277 1030 et
2301 976 2520 1046 Spiritui
2550 989 2757 1044 sancto,
2785 996 2927 1035 nunc
2951 989 3006 1036 et
3025 995 3260 1051 semper,
3286 991 3341 1037 et
3370 984 3421 1036 in
3451 982 3661 1038 saecula

2063 1069 2403 1124 Sit-culorum.
2432 1072 2622 1127 Amen.

744 1205 945 1215 τερ-’.-
970 1203 1309 1211 '——-—_——
1394 1201 1445 1209 -’⁴⁶
1534 1204 1541 1205 ί
1588 1200 1877 1209 *ἡκ-³⁸⁵·
1954 1202 2367 1214 ἀψ·”-“-“-
2748 1210 3327 1224 -~—————~‘_____-.—__
3347 1216 3428 1225 -.-

1530 1462 1614 1525 IN
1657 1463 2069 1527 HOMILIAM
2110 1466 2193 1527 IN
2235 1468 2496 1541 ILLUD,

1436 1580 1524 1637 IN
1566 1582 1969 1640 PRINCIPIO
2006 1586 2198 1642 ERAT
2244 1586 2566 1649 VERBUM.

443 1683 611 1751 Quem
635 1680 829 1735 habeat
849 1687 1121 1734 auctorem
1149 1677 1265 1733 haec
1293 1678 1483 1733 concio
1507 1694 1612 1733 non
1640 1679 1795 1735 facile
1826 1696 1947 1749 per-

372 1773 586 1846 cipitur,
619 1788 826 1828 necnon
854 1787 960 1842 quo
992 1782 1253 1840 tempore,
1286 1785 1389 1841 qua
1433 1771 1486 1825 in
1515 1772 1730 1827 civitate
1772 1773 1951 1828 habita

372 1867 551 1922 fuerit.
579 1866 781 1920 Dictam
807 1863 971 1919 fuisse
995 1864 1208 1933 planum
1234 1872 1316 1919 est
1336 1871 1520 1918 contra
1542 1864 1953 1920 Pneumatoma—

369 1959 501 2014 chos
539 1968 590 2013 et
635 1959 926 2013 Anommos
966 1957 1315 2027 Eunomiique
1347 1964 1662 2026 sectatores,
1705 1959 1793 2029 qui
1843 1974 1947 2014 non

371 2056 439 2108 ita
477 2053 682 2123 pridem
718 2053 772 2106 in
799 2052 1016 2107 civitate
1047 2051 1144 2105 ista
1174 2051 1372 2120 primas
1400 2050 1743 2106 obtinuerant
1767 2060 1822 2105 et
1849 2051 1952 2106 Ca-

370 2148 596 2202 tholicos
620 2154 1017 2216 oppresserant.
1048 2146 1217 2209 Quam
1246 2158 1359 2198 rem
1392 2143 1462 2196 ita
1492 2141 1747 2197 describit
1771 2152 1951 2197 orator

370 2238 455 2293 hic
475 2239 615 2292 circa
648 2237 878 2290 medium
901 2234 1177 2289 concionis
1203 2252 1217 2289 :
1241 2231 1369 2288 Cum
1390 2234 1522 2286 enim
1543 2234 1742 2303 ﬂoreret
1772 2233 1953 2301 impie-

368 2342 465 2395 tas,
495 2347 608 2383 cum
630 2330 759 2382 hanc
780 2327 949 2382 urbem
971 2328 1249 2382 devastaret
1273 2326 1499 2387 Iusresis,
1530 2326 1785 2393 absmupti
1805 2336 1950 2379 erant

374 2421 613 2475 Ecclesiae
639 2420 894 2488 ﬁlii.......
930 2418 1115 2473 Verum
1144 2419 1312 2481 hodie,
1358 2417 1545 2477 dilecti,
1577 2417 1732 2484 ejecta
1772 2426 1841 2469 est
1864 2432 1952 2485 pe-

368 2514 545 2582 stifera
569 2512 659 2565 illa
687 2510 937 2575 doctrina,
966 2520 1013 2563 et
1039 2510 1263 2579 ingressa
1282 2517 1353 2560 est
1380 2507 1619 2560 salutaris
1647 2505 1833 2576 gratia.
1854 2505 1950 2561 llic

367 2602 584 2655 omnino
635 2600 846 2654 videtur
882 2599 966 2668 agi
1007 2599 1074 2653 de
1120 2598 1286 2668 pulsis
1336 2613 1364 2650 a
1417 2596 1718 2650 Theodosio
1762 2596 1949 2665 Magno

370 2693 644 2747 Anomueis
668 2704 722 2745 et
749 2691 980 2752 Arianis.
1009 2691 1097 2760 qui
1137 2689 1391 2744 ecclesias
1419 2689 1613 2742 multas
1645 2687 1950 2741 Constanti-

368 2784 545 2852 nopoli
588 2783 939 2854 occupabant.
984 2781 1115 2836 Illud
1146 2780 1337 2834 accidit
1374 2795 1516 2833 anno
1559 2778 1758 2833 Christi
1798 2778 1944 2833 580:

365 2885 525 2944 atque
546 2875 679 2928 adeo
704 2876 842 2928 dicta
863 2874 1020 2930 fuerit
1039 2876 1154 2928 hate
1174 2873 1388 2927 homilia
1415 2887 1558 2927 anno
1578 2873 1789 2926 circiter
1804 2871 1902 2925 581
1930 2889 1944 2925 :

369 2983 488 3035 qine
530 2966 655 3020 item
685 2966 780 3020 fuit
807 2966 1133 3020 Tillemontii
1179 2963 1441 3020 sententia
1475 2963 1525 3015 in
1558 2961 1674 3015 Vita
1713 2960 1949 3033 Chryso-

364 3057 547 3125 slnmi,
584 3072 701 3131 pag.
746 3056 852 3112 592
892 3065 946 3110 et
986 3056 1108 3111 587.
1155 3054 1237 3109 Ad
1293 3053 1431 3109 hanc
1469 3067 1597 3107 vero
1643 3051 1949 3119 opinionem

365 3157 541 3209 omnia
582 3156 868 3225 quadram.
912 3151 1042 3209 Nam
1089 3147 1574 3216 Constantinopoli,
1625 3144 1714 3199 ubi
1766 3143 1948 3198 habita

368 3248 536 3304 fuisse
562 3258 775 3317 putatur
820 3246 1058 3312 homilia,
1091 3242 1305 3314 plurimi
1347 3251 1499 3295 erant
1538 3239 1949 3293 Pneumatoma-

2063 1684 2149 1737 chi
2192 1695 2247 1739 et
2273 1688 2517 1742 Anomoei
2560 1689 2735 1752 multi.
2767 1706 2901 1761 quos
2918 1693 3259 1764 exagitathic
3285 1696 3537 1765 quisquis
3582 1700 3657 1754 sit

2060 1776 2290 1845 scriptor
2320 1793 2334 1830 :
2366 1776 2419 1830 hi
2446 1778 2513 1831 ab
2543 1778 2797 1835 Ecclesiis
2821 1782 2976 1851 ejecti
3002 1792 3161 1847 sunt;
3190 1795 3375 1840 contra
3401 1787 3656 1843 Catholi-

2058 1879 2151 1918 cos
2173 1875 2346 1919 tamen
2369 1866 2815 1937 digladiabantur,
2839 1870 2981 1940 quod
3003 1873 3162 1927 etiam
3186 1875 3251 1927 ad
3279 1890 3447 1947 usque
3464 1876 3652 1950 Chry-

2059 1958 2281 2009 sostomi
2311 1964 2550 2024 tempora
2592 1962 2972 2028 perseveravit,
3006 1972 3064 2017 ut
3089 1963 3273 2019 videre
3308 1976 3392 2021 est
3422 1969 3473 2022 in
3517 1969 3644 2039 ejus

2058 2055 2243 2099 contra
2298 2047 2591 2104 Anomoeos
2637 2051 2855 2105 homilia
2903 2051 3368 2127 Constantinopoli
3420 2059 3647 2125 habita,

2058 2134 2121 2191 T.
2148 2137 2198 2201 1,
2222 2138 2327 2192 col.
2351 2138 2446 2193 70l
2474 2148 2658 2211 etsqq.
2683 2141 2739 2195 ln
2766 2142 2868 2197 fine
2896 2155 3073 2199 autem
3100 2145 3328 2203 homilia:
3354 2151 3649 2206 conciona-

2057 2232 2142 2281 tor
2171 2235 2337 2281 totum
2382 2238 2580 2284 coetum
2624 2235 2923 2288 communis
2973 2238 3139 2305 patris
3168 2247 3223 2293 ct
3254 2238 3491 2295 doctoris
3516 2257 3649 2312 pre-

2054 2318 2206 2373 cibus
2251 2321 2609 2376 commendat.
2671 2323 2765 2379 Ille
2815 2342 2941 2381 vero
2994 2327 3168 2384 adhuc
3222 2329 3470 2387 fortassis
3521 2343 3647 2389 erat

2056 2407 2117 2464 S.
2150 2409 2441 2480 Gregorius
2468 2412 2855 2482 Nazianzenus,
2897 2419 2988 2487 qui
3026 2419 3218 2475 eodem
3250 2436 3395 2477 anno
3422 2425 3643 2494 episco-

2056 2509 2234 2568 patum
2265 2502 2324 2555 C.
2358 2502 2419 2556 Ρ.
2451 2504 2598 2572 pacis
2620 2507 2898 2561 servanda:
2920 2523 3078 2563 causa
3107 2511 3397 2569 abdicavit.
3506 2514 3507 2517 “

2125 2589 2288 2647 Stilus
2317 2595 2536 2647 omnino
2567 2597 2854 2665 perplexus
2892 2608 2945 2654 et
2985 2599 3212 2666 ferreus,
3252 2604 3394 2660 unde
3415 2606 3641 2676 quidam

2055 2680 2196 2735 illam
2228 2681 2519 2739 Severiano
2547 2685 2869 2743 Gabalorum
2900 2692 3155 2762 episcopo
3182 2695 3251 2749 ob
3271 2695 3483 2753 dicendi
3512 2699 3636 2753 alli-

2054 2777 2273 2830 nitatem
2300 2777 2720 2849 adscripserunt.
2747 2782 2941 2838 Verum
2972 2784 3086 2840 haec
3114 2788 3389 2843 Severiani
3415 2792 3636 2844 concio-

2055 2869 2229 2922 nantis
2258 2879 2469 2923 a-tatem
2496 2873 2804 2940 prtecedunt
2832 2891 2846 2932 :
2879 2891 3051 2946 neque
3079 2879 3193 2947 ipse
3222 2881 3368 2934 solus
3394 2881 3494 2936 hoc
3520 2883 3632 2938 stili

2053 2959 2181 3010 vitio
2224 2959 2522 3024 laborabat,
2558 2970 2612 3015 ut
2664 2978 2807 3032 saepe
2847 2965 3098 3023 vidimus.
3132 2967 3634 3039 lnterpretatiouem

2053 3049 2293 3104 Latinam
2319 3051 2543 3106 Joannis
2569 3051 2755 3109 Jacobi
2788 3055 3030 3121 Benreri,
3074 3060 3215 3129 quod
3257 3076 3318 3116 ea
3350 3064 3637 3134 paraphra-

2053 3141 2174 3194 stice
2214 3151 2356 3195 esset
2401 3142 2740 3212 concinnata,
2782 3147 3089 3216 rejecimus,
3140 3165 3441 3223 novamque
3483 3170 3640 3224 para-

2055 3248 2251 3287 VIIIIUS.

370 3336 3636 3380 κρῆ-Ἢ

370 3464 433 3508 ιη
478 3463 689 3518 ILLUD,
735 3460 799 3504 IN
834 3456 1152 3503 PRINCIPIO
1195 3450 1363 3497 ERAT
1409 3447 1696 3500 VERBUM,
1756 3443 1897 3486 ETC.

449 3563 786 3609 enervam
827 3561 934 3604 om
982 3541 1067 3622 (1.
1114 3539 1257 3602 Cor.
1302 3538 1363 3597 2.
1411 3529 1512 3616 10)
1548 3551 1562 3590 :

1668 3671 1922 3686 Μ

439 3768 493 3821 1.
550 3765 808 3820 ilesterna
853 3760 942 3816 die
987 3758 1140 3813 nobis
1179 3770 1359 3811 sermo
1404 3755 1455 3808 in
1504 3768 1709 3822 magnae
1755 3752 1947 3821 aquilae

371 3857 796 3928 speculationem
825 3853 1005 3917 desiit,
1034 3850 1245 3918 aquilae,
1275 3847 1513 3917 inquam,
1545 3845 1687 3899 illius
1717 3858 1942 3914 magum,

368 3967 489 4022 quae
516 3949 708 4019 spiritu
749 3944 938 4002 ctelum
966 3950 1022 3997 et
1058 3941 1304 3996 etclestes
1336 3944 1628 4007 potestates
1670 3945 1947 3989 transcen-

369 4044 467 4107 dit,
497 4051 553 4097 et
578 4056 606 4093 a
635 4052 814 4094 rerum
842 4033 1079 4088 omnium
1103 4031 1255 4100 apice
1284 4027 1512 4083 orditur.
1542 4025 1777 4082 Joannes
1802 4025 1945 4079 enim

371 4136 523 4192 nobis
552 4133 726 4203 primo
753 4126 1064 4199 prtedicavit
1093 4123 1245 4188 illud,
1278 4121 1343 4175 In
1385 4120 1634 4218 principio
1671 4125 1780 4172 erat
1822 4115 1946 4218 Ver:

372 4229 509 4290 bum,
554 4233 607 4276 et
645 4221 714 4276 de
757 4220 990 4272 increata
1037 4223 1224 4268 natura
1266 4211 1669 4280 philosOphatus
1710 4217 1826 4271 est;
1855 4211 1944 4277 qui

372 4332 485 4372 rem
503 4322 736 4369 creatam
759 4323 974 4364 omnem
1000 4307 1120 4377 plus
1139 4320 1299 4376 quam
1329 4303 1503 4372 aquila
1534 4308 1947 4371 pnetergressus

369 4416 470 4466 est.
489 4405 790 4467 tonitruque
809 4413 997 4453 sonum
1021 4396 1311 4465 superavit,
1332 4405 1390 4447 ut
1413 4394 1502 4462 qui
1525 4393 1671 4447 solus
1689 4402 1945 4445 aeternam

369 4506 426 4554 et
440 4496 706 4552 ca-lestem
726 4487 1116 4561 philosophiam
1132 4484 1494 4554 praedicaverit
1506 4524 1521 4539 .
1539 4482 1762 4536 Tonitru
1791 4497 1944 4535 nam-

368 4605 494 4662 que,
514 4587 724 4649 fratres,
741 4593 796 4639 et
813 4589 977 4638 terret
993 4588 1049 4635 et
1061 4578 1243 4648 irrigat
1263 4595 1277 4631 :
1300 4576 1484 4646 irrigat
1499 4572 1717 4629 nubium
1750 4572 1943 4639 imbre,

371 4688 536 4738 terret
563 4687 618 4735 et
642 4673 885 4747 percellit
927 4686 1083 4727 sono.
1117 4669 1372 4724 Diversas
1411 4680 1540 4736 ergo
1570 4675 1746 4733 partes
1788 4677 1944 4718 assu-

371 4773 468 4828 mit
495 4784 598 4825 vox
628 4765 851 4823 Joannis
877 4781 892 4819 :
925 4762 1109 4832 irrigat
1136 4757 1456 4819 Ecclesium,
1487 4763 1543 4809 et
1573 4753 1945 4808 haereticorum

370 4880 558 4938 agmen
587 4855 972 4932 perterrefacit.
998 4854 1130 4909 Cum
1159 4851 1300 4906 cnim
1332 4863 1465 4902 vana
1492 4847 1796 4917 loquuntur,
1823 4860 1946 4899 cum

370 4967 556 5014 contra
586 4968 744 5024 quam
772 4951 873 5020 ipsi
913 4948 1091 5003 sciunt
1116 4944 1362 5015 qttzcdatn
1397 4955 1519 4997 esse
1567 4950 1780 5010 negant,
1822 4953 1943 4993 cum

369 5053 599 5107 humana
642 5046 821 5115 lingua
863 5051 1047 5097 contra
1091 5039 1327 5093 divinam
1380 5034 1709 5103 Scripturam
1757 5031 1947 5086 decer-

368 5153 529 5200 tant:
561 5151 689 5195 tunc
730 5138 926 5192 clamat
953 5133 1211 5195 Joannes,
1262 5129 1408 5189 Erat.
1453 5136 1579 5182 ante
1622 5125 1774 5187 illud.
1823 5124 1946 5178 Non

375 5245 478 5290 erat
503 5231 598 5307 (b).
644 5228 713 5285 In
752 5224 1004 5299 principio
1049 5233 1156 5278 erat
1205 5219 1438 5285 Verbum,
1486 5229 1534 5276 et
1586 5217 1804 5272 Verbum
1838 5226 1945 5271 erat

429 5370 505 5431 (π)
526 5365 709 5431 Collata
739 5377 848 5414 cum
873 5356 1252 5431 _CodicegRegio
1288 5356 1423 5415 1958,
1448 5355 1529 5418 qui
1552 5352 1743 5403 mendis
1766 5356 1945 5413 scatet,

362 5429 1354 5555 “ibisalgcmgewiicigiigr??g
1374 5481 1438 5555 de
1459 5482 1629 5555 verbo,
1671 5487 1781 5555 erat
1822 5489 1938 5555 rfer-

364 5539 495 5625 ρεάιῖἔ
516 5539 662 5625 «iqu
692 5539 983 5625 mersae
991 5544 1569 5625 3.932933389352193"
1591 5552 1695 5625 5:93
1713 5539 1939 5625 213.3%;

365 5604 510 5722 Heg;
505 5604 650 5662 video
679 5611 797 5673 quid
830 5607 960 5658 aliud
991 5607 1071 5657 hic
1103 5607 1254 5669 possit
1284 5604 1557 5669 signiﬁcari,
1590 5606 1685 5656 nisi
1713 5606 1842 5658 forte
1877 5611 1943 5660 sit

367 5687 444 5725 me
509 5687 608 5722 um.

2007 3423 2223 3503 (Joan.
2288 3424 2346 3483 1.
2394 3423 2454 3503 1)

1610 3549 1690 3590 ET
1733 3546 1799 3589 ιη
1844 3544 2081 3586 ιιεοΕΝε
2126 3542 2570 3601 ILLUMINATOS,
2616 3547 2697 3590 ET
2739 3549 2986 3595 comma
3029 3553 3397 3600 BERETICOS
3445 3539 3563 3624 (α).

1922 3648 2313 3704 statas-—

2505 3445 2520 3485 2
2567 3445 2648 3486 ET
2703 3445 2873 3499 QUOD
2925 3449 3206 3496 SPIRITUS
3266 3453 3643 3500 εσιιυτετυιι

2059 3745 2200 3817 apud
2227 3743 2409 3813 Deum,
2441 3757 2489 3803 et
2530 3751 2664 3805 Deus
2708 3762 2817 3808 erat
2854 3753 3089 3824 Verbum,
3118 3774 3249 3813 voce
3294 3776 3388 3815 sua
3428 3772 3639 3819 terrens

2052 3838 2433 3895 adversarios:
2470 3842 2668 3897 Davide
2713 3844 3033 3901 testificante
3076 3863 3140 3905 ac
3168 3850 3403 3915 dicente,
3448 3854 3524 3907 Ab
3550 3860 3635 3909 in-

2052 3930 2341 3999 crepatione
2364 3940 2452 3985 tua
2479 3934 2694 4002 fugient,
2736 3951 2769 3987 a
2805 3952 2923 3990 voce
2948 3939 3159 3991 tonitrm'
3184 3942 3256 3993 tui
3282 3941 3633 4005 formidabant

2054 4019 2225 4088 (Psal.
2257 4021 2381 4077 105.
2416 4024 2492 4089 7).
2524 4022 2591 4077 In
2618 4025 2868 4095 principio
2906 4038 3012 4081 erat
3051 4027 3287 4095 Verbum,
3333 4043 3381 4087 et
3416 4032 3635 4090 Verbum

2051 4122 2159 4163 erat
2207 4113 2348 4180 apud
2390 4112 2574 4178 Deum,
2620 4123 2666 4167 et
2711 4114 2853 4169 Deus
2893 4129 3001 4172 erat
3042 4118 3275 4174 Verbum.
3308 4123 3444 4189 Quia
3489 4127 3636 4182 enim

2055 4203 2320 4270 passionis
2349 4219 2545 4272 expers
2570 4216 2653 4260 est
2680 4207 2826 4261 verbi
2851 4211 3148 4277 generatio,
3183 4211 3412 4268 Verbum
3445 4217 3633 4285 appel-

2055 4291 2148 4359 lat,
2177 4302 2236 4347 ιιι
2261 4309 2358 4364 per
2381 4310 2445 4349 ea
2470 4311 2592 4366 qua:
2633 4300 2684 4351 in
2712 4306 2769 4353 te
2797 4308 2944 4363 sunt,
2984 4316 3044 4355 ea
3074 4317 3195 4371 qum
3234 4318 3392 4372 supra
3426 4315 3480 4361 te
3508 4316 3639 4363 sunt

2054 4395 2107 4440 te
2146 4385 2360 4442 doceat.
2393 4388 2524 4443 Nam
2576 4390 2715 4446 sicut
2761 4407 2914 4447 mens
2954 4394 3174 4449 verbum
3223 4396 3469 4467 gignens,
3519 4401 3638 4455 sine

2054 4477 2301 4546 passione
2330 4480 2518 4549 gignit,
2550 4497 2654 4535 non
2685 4494 2919 4549 secatur,
2951 4501 3055 4539 non
3082 4485 3269 4553 efﬂuit,
3301 4504 3405 4543 non
3435 4505 3635 4562 corpo-

2054 4583 2204 4623 reum
2232 4571 2503 4640 quidpiam
2536 4574 2735 4641 patitur
2766 4592 2780 4627 :
2809 4575 2889 4630 sic
2916 4576 3095 4633 divina
3146 4587 3202 4633 et
3231 4582 3496 4649 passionis
3535 4598 3634 4639 ex-

2051 4673 2177 4722 pers
2202 4662 2481 4729 generatio
2513 4662 2797 4719 ineffabilis
2825 4674 2879 4720 et
2928 4666 3487 4736 incomprehensibilis
3528 4682 3629 4738 est,

2055 4763 2160 4803 non
2210 4760 2443 4815 secatur,
2478 4768 2584 4805 non
2630 4753 2923 4821 dividitur;
2973 4759 3066 4812 sed
3091 4758 3218 4814 dum
3249 4760 3319 4815 ab
3356 4763 3537 4832 impiis
3579 4772 3633 4817 et

2055 4842 2341 4897 incredulis
2376 4845 2644 4900 haereticis
2690 4848 2828 4901 male
2871 4859 3101 4915 secatur,
3130 4866 3158 4904 a
3190 4853 3293 4921 piis
3340 4854 3459 4909 sine
3498 4854 3629 4909 divi-

2052 4932 2205 4987 sione
2235 4944 2379 4990 recte
2407 4948 2672 4989 servatur.
2720 4937 2828 4992 Cur
2858 4941 3029 4994 noluit
3055 4944 3380 5012 evangelista
3425 4944 3626 5010 dicere,

2052 5022 2109 5077 In
2137 5024 2400 5095 principio
2439 5038 2554 5081 erat
2586 5026 2788 5082 Filius?
2815 5028 2892 5084 Ne
2921 5030 3009 5084 filii
3044 5047 3238 5087 nomen
3276 5034 3511 5103 passioni
3538 5034 3635 5089 ob—

2052 5117 2269 5170 noxiam
2313 5121 2718 5187 generationem
2770 5122 3049 5178 induceret
3095 5142 3108 5177 :
3150 5125 3246 5179 sed
3296 5126 3444 5180 illum
3501 5126 3634 5181 dicit

2058 5205 2310 5271 Verbum,
2345 5218 2402 5262 ut
2427 5212 2826 5278 generationem
2855 5214 2971 5268 sine
2999 5216 3245 5284 passione
3270 5216 3528 5271 declaret.
3554 5219 3633 5271 Ac

2052 5314 2120 5353 ne
2148 5300 2475 5369 prolatitium
2521 5318 2643 5358 esse
2669 5305 2890 5360 verbum
2923 5315 3155 5375 putares,
3208 5308 3486 5376 subiunxit
3517 5325 3531 5361 :
3566 5307 3633 5362 Et

2051 5390 2189 5447 Deus
2231 5403 2337 5447 erat
2389 5392 2602 5448 Verbum
2633 5413 2652 5450 :
2685 5407 2740 5450 ut
2781 5398 2924 5452 verbi
2974 5399 3187 5454 nomine
3235 5399 3632 5469 impassibilita-

2049 5491 2177 5548 tem,
2214 5485 2304 5540 Dei
2331 5501 2459 5541 vero
2484 5488 2699 5542 nomine
2720 5489 3031 5559 dignitatem
3056 5491 3405 5559 intelligeres.
3424 5491 3629 5547 Deinde

2047 5573 2163 5644 ejus
2210 5578 2452 5646 exposita
2501 5580 2866 5647 generatione.
2912 5578 3184 5636 Creatoris
3219 5580 3536 5651 dignitatem
3579 5585 3633 5629 cl

2052 5669 2341 5735 potentiam
2388 5668 2587 5724 inducit
2639 5687 2651 5722 :
2691 5671 2874 5725 Omnia
2927 5688 3017 5741 per
3071 5673 3237 5742 ipsum
3283 5675 3424 5741 facta
3467 5678 3627 5729 sunt:
