3966 6160
314 394 425 450 M3

319 511 619 578 φέρουσιν·
646 510 676 577 ἦ
702 508 811 580 γάρ
835 507 962 575 ἀξία
982 510 1041 565 οὐ
1068 511 1265 584 ῥαδίως
1286 513 1649 566 ὑποτάσσεται
1671 512 1749 584 τῷ
1770 512 1983 585 δικαίῳ,

312 596 434 650 ἀλλ’
456 595 722 665 ἀμϐλύνει
743 598 841 668 τὴν
859 598 1118 669 ἀλήθειαν
1138 616 1151 629 °
1173 601 1405 671 πληγεὶς
1427 604 1540 665 τοῖς
1555 601 1819 671 ἐλέγχοις,
1837 602 1987 675 διαρ-

316 685 550 754 ῥήγνυσι
566 685 629 736 τὸ
650 684 876 754 βιϐλίον,
896 688 993 740 καὶ
1018 690 1083 758 τῇ
1110 688 1278 761 σμίλῃ
1293 688 1386 741 τοῦ
1410 692 1786 761 γραμματέως
1804 692 1986 744 διακο-

308 770 418 837 ψας
435 782 482 833 ι,
508 770 692 835 ἔλαϐε,
720 774 875 845 φησὶ,
902 776 1053 843 παρὰ
1078 777 1177 846 τὴν
1203 778 1443 846 ἐσχάραν
1465 778 1559 830 τοῦ
1593 779 1786 848 πυρός.
1808 778 1873 831 Τί
1890 775 1984 831 οὖν

309 859 339 910 6
365 858 499 922 Θεὸς
528 860 667 929 πρὸς
703 860 1010 933 ’Ῑερεμίαν;
1039 864 1306 930 Καθίσας
1331 864 1569 933 γράψον
1591 867 1734 931 τοὺς
1762 866 1984 932 αὐτοὺς

310 949 556 1018 λόγους,
578 950 675 1004 καί
696 950 803 1017 δὸς
826 952 909 1017 τῷ
923 953 1191 1017 βασιλεῖ,
1222 954 1310 1008 ἵνα
1343 955 1512 1026 μάθῃ,
1543 957 1626 1009 ὅτι
1658 957 1720 1009 τὸ
1749 958 1983 1027 γράμμα

309 1037 552 1107 διέκοψε,
593 1038 685 1091 τὸν
725 1039 783 1091 δὲ
831 1040 989 1108 λόγον
1019 1043 1117 1094 οὐκ
1171 1042 1388 1113 ἔτεμεν.
1431 1042 1585 1106 Εἶδες
1633 1045 1732 1114 τὴν
1759 1045 1979 1107 εἰκόνας

308 1124 554 1193 ἀνάγαγέ
588 1143 683 1179 σου
717 1127 778 1179 τὸ
797 1127 983 1181 λοιπὸν
1008 1128 1100 1181 ἐπὶ
1129 1129 1191 1182 τὸ
1218 1128 1352 1199 ὕψος
1380 1130 1478 1200 τὴν
1505 1130 1767 1184 διάνοιαν.
1801 1132 1861 1183 Ὀ
1887 1131 1980 1184 τοῦ

306 1213 444 1265 θεοῦ
478 1214 640 1276 αὐτὸς
661 1213 793 1276 Θεὸς
822 1215 995 1283 Λόγος
1021 1218 1050 1269 6
1074 1216 1369 1287 μονογενὴς
1407 1216 1653 1270 ἐνδύεται
1685 1217 1867 1287 σῶμα,
1895 1219 1983 1271 ἵνα.

305 1304 453 1373 φανῇ
482 1303 510 1354 6
547 1302 622 1372 μὴ
651 1303 999 1372 φαινόμενος·
1033 1305 1279 1358 ἐνδύεται
1320 1305 1515 1376 σάρκα.
1555 1304 1643 1357 ἵνα
1670 1306 1918 1376 κρατηθῇ
1953 1308 1980 1359 6

307 1390 386 1459 μὴ
413 1390 804 1461 κρατούμενος.
833 1392 932 1444 Διά
964 1392 1126 1446 τοῦτο
1145 1396 1171 1446 ό
1204 1394 1460 1462 Ἰωάννης
1490 1392 1669 1464 εὑρὼν
1699 1394 1759 1446 τὸ
1788 1393 1979 1446 ποθει-

302 1479 399 1531 νὸν
429 1481 626 1542 έκεῖνο,
646 1478 776 1532 ποτὲ
803 1480 901 1549 μὲν
933 1481 1069 1550 ἀκοῆ
1094 1481 1489 1551 κρατούμενον,
1522 1481 1747 1550 ὕστερον
1770 1481 1825 1533 δὲ
1857 1481 1978 1550 όψει

303 1568 697 1636 κατεχόμενον,
732 1566 909 1634 λέγει’
950 1568 1012 1619 Ὅ
1060 1564 1138 1637 ἦν
1172 1567 1274 1621 ἀπ’
1301 1567 1517 1636 ἀρχῆς,
1550 1569 1582 1620 ὃ
1632 1567 1980 1637 ἑωράκαμεν

302 1654 404 1707 καὶ
445 1655 810 1723 ἀκηκόαμεν,
841 1655 938 1708 καί
989 1657 1049 1707 αἰ
1099 1657 1294 1723 χεῖρες
1332 1654 1500 1724 ἡμῶν
1545 1655 1977 1725 ἐψηλάφησαν.

315 1743 578 1811 Ἐφόρεσε
605 1742 787 1795 τοίνυν
810 1745 908 1809 τὴν
953 1743 1136 1812 σάρκα
1166 1744 1373 1814 ἔνδυμα
1409 1744 1509 1813 τῆς
1552 1744 1738 1809 ἀξίας,
1774 1744 1977 1814 ἔνδυμα

299 1829 613 1899 εὐπρεπές·
657 1829 722 1882 '0
754 1830 969 1896 Κύριος
1004 1831 1113 1901 γάρ
1159 1832 1585 1895 ἐϐασίλευσεν,
1614 1832 1979 1899 εὐπρέπειαν

296 1916 657 1970 ἐνεδύσατο.
676 1917 922 1971 Ἰουδαῖοι
943 1920 1211 1987 μάχονται
1230 1919 1257 1958 b
1280 1918 1358 1989 τῷ
1379 1919 1708 1989 φαινομένῳ,
1729 1919 1979 1986 ἀγνοοῦν-

294 2020 392 2066 τες
422 2004 516 2056 τὸν
544 2005 619 2075 μὴ
651 2005 1000 2074 φαινόμενον,
1037 2008 1130 2059 καὶ
1173 2007 1469 2078 σταυροῦσι
1504 2009 1601 2076 μὲν
1633 2008 1731 2077 τὴν
1772 2008 1972 2076 σάρκα,

364 2128 387 2157 ⁸
417 2128 500 2191 Sic
523 2141 667 2184 unus,
690 2127 871 2191 melius
890 2143 1037 2191 quam
1065 2128 1193 2178 edili
1216 2132 1296 2178 καὶ
1324 2132 1409 2188 τὴν
1429 2130 1701 2191 συμϐουλήν
1722 2126 1807 2175 τοῦ
1826 2130 1978 2191 γράμ-

398 2190 607 2253 agam.
635 2190 802 2253 Σμίλη,
833 2191 1135 2253 scalpellum.
1172 2199 1249 2240 est
1293 2205 1354 2240 ex
1404 2190 1630 2240 rerSione
1672 2193 1970 2251 Symmachi.

345 2252 426 2298 ide
451 2252 499 2313 in
528 2250 766 2313 Hexaplis
788 2250 971 2301 nostris
992 2256 1176 2302 Jerem.
1204 2266 1358 2313 xxvn,
1382 2255 1457 2301 ετ.

361 2312 389 2377 1}
413 2311 508 2377 (ΣΠ-τ
536 2311 907 2377 'l‘heodorelum
938 2315 1064 2364 Dial.
1092 2319 1138 2374 5,
1160 2319 1222 2363 de
1249 2311 1529 2377 Impatibili,
1561 2321 1659 2364 tom
1709 2314 1755 2373 4,
1783 2328 1829 2376 p.
1858 2315 1969 2375 169,

286 2371 380 2421 ubi
410 2375 596 2437 legitur
632 2376 861 2439 μάχονται
885 2380 981 2424 τῶν
1017 2371 1614 2439 φαινομένων’ἀγνοοῦντες
1635 2378 1690 2423 τὸ
1716 2371 1970 2439 μὴ’φαινὸέ

287 2450 471 2500 Wa
483 2443 589 2500 eic._
606 2450 763 2498 usque
791 2438 848 2487 ad
872 2441 958 2495 τὴν
982 2438 1131 2497 ἀξίαν,
1152 2453 1264 2500 quae
1287 2440 1564 2486 all‘erunlur
1586 2441 1785 2486 nomine
1814 2438 1972 2487 Seve-

284 2497 743 2563 rigniGabalorum
764 2503 1001 2561 episcopi.
1027 2502 1148 2557 Quae
1172 2497 1451 2561 Sequuntur
1473 2507 1659 2553 autem.
1686 2500 1861 2560 ἔνδυμα
1885 2503 1973 2563 βα-

284 2559 480 2623 m).ix6_v
508 2560 601 2623 Aéév
630 2559 835 2623 6691107,“
855 2598 868 2618 ,
906 2559 1004 2623 εἰς,
1025 2559 1275 2623 momine:
1299 2563 1628 2620 Chrysosumii
1667 2559 1970 2623 alrer'uni'ur,

284 2620 467 2693 εἷναι-7
494 2619 682 2693 (ξοηοίι.
703 2619 887 2693 Ἰτιεθυη
913 2636 958 2693 p_.
990 2620 1099 2693 11?.
1125 2622 1176 2671 iu
1197 2619 1411 2693 epistula
1442 2621 1675 2693 ligidriani
1698 2635 1841 2693 papfe
1868 2622 1972 2693 [ad

285 2680 673 2731 Constantinum
696 2683 893 2733 etlreu.
909 2680 1089 2743 Quade
1114 2698 1169 2733 re
1192 2680 1305 2733 vide
1324 2698 1435 2747 qua
1454 2684 1671 2734 diximus
1694 2680 1746 2732 in
1768 2680 1967 2734 Moniio.

1245 397 1314 453 IN
1354 395 1579 463 ILLUD,
1621 396 1686 453 IN
1723 395 2077 454 PRINCIPIO
2114 396 2300 453 ERAT
2339 395 2651 463 VERBUM,
2692 394 2850 452 ETC.

3654 379 3758 435 ω

2087 518 2187 571 οὐκ
2218 518 2498 587 ἀναιροῦσι
2523 517 2577 569 δὲ
2613 518 2712 586 τὴν
2743 515 2992 583 θεότητα.
3031 513 3095 566 Εἰ
3132 511 3243 579 γὰρ
3272 507 3350 576 τῷ
3380 500 3690 576 γράμματι.
3730 503 3759 555 ὅ

2087 608 2238 659 ἐστιν
2277 606 2481 674 ἔνδυμα
2513 606 2696 674 λόγου,
2726 606 2754 657 6
2790 604 2922 672 ἐμὸς
2952 602 3110 671 λόγος
3143 600 3204 653 ού
3249 593 3690 664 συναφανίζεται.
3726 592 3756 643 6

2088 694 2220 757 Θεὸς
2246 695 2438 762 Λόγος,
2472 695 2505 763 ή
2554 693 2705 763 πηγὴ
2735 693 2833 759 τῆς
2871 691 3039 759 ζωῆς,
3076 690 3140 759 τῇ
3172 686 3334 755 σαρκὶ
3377 680 3752 743 συνατέθανε;

2086 786 2160 837 Τὸ
2193 786 2364 845 πάθος
2399 783 2527 852 περὶ
2555 783 2613 834 τὸ
2652 780 2833 849 σῶμα,
2866 781 2899 847 ὴ
2931 779 2988 831 δὲ
3016 777 3256 830 ἀπάθεια
3287 773 3417 842 περί
3445 772 3543 840 τὴν
3571 768 3750 834 ἀξίαν.

2086 875 2183 927 Διὰ
2212 875 2268 926 τί
2306 872 2399 926 οῦν
2427 874 2454 925 ὁ
2484 870 2692 930 Παῦλος
2731 868 2910 932 λέγει’
2957 869 3022 920 Εἰ
3059 864 3168 934 γὰρ
3191 863 3487 930 ἔγνωσαν,
3516 860 3627 912 οὐκ
3676 855 3753 909 ἂν

2084 968 2191 1020 τὸν
2222 964 2443 1033 Κύριον
2471 962 2581 1029 τῆς
2604 961 2788 1028 δόξης
2820 959 3250 1026 ἐσταύρωσαν;
3278 950 3495 1019 Ἐπειδὴ
3522 944 3754 1002 οἰκειοῦ·

2083 1073 2173 1108 ται
2202 1054 2263 1105 τὸ
2293 1052 2464 1114 πάθος
2490 1052 2587 1120 τῆς
2617 1049 2819 1120 σαρκὸς
2838 1050 2866 1101 6
2888 1046 2987 1118 τὴν
3010 1050 3190 1117 σάρκα
3215 1043 3593 1110 ἐνδυσάμενος.
3622 1038 3751 1091 Ἐν·-

2085 1146 2231 1212 δυμα
2263 1139 2543 1212 βασιλικὸν
2578 1137 2670 1191 ἐὰν
2702 1137 2953 1208 ὑϐρίσῃς,
2986 1135 3046 1187 ού
3088 1134 3181 1185 τὸν
3212 1129 3562 1198 ἐνδεδυμένον
3598 1126 3754 1197 ὑϐρί-

2060 1233 2234 1296 εζειςς
2267 1230 2366 1283 οὐκ
2395 1224 2542 1289 οἶδας
2572 1228 2676 1286 ὅτι,
2707 1225 2753 1276 εἰ
2780 1223 2960 1275 εἰκόνα
2989 1220 3255 1291 βασιλέως
3282 1235 3367 1281 τις
3400 1215 3632 1286 ὑϐρίσει.
3671 1215 3750 1273 εἰς

2082 1319 2145 1370 τὸ
2178 1315 2535 1388 πρωτότυπον
2571 1313 2667 1381 τῆς
2700 1311 2855 1374 ἀξίας
2901 1310 3056 1378 φέρει
3094 1308 3195 1377 τὴν
3224 1305 3415 1374 ὓϐρινς
3448 1305 3549 1356 οὐκ
3572 1297 3740 1361 οοῖδας

2082 1407 2185 1465 ὃτι,
2219 1406 2317 1459 ἐάν
2344 1421 2429 1467 τις
2462 1403 2649 1455 εἰκόνα
2677 1401 2775 1468 τὴν
2798 1399 2905 1452 ἀπὸ
2935 1397 3093 1464 ξύλου
3125 1394 3473 1466 ἢάνδριάντα
3511 1388 3749 1461 χαλκοῦν

2084 1494 2391 1566 κατασύρῃ,
2416 1494 2515 1563 οὐχ
2540 1492 2615 1553 ὡς
2644 1491 2723 1552 εἰς
2753 1488 2958 1557 ἄψυχον
2991 1485 3126 1553 ὓλην
3155 1481 3439 1552 τολμήσας
3469 1479 3611 1531 οὕτω
3634 1477 3755 1566 κρί-

2082 1599 2255 1645 νεται,
2285 1563 2398 1634 ἀλλ’
2432 1580 2508 1643 ὼς
2531 1577 2671 1631 κατά
2708 1574 2973 1645 βασιλέως
3004 1574 3195 1643 χεῖρας
3222 1567 3471 1629 ἐκτείνας
3496 1563 3727 1635 ἀφανίζε

2081 1688 2201 1736 ται;
2232 1668 2372 1738 ’Ύλη
2431 1667 2637 1736 ἄψυχος
2672 1663 2766 1717 τοῦ
2814 1661 3080 1732 βασιλέως
3130 1658 3317 1711 εἰκόνα
3368 1656 3610 1725 φέρουσα
3654 1652 3756 1724 τὴν

2083 1758 2284 1828 ἑαυτῆς
2318 1754 2478 1826 ὓϐριν
2521 1756 2602 1817 εἰς
2646 1749 2870 1823 βασιλέα
2910 1750 3138 1816 ἀνάγειο
3180 1744 3362 1817 μορφὴ
3393 1742 3451 1796 δὲ
3481 1742 3651 1806 ζῶσα,
3687 1743 3757 1809 ἢν

2080 1846 2373 1900 ἐνεδύσατο
2402 1846 2429 1898 ό
2456 1842 2589 1906 Θεὸς
2619 1842 2813 1905 Λόγος,
2844 1836 3175 1909 ὑϐριζομένη
3208 1835 3308 1887 οὐκ
3347 1834 3441 1886 ἐπὶ
3473 1832 3567 1885 τὸν
3602 1829 3755 1884 ἐνδυ-

2083 1934 2316 2000 σάμενον
2346 1928 2445 1999 τὴν
2468 1926 2626 1996 ὓϐριν
2648 1925 2896 1994 ἀνήγαγε
2920 1940 2933 1983 ;
2965 1921 3095 1973 Νόει
3130 1919 3311 1972 τοίνυν
3335 1918 3435 1986 τὴν
3462 1914 3644 1980 ἀξίαν,
3663 1916 3755 1966 καὶ

2089 2020 2162 2088 μὴ
2189 2017 2376 2089 ὕϐριζε
2399 2017 2495 2086 τὴν
2514 2013 2848 2082 οἰκονομίαν.
2880 2010 3042 2064 ’Λλλά
3071 2008 3242 2062 ταῦτα
3272 2007 3369 2076 μὲν
3396 2005 3575 2067 ἱκανὰ,
3604 2003 3673 2056 τά
3694 2002 3753 2056 δὲ

2082 2110 2342 2163 λείποντα
2370 2109 2435 2176 τῇ
2458 2104 2661 2175 θεωρίᾳ
2678 2103 2772 2155 τοῦ
2792 2101 2947 2175 [H5]
2967 2098 3102 2152 Θεοῦ
3127 2099 3301 2165 Λόγου
3330 2097 3501 2166 ἑτέρῳ
3526 2110 3755 2164 ταμιευ-

2082 2194 2311 2263 σάμενοι
2338 2190 2505 2259 λόγῳ,
2533 2188 2687 2252 τάξει
2722 2186 2819 2256 τὴν
2852 2183 3198 2255 συμμετρίαν
3229 2181 3550 2253 τιμήσωμεν
3574 2188 3623 2243 ο,
3655 2177 3753 2229 καὶ

2078 2280 2194 2350 Θεῷ
2228 2279 2386 2343 δόξαν
2418 2275 2855 2347 ἀναπέμψωμεν,
2879 2273 2957 2343 τῷ
2989 2270 3167 2342 Πατρλ⁴
3196 2269 3291 2322 καὶ
3320 2269 3397 2338 τῷ
3417 2266 3531 2336 Υίῷ
3555 2265 3649 2318 καὶ
3672 2264 3753 2333 τῷ

2084 2368 2223 2438 ἁγίῳ
2272 2366 2572 2435 Πνεύματι,
2605 2365 2702 2417 νῦν
2733 2364 2827 2416 καὶ
2865 2362 2974 2428 ἀεὶ,
3002 2360 3097 2413 καὶ
3140 2362 3220 2422 εἰς
3249 2359 3376 2420 τοὺς
3410 2354 3613 2416 αἰῶνας
3641 2350 3752 2404 τῶν

2086 2456 2319 2510 αἰώνων.
2346 2458 2404 2509 Ἀ
2412 2458 2541 2526 μήν.

2141 2621 2164 2650 θ
2191 2619 2468 2677 Ηφοβάξει
2490 2618 2575 2674 τὴν
2597 2611 3195 2677 συμμετρίαντιμήσωμεν,
3210 2606 3477 2677 divinando
3491 2604 3748 2677 vertimus,

2079 2688 2136 2733 ut
2160 2682 2251 2731 alia
2277 2672 2371 2729 nim
2399 2672 2553 2743 pauci:
2583 2672 2707 2740 (μιαί
2722 2678 2771 2725 in
2789 2672 2897 2724 "hac
2917 2672 3143 2723 o'ralione
3172 2673 3348 2735 passim
3368 2673 3651 2717 occurrunt.

1810 2970 2230 3076 W

297 3296 3744 3331 __________________________________________._..

280 3472 385 3539 Εἰς
417 3475 506 3538 τὸ,
537 3493 557 3526 ι
600 3476 705 3530 Ἐν
742 3474 901 3544 ἀρχῇ
926 3472 1006 3548 ἦν
1035 3481 1068 3533 ό
1094 3479 1303 3548 Λόγος,
1344 3495 1363 3529 ι
1414 3475 1512 3552 καί
1563 3474 1635 3530 τὰ
1663 3474 1811 3552 ἑξῆς
1833 3491 1847 3505 ·
1898 3474 1995 3527 καί
2038 3472 2127 3552 ὅτι
2182 3472 2280 3552 τό.
2302 3472 2545 3552 Πνεῦμα
2563 3472 2782 3552 ἐρευνᾷ
2804 3473 2875 3527 τὰ
2915 3472 3081 3543 ,βάθη
3108 3476 3218 3530 τοῦ
3258 3474 3403 3529 Θεοῦ
3424 3491 3439 3506 ·
3476 3473 3572 3526 καί
3597 3471 3729 3538 περί

1384 3548 1504 3604 τῶν
1532 3547 1971 3615 νεοφωτίστων,
2005 3545 2102 3598 καὶ
2143 3544 2294 3597 κατὰ
2325 3544 2651 3613 αἰρετικῶν.

350 3754 419 3800 α’.
439 3745 584 3811 Χθὲς
611 3750 743 3818 ήμίν
769 3752 797 3803 6
826 3749 982 3817 λόγος
1016 3751 1095 3813 εἰς
1119 3749 1217 3821 τήν
1245 3750 1339 3804 τοῦ
1366 3751 1602 3821 μεγάλου
1635 3750 1795 3804 ἀετοῦ
1827 3750 1952 3804 θεω-

282 3834 405 3902 ρίαν
431 3835 749 3905 κατέληξεν,
776 3837 936 3890 ἀετοῦ
965 3837 1057 3890 τοῦ
1085 3838 1252 3900 ὄντως
1279 3839 1535 3908 μεγάλου,
1563 3840 1657 3890 καὶ
1682 3838 1950 3909 πνεύματι

277 3924 369 3975 τὸν
391 3923 618 3992 οὐρανὸν
644 3925 737 3977 καὶ
765 3925 864 3987 τὰς
885 3926 1290 3996 ὑπερκοσμίους
1310 3926 1563 3995 δυνάμεις
1593 3926 1950 3995 ὑπερϐάντος,

279 4012 372 4064 καὶ
402 4012 495 4064 ἀπ’
542 4012 710 4081 αὐτῆς
743 4012 840 4082 τῆς
872 4015 1113 4083 κορυφῆς
1150 4013 1257 4065 τῶν
1311 4015 1563 4066 ἀπάντων
1621 4013 1947 4084 ἀρξαμένου.

289 4094 545 4168 ἰωάννης
599 4100 708 4168 γὰρ
751 4101 883 4169 ήμίν
935 4100 1274 4170 προεκήρυξε
1317 4101 1416 4163 τὸ,
1471 4102 1573 4154 Ἐν
1608 4100 1765 4170 ἀρχῇ
1803 4098 1881 4170 ἦν
1919 4103 1951 4154 ό

275 4185 490 4255 Λόγος,
520 4184 671 4257 [416]
692 4187 786 4238 καὶ
815 4187 944 4257 περὶ
969 4188 1067 4257 τῆς
1100 4188 1354 4239 ἀκτὶστου
1380 4187 1592 4257 φύσεως
1624 4188 1949 4259 ἐφιλοσόφη-

276 4289 369 4326 σεν
392 4292 407 4307 ·
432 4273 492 4337 δς
522 4273 766 4344 ὑπερέϐη
797 4275 896 4345 μὲν
926 4275 1023 4345 τὴν
1061 4275 1237 4328 κτίσιν
1268 4277 1484 4330 ἃπασαν
1522 4277 1661 4348 ὑπὲρ
1697 4278 1877 4331 πᾶσαν
1919 4290 1945 4318 ι

275 4359 437 4413 ἀετοῦ
471 4360 652 4429 φύσιν,
681 4359 922 4431 ὑπερέϐη
958 4361 1012 4414 δὲ
1040 4362 1129 4414 καὶ
1158 4364 1336 4431 πάσης
1364 4362 1587 4433 βροντῆς
1609 4359 1761 4435 ἦχον,
1790 4365 1950 4434 μόνος

274 4446 374 4517 τὴν
422 4447 640 4501 αἰώνιον
682 4449 777 4501 καὶ
808 4448 1179 4520 ὑπερκόσμιον
1219 4450 1536 4519 φιλοσοφίαν
1583 4451 1846 4522 κηρύξας.
1884 4452 1950 4505 Ἦ

274 4535 384 4607 γάρ
409 4533 627 4607 βροντὴ,
664 4537 956 4607 ἀγαπητοὶ,
994 4537 1090 4590 καὶ
1136 4538 1292 4607 φοϐεῖ
1317 4539 1410 4592 καὶ
1456 4540 1671 4610 ἀρδεύει
1692 4557 1705 4569 ⁸
1734 4540 1950 4612 ἀρδεύει

276 4623 376 4692 μὲν
395 4622 485 4675 διά
509 4623 617 4677 τῶν
651 4622 847 4692 νεφῶν,
896 4624 1052 4693 φοϐεῖ
1103 4625 1159 4678 δὲ
1209 4626 1303 4678 καὶ
1338 4627 1703 4699 καταπλήττει
1736 4628 1823 4682 διὰ
1850 4630 1948 4699 τῆς

272 4712 481 4782 φωνῆς.
513 4714 811 4784 Μερίζεται
839 4713 867 4753 ιι
898 4714 1077 4767 τοίνυν
1119 4717 1212 4769 καὶ
1242 4718 1274 4786 ἡ
1326 4716 1572 4769 Ἰωάννου
1607 4718 1793 4788 φωνὴ,
1845 4719 1947 4790 ἀρ-

270 4797 503 4853 δεύουσα
543 4801 641 4863 μὲν
692 4801 791 4872 τὴν
836 4802 1182 4873 Ἐκκλησίαν,
1235 4804 1692 4876 καταπλήττουσα
1729 4805 1785 4858 δὲ
1838 4805 1948 4859 τῶν

272 4886 563 4959 αἰρετικῶν
586 4887 648 4940 τὸ
676 4887 948 4959 σύστημα.
980 4890 1149 4943 Ὅταν
1178 4891 1285 4961 γὰρ
1332 4891 1399 4944 τὰ
1443 4894 1642 4962 μάταια
1699 4893 1943 4955 εἴπωσιν,

271 4973 400 5027 ὅταν
427 4974 652 5043 γνόντες
681 4974 749 5028 τὰ
778 4975 924 5040 ὄντα,
981 4978 1053 5048 μὴ
1083 4977 1158 5040 ὡς
1195 4978 1323 5031 ὄντα
1372 4980 1543 5031 εἰπεῖν
1580 4978 1944 5050 τολμήσωσιν,

272 5066 398 5117 ὅταν
424 5061 524 5133 τὴν
552 5063 901 5135 ἀνθρωπίνην
935 5064 1212 5117 διάλεκτον
1241 5066 1379 5117 κατά
1414 5066 1513 5135 τῆς
1546 5065 1695 5129 θείας
1725 5067 1764 5118 Γ
1769 5067 1946 5138 ραφῆς

274 5150 646 5221 στρατεύσωσι
672 5167 685 5180 ·
707 5150 826 5203 τότε
863 5150 960 5223 βοᾷ
994 5152 1248 5223 Ἰωάννης
1268 5152 1349 5216 τὸ,
1374 5148 1509 5217 Ἦν,
1541 5153 1647 5223 πρό
1676 5154 1792 5219 τοῦ,
1825 5158 1945 5209 Οὐκ

271 5232 367 5307 ἦν.
421 5237 527 5291 Ἔν
553 5235 712 5305 ἀρχῇ
736 5233 814 5306 ἦν
837 5242 869 5289 ό
891 5240 1099 5307 Λόγος,
1141 5239 1238 5293 καὶ
1267 5243 1300 5293 ό
1338 5242 1528 5310 Λόγος
1556 5237 1634 5310 ἦν
1668 5244 1815 5309 πρὸς
1839 5242 1945 5295 τὸν

275 5325 441 5386 θεὸν,
484 5325 582 5377 καὶ
619 5325 763 5390 Θεὸς
809 5322 888 5394 ἦν
933 5329 965 5379 ὁ
1011 5329 1221 5396 Λόγος,
1269 5331 1334 5399 τῇ
1368 5332 1514 5398 φωνῇ
1554 5330 1945 5399 καταπλήττων

271 5413 394 5475 τοὺς
416 5411 713 5474 ἐναντίους,
735 5414 1234 5485 ἐπιμαρτυροῦντος
1254 5415 1347 5467 τοῦ
1370 5416 1533 5467 Δαυὶδ
1555 5418 1647 5468 καὶ
1672 5416 1938 5483 λέγοντος·

332 5508 359 5536 ⁸
383 5506 504 5556 Cod.
547 5506 671 5575 Reg.
697 5511 1002 5575 προεκήρυξε,
1023 5512 1159 5575 ἀετὸν
1178 5512 1357 5575 δεικνὺς
1377 5512 1666 5575 ὑψηλότερον
1688 5514 1844 5569 πάσης
1864 5531 1944 5573 γε·

277 5569 462 5636 νόμενον
478 5568 701 5636 κτίσεως,
718 5568 806 5636 ,καὶ
833 5568 938 5636 περὶ
970 5568 1052 5630 τῆς
1078 5574 1303 5622 ἀκτίστου
1326 5568 1509 5636 φύσεως
1540 5568 1940 5636 φιλοσοφήσαντα,

277 5591 462 5630 νυμινον
481 5591 701 5627 κτισιως,
725 5591 806 5616 παι
833 5591 938 5632 περι
970 5591 1052 5630 της
1078 5591 1303 5622 ακτιστου
1357 5591 1509 5627 υσεως
1540 5591 1940 5636 φιλοσοφησαντα,

272 5631 321 5685 ὃς
338 5631 548 5697 ,ὑπερέϐη
575 5631 657 5678 ιιὲν
680 5632 764 5687 τὴν
791 5632 944 5678 κτίσιν
981 5635 1097 5697 ὑπὲρ
1120 5641 1293 5685 πᾶσαν.
1326 5591 1444 5684 ῗῖοκ
1471 5637 1518 5684 in
1547 5635 1720 5683 eodem
1753 5636 1941 5683 αἰώνιον

269 5692 347 5739 καί
369 5692 529 5739 deest.

331 5761 359 5794 ο
384 5753 506 5811 “ex.
532 5753 637 5801 cod.
654 5753 843 5810 μερίζει,
869 5755 1013 5804 male.

2071 3750 2204 3804 Ἄπὸ
2229 3747 2623 3818 ἐπιτιμήσεως
2652 3761 2769 3801 σου
2794 3747 3136 3816 φεύξονται,
3166 3747 3283 3801 ἀπὸ
3315 3747 3521 3816 φωνῆς
3548 3750 3730 3814 βρον-

2058 3836 2168 3905 τῆς
2193 3853 2309 3890 σου
2336 3834 2772 3890 δειλιάσουσιν.
2817 3835 2919 3887 Ἔν
2947 3832 3106 3902 ἀρχῇ
3134 3830 3209 3903 ἦν
3254 3838 3287 3888 ό
3310 3836 3519 3904 Λόγος,
3565 3835 3662 3888 καί
3695 3839 3727 3889 ό

2058 3926 2248 3993 Λόγος
2291 3920 2369 3993 ἦν
2420 3925 2569 3991 πρὸς
2621 3924 2727 3976 τὸν
2789 3923 2957 3986 Θεὸν,
2998 3921 3095 3974 καὶ
3135 3923 3278 3984 Θεὸς
3313 3919 3391 3993 ἦν
3431 3926 3464 3976 ό
3516 3924 3723 3992 Λόγος.

2069 4010 2283 4081 Ἐπειδὴ
2314 4010 2421 4081 γὰρ
2453 4009 2668 4080 ἀπαθὴς
2694 4012 2727 4080 ἡ
2750 4007 2843 4061 τοῦ
2872 4008 3029 4077 λόγου
3057 4009 3328 4078 γέννησις,
3357 4010 3529 4077 Λόγον
3554 4009 3723 4078 λέγει,

2057 4099 2144 4151 ἵνα
2164 4098 2270 4151 ἀπὸ
2298 4096 2405 4150 τῶν
2445 4097 2584 4149 κατά
2625 4096 2684 4149 σὲ
2708 4096 2776 4149 τά
2810 4096 2949 4166 ὑπὲρ
2984 4096 3042 4149 σὲ
3074 4097 3358 4170 παιδεύσῃ,
3385 4099 3465 4150 ὄτι
3489 4097 3677 4169 ὥσπερ
3698 4099 3728 4150 6

2057 4186 2181 4248 νοῦς
2212 4186 2412 4253 γεννῶν
2436 4185 2525 4237 τὸν
2555 4184 2713 4251 λόγον
2742 4174 2801 4236 ού
2839 4183 2999 4236 πάθει
3026 4185 3188 4255 γεννᾷ
3210 4226 3226 4243 ,
3260 4185 3319 4237 ού
3358 4185 3632 4256 τέμνεται,
3664 4188 3727 4240 οὐ

2061 4276 2164 4344 ῥεῖ,
2199 4274 2316 4325 οὐδὲ
2342 4273 2471 4326 ἀλλο
2498 4290 2550 4324 τι
2577 4272 2686 4324 τῶν
2722 4272 3050 4342 σωματικῶν
3081 4273 3401 4341 ὑφίσταταν
3446 4273 3586 4327 οὓτω
3634 4276 3728 4328 καὶ

2055 4364 2088 4432 ή
2119 4361 2237 4414 θεία
2258 4362 2352 4413 καί
2380 4359 2594 4430 ἀπαθὴς
2625 4359 2875 4428 γέννησις
2902 4359 3178 4431 ἄφραστος
3199 4360 3292 4413 καὶ
3321 4361 3722 4432 ἀκατάληπτος,

2055 4450 2116 4502 οὐ
2148 4448 2474 4519 τεμνομένη,
2504 4449 2564 4501 ού
2602 4447 2953 4519 μεριζομένη,
2985 4447 3098 4501 ἀλλ’
3121 4449 3224 4502 ὑπὸ
3253 4450 3351 4520 μὲν
3384 4451 3493 4503 τῶν
3516 4450 3727 4503 ἀσεϐῶν

2056 4537 2152 4590 καὶ
2186 4537 2431 4590 ἀπίστων
2459 4535 2749 4606 αἱρετικῶν
2801 4536 3106 4607 τεμνομένη
3155 4537 3360 4599 κακῶς,
3416 4537 3519 4590 ὑπὸ
3548 4538 3603 4590 δὲ
3629 4539 3726 4606 τῆς

2056 4623 2336 4686 εὐσεϐείας
2362 4624 2625 4692 ἐνουμένη
2658 4622 2859 4687 καλῶς.
2903 4622 3001 4675 Διά
3034 4624 3085 4676 τί
3134 4623 3293 4675 τοῦτο
3327 4628 3727 4696 παρῃτήσατοό

2056 4709 2461 4781 εύαγγελιστὴς,
2493 4712 2587 4764 καὶ
2625 4710 2723 4763 οὐκ
2754 4708 2924 4774 εἶπεν,
2947 4708 3038 4761 Ἐν
3054 4712 3192 4781 ἀρχῇ
3223 4706 3290 4781 ἦν
3335 4712 3363 4763 6
3401 4712 3553 4777 Υἱός;
3610 4712 3725 4764 ἰνα

2059 4798 2133 4869 μὴ
2163 4800 2194 4869 ἡ
2232 4799 2325 4851 τοῦ
2362 4796 2493 4850 Υίοῦ
2528 4800 2865 4869 προσηγορία
2889 4797 3092 4860 πάθους
3123 4797 3375 4868 γέννησιν
3420 4799 3688 4872 εἰσαγάγῃ
3709 4816 3724 4832 ο

2056 4888 2190 4940 ἀλλὰ
2215 4888 2360 4956 λέγει
2403 4888 2563 4940 αὑτὸν
2586 4888 2777 4955 Λόγον,
2811 4888 2897 4940 ἵνα
2929 4887 2989 4939 τὸ
3019 4886 3225 4948 ἀπαθὲς
3267 4889 3596 4959 παραστήσῃ
3624 4888 3723 4958 τῆς

2056 4977 2377 5046 γεννήσεως.
2412 4976 2520 5028 Καὶ
2553 4976 2640 5028 ἵνα
2679 4975 2752 5045 μὴ
2795 4974 3126 5046 προφορικὸν
3155 4975 3311 5042 λόγον
3349 4976 3598 5045 νομίσῃς,
3627 4976 3722 5026 έπ-

2053 5065 2228 5133 ήγαγε
2254 5079 2265 5092 ⁸
2298 5063 2408 5116 Καὶ
2455 5064 2591 5127 Θεὸς
2635 5059 2710 5130 ἦν
2752 5066 2785 5115 ό
2818 5064 3037 5130 Λόγος·
3065 5062 3149 5113 ἵνα
3182 5062 3289 5113 ἀπὸ
3319 5061 3411 5114 τοῦ
3438 5062 3536 5129 μὲν
3566 5062 3722 5129 λόγου

2049 5150 2110 5203 τὸ
2133 5150 2361 5213 ἀπαθὲς,
2393 5150 2498 5202 ἀπὸ
2519 5150 2574 5203 δὲ
2602 5150 2695 5201 τοῦ
2721 5148 2855 5201 Θεοῦ
2882 5150 2979 5218 τὴν
3012 5148 3165 5212 ἀξίαν
3196 5151 3412 5220 νοήσῃς,
3452 5145 3582 5201 Εἶτα
3608 5150 3724 5201 εἰσ-

2051 5240 2400 5308 ηγησάμενος
2438 5237 2602 5290 αὐτοῦ
2658 5237 2725 5288 τά
2767 5237 2864 5304 τῆς
2906 5236 3232 5305 γεννήσεως,
3285 5234 3494 5301 εἰσάγει
3543 5236 3636 5287 καὶ
3662 5234 3722 5285 τὸ

2049 5325 2271 5378 δυνατὸν
2314 5324 2413 5391 τῆς
2444 5335 2465 5361 ο
2501 5322 2856 5393 δημιουργίας
2912 5321 3155 5390 ἀξίωμαο
3198 5321 3401 5373 Πάντα
3428 5321 3502 5373 δι’
3533 5321 3721 5374 αὐτοῦ

2049 5413 2316 5481 ἐγένετο·
2351 5412 2525 5462 πάντα
2548 5411 2616 5461 τά
2658 5411 2944 5478 γενόμενα,
2998 5409 3096 5477 οὐχ
3124 5408 3197 5471 ὡς
3226 5411 3272 5460 οἱ
3295 5408 3401 5460 τῶν
3436 5408 3721 5475 αἰρετικῶν

2053 5500 2257 5561 παῖδες,
2291 5497 2381 5550 καὶ
2403 5495 2463 5547 τὸ
2492 5497 2715 5564 Πνεῦμα
2733 5496 2793 5546 τὸ
2820 5495 3191 5563 προσκυνητὸν
3227 5495 3549 5565 τολμῶσι
3577 5493 3719 5559 λέξει

2050 5602 2219 5656 ταυτῃ
2248 5582 2710 5654 συμπαραλαϐεῖν,
2744 5582 2992 5649 λέγοντες
3017 5598 3032 5613 ο
3059 5580 3263 5635 Πάντα
3286 5583 3359 5635 δι’
3386 5583 3571 5638 αὐτοῦ
3591 5582 3719 5652 ἑτέ-

2050 5690 2203 5732 vero.
2244 5671 2342 5723 καὶ
2368 5670 2544 5738 χωρὶς
2576 5669 2760 5721 αὑτοῦ
2780 5666 3014 5735 ἐγένετο
3039 5668 3179 5721 οὐδὲ
3199 5670 3287 5735 ἒν,
3318 5670 3349 5725 ὃ
3378 5670 3629 5741 γέγονεν
3647 5672 3718 5725 ἐν

2110 5761 2131 5788 ⁸⁵
2159 5759 2288 5807 Fort.
2312 5758 2365 5803 τὸ
2389 5755 2598 5812 δυνατὸν,
2621 5755 2675 5802 τὸ
2698 5761 2780 5811 τῆς
