3966 6160
324 341 436 399 545

336 462 507 530 ιὺτῷ.
540 464 606 518 Εἴ
630 482 681 518 τι
709 459 800 518 οῦν
838 463 1056 531 γέγονεν
1080 463 1137 515 ἐν
1169 462 1336 532 αὐτῷ,
1368 464 1466 534 οὐχ
1491 465 1524 534 ή
1554 463 1805 525 ἀκτιστος
1836 479 1995 530 φυσις

338 552 420 607 τοῦ
453 553 789 623 Πνεύματος.
839 548 978 603 Ἀλλ⁴
1009 550 1241 620 εἴρηται,
1276 551 1431 621 φησὶ,
1481 551 1696 605 πάντα.
1742 551 1880 605 Ἀλλ’
1920 553 1996 622 ή,

333 643 402 695 τὰ
451 639 667 701 πάντα,
724 638 872 709 φωνὴ
918 638 978 690 οὐ
1014 637 1410 708 περιλαμϐάνει
1440 639 1536 708 τὴν
1562 639 1814 693 ἄκτιστον
1839 639 1999 706 φύσιν

334 728 474 798 μετά
503 727 603 795 τῆς
643 725 883 794 κτιστῆς.
923 726 984 778 Et
1016 725 1071 777 δὲ
1100 727 1190 795 τῇ,
1227 726 1424 778 πάντα
1448 765 1462 787 ,
1495 728 1645 796 φωνῇ
1696 726 1994 797 προσέχων,

332 815 738 884 κατετόλμησας
767 816 867 882 τῆς
887 812 1047 879 ἁγίας
1078 814 1315 881 φύσεως,
1364 812 1457 865 ἐὰν
1495 813 1733 884 ἀκούσῃς
1763 813 1854 866 τοῦ
1890 816 2000 866 Κυ-

335 902 448 971 ρίου
467 899 714 967 λέγοντος
733 917 748 930 ⁸
772 899 1001 965 Πάντες
1038 899 1172 952 ὅσοι
1200 895 1393 969 ἦλθον
1416 900 1528 966 πρὸ
1560 900 1727 968 ἐμοῦ,
1748 901 2000 954 κλέπται

332 984 493 1058 ἦσαν
520 986 617 1040 καὶ
635 987 881 1055 λῃσταὶ,
910 985 961 1039 τί
988 985 1051 1036 ἂν
1072 989 1246 1047 εἴποις
1269 1002 1282 1050 ;
1316 987 1555 1056 Μωῦσῆν
1582 987 1783 1057 λῃστὴν
1807 988 2003 1057 ὀνομά-

332 1073 466 1141 ζεις,
496 1073 592 1127 καὶ
622 1075 748 1136 τοὺς
778 1073 1061 1143 προφήτας
1094 1071 1331 1133 κλέπτας
1357 1072 1783 1143 προσαγορεύεις
1805 1090 1818 1137 ;
1842 1072 2000 1126 Πάν-

250 1217 257 1223 ,
331 1180 430 1227 τες
475 1160 604 1232 γάρ,
653 1160 791 1213 ὅσοι
842 1160 954 1228 ,πρὸ
991 1158 1137 1227 ἐμοῦ
1171 1154 1382 1228 ἦλθον,
1419 1158 1669 1213 κλέπται
1704 1156 1866 1230 ἦσαν
1903 1161 2000 1215 καὶ

332 1247 574 1315 λῃσταὶ,
608 1246 791 1315 φησίν.
830 1246 896 1298 Ἦ
930 1246 987 1298 δὲ
1009 1244 1187 1298 ἔννοια
1223 1244 1431 1314 μερίζει
1463 1246 1557 1299 καὶ
1605 1248 1732 1316 περὶ
1783 1248 1943 1300 τίνων
1975 1250 2003 1302 6

333 1333 509 1402 λόγος,
538 1332 630 1386 καὶ
665 1333 802 1403 πρὸς
826 1332 996 1394 τίνας.
1031 1332 1140 1384 Καὶ
1171 1331 1265 1383 νῦν
1290 1332 1415 1401 περὶ
1459 1332 1816 1403 δημιουργίας
1855 1335 1883 1386 6
1919 1333 2005 1386 λό-

332 1438 449 1490 γος,
473 1425 565 1475 καὶ
593 1419 693 1490 τὴν
723 1419 1076 1489 δημιουργίαν
1109 1417 1256 1486 λέγει
1286 1418 1352 1470 δι’
1377 1417 1541 1471 αὑτοῦ
1569 1421 1913 1489 γεγενῆσθαι,
1941 1421 2003 1474 οὐ
2031 1457 2044 1471 τ

333 1509 432 1579 τὴν
457 1507 553 1561 τοῦ
607 1505 923 1576 Πνεύματος
956 1505 1161 1570 οὐσίαν,
1199 1504 1296 1575 τὴν
1346 1503 1488 1558 οὓτω
1538 1506 1905 1577 γνωρίζουσαν
1937 1509 2004 1561 τὰ

336 1596 429 1649 τοῦ
450 1593 607 1654 Θεοῦ,
638 1593 713 1657 ὡς
744 1593 803 1647 τὸ
840 1592 932 1646 τοῦ
974 1591 1258 1663 ἀνθρώπου
1284 1593 1498 1662 πνεῦμα
1538 1594 1605 1647 τὰ
1633 1596 1691 1647 ἐν
1710 1595 1879 1665 αὐτῷ,
1909 1613 2006 1648 κα-

337 1681 444 1746 θὼς
467 1680 614 1749 λέγει
658 1680 869 1742 Παῦλος
893 1693 907 1708 ⁸
930 1677 1137 1745 Οὐδεὶς
1166 1675 1289 1732 οἵδε
1332 1679 1404 1732 τὰ
1431 1680 1538 1734 τοῦ
1569 1681 1900 1750 ἀνθρώπου,
1953 1686 2006 1737 εί

336 1769 417 1840 μὴ
449 1770 516 1823 τὸ
546 1767 779 1837 πνεῦμα
807 1767 914 1819 τοῦ
943 1765 1256 1834 ἀνθρώπου
1288 1767 1352 1819 τὸ
1373 1768 1444 1820 ἐν
1479 1767 1638 1834 αὐτῷ
1663 1771 2001 1825 κατοικοῦν.

337 1859 398 1909 Εἰ
423 1852 515 1910 οὖν
546 1854 605 1908 τὸ
621 1854 836 1925 πνεῦμα
853 1853 910 1905 τὸ
933 1853 1062 1923 ἐμὸν
1079 1853 1354 1924 ἀλλότριον
1376 1856 1471 1925 τῆς
1492 1855 1633 1925 ἐμῆς
1655 1856 1886 1923 φύσεως,
1915 1857 2006 1910 καὶ

333 1944 396 1996 τὸ
412 1942 635 2013 Πνεῦμα
651 1941 743 1996 τοῦ
763 1942 896 1995 Θεοῦ
912 1940 1063 2013 [417]
1081 1941 1358 2013 ἀλλότριον
1384 1943 1480 2011 τῆς
1501 1941 1594 1994 τοῦ
1617 1942 1750 1995 Θεοῦ
1769 1944 2001 2012 φύσεως·

341 2030 412 2084 T6
442 2031 550 2101 γὰρ
572 2028 827 2097 Πνεῦμα,
862 2029 1012 2098 φησὶ.
1038 2028 1232 2081 πάντα
1256 2028 1487 2096 ἐρευνᾷ,
1514 2028 1611 2083 καὶ
1634 2029 1705 2083 τὰ
1716 2031 1877 2095 ,βάθη
1899 2031 2006 2086 τοῦ

336 2117 506 2171 Θεοῦ.
543 2116 679 2170 Ἀλλ’
705 2117 734 2169 6
763 2115 1033 2188 αίρετικὸς
1056 2116 1153 2185 μὲν
1180 2115 1259 2182 τὸ,
1290 2115 1527 2184 ἐρευνᾷ,
1562 2117 1768 2180 ἀκούει,
1823 2119 1922 2190 τὴν
1949 2120 2005 2172 δὲ

336 2204 544 2257 ἔννοιαν
567 2202 752 2266 κακῶς
774 2202 1123 2272 ἐκλαμϐάνει.
1150 2202 1213 2256 El
1234 2202 1342 2274 γὰρ
1362 2203 1496 2275 ᾔδει,
1527 2205 1678 2275 φησὶ,
1700 2206 1761 2256 τὸ
1784 2206 2006 2276 Πνεῦμα

333 2290 403 2344 τὰ
431 2293 488 2344 ἐν
517 2289 594 2360 τῷ
626 2288 765 2359 Θεῷ,
799 2289 898 2341 οὐκ
925 2288 990 2341 ἂν
1017 2288 1224 2356 ἡρεύνα
1248 2304 1261 2318 ⁸
1294 2292 1561 2360 μαρτυρεῖ
1596 2291 1702 2360 γὰρ
1730 2292 1893 2345 αὑτοῦ
1939 2297 2004 2364 τῇ

336 2376 530 2445 ἀγνοίᾳ
578 2377 612 2445 ή
666 2375 883 2444 ἔρευνα.
917 2375 980 2427 El
1029 2375 1207 2428 τοίνυν
1242 2374 1301 2428 τὸ
1343 2378 1568 2447 ἐρευνᾷν
1590 2377 1651 2429 τὸ
1678 2378 1902 2449 Πνεῦμα
1947 2382 2008 2434 τὸ

337 2465 490 2531 ᾶγιον
523 2463 591 2515 τά
643 2463 779 2531 βάθη
834 2461 927 2514 τοῦ
978 2461 1134 2524 Θεοῦ,
1194 2462 1415 2529 ἀγνοίας
1480 2466 1812 2535 κατηγορίαν
1860 2467 2007 2538 αὐτῷ

337 2550 554 2617 ἐπάγει,
581 2549 710 2602 ὅταν
756 2548 870 2619 ἴδῃς
894 2547 984 2600 τὸν
1010 2548 1141 2600 Θεὸν
1189 2548 1492 2618 ἐρευνῶντα
1517 2550 1614 2613 τὰς
1648 2551 1872 2621 καρδίας
1899 2554 2006 2607 τῶν

338 2636 663 2706 ἀνθρώπων,
692 2635 910 2703 ἀγνοίας
930 2634 1093 2687 αὑτοῦ
1120 2635 1500 2707 καταψηφίςῃς
1537 2639 1734 2691 ’Ἄκουε
1759 2639 1889 2707 γοῦν
1913 2641 2004 2694 τοῦ

339 2723 551 2778 Παύλου
605 2722 888 2792 λέγοντοςο
948 2721 1023 2785 ὡς
1060 2722 1309 2792 περὶτοῦ
1360 2724 1676 2793 Πνεύματος
1730 2721 1885 2792 εἶπε,
1934 2729 2004 2781 Τὸ

338 2812 582 2880 Πνεῦμα
611 2811 806 2865 πάντα
836 2808 1070 2878 ἐρευνᾷ,
1100 2810 1194 2862 καὶ
1224 2811 1295 2864 τὰ
1315 2809 1475 2876 βάθη
1517 2812 1620 2864 τοῦ
1652 2813 1800 2867 Θεοῦ
1822 2832 1835 2845 ο
1864 2814 2005 2868 οὕτω

339 2899 587 2967 καὶπερὶ
624 2897 718 2951 τοῦ
761 2896 895 2950 Θεοῦ
941 2896 1244 2966 φιλοσοφῶν
1290 2899 1318 2951 6
1361 2897 1569 2960 Παῦλος
1608 2901 1790 2969 φησὶν,
1840 2902 1901 2955 '0
1938 2903 2007 2956 δὲ

338 2985 601 3054 ἐρευνῶν
628 2989 733 3050 τὰς
761 2984 1027 3052 καρδίας,
1049 2982 1173 3038 οἵδε
1211 2985 1268 3037 τί
1296 2985 1360 3038 τὸ
1384 2987 1657 3054 φρόνημα
1693 2988 1797 3042 τοῦ
1822 2991 2002 3042 Πνεύ-

337 3091 543 3142 ματος.
589 3073 652 3125 Εἰ
706 3068 798 3124 οὖν
855 3071 987 3133 Θεὸς
1035 3073 1228 3141 ἐρευνᾷ
1267 3071 1495 3138 ἀγνοῶν,
1548 3076 1639 3127 καὶ
1679 3074 1739 3127 τὸ
1784 3075 2006 3146 Πνεῦμα

339 3159 566 3229 ἀγνοοῦν
611 3160 825 3231 ἐρευνᾷ.
883 3157 1044 3211 Ἀλλά
1080 3159 1167 3211 ἵνα
1215 3158 1391 3231 μάθῃς
1438 3161 1519 3212 ὅτι
1548 3161 1608 3213 τὸ
1657 3163 1881 3235 ἐρευνᾷν
1907 3164 2004 3218 οῦκ

340 3247 661 3318 ἀγνοοῦντός
684 3249 850 3309 ἐστιν,
885 3246 1000 3300 ἀλλ’
1029 3246 1248 3309 εἰδότος,
1284 3249 1561 3315 ἐπήγαγεν
1581 3263 1594 3278 ·
1634 3251 1797 3304 Οὕτω
1819 3252 1912 3305 καὶ
1936 3256 2005 3308 τὰ

343 3336 448 3389 τοῦ
497 3335 645 3389 Θεοῦ
673 3333 869 3398 οὐδεὶς
892 3334 1065 3402 ἔγνω.
1091 3336 1140 3386 εί
1163 3333 1248 3401 μὴ
1280 3334 1346 3386 τὸ
1372 3336 1613 3405 Πνεῦμα
1670 3338 1774 3392 τοῦ
1815 3341 1960 3394 Θεοῦ
1989 3359 2000 3370 ·

342 3422 438 3476 καὶ
464 3422 664 3491 γνῶσιν
687 3420 978 3488 ἐπιγράφει
1005 3419 1082 3488 τῷ
1113 3420 1413 3490 Πνεύματι,
1445 3423 1505 3474 οὐ
1538 3425 1637 3494 τὴν
1681 3427 1745 3478 ἐκ
1777 3427 1875 3496 τῆς
1904 3427 2008 3495 φύ-

343 3527 480 3572 σεως
512 3507 836 3580 κατάληψιν,
870 3506 1004 3562 ἀλλά
1029 3508 1126 3577 τὴν
1153 3509 1216 3561 ἐκ
1241 3509 1342 3578 τῆς
1373 3508 1588 3578 φύσεως
1621 3513 1932 3581 ἐπίγνωσιν.

414 3595 479 3666 β’.
503 3593 803 3665 Τοιγαροῦν
835 3593 909 3665 μὴ
945 3593 1131 3665 μέριζε
1166 3594 1264 3665 τήν
1292 3596 1586 3667 ἀμέριστον
1611 3598 1789 3667 φύσιν,
1827 3600 1900 3671 μὴ
1923 3602 2009 3655 τέ-

303 3680 444 3752 ’μνε
489 3683 588 3751 τὴν
623 3682 927 3751 ἀδιαίρετον
982 3681 1205 3735 οὐσίανο
1255 3681 1486 3752 γνώριζε
1543 3684 1601 3738 δὲ
1666 3686 1865 3756 μᾶλλον
1913 3689 2010 3760 τὴν

340 3769 569 3838 δύναμιν
596 3767 857 3839 ἀκριϐῶς.
922 3763 1016 3831 Εἷς
1044 3768 1304 3839 κέκληται
1333 3770 1360 3821 6
1419 3771 1610 3843 Πατήρ
1670 3777 1760 3827 καὶ
1819 3778 1847 3829 6
1883 3777 2012 3841 Υἱὸς

343 3859 441 3910 καὶ
484 3857 544 3910 τὸ
606 3857 829 3927 Πνεῦμα
851 3855 913 3909 τὸ
961 3857 1134 3922 ἅγιον.
1187 3858 1318 3927 Περὶ
1376 3857 1473 3927 μὲν
1519 3859 1627 3931 γὰρ
1672 3861 1765 3914 τοῦ
1800 3865 2012 3936 Πατρὸς

341 3944 486 4014 λέγει
511 3946 540 3997 6
583 3944 733 4009 Υἱὸς,
769 3945 954 3997 Ὅταν
991 3944 1154 4010 ἴδητε
1206 3946 1313 3997 τὸν
1351 3946 1489 3999 my
1544 3948 1650 4002 τοῦ
1693 3950 2010 4019 ἀνθρώπου

342 4031 682 4100 καθήμενον
713 4031 781 4084 ἐκ
813 4028 1027 4093 δεξιῶν
1052 4026 1160 4099 τῆς
1188 4030 1523 4099 δυνάμεως·
1562 4036 1655 4088 καὶ
1682 4037 1909 4107 δύναμιν
1938 4041 2014 4092 ει-

346 4117 558 4190 ρηκὼς,
601 4117 794 4187 ἔστησε
824 4118 921 4187 τὴν
975 4116 1132 4181 δόξαν
1154 4157 1167 4180 ,
1208 4118 1294 4171 ἵνα
1328 4118 1614 4194 θαυμάσῃς
1653 4124 1751 4194 τὴν
1783 4124 2010 4181 ἔννοιαν.

347 4205 512 4258 ’Ὀθεν
541 4205 699 4258 αὑτὸν
726 4205 817 4257 τὸν
846 4205 1064 4274 Πατέρα
1098 4204 1192 4257 καὶ
1222 4205 1353 4258 Θεὸν
1387 4208 1565 4260 καλῶν
1594 4209 1843 4277 δύναμιν,
1880 4213 2014 4284 πρὸς

346 4293 601 4361 Καϊάφαν
621 4290 1019 4360 διαλεγόμενος,
1047 4292 1149 4362 ἔφη
1170 4307 1184 4321 ·
1207 4293 1393 4346 Ὅταν
1412 4295 1575 4364 ἴδητε
1612 4297 1718 4350 τὸν
1744 4299 1877 4352 Υἱόν
1909 4303 2013 4356 τοῦ

346 4378 661 4447 ἀνθρώπου
702 4377 1040 4445 καθήμενον
1066 4379 1134 4431 ἐκ
1174 4378 1388 4443 δεξιῶν
1419 4380 1527 4449 τῆς
1567 4383 1889 4454 δυνάμεως.
1923 4389 2019 4441 Δύ-

347 4483 512 4537 ναμις
550 4460 641 4520 οῦν
672 4466 700 4517 6
745 4465 962 4535 Πατήρ·
992 4464 1217 4537 δύναμις
1252 4467 1309 4520 δέ
1351 4469 1443 4522 καὶ
1482 4476 1510 4523 6
1557 4471 1703 4536 Υἱὸς,
1744 4473 1819 4536 ὡς
1868 4475 2015 4542 λέγει

348 4553 598 4616 Παῦλος’
648 4552 902 4621 Χριστὸς
955 4552 1103 4606 Θεοῦ
1149 4554 1402 4623 δύναμις
1444 4556 1540 4610 καὶ
1594 4559 1739 4612 Θεοῦ
1793 4563 2012 4630 σοφίαν

346 4640 575 4712 δύναμις
598 4641 690 4694 καὶ
720 4639 782 4693 τὸ
803 4638 1025 4710 Πνεῦμα
1048 4641 1108 4692 τὸ
1137 4640 1289 4709 ἅγιον
1306 4659 1319 4672 ο
1357 4643 1504 4710 λέγει
1528 4641 1620 4698 οὖν
1647 4649 1675 4699 6
1696 4648 1882 4719 Σωτὴρ
1906 4653 2016 4714 τοῖς

352 4729 643 4798 μαθηταῖς·
677 4727 930 4781 Μείνατε
947 4728 1017 4780 ἐν
1048 4727 1433 4798 Ἰερουσαλὴμ
1455 4731 1564 4798 ἕως
1584 4729 1655 4788 οὗ
1675 4734 2018 4803 ἐνδύσησθε

349 4817 606 4885 δύναμιν
618 4815 686 4881 ἐξ
700 4815 916 4885 ὕψους.
932 4814 1101 4879 Εἰδὼς
1120 4812 1230 4881 οῦν,
1249 4818 1518 4887 ἀγαπητὲ,
1535 4821 1590 4871 ἐν
1614 4821 1787 4892 Πατρὶ
1810 4824 2018 4896 καὶΥίῷ

350 4905 445 4957 καὶ
472 4903 612 4974 ἀγίῳ
642 4902 922 4973 Πνεύματι
957 4902 1055 4975 τὴν
1088 4904 1279 4973 ὁμοίαν
1309 4903 1510 4974 ταύτην
1536 4905 1784 4977 δύναμιν,
1806 4908 1895 4980 ἔχε
1918 4913 2018 4981 τήν

351 4993 535 5045 πίστιν
566 4991 860 5044 ἀσάλευτον
882 5006 897 5021 ’
934 4990 1009 5061 μὴ
1042 4991 1271 5062 μερίσῃς
1307 4991 1403 5062 τὴν
1430 4992 1589 5056 δόξαν
1618 4994 1715 5066 τὴν
1745 4998 2019 5070 ἀκατάλη-

351 5097 504 5143 πτον,
527 5080 639 5133 ἀλλ’
666 5079 925 5148 ἐπίγνωθι
952 5078 1050 5142 τὰς
1080 5080 1348 5150 συνθήκας
1368 5080 1462 5134 τοῦ
1494 5082 1867 5154 φωτίσματοςο
1897 5086 2018 5156 βλέ-

351 5186 421 5221 πε
460 5169 585 5232 τοὺς
616 5167 766 5230 υἱοὺς
797 5168 895 5238 τῆς
940 5168 1161 5239 χάριτος
1192 5167 1281 5221 διὰ
1322 5168 1418 5221 τοῦ
1453 5170 1687 5240 μεγάλου
1719 5172 2021 5245 ἀρχιερέως

350 5257 712 5327 ἀνθήσαντας,
748 5254 911 5326 βλέπε
939 5254 1009 5309 τά
1050 5255 1216 5309 τέκνα
1246 5255 1341 5309 τοῦ
1381 5257 1555 5325 φωτὸς
1584 5257 1855 5329 δραμόντα
1886 5262 2021 5332 πρὸς

351 5345 476 5407 τοὺς
516 5344 764 5414 κήρυκας
803 5341 898 5396 τοῦ
934 5342 1143 5412 φωτόςο
1188 5344 1270 5396 δεῖ
1296 5344 1403 5414 γὰρ
1442 5345 1567 5409 τοὺς
1596 5345 1705 5399 ἀπὸ
1735 5345 1828 5400 τοῦ
1855 5347 2021 5416 φωτί-

354 5448 556 5503 σματος
582 5428 1041 5501 ἀναγεννηθέντας
1062 5431 1287 5503 δραμεῖν
1323 5433 1456 5504 πρὸς
1484 5435 1610 5498 τοὺς
1635 5435 1733 5507 τὴν
1773 5436 2033 5509 οἰκουμέτ

355 5535 451 5588 νην
475 5519 962 5589 ἀναγεννήσαντας.
991 5518 1246 5589 Εῖπωμεν
1273 5521 1365 5573 καὶ
1397 5522 1557 5591 ἡμεῖς
1585 5523 1724 5592 μετὰ
1756 5524 1849 5576 τοῦ
1884 5541 2021 5595 προ-

356 5607 530 5676 φήτου
570 5606 664 5658 καὶ
697 5604 807 5657 τῶν
835 5605 1179 5660 ἀποστόλων
1234 5606 1598 5676 Ἀνάϐλεψον
1635 5608 1760 5677 τοῖς
1800 5611 2021 5681 ὀφθαλ-

419 5781 448 5813 ⁸
477 5778 588 5827 MSS.
610 5777 847 5837 τῆέννοίσ,

1937 341 2168 401 DUBIA.
3608 361 3690 418 με

2101 462 2257 531 μοῖς,
2292 462 2390 517 καί
2429 464 2518 518 ἴδε
2548 462 2898 535 συνηγμένα
2940 463 3012 520 τὰ
3044 465 3223 522 τέκνα
3261 484 3398 522 σου·
3427 472 3510 526 καὶ
3536 475 3685 530 πάλιν·

2104 551 2195 605 Ζῶ
2222 553 2356 622 ἐγὼ,
2384 554 2546 625 λέγει
2577 553 2822 623 Κύριος,
2859 554 2949 608 ὅτι
2981 555 3211 621 πάντας
3249 559 3451 625 αὐτοὺς
3465 560 3652 633 ἐνδύσῃ
3670 569 3690 606 δ

2102 640 2183 704 ὡς
2217 642 2450 709 κόσμον
2482 642 2742 709 νύμφης.
2783 641 3025 710 Ἔστηκε
3054 641 3229 695 τοίνυν
3269 643 3475 709 Ἡσαΐας
3502 649 3692 719 σήμερον

2103 725 2274 795 λέγων
2304 728 2439 799 πρὸς
2466 728 2534 781 τά
2563 727 2671 781 τῶν
2706 728 3080 797 φωτισθέντων
3102 729 3295 801 πλήθη,
3327 734 3442 795 τοὺς
3467 736 3697 802 γεννηθέν-

2102 832 2201 879 τας
2236 818 2298 869 ἐκ
2337 817 2651 887 Πνεύματος
2682 818 2857 885 ἁγίου,
2885 818 3012 881 τοὺς
3046 817 3238 887 ἀθρόον
3268 819 3696 890 ἀνακαινισθέντας,

2103 905 2228 968 τοὺς
2248 905 2304 956 ἐν
2333 905 2431 974 μιᾷ
2459 906 2598 975 ῥοπῇ
2628 904 3080 975 μεταϐληθέντας,
3108 905 3230 968 τοὺς
3252 907 3353 958 ἀπὸ
3371 908 3542 976 γηῒνης
3567 926 3697 963 κατα-

2106 993 2349 1055 στάσεως
2387 994 2466 1055 είς
2504 994 2753 1063 ούράνιον
2794 993 2975 1045 εἰκόνα
3012 993 3482 1064 μεταποιηθέντας·
3513 996 3700 1065 ἐκπλήτ-

2103 1097 2254 1133 τεται
2285 1078 2394 1150 γάρ
2431 1080 2657 1143 Ἡσαΐας
2682 1080 2853 1148 λέγων
2871 1098 2884 1111 ·
2919 1081 3013 1145 Τίς
3032 1076 3175 1143 εἶδε,
3206 1080 3294 1146 τίς
3319 1079 3527 1148 ἤκουσε
3548 1083 3702 1137 τοιαῦ-

2105 1184 2196 1229 τα,
2221 1167 2309 1219 ὅτι
2339 1166 2545 1220 ἔτεκεν
2574 1168 2611 1235 ὴ
2640 1165 2715 1236 γῆ
2762 1167 2833 1219 τὰ
2872 1167 3055 1219 τέκνα
3088 1165 3275 1233 αὐτῆς
3306 1167 3372 1219 ἐν
3411 1166 3576 1235 ἡμέρᾳ
3604 1167 3702 1236 μιᾷ,

2107 1255 2202 1307 καί
2225 1254 2436 1323 ἐτέχθη
2459 1254 2635 1320 ἔθνος
2658 1256 2747 1320 είς
2768 1252 2929 1318 ἅπαξ
2942 1271 2960 1319 ;
2990 1254 3193 1323 Ταχεῖα
3219 1254 3322 1324 γὰρ
3341 1253 3427 1307 τοῦ
3449 1255 3708 1324 Πνεῦματος

2106 1350 2138 1418 ή
2168 1347 2527 1417 ἀναγέννησις
2548 1360 2562 1374 ⁸
2603 1346 2704 1399 οὐκ
2733 1345 2995 1414 ἀναμένει
3026 1346 3247 1416 χρόνον,
3282 1345 3339 1397 οὐ
3376 1344 3586 1397 δουλεύει
3614 1363 3707 1399 και-

2111 1438 2222 1504 ροῖς
2250 1436 2346 1488 καὶ
2380 1436 2630 1501 γενεαῖς,
2662 1432 2777 1486 ἀλλ’
2825 1433 2941 1504 ἅμα
2972 1432 3246 1502 βούλεται,
3289 1432 3402 1503 ἅμα
3438 1433 3642 1486 τίκτεται
3665 1433 3714 1485 τὸ
3766 1436 3769 1440 ’

2108 1520 2571 1591 ἀναγεννώμενον.
2620 1522 2867 1592 Ἔπρεπε
2899 1524 3011 1584 τοῖς
3041 1523 3176 1583 υἱοῖς
3218 1519 3309 1573 τοῦ
3338 1520 3502 1588 φωτὸς
3540 1520 3711 1572 ἅπασαν

2107 1612 2204 1682 τὴν
2256 1609 2463 1679 ἀγορὰν
2514 1608 2820 1680 πομπεύειν
2885 1610 2981 1663 καὶ
3040 1607 3282 1675 δοξάζειν
3329 1609 3419 1661 καὶ
3470 1610 3714 1676 ἀναφωνεῖν

2109 1700 2314 1751 ἐκεῖνον
2342 1698 2434 1750 τὸν
2487 1697 2553 1750 δι’
2603 1698 2801 1760 αὐτοὺς
2835 1696 3057 1751 ἐλθόντα
3094 1699 3275 1761 κάτω,
3313 1697 3395 1749 ἵνα
3425 1696 3611 1749 ἅπασαν
3640 1695 3719 1764 τὴν

2109 1788 2440 1856 οἰκουμένην
2488 1785 2741 1859 ἀναγάγῃ
2786 1785 2922 1856 πρὸς
2961 1785 3150 1838 ἐαυτὸν
3195 1783 3345 1855 [Ηεῑ
3387 1784 3506 1837 ἀνω.
3533 1781 3719 1852 Χριστὸς

2111 1873 2379 1944 κατῆλθεν
2417 1874 2480 1927 ἐκ
2512 1872 2619 1926 τῶν
2658 1871 2903 1943 οὐρανῶν
2927 1886 2940 1901 ⁸
2977 1871 3247 1941 κατῆλθεν
3283 1873 3342 1923 οὺ
3377 1868 3616 1941 μεταστὰς
3636 1867 3721 1921 τῶν

2111 1959 2354 2031 οὐρανῶν
2372 1977 2384 1989 ·
2420 1957 2651 2027 ἀνῆλθεν
2676 1958 2737 2010 ού
2774 1956 3045 2028 μεταστὰς
3067 1957 3166 2026 τῆς
3204 1958 3304 2027 γῆς
3325 1970 3339 1986 ο
3368 1955 3482 2009 οὔτε
3504 1954 3597 2023 γὰρ
3616 1970 3718 2005 κατ-

2111 2046 2279 2101 ελθὼν
2304 2048 2430 2109 τοὺς
2460 2045 2726 2116 οὐρανοὺς
2766 2046 3008 2116 ἐρήμους
3029 2042 3339 2107 κατέλιπεν,
3372 2042 3486 2095 οὔτε
3513 2038 3719 2100 ἀνελθὼν,

2110 2136 2315 2207 ἔρημον
2344 2136 2442 2205 τὴν
2465 2135 2567 2204 γῆν
2593 2134 2694 2204 τῆς
2715 2131 2911 2186 ἐαυτοῦ
2937 2130 3262 2195 ἐπιστασίας
3281 2131 3544 2185 ἀπέλιπεν.
3559 2129 3720 2198 Ἔπρε-

2112 2241 2179 2277 πε
2209 2234 2230 2263 ο
2266 2226 2378 2286 τοῖς
2411 2225 2545 2284 υἱοῖς
2572 2220 2667 2275 τοῦ
2695 2220 2868 2289 φωτὸς
2900 2219 3000 2286 τὴν
3033 2218 3298 2289 λαμπάδα
3321 2218 3411 2272 τοῦ
3437 2218 3577 2285 λόγου
3599 2231 3721 2285 περι-

2111 2311 2295 2383 φέρειν
2324 2312 2382 2364 ἐν
2410 2312 2530 2373 ταῖς
2560 2311 2784 2379 ἀγοραῖς
2807 2325 2821 2339 ·
2854 2307 2954 2377 οὐχ
2978 2305 3234 2378 ὑϐρίζετο
3258 2307 3318 2359 τὸ
3347 2305 3630 2377 μυστήριον,
3648 2301 3725 2353 οὐκ

2108 2398 2405 2469 ήτιμάζετο
2436 2396 2545 2449 τῶν
2574 2395 2946 2464 νεοφωτίστων
2985 2396 3014 2448 6
3045 2394 3334 2467 χαρακτὴρ
3370 2392 3463 2463 τῆς
3498 2387 3723 2459 ἀληθείας.

2112 2487 2359 2555 Ἔπρεπε
2391 2485 2483 2538 καὶ
2519 2484 2701 2546 αὐτοῖς
2759 2483 2817 2535 ἐν
2852 2482 3137 2545 πλατείαις
3181 2483 3371 2551 ὑμνεῖν
3392 2497 3407 2512 ⁸
3452 2478 3616 2547 Σοφία
3640 2474 3728 2544 γὰρ

2109 2573 2178 2627 ἐν
2201 2572 2434 2638 ἐξόδοις
2453 2571 2746 2641 ὑμνεῖται,
2765 2571 2835 2625 ἐν
2852 2569 2922 2623 δὲ
2944 2568 3258 2635 πλατείαις
3278 2566 3594 2637 παρρησίαν
3610 2561 3727 2631 ἄγει.

2109 2665 2194 2717 ἐπ’
2227 2663 2409 2732 ἄκρων
2436 2662 2493 2716 δέ
2516 2661 2741 2731 τειχέων
2777 2660 3125 2731 κηρύττεται.
3141 2659 3482 2730 Καθάρωμεν
3503 2657 3584 2709 τὸν
3601 2653 3728 2723 ἀέρα.

2108 2750 2167 2803 ὃν
2196 2749 2384 2819 ἐμίανε
2423 2750 2492 2803 τά
2539 2747 2772 2820 πορνικὰ
2813 2747 3054 2819 ᾄσματα,
3086 2747 3180 2801 καὶ
3222 2745 3451 2819 ἐχρανάν
3498 2759 3609 2798 ποτε
3640 2738 3733 2810 βοαὶ

2108 2836 2342 2895 ἀσεϐῶν.
2375 2838 2471 2890 καὶ
2499 2836 2786 2907 ὀλολυγμοὶ
2811 2835 2918 2887 τῶν
2949 2835 3346 2889 ἐπιτελούντων
3370 2835 3437 2886 τά
3455 2830 3553 2886 τῶν
3581 2827 3731 2897 δαιμό-

2108 2942 2215 2976 νων
2243 2924 2544 2994 μιάσματα.
2590 2921 3063 2993 Ἐκαθαρίσθησαν
3093 2920 3170 2992 τῷ
3194 2922 3341 2992 λόγῳ
3369 2919 3457 2974 τοῦ
3488 2914 3641 2987 φωτὸς
3662 2914 3733 2964 καὶ

2108 3010 2137 3061 6
2170 3010 2298 3079 ἀὴρ,
2337 3010 2429 3062 καὶ
2475 3009 2626 3080 ήγῆ,
2655 3009 2747 3061 καὶ
2785 3010 2813 3061 6
2849 3007 3097 3078 οὐρανός.
3136 3009 3352 3077 ’Ὠσπερ
3391 3005 3494 3076 γὰρ
3534 2998 3736 3061 στενάζει

2109 3096 2205 3148 καὶ
2230 3098 2257 3149 6
2282 3096 2508 3167 οὐρανὸς
2533 3096 2626 3149 καὶ
2648 3098 2679 3165 ή
2715 3096 2783 3166 γῆ
2812 3096 2904 3148 ἐπὶ
2934 3098 2999 3166 τῇ
3028 3095 3199 3165 κακίᾳ
3233 3094 3342 3148 τῶν
3365 3089 3581 3154 ἀσεϐῶν,
3600 3085 3735 3146 οὕτως

2108 3182 2457 3252 εὐφραίνεται
2481 3181 2641 3235 πάλιν
2667 3183 2759 3234 ἐπὶ
2786 3185 2851 3253 τῇ
2875 3181 3189 3252 δικαιοσύνῃ
3216 3180 3328 3233 τῶν
3351 3174 3732 3249 κατορθούντων⁸

2109 3270 2236 3322 ὅταν
2265 3269 2364 3339 μὲν
2399 3269 2507 3339 γὰρ
2551 3269 2841 3341 ἁμαρτάνῃ
2878 3268 3183 3339 ἄνθρωπος,
3239 3266 3531 3337 ἀγανακτεῖ
3555 3264 3581 3315 6
3606 3262 3736 3330 οὑραο

2110 3357 2218 3421 νὸς,
2254 3356 2550 3422 ἀγανακτεῖ
2575 3356 2631 3409 δέ
2667 3356 2759 3409 καὶ
2797 3358 2828 3425 ή
2872 3355 2966 3424 γῆ,
3005 3354 3081 3419 ὥς
3113 3372 3281 3425 φησιν
3317 3351 3600 3424 Ἱερεμίας·
3636 3344 3739 3409 Ἐξ⁴

2109 3443 2259 3509 ἐστη
2293 3446 2325 3497 ὁ
2363 3442 2617 3509 οὐρανὸς
2658 3442 2756 3495 ἐπὶ
2796 3442 3020 3507 τούτῳ,
3056 3443 3155 3497 καὶ
3200 3441 3449 3511 ἔφριξεν
3487 3441 3523 3507 ἡ
3558 3434 3644 3506 γῆ.
3672 3433 3741 3486 ὅτι

2110 3528 2221 3583 δύο
2252 3528 2349 3581 καί
2376 3529 2608 3595 πονηρὰ
2632 3528 2924 3595 ἐποίησεν
2952 3531 2984 3582 ό
3005 3528 3176 3594 λαός.
3214 3528 3382 3599 Ὁρᾷς
3421 3524 3534 3588 πῶς
3568 3519 3740 3593 φρίττει

2110 3618 2140 3670 ὁ
2169 3616 2394 3687 οὐρανὸς
2427 3615 2519 3668 καὶ
2551 3615 2699 3685 ήγῆ,
2733 3615 3153 3687 ἁμαρτανόντων
3175 3615 3289 3669 τῶν
3321 3606 3743 3685 ἀνθρώποινηΜε⁸

2112 3703 2476 3757 ταποιούντων
2511 3703 2568 3756 δὲ
2614 3703 2837 3766 ἑαυτοὺς
2870 3703 2948 3766 είς
2983 3701 3295 3768 εὐσέϐειαν,
3331 3703 3492 3757 ἄκουε
3527 3695 3613 3751 τοῦ
3642 3707 3742 3762 πρε)⁴

2115 3792 2284 3862 φήτου
2342 3791 2618 3858 λέγοντος·
2677 3791 3229 3858 Εὑφραινέσθωσαν
3283 3793 3338 3844 οὶ
3397 3784 3625 3857 οὐρανοί
3667 3776 3747 3835 καὶ

2114 3881 2553 3950 ἀγαλλιάσοωή
2584 3879 2662 3948 γῆ
2682 3899 2695 3911 ο
2727 3880 2964 3948 ρηξάτω
2996 3878 3071 3932 τὰ
3107 3879 3213 3947 ὄρη
3253 3877 3647 3949 εὐφροσύνην,
3667 3865 3743 3921 καί

2114 3972 2166 4023 οἱ
2191 3970 2409 4034 ,βουνοί
2435 3970 2823 4038 ἀταλλίασιν,
2858 3968 2945 4021 ὅτι
2975 3967 3245 4034 ἠλέησεν
3275 3970 3311 4022 d
3348 3967 3489 4032 Θεὸς
3516 3955 3750 4017 τὸνλαὸν

2115 4057 2321 4111 αὑτοῦ.
2349 4056 2567 4124 Λεγέτω
2609 4056 2762 4127 καὶὴ
2813 4054 3108 4123 Ἐκκλησία
3148 4056 3183 4124 ή
3223 4055 3467 4124 τοσούτῳ
3516 4048 3642 4120 ὄχλῳ
3675 4041 3751 4096 καὶ·

2115 4143 2229 4214 λαῷ
2276 4142 2502 4212 κομῶσα
2528 4157 2542 4172 ⁸
2620 4141 2761 4210 Ἐγὼ
2803 4139 3160 4209 κατελείφθην
3191 4157 3327 4194 ποτε
3362 4139 3527 4211 μόνη,
3561 4128 3685 4188 οὗτοι
3706 4127 3748 4180 δέ

2120 4248 2209 4301 μοι
2232 4229 2335 4282 ποῦ
2358 4224 2535 4299 ἦσανς
2564 4227 2674 4297 ἐγὼ
2704 4228 2925 4290 ἄτεκνος
2955 4226 3048 4280 καὶ¹
3076 4227 3239 4297 χήρα,
3266 4227 3490 4286 τούτους
3512 4224 3566 4276 δέ
3598 4214 3749 4291 μοιτίς

2118 4317 2400 4387 ἐγέννησε;
2427 4315 2646 4383 Λεγέτω
2672 4315 2766 4368 καὶ
2789 4314 2859 4368 τά
2884 4314 3054 4368 τέκνα
3080 4317 3179 4386 τῆς
3212 4313 3542 4385 Ἐκκλησίας
3566 4308 3629 4363 τὰ
3654 4318 3752 4357 συν·

2118 4405 2351 4475 εχόμενα
2380 4401 2456 4472 τῷ
2506 4401 2699 4472 πλήθει
2731 4402 2866 4473 πρὸς
2892 4401 2983 4455 τὸν
3013 4402 3144 4456 Θεὸν
3168 4402 3268 4473 τὴν
3303 4402 3489 4472 φωνὴν
3523 4397 3621 4451 τῶν
3647 4406 3752 4460 προ-

2120 4492 2302 4561 φητῶν
2322 4507 2335 4520 ·
2364 4490 2581 4555 Στενός
2609 4506 2711 4561 μοι
2746 4492 2779 4544 ὀ
2802 4489 2985 4552 τόπος
3005 4507 3019 4520 ·
3041 4491 3307 4558 ποίησόν
3326 4507 3431 4561 μοι
3458 4487 3654 4545 τόπον.
3674 4479 3757 4533 ἵνα

2119 4576 2475 4645 κατοικήσω.

2190 4666 2320 4718 Ὅτε
2345 4663 2454 4735 γὰρ
2484 4660 2697 4733 ἤκμαζε
2721 4661 2791 4716 τά
2815 4662 2913 4733 τῆς
2943 4664 3007 4719 πὶ
3020 4663 3169 4735 ἀνης,
3199 4663 3289 4717 ὅτε
3310 4660 3338 4701 ἀ
3373 4658 3659 4730 ἐπενέμετο
3679 4647 3754 4718 τὴν

2121 4753 2274 4807 πόλιν
2308 4750 2510 4819 ταύτην
2536 4751 2570 4821 ή
2612 4749 2749 4822 νομὴ
2788 4751 2885 4821 τῆς
2917 4751 3200 4821 αἱρέσεως,
3237 4748 3486 4820 ἀνήλωτο
3525 4744 3593 4799 τὰ
3623 4739 3755 4822 τέκνα

2120 4840 2220 4909 τῆς
2260 4838 2619 4910 Ἔκκλησίας⁸
2681 4821 2781 4891 καὶ
2814 4836 3000 4909 ῶσπερ
3044 4837 3205 4908 ἀκρὶς
3243 4833 3551 4891 ἐπελθοῦσα
3586 4830 3646 4899 τῇ
3683 4821 3752 4876 ὑπ’

2121 4927 2370 4999 οὐρανὸν,
2394 4925 2672 4979 ἀναλίσκει
2700 4925 2825 4988 τοὺς
2851 4925 3094 4996 καρποὺς
3111 4924 3301 4994 αὐτῆς,
3332 4922 3507 4989 οὕτως
3535 4921 3568 4988 ή
3596 4915 3755 4986 φθοροα

2123 5014 2273 5077 ποιὸς
2298 5012 2610 5068 διδασκαλία
2653 5013 2778 5074 τοὺς
2812 5013 3057 5082 καρποὺς
3095 5012 3195 5082 τῆς
3234 5010 3406 5073 ὅντως
3445 4999 3755 5061 διδασκαλίας

2122 5101 2377 5172 ἀνήλισκε
2408 5100 2501 5155 καὶ
2529 5101 2628 5170 τῆς
2665 5098 2963 5164 εὐσεϐείας.
3005 5099 3165 5152 ’Δλλά
3199 5100 3462 5169 σήμερον,
3491 5083 3756 5162 ἀγαπητοὶ,

2123 5187 2388 5258 ὲξεδλήθτι
2418 5189 2451 5258 ή
2488 5186 2809 5258 φθοροποιὸς
2836 5186 3171 5248 διδασκαλία,
3210 5185 3304 5240 καὶ
3339 5182 3587 5254 εἰσῆλθεν
3616 5178 3646 5247 ἡ
3676 5187 3763 5258 σψ-

2121 5257 2311 5346 τήριοε
2338 5257 2497 5345 χάρις
2537 5257 2886 5342 ἀνα-γεννῶσα
2935 5274 3025 5326 τὸν
3073 5273 3219 5338 λαὸν,
3250 5273 3347 5326 καὶ
3385 5270 3614 5339 λέγουσα
3652 5257 3765 5332 πρὸς

2123 5364 2284 5417 αὐτόν
2303 5380 2315 5393 ·
2371 5361 2507 5417 Νῦν
2539 5361 2941 5417 ἀνταποδώσω
2973 5362 3105 5417 ἀντὶ
3149 5361 3266 5415 τῶν
3294 5360 3512 5430 γόνων,
3538 5349 3623 5409 ὧν
3648 5361 3763 5403 κατ’

2184 5487 2213 5527 ιι
2236 5486 2358 5549 Reg.
2373 5485 2561 5547 ἐνδύσῃ,
2573 5493 2728 5534 recte.
2742 5486 2812 5534 Ila
2828 5486 2959 5534 enim
2977 5485 3239 5547 legendum
3257 5483 3530 5532 secundum
3544 5471 3768 5533 exempl!-

2124 5548 2195 5598 ria
2221 5548 2478 5607 Hebraica,
2493 5548 2655 5597 Graeca
2676 5553 2730 5596 et.
2747 5547 3000 5609 Latina,et
3029 5550 3103 5598 sic
3121 5549 3312 5611 legerat
3324 5535 3689 5594 Beurerus.Ed-
3707 5530 3769 5578 ἓν·

2464 5584 2478 5607 ,
2493 5575 2655 5597 υιαῖω
2676 5575 2730 5596 Ub
2747 5575 2934 5609 uauud,
2947 5575 3000 5597 σι
3029 5575 3103 5598 διν
3121 5575 3312 5609 Ιῠδῠιαι
3324 5575 3510 5594 Wulvl
3525 5575 3596 5589 In"

2125 5612 2368 5720 ὃυῖωίέόὶιὶ
2389 5670 2538 5724 οὕτως
2562 5668 2747 5730 ἔπρεπε.
2774 5669 2875 5720 Sed
2912 5670 3062 5727 οὕτως
3084 5670 3227 5721 deest
3250 5669 3299 5718 in
3355 5665 3507 5728 Beg.,
3529 5668 3685 5721 neque
3706 5652 3772 5703 le-

2126 5735 2269 5797 gis_se_
2279 5733 2475 5797 videtur
2488 5731 2751 5797 Beuljeljus.

2191 5793 2217 5833 ἀ
2239 5794 2345 5856 Reg
2385 5794 2444 5840 τὰ
2469 5798 2550 5849 τῆς
2571 5791 2793 5853 αἱρέσεως
2812 5791 2907 5842 ὅτε.
