3966 6160
387 292 500 350 515

397 408 575 463 omnis
607 421 800 476 nempe
827 405 984 469 facta,
1016 419 1118 459 non
1146 416 1200 459 ut
1230 404 1463 462 lueretici
1496 408 1762 478 eﬂ'utinnt,
1792 413 1881 483 qui
1911 414 1961 467 in

397 498 502 553 hoc
531 497 675 551 dicto
719 495 1048 552 adorandum
1084 495 1336 564 Spiritum
1385 500 1837 566 comprehendere
1877 518 1971 555 an-

396 589 545 652 dent,
572 599 624 642 et
650 587 833 641 dicunt
865 604 877 638 :
914 586 1100 640 Omnia
1126 604 1215 657 per
1252 589 1415 655 ipsum
1451 592 1587 660 facta
1626 601 1761 655 sunt,
1790 602 1838 645 et
1863 594 1971 647 sine

397 680 509 748 ipso
535 681 723 747 factum
752 686 823 730 est
846 676 976 729 nihil
1001 676 1135 745 quod
1163 680 1352 748 factum
1378 688 1448 731 est
1470 681 1520 731 in
1550 680 1681 747 ipso.
1708 680 1903 735 Verum
1923 682 1967 736 si

398 769 524 840 quid
552 770 604 822 in
634 768 754 835 ipso
785 766 981 821 factum
1004 776 1108 829 est,
1137 776 1191 820 at
1222 783 1325 821 non
1368 769 1603 823 increata
1631 779 1818 825 natura
1845 770 1966 840 Spi-

396 863 553 916 ritus.
596 860 723 925 Sed,
769 859 843 914 ait
883 860 995 923 ille,
1028 859 1226 914 dictum
1276 871 1378 927 est,
1411 860 1615 917 Omnia.
1665 864 1824 933 Atqui
1852 863 1967 918 hmc

392 967 519 1015 vox,
571 951 795 1013 Omnia,
843 966 947 1004 non
995 965 1114 1004 cum
1161 958 1337 1005 creata
1384 952 1673 1006 increatam
1723 963 1964 1009 naturam

393 1040 821 1110 comprehendit.
851 1039 1001 1106 Quod
1032 1040 1075 1093 si
1107 1040 1228 1093 huic
1253 1042 1391 1107 voci,
1428 1040 1630 1107 Omnia,
1662 1043 1958 1109 attendens,

386 1149 559 1189 ausus
585 1149 644 1188 es
674 1148 879 1187 sacram
912 1140 1157 1187 naturam
1199 1141 1481 1201 temerare,
1517 1135 1560 1187 si
1603 1135 1834 1189 audieris
1861 1137 1964 1189 Do-

391 1228 596 1280 minum
626 1224 913 1287 dicentem,
956 1223 1140 1277 Omnes
1164 1233 1404 1290 quotquot
1434 1235 1672 1277 venerunt
1716 1237 1832 1279 ante
1862 1244 1958 1293 me,

394 1321 534 1385 fures
555 1324 694 1368 erant
728 1324 774 1368 et
801 1313 1021 1369 latrones
1044 1313 1221 1385 (Joan.
1254 1316 1339 1369 10.
1368 1314 1445 1381 8),
1479 1316 1604 1383 quid
1632 1316 1867 1370 dixeris?
1892 1333 1958 1371 an

393 1409 629 1481 Moysem
658 1409 914 1461 latronem
959 1406 1147 1460 dices?
1194 1422 1259 1458 an
1288 1408 1577 1475 prophetas
1607 1408 1791 1461 fures?
1836 1426 1956 1462 nam

392 1500 471 1553 ait
497 1499 606 1562 ille,
639 1497 820 1551 Omnes
849 1507 1090 1566 quotquot
1114 1508 1230 1549 ante
1269 1512 1346 1549 me
1367 1506 1622 1557 venerunt,
1653 1500 1789 1566 fures
1818 1509 1958 1552 erant

391 1603 439 1644 et
467 1592 706 1645 latrones.
757 1589 859 1644 Sed
908 1603 1100 1642 sensus
1133 1588 1407 1657 distinguit
1438 1588 1503 1642 de
1540 1589 1731 1658 quibus
1779 1605 1957 1645 sermo

389 1681 461 1735 sit
490 1689 544 1734 et
584 1680 650 1733 ad
695 1693 830 1749 quos
856 1678 1142 1748 pertineat.
1178 1678 1327 1732 Nunc
1354 1678 1420 1733 de
1459 1680 1731 1733 creatione
1777 1694 1956 1736 sermo

387 1780 471 1825 est
495 1788 508 1824 :
530 1769 855 1825 creationem
887 1769 955 1823 ab
993 1784 1059 1823 eo
1085 1769 1272 1823 factam
1304 1769 1451 1833 dicit,
1485 1785 1587 1824 non
1632 1783 1806 1825 autem
1838 1773 1957 1826 sub-

384 1863 642 1916 stantiam
692 1860 939 1931 Spiritus,
985 1876 1104 1930 qutc
1152 1862 1222 1914 ita
1268 1863 1539 1931 cognoscit
1579 1878 1639 1917 ea
1687 1879 1807 1933 qua:
1860 1864 1953 1919 Dei

384 1963 533 2020 sunt,
565 1963 622 2007 ut
650 1953 865 2022 spiritus
892 1952 1121 2006 hominis
1159 1969 1277 2022 qua:
1304 1954 1355 2007 in
1383 1969 1441 2008 se
1470 1964 1608 2020 sunt,
1644 1964 1699 2009 ttt
1723 1956 1796 2009 ait
1820 1956 1954 2010 Pau-

384 2044 472 2098 lus
506 2061 520 2099 :
548 2041 714 2097 Nemo
744 2042 879 2096 novit
903 2058 1015 2111 qua:
1039 2052 1155 2095 sunt
1185 2044 1421 2107 hominis,
1446 2044 1541 2097 nisi
1565 2046 1772 2111 spiritus
1793 2040 1953 2099 homi-

382 2136 486 2201 nis,
512 2134 598 2203 qui
626 2134 679 2186 in
704 2134 814 2201 ipso
845 2133 1034 2186 habitat
1061 2133 1139 2203 (1.
1167 2133 1282 2186 Cor.
1313 2133 1367 2189 2.
1399 2135 1507 2204 11).
1538 2135 1592 2189 Si
1624 2151 1751 2205 ergo
1791 2138 1948 2207 spiri-

385 2234 471 2277 tus
497 2239 646 2278 meus
683 2223 890 2278 alienus
929 2233 1012 2277 est
1051 2239 1078 2275 a
1108 2238 1222 2277 mea
1249 2233 1456 2289 natura,
1485 2224 1713 2295 Spiritus
1741 2243 1951 2296 quoque

382 2315 479 2370 Dei
528 2315 734 2369 alienus
783 2316 887 2369 erit
936 2329 965 2366 a
1005 2321 1189 2367 natura
1241 2314 1333 2367 Dei
1370 2332 1382 2367 :
1413 2330 1531 2368 nam
1584 2317 1676 2380 ait,
1724 2317 1948 2387 Spiritus

376 2406 553 2460 omnia
588 2413 866 2463 scrutatur.
899 2406 1047 2459 etiam
1075 2405 1329 2475 profunda
1358 2404 1448 2458 Dei
1480 2404 1586 2477 (Ib.
1618 2423 1665 2461 υ.
1699 2409 1808 2476 10).
1839 2408 1946 2463 γε.

376 2510 500 2549 rum
529 2495 809 2549 haereticus
836 2494 985 2558 illud,
1016 2505 1292 2571 scrutatur,
1323 2496 1489 2561 audit,
1523 2512 1737 2552 sensum
1768 2509 1945 2554 autem

377 2599 545 2653 prave
569 2583 868 2655 detorquet.
913 2584 966 2638 Si
994 2585 1135 2638 enim
1167 2594 1366 2650 nosset,
1412 2586 1600 2656 inquit,
1629 2585 1855 2656 Spiritus
1884 2606 1945 2644 ea

375 2690 501 2744 quae
526 2674 576 2728 in
606 2675 714 2728 Deo
740 2682 888 2739 sunt,
922 2690 1025 2728 non
1056 2675 1235 2743 utique
1259 2684 1624 2732 scrutaretur:
1650 2679 1761 2746 ipsa
1794 2695 1945 2733 nam-

373 2778 486 2832 que
515 2764 863 2831 perscrutatio
890 2764 1263 2831 ignorantiam
1310 2766 1502 2834 arguit.
1544 2765 1599 2821 Si
1631 2783 1761 2837 ergo
1804 2769 1945 2837 quod

372 2851 608 2921 Spiritus
635 2862 849 2905 sanctus
871 2853 1124 2922 profunda
1149 2854 1238 2908 Dei
1262 2865 1548 2923 scrutetur,
1578 2857 1628 2911 id
1657 2859 1768 2926 ejus
1793 2862 1944 2929 igno-

371 2944 599 2997 rantiam
629 2951 852 3015 arguat;
881 2958 1000 2996 cum
1034 2943 1227 2998 videris
1255 2945 1420 2999 Deum
1461 2949 1621 3002 corda
1667 2949 1942 3005 hominum

369 3042 721 3094 scrutantem,
752 3034 920 3101 ipsum
960 3035 1267 3104 ignorantia:
1296 3039 1571 3093 accusabis
1586 3040 1610 3091 ?
1638 3041 1770 3112 Audi
1800 3043 1941 3097 enim

372 3124 598 3177 Paulum
649 3124 954 3178 dicentem:
984 3136 1042 3179 ut
1088 3126 1155 3180 de
1197 3127 1397 3195 Spiritu
1446 3129 1673 3197 dixerat,
1721 3133 1944 3203 Spiritus

370 3216 547 3267 omnia
589 3223 864 3281 scrutatur,
911 3216 1060 3268 etiam
1100 3216 1355 3285 profunda
1400 3218 1539 3273 Dei:
1569 3222 1647 3275 sic
1688 3223 1845 3276 etiam
1875 3223 1941 3278 de

350 3304 485 3376 .Deo
514 3303 959 3373 philosophatur:
994 3304 1096 3369 Qui
1134 3322 1247 3359 vero
1292 3317 1544 3361 scrutatur
1582 3313 1758 3379 corda,
1805 3315 1941 3367 novit

367 3411 570 3449 sensum
601 3396 826 3466 Spiritus
853 3396 1025 3467 (Rom.
1058 3398 1110 3452 8.
1138 3398 1253 3469 27).
1280 3399 1333 3454 Si
1365 3416 1494 3471 ergo
1529 3403 1664 3458 Deus
1692 3407 1941 3472 ignorans

368 3495 654 3550 scrutatur,
686 3486 844 3539 etiam
873 3487 1101 3554 Spiritus
1143 3499 1411 3544 scrutatur
1439 3492 1708 3561 ignorans.
1737 3494 1935 3552 Verum

370 3586 427 3629 ut
457 3577 615 3641 scias,
649 3578 871 3631 scrutari
905 3595 1007 3631 non
1042 3581 1331 3649 ignorantis
1378 3597 1519 3646 esse,
1569 3585 1662 3640 sed
1707 3587 1822 3656 ejus
1848 3592 1935 3658 qui

364 3670 525 3732 sciat,
569 3669 783 3723 intulit:
816 3670 906 3723 Sic
947 3681 994 3723 et
1018 3687 1131 3738 qua:
1177 3672 1268 3725 Dei
1316 3685 1433 3727 sunt
1465 3693 1606 3729 nemo
1654 3682 1805 3744 novit,
1840 3683 1938 3735 nisi

370 3756 598 3826 Spiritus
624 3758 714 3813 Dei
741 3760 814 3829 (I.
854 3759 970 3815 Cor.
1000 3762 1086 3815 10.
1122 3763 1213 3832 tl)
1250 3781 1263 3817 :
1293 3774 1344 3817 et
1385 3768 1742 3835 cognitionem
1771 3770 1935 3840 Spiri-

369 3848 447 3901 tui
474 3848 748 3912 adscribit,
780 3866 885 3903 non
927 3852 1462 3920 comprehensionem
1504 3871 1568 3910 cx
1600 3869 1806 3927 natura,
1839 3862 1932 3916 sed

368 3954 435 3995 ex
469 3949 651 3993 natura
671 3942 1050 4009 cognitioni-un.

436 4031 492 4084 2.
532 4030 712 4100 Itaque
757 4049 823 4086 ne
861 4033 1067 4087 dividas
1122 4034 1497 4091 indivisibilem
1550 4048 1814 4107 naturam,
1866 4059 1932 4098 ne

363 4122 604 4176 disseces
648 4123 997 4176 substantiam
1038 4140 1155 4192 quzc
1202 4127 1370 4178 secari
1419 4131 1617 4195 nequit,
1673 4131 1776 4182 into
1818 4131 1932 4200 ejus

363 4213 654 4282 potentiam
704 4223 950 4268 accurate
981 4229 1266 4283 cognosce.
1297 4216 1443 4270 Unus
1486 4228 1569 4271 est
1597 4222 1683 4288 qni
1716 4232 1933 4276 vocatur

363 4303 525 4357 Pater
554 4316 605 4357 et
636 4303 799 4358 Filius
827 4317 878 4358 et
905 4305 1132 4374 Spiritus
1159 4317 1391 4361 sanctus.
1422 4311 1493 4363 De
1524 4311 1677 4364 Patre
1705 4328 1931 4382 namque

360 4394 494 4448 dicit
519 4395 683 4449 Filius
709 4413 722 4447 :
755 4394 879 4449 Cum
908 4396 1129 4451 videritis
1160 4396 1349 4450 Filium
1380 4401 1598 4454 hominis
1628 4402 1879 4458 sedentem
1901 4422 1932 4457 a

361 4475 555 4538 dextris
594 4487 790 4539 virtutis
821 4486 1034 4553 (Matth.
1065 4487 1154 4540 26.
1185 4489 1296 4558 64).
1327 4490 1460 4542 Cum
1495 4492 1739 4547 virtutem
1776 4496 1925 4559 dixit,

358 4577 585 4644 gloriam
619 4579 911 4637 constituit.
935 4587 990 4632 ιιι
1010 4581 1324 4633 sententiam
1353 4583 1578 4636 mireris.
1604 4583 1932 4653 Quapropter

360 4669 536 4736 ipsum
568 4669 773 4722 Patrem
801 4678 854 4723 ct
893 4670 1055 4721 Deum
1084 4685 1281 4723 vocans
1308 4672 1579 4732 virtutem.
1608 4674 1820 4742 Caiphae
1847 4676 1930 4728 di-

358 4758 517 4812 cebat
548 4775 560 4809 :
593 4757 716 4813 Cum
745 4759 966 4812 videritis
995 4758 1190 4812 Filium
1224 4763 1441 4814 hominis
1466 4764 1718 4818 sedentem
1748 4783 1778 4817 a
1808 4768 1931 4819 demo

354 4853 454 4903 Iris
494 4851 712 4905 virtutis.
746 4852 925 4905 Virtus
974 4868 1100 4920 ergo
1147 4853 1347 4908 Pater:
1383 4856 1548 4909 virtus
1594 4872 1721 4910 vero
1767 4858 1927 4911 etiam

355 4938 550 5002 Filius,
581 4949 640 4994 ut
682 4944 751 4993 ait
782 4942 976 4995 Paulus
1007 4959 1019 4994 :
1053 4940 1278 4996 Christus
1321 4942 1418 4997 Dei
1444 4946 1597 4998 virtus
1625 4956 1673 4998 et
1706 4946 1800 4999 Dei
1839 4964 1927 5000 sa-

353 5030 550 5098 pientia
593 5028 665 5100 (l.
696 5029 816 5084 Cor.
858 5031 909 5083 1.
940 5030 1030 5099 24)
1068 5033 1280 5086 :virtus
1325 5032 1484 5086 etiam
1531 5034 1761 5100 Spiritus
1806 5050 1931 5090 san-

351 5132 478 5175 ctus
508 5137 522 5174 :
547 5120 674 5174 dicit
701 5122 841 5174 enim
872 5122 1124 5176 Servator
1152 5123 1426 5190 discipulis
1459 5141 1471 5176 :
1504 5123 1710 5178 Manete
1751 5127 1803 5178 in
1839 5125 1929 5179 Je-

349 5211 601 5275 rusalem,
632 5213 789 5266 donec
815 5214 1097 5266 induamini
1117 5215 1292 5267 virtute
1322 5230 1383 5268 ea:
1401 5216 1503 5268 alto
1534 5216 1680 5285 (Luc.
1704 5216 1792 5269 24.
1813 5218 1920 5286 49).

348 5302 491 5356 Cum
519 5318 647 5373 ergo
672 5305 832 5369 scias,
865 5304 1076 5368 dilecte,
1107 5304 1159 5357 in
1190 5304 1345 5359 Patre
1387 5316 1440 5359 et
1470 5307 1605 5360 Filio
1635 5317 1688 5361 et
1728 5308 1927 5376 Spiritu

350 5403 546 5448 sancto
569 5409 753 5464 parem
781 5408 899 5448 esse
927 5395 1195 5458 virtutem,
1231 5395 1385 5448 Iidem
1434 5406 1615 5451 teneas
1643 5399 1925 5452 inconcus-

350 5497 475 5536 sam
508 5500 523 5537 :
553 5499 621 5537 ne
661 5482 866 5537 dividas
910 5484 1124 5553 gloriam
1168 5484 1781 5552 incompreltensibilem.
1833 5487 1925 5540 sed

356 5587 527 5629 nosce
565 5559 812 5642 baptismi
845 5580 996 5640 pacta
1028 5589 1041 5624 :
1072 5576 1249 5641 aspice
1295 5575 1431 5629 filios
1475 5577 1659 5643 gratia:
1690 5590 1784 5644 per
1810 5591 1924 5629 mae

353 5665 895 5736 gnum-sacerdotem
926 5663 1191 5727 ﬂorentes,
1242 5666 1420 5735 aspice
1459 5665 1590 5721 lucis
1619 5665 1753 5720 ﬁlios
1796 5681 1920 5721 cur-

1254 294 1319 351 lN
1358 296 1580 365 ILLUD,
1623 297 1689 355 IN
1725 300 2056 357 PRINCIPIO
2093 303 2277 360 ERAT
2321 307 2616 376 VERBUM,
2658 313 2803 370 ETC.

1984 4836 2014 4853 ις,

3544 334 3647 390 540

2080 425 2258 473 rentes
2287 420 2352 474 ad
2378 436 2654 490 praecones
2683 426 2815 481 lucis
2849 445 2860 481 :
2894 441 3106 499 Oportet
3134 435 3278 490 enim
3309 452 3422 500 eos.
3456 442 3542 508 qui
3574 446 3646 498 ab

2078 506 2465 568 illuminatione
2498 530 2590 569 seu
2624 517 2886 587 baptisnto
2925 527 3223 592 regenerati
3250 538 3391 595 sunt,
3421 506 3488 586 ad
3522 534 3643 587 illos

2075 599 2163 667 qui
2192 601 2376 656 orbem
2419 618 2798 673 regenerarnnt
2836 626 3138 670 accurrere.
3163 618 3405 675 Dicanms
3450 632 3503 676 et
3548 640 3644 677 nos

2075 704 2195 744 cum
2248 695 2502 763 propheta
2547 708 2600 751 et
2645 704 2899 769 apostolis
2932 723 2944 758 :
2979 706 3189 774 Respice
3225 712 3400 776 oculis,
3447 724 3494 767 et
3533 717 3644 769 vide

2073 781 2208 850 ﬁlios
2233 793 2345 838 tuos
2369 800 2729 858 congregatos;
2756 801 2808 847 et
2831 812 3064 861 rursum,
3100 799 3222 855 Vivo
3248 821 3359 874 ego,
3385 806 3516 861 dicit
3540 808 3643 863 Do-

2075 873 2270 938 minus,
2303 882 2420 944 quia
2464 879 2568 934 illis
2617 885 2847 938 omnibus
2889 891 3132 955 vestieris,
3178 873 3308 948 velut
3348 913 3641 953 ornamento

2070 980 2267 1054 sponsa:
2296 966 2446 1033 (lsai.
2482 969 2571 1026 60.
2598 971 2652 1025 4.
2677 984 2723 1026 et
2740 975 2825 1030 49.
2853 978 2960 1048 18).
2992 980 3107 1036 Stat
3135 999 3261 1054 ergo
3286 985 3449 1042 Isaias
3478 988 3639 1045 hodie

2069 1052 2345 1120 alloquens
2390 1066 2585 1112 emtum
2638 1056 3073 1136 illuminatorum,
3106 1052 3215 1140 qui
3246 1078 3352 1131 nati
3392 1091 3518 1134 sunt
3567 1096 3634 1136 ex

2069 1142 2265 1211 Spiritu
2285 1158 2487 1216 sancto,
2509 1153 2597 1221 qui
2629 1167 2843 1224 repente
2873 1165 3109 1216 renovati
3133 1176 3276 1233 sunt,
3306 1172 3394 1238 qui
3429 1173 3480 1225 in
3511 1189 3634 1226 moa

2068 1245 2247 1289 mento
2273 1248 2397 1292 sunt
2430 1247 2786 1312 transmutati,
2816 1249 2955 1318 quia
2988 1261 3198 1309 terreno
3222 1268 3366 1314 statu
3397 1261 3448 1316 in
3476 1264 3633 1318 caele-

2066 1333 2200 1380 stem
2256 1327 2539 1399 imaginem
2586 1334 2858 1392 reformati
2899 1353 3063 1399 sunt:
3095 1358 3312 1417 stupore
3360 1355 3632 1420 perculsus

2066 1411 2227 1468 Isaias
2257 1417 2385 1471 dicit
2415 1436 2429 1473 :
2464 1419 2587 1485 Quis
2605 1425 2747 1489 vidit,
2780 1428 2894 1496 quis
2920 1433 3109 1487 audivit
3136 1411 3278 1500 ιαὶξα,
3301 1411 3417 1507 quia
3438 1446 3631 1513 peperit

2063 1512 2197 1558 terra
2238 1509 2375 1573 ﬁlios
2421 1527 2541 1565 suos
2584 1515 2638 1568 in
2676 1518 2759 1570 die
2797 1536 2917 1585 una,
2964 1533 3013 1577 et
3056 1536 3175 1579 nata
3210 1539 3283 1582 est
3317 1509 3448 1601 gens-
3477 1509 3628 1590 simul

2062 1595 2213 1664 (Isai.
2248 1599 2335 1691 66.
2369 1601 2467 1668 8)?
2493 1604 2651 1659 Velox
2679 1609 2875 1680 quippe
2899 1623 2981 1666 est
3004 1614 3229 1684 Spiritus
3259 1595 3625 1691 regeneratio:

2061 1701 2166 1739 non
2196 1690 2360 1743 servit
2386 1694 2712 1760 temporibus
2742 1713 2838 1752 nec
2865 1690 3441 1773 generationibus,ised
3468 1715 3627 1770 simul

2058 1782 2217 1844 atque
2242 1779 2353 1831 vult
2382 1783 2617 1837 nascitur
2649 1787 2790 1855 quod
2832 1803 3197 1860 regeneratur.
3225 1798 3458 1855 Decebat
3485 1804 3624 1860 lilios

2058 1862 2191 1920 lucis
2216 1867 2411 1938 ubique
2438 1873 2488 1925 in
2517 1872 2635 1928 foro
2663 1879 2952 1944 praedicare
2994 1893 3049 1938 et
3078 1886 3352 1945 celebrare
3378 1908 3499 1964 eum
3529 1899 3620 1965 qui

2057 1964 2275 2025 propter
2299 1959 2445 2028 ipsos
2469 1963 2764 2032 descendit,
2799 1980 2853 2023 ut
2879 1980 3047 2027 totum
3075 1978 3256 2034 orbem
3285 1962 3495 2039 sursum
3526 1959 3617 2043 de-

2055 2043 2235 2101 ducat.
2271 2049 2512 2108 Christus
2553 2055 2829 2113 descendit
2854 2061 2922 2117 de
2963 2066 3109 2121 cadis
3139 2086 3153 2122 :
3187 2069 3476 2138 descendit,
3512 2094 3616 2132 non

2055 2131 2338 2192 discedens
2388 2140 2455 2195 de
2507 2145 2685 2212 exulis;
2742 2150 3001 2216 ascendit,
3056 2170 3160 2210 non
3214 2159 3495 2219 discedens
3547 2168 3615 2223 de

2056 2231 2216 2280 terra.
2245 2226 2426 2298 Neque
2453 2233 2594 2287 enim
2638 2252 2760 2291 cum
2799 2239 3094 2312 descendit,
3139 2250 3300 2303 cmlos
3334 2268 3394 2306 se
3420 2270 3616 2312 vacuos

2053 2314 2302 2384 reliquit;
2335 2336 2506 2389 neque
2537 2339 2657 2377 cum
2700 2330 2962 2395 ascendit,
3007 2342 3201 2390 terram
3230 2341 3615 2409 gubernatione

2052 2419 2145 2459 sua
2173 2406 2475 2463 destitutam
2511 2414 2740 2484 reliquit.
2769 2420 2999 2475 Decebat
3024 2422 3158 2480 ﬁlios
3185 2406 3317 2484 lucis
3346 2433 3612 2491 lucernam

2052 2495 2197 2549 verbi
2243 2497 2295 2550 in
2335 2498 2451 2553 foro
2493 2503 2689 2573 ubique
2736 2508 3081 2568 circumferre
3116 2524 3466 2589 :mysterium
3510 2544 3615 2583 non

2051 2589 2373 2642 contumelia
2427 2591 2778 2663 afﬁciebatur,
2833 2598 3112 2659 character
3148 2610 3386 2666 veritatis
3432 2631 3617 2675 recens

2052 2674 2467 2734 illuminatorum
2529 2699 2631 2736 non
2700 2686 3172 2750 debonestabatur.
3231 2699 3463 2758 Dccebat
3524 2674 3618 2763 eos

2050 2782 2258 2836 quoque
2280 2770 2330 2823 in
2363 2772 2551 2840 plateis
2576 2785 2791 2831 cantare
2818 2796 2831 2831 :
2862 2780 3129 2849 Sapientia
3149 2789 3290 2843 enim
3320 2792 3371 2845 in
3401 2795 3617 2853 exitibus

2050 2860 2371 2928 prtedicatur,
2403 2873 2450 2916 et
2474 2866 2524 2917 in
2548 2867 2729 2936 plateis
2758 2870 2971 2937 ﬁdenter
2997 2877 3102 2945 agit
3122 2877 3304 2946 (Prov.
3344 2886 3391 2937 1.
3423 2885 3536 2958 20),
3563 2890 3614 2943 in

2049 2952 2271 3005 summis
2297 2954 2462 3008 muris
2492 2958 2828 3037 praedicatur.
2874 2962 3170 3036 Purgemus
3206 2986 3407 3039 aerem,
3449 2952 3606 3049 quem

2048 3043 2327 3097 cantilenae
2357 3047 2674 3102 meretricia:
2715 3051 3077 3123 inquinarunt,
3123 3075 3281 3127 quem
3314 3043 3613 3125 iniecerunt

2046 3131 2171 3184 olim
2204 3132 2482 3202 impiorum
2507 3126 2792 3205 clamores,
2823 3150 2874 3195 et
2896 3142 3126 3201 ululatus
3142 3126 3336 3205 eorum
3357 3155 3444 3224 qui
3472 3155 3614 3213 foeda

2045 3223 2347 3278 daemonum
2390 3228 2641 3298 mysteria
2689 3231 3052 3289 celebrabant.
3103 3237 3276 3295 Verbo
3322 3223 3454 3300 lucis
3495 3263 3610 3313 aer,

2047 3321 2208 3377 terra,
2264 3316 2450 3370 caelum
2500 3328 2719 3388 purgata
2772 3331 2916 3375 sunt.
2966 3323 3418 3392 Quemadmodum
3466 3337 3608 3391 enim

2045 3405 2232 3459 caelum
2261 3415 2314 3459 et
2342 3418 2481 3461 terra
2505 3408 2573 3462 de
2598 3410 2794 3464 malitia
2825 3412 3104 3481 impiorum
3132 3419 3499 3491 ingemiscunt,
3529 3429 3608 3483 sic

2044 3493 2292 3549 lmtantur
2318 3496 2383 3551 de
2411 3497 2612 3565 iustitia
2643 3502 2924 3568 proborum
2951 3521 3101 3560 :cum
3130 3510 3270 3565 enim
3301 3513 3458 3567 homo
3486 3532 3608 3584 pec-

2041 3594 2147 3646 cat.
2180 3586 2480 3656 indignatur
2507 3590 2714 3652 czelum.
2749 3592 3049 3662 indignatur
3077 3608 3234 3664 terra,
3265 3614 3318 3655 ut
3354 3605 3429 3657 ait
3456 3606 3610 3661 lere-

2041 3676 2175 3728 mias
2209 3693 2220 3727 :
2256 3676 2525 3745 Obstupuit
2550 3679 2726 3732 ctelum
2762 3698 2913 3750 super
2951 3685 3066 3748 hoc,
3101 3696 3148 3739 et
3173 3688 3421 3745 inhorruit
3450 3706 3603 3762 terra,

2040 3771 2161 3838 quia
2195 3770 2294 3823 duo
2324 3773 2459 3824 mala
2498 3773 2616 3840 fecit
2643 3778 2862 3842 populus
2893 3776 3027 3847 (Jer.
3067 3779 3120 3832 2.
3153 3781 3238 3834 1-2.
3277 3784 3387 3854 15).
3418 3786 3605 3843 Viden’

2039 3861 2307 3930 quomodo
2345 3862 2686 3917 exhorrescat
2727 3866 2912 3919 caalum
2962 3878 3016 3921 et
3063 3879 3228 3936 terra,
3260 3879 3604 3940 peccantibus

2040 3952 2378 4006 hominibus?
2405 3952 2535 4006 Cum
2581 3963 2760 4007 autem
2805 3955 2872 4009 ad
2901 3956 3148 4024 pietatem
3192 3975 3599 4035 convertuntur,

2036 4042 2155 4095 audi
2186 4042 2497 4111 pmphetam
2530 4041 2794 4098 dicentem
2825 4063 2838 4097 :
2873 4045 3129 4101 Ltetentur
3156 4051 3270 4104 αι’ιὶ
3298 4063 3346 4106 et
3385 4059 3599 4114 exsultet

2039 4143 2172 4187 terra
2194 4149 2213 4187 :
2233 4143 2496 4202 erumpant
2524 4143 2714 4188 montes
2743 4136 2795 4188 in
2820 4136 3062 4199 lwtitiam,
3098 4149 3143 4191 et
3174 4142 3327 4196 colles
3355 4145 3405 4198 in
3430 4150 3605 4200 exsul-

2039 4225 2295 4286 tationem,
2316 4224 2434 4292 quia
2450 4224 2679 4276 misertus
2696 4234 2769 4276 est
2789 4223 3031 4280 Dominus
3045 4229 3220 4296 populi
3244 4234 3324 4284 sui
3341 4234 3358 4303 (
3366 4232 3389 4284 l
3396 4237 3487 4287 sai.
3506 4237 3597 4295 49.

2041 4313 2149 4381 15).
2180 4313 2330 4366 Dicat
2371 4320 2426 4365 et
2456 4311 2697 4365 Ecclesia
2729 4330 2847 4380 qua:
2891 4323 3039 4369 tanto
3080 4329 3223 4373 cmtu
3263 4321 3418 4377 ﬂoret
3449 4343 3462 4378 :
3496 4327 3605 4395 ligo

2037 4402 2301 4471 quondam
2344 4402 2527 4455 relicta
2573 4416 2688 4454 sum
2732 4403 2884 4468 sola;
2914 4404 2969 4457 hi
2994 4420 3124 4461 vero
3153 4411 3258 4463 mei
3292 4413 3376 4464 ubi
3406 4419 3606 4470 erant?

2036 4508 2133 4561 ego
2161 4495 2362 4560 absque
2390 4494 2570 4547 liberis
2608 4502 2662 4547 et
2690 4493 2847 4551 vidua
2874 4510 2888 4557 ;
2924 4496 3016 4554 has
3039 4514 3169 4555 vero
3198 4503 3315 4570 quis
3354 4507 3481 4560 mihi
3509 4525 3604 4576 ge-

2041 4585 2187 4636 nuit?
2213 4585 2394 4636 Dicant
2423 4594 2476 4636 et
2508 4584 2597 4637 ﬁlii
2626 4585 2878 4640 Ecclesia:
2905 4589 2997 4656 qui
3024 4592 3361 4646 multitudine
3401 4597 3599 4650 redun-

2037 4676 2199 4739 dant,
2246 4676 2623 4743 prophetarum
2661 4692 2793 4730 voce
2841 4678 2950 4733 Deo
2995 4681 3276 4750 loquentes
3307 4701 3319 4736 :
3346 4684 3599 4754 Angustus

2036 4767 2158 4818 mihi
2191 4767 2329 4817 locus
2352 4782 2370 4818 :
2399 4768 2478 4833 fac
2506 4769 2625 4820 mihi
2657 4770 2820 4822 locum
2848 4780 2902 4823 ut
2944 4771 3161 4825 habitem
3196 4772 3354 4843 (Ibid.
3398 4791 3444 4828 υ.
3482 4777 3596 4846 20).

2112 4854 2349 4908 Ηωνειίυἱ
2372 4856 2565 4922 pridem
2586 4857 2902 4910 dominantes
2925 4875 2988 4912 ea:
3013 4863 3208 4914 civitate
3231 4864 3392 4931 ejecti.
3414 4863 3601 4919 Contra

2034 4944 2321 4997 Anommos.
2350 4971 2423 4986 --
2447 4943 2577 4997 Cum
2609 4946 2749 4998 enim
2778 4947 2989 4999 ﬂoreret
3020 4948 3282 5016 impietas,
3316 4968 3437 5007 cum
3465 4956 3600 5009 hanc

2038 5037 2222 5089 urbem
2255 5037 2558 5089 devastaret
2600 5035 2847 5100 hrcresis,
2875 5038 3140 5108 absumpti
3170 5052 3321 5095 erant
3354 5045 3602 5100 Ecclesia:

2038 5127 2127 5179 lilii
2158 5142 2256 5180 :ac
2281 5128 2413 5180 sicut
2440 5128 2639 5180 locusta
2679 5137 2870 5179 terram
2912 5129 3192 5194 invadens,
3234 5133 3350 5200 ejus
3396 5133 3597 5191 fructus

2035 5217 2299 5271 consumit
2334 5233 2347 5269 :
2379 5217 2455 5269 sic
2489 5215 2788 5283 perniciosa
2820 5216 2907 5269 illa
2936 5217 3179 5272 doctrina
3216 5220 3419 5277 fructus
3461 5242 3602 5279 verre

2035 5307 2289 5359 doctrinm
2330 5315 2383 5359 et
2423 5307 2633 5374 pietatis
2677 5309 3031 5374 consumpsit.
3063 5307 3483 5387 Verumlhodic,
3517 5315 3601 5369 di-

2035 5394 2178 5459 lecti,
2206 5396 2371 5464 ejecta
2417 5404 2496 5447 est
2540 5394 2790 5462 pestifera
2839 5396 2928 5449 illa
2959 5397 3225 5460 doctrina,
3268 5411 3321 5455 et
3361 5403 3597 5473 ingressa

2033 5496 2116 5540 est
2155 5485 2402 5538 salutaris
2441 5485 2628 5551 gratia,
2658 5500 2774 5551 quae
2804 5487 3053 5554 populum
3106 5501 3388 5558 regenerat
3431 5504 3486 5549 et
3525 5496 3603 5550 sic

2033 5573 2365 5644 alloquitur:
2423 5572 2572 5625 Nunc
2601 5571 2875 5626 retribuam
2924 5592 3014 5641 pro
3064 5577 3437 5654 fetibus,quag
3482 5600 3600 5638 εοη.

2035 5665 2256 5732 sumpsit
2284 5680 2434 5717 eruca
2460 5672 2503 5715 et
2532 5664 2722 5716 locusta
2747 5674 2794 5718 et
2818 5667 2996 5737 rubigo
3044 5666 3198 5737 (Joel.
3225 5671 3280 5723 ‘2.
3320 5672 3434 5741 ΞΒ).
3466 5672 3602 5741 Quid
