  <div class='ocr_page' id='page_1' title='image "/cluster/home/n/w/nwhite01/storage/ocr_20150623/63/mdp.39015008641394/439.png"; bbox 0 0 3966 6160; ppageno 0'>
   <div class='ocr_carea' id='block_1_1' title="bbox 436 313 537 369">
    <p class='ocr_par' dir='ltr' id='par_1_1' title="bbox 436 313 537 369">
     <span class='ocr_line' id='line_1_1' title="bbox 436 313 537 369; baseline -0.03 0"><span class='ocrx_word' id='word_1_1' title='bbox 436 313 537 369; x_wconf 73' lang='grc' dir='ltr'><strong><em>ΕΠ</em></strong></span> 
     </span>
    </p>
   </div>
   <div class='ocr_carea' id='block_1_2' title="bbox 436 408 2014 487">
    <p class='ocr_par' dir='ltr' id='par_1_2' title="bbox 436 408 2014 487">
     <span class='ocr_line' id='line_1_2' title="bbox 436 408 2014 487; baseline -0.016 -1"><span class='ocrx_word' id='word_1_2' title='bbox 436 426 737 487; x_wconf 88' lang='lat' dir='ltr'><strong>contendis.</strong></span> <span class='ocrx_word' id='word_1_3' title='bbox 770 422 1039 484; x_wconf 70' lang='lat' dir='ltr'><strong>haeretice,</strong></span> <span class='ocrx_word' id='word_1_4' title='bbox 1073 434 1196 474; x_wconf 91' lang='lat' dir='ltr'><strong>cum</strong></span> <span class='ocrx_word' id='word_1_5' title='bbox 1236 415 1440 473; x_wconf 69' lang='lat' dir='ltr'><strong>Judmls</strong></span> <span class='ocrx_word' id='word_1_6' title='bbox 1486 413 1711 485; x_wconf 81' lang='lat' dir='ltr'><strong>gloriam</strong></span> <span class='ocrx_word' id='word_1_7' title='bbox 1742 408 2014 479; x_wconf 84' lang='lat' dir='ltr'><strong>Uuigeniti</strong></span> 
     </span>
    </p>
   </div>
   <div class='ocr_carea' id='block_1_3' title="bbox 437 501 2017 577">
    <p class='ocr_par' dir='ltr' id='par_1_3' title="bbox 437 501 2017 577">
     <span class='ocr_line' id='line_1_3' title="bbox 437 501 2017 577; baseline -0.016 1"><span class='ocrx_word' id='word_1_8' title='bbox 437 518 749 577; x_wconf 86' lang='lat' dir='ltr'><strong>occultare?</strong></span> <span class='ocrx_word' id='word_1_9' title='bbox 789 516 869 570; x_wconf 86' lang='lat' dir='ltr'><strong>Illi</strong></span> <span class='ocrx_word' id='word_1_10' title='bbox 903 511 1358 568; x_wconf 74' lang='lat' dir='ltr'><strong>re~urrectionem</strong></span> <span class='ocrx_word' id='word_1_11' title='bbox 1388 514 1644 576; x_wconf 88' lang='lat' dir='ltr'><strong>quantum</strong></span> <span class='ocrx_word' id='word_1_12' title='bbox 1670 505 1720 557; x_wconf 92' lang='lat' dir='ltr'><strong>iu</strong></span> <span class='ocrx_word' id='word_1_13' title='bbox 1763 502 1892 571; x_wconf 84' lang='lat' dir='ltr'><strong>ipsis</strong></span> <span class='ocrx_word' id='word_1_14' title='bbox 1918 501 2017 554; x_wconf 89' lang='lat' dir='ltr'><strong>fuit</strong></span> 
     </span>
    </p>
   </div>
   <div class='ocr_carea' id='block_1_4' title="bbox 438 594 2013 669">
    <p class='ocr_par' dir='ltr' id='par_1_4' title="bbox 438 594 2013 669">
     <span class='ocr_line' id='line_1_4' title="bbox 438 594 2013 669; baseline -0.015 -1"><span class='ocrx_word' id='word_1_15' title='bbox 438 614 809 669; x_wconf 84' lang='lat' dir='ltr'><strong>occultarum:</strong></span> <span class='ocrx_word' id='word_1_16' title='bbox 843 619 895 659; x_wconf 93' lang='lat' dir='ltr'><strong>tu</strong></span> <span class='ocrx_word' id='word_1_17' title='bbox 925 605 1258 658; x_wconf 74' lang='lat' dir='ltr'><strong>divinitatem</strong></span> <span class='ocrx_word' id='word_1_18' title='bbox 1289 611 1543 669; x_wconf 90' lang='lat' dir='ltr'><strong>quantum</strong></span> <span class='ocrx_word' id='word_1_19' title='bbox 1577 608 1728 666; x_wconf 87' lang='lat' dir='ltr'><strong>potes</strong></span> <span class='ocrx_word' id='word_1_20' title='bbox 1755 594 2013 649; x_wconf 91' lang='lat' dir='ltr'><strong>occultas.</strong></span> 
     </span>
    </p>
   </div>
   <div class='ocr_carea' id='block_1_5' title="bbox 438 690 2015 770">
    <p class='ocr_par' dir='ltr' id='par_1_5' title="bbox 438 690 2015 770">
     <span class='ocr_line' id='line_1_5' title="bbox 438 690 2015 770; baseline -0.014 -12"><span class='ocrx_word' id='word_1_21' title='bbox 438 711 506 758; x_wconf 81' lang='lat' dir='ltr'><strong>At</strong></span> <span class='ocrx_word' id='word_1_22' title='bbox 546 716 721 770; x_wconf 89' lang='lat' dir='ltr'><strong>neque</strong></span> <span class='ocrx_word' id='word_1_23' title='bbox 753 699 828 751; x_wconf 90' lang='lat' dir='ltr'><strong>illi</strong></span> <span class='ocrx_word' id='word_1_24' title='bbox 863 697 1142 751; x_wconf 85' lang='lat' dir='ltr'><strong>veritatem</strong></span> <span class='ocrx_word' id='word_1_25' title='bbox 1192 693 1291 746; x_wconf 92' lang='lat' dir='ltr'><strong>sibi</strong></span> <span class='ocrx_word' id='word_1_26' title='bbox 1325 690 1594 744; x_wconf 88' lang='lat' dir='ltr'><strong>vindicare</strong></span> <span class='ocrx_word' id='word_1_27' title='bbox 1641 696 1882 757; x_wconf 88' lang='lat' dir='ltr'><strong>possunt,</strong></span> <span class='ocrx_word' id='word_1_28' title='bbox 1917 700 2015 737; x_wconf 92' lang='lat' dir='ltr'><strong>ne-</strong></span> 
     </span>
    </p>
   </div>
   <div class='ocr_carea' id='block_1_6' title="bbox 436 779 2018 863">
    <p class='ocr_par' dir='ltr' id='par_1_6' title="bbox 436 779 2018 863">
     <span class='ocr_line' id='line_1_6' title="bbox 436 779 2018 863; baseline -0.013 -15"><span class='ocrx_word' id='word_1_29' title='bbox 436 810 542 863; x_wconf 89' lang='lat' dir='ltr'><strong>que</strong></span> <span class='ocrx_word' id='word_1_30' title='bbox 570 804 625 845; x_wconf 92' lang='lat' dir='ltr'><strong>tu</strong></span> <span class='ocrx_word' id='word_1_31' title='bbox 671 790 921 860; x_wconf 87' lang='lat' dir='ltr'><strong>pietatem</strong></span> <span class='ocrx_word' id='word_1_32' title='bbox 973 796 1304 855; x_wconf 73' lang='lat' dir='ltr'><strong>perspectam</strong></span> <span class='ocrx_word' id='word_1_33' title='bbox 1351 782 1536 835; x_wconf 90' lang='lat' dir='ltr'><strong>habes.</strong></span> <span class='ocrx_word' id='word_1_34' title='bbox 1572 779 1706 832; x_wconf 83' lang='lat' dir='ltr'><strong>Audi</strong></span> <span class='ocrx_word' id='word_1_35' title='bbox 1737 793 1865 846; x_wconf 90' lang='lat' dir='ltr'><strong>ergo</strong></span> <span class='ocrx_word' id='word_1_36' title='bbox 1895 792 2018 843; x_wconf 84' lang='lat' dir='ltr'><strong>pro-</strong></span> 
     </span>
    </p>
   </div>
   <div class='ocr_carea' id='block_1_7' title="bbox 441 866 2019 953">
    <p class='ocr_par' dir='ltr' id='par_1_7' title="bbox 441 866 2019 953">
     <span class='ocr_line' id='line_1_7' title="bbox 441 866 2019 953; baseline -0.01 -18"><span class='ocrx_word' id='word_1_37' title='bbox 441 890 655 953; x_wconf 85' lang='lat' dir='ltr'><strong>phetam</strong></span> <span class='ocrx_word' id='word_1_38' title='bbox 685 882 952 934; x_wconf 90' lang='lat' dir='ltr'><strong>dicentem</strong></span> <span class='ocrx_word' id='word_1_39' title='bbox 984 894 997 929; x_wconf 90' lang='lat'><strong>:</strong></span> <span class='ocrx_word' id='word_1_40' title='bbox 1034 877 1245 945; x_wconf 80' lang='lat' dir='ltr'><strong>Operuit</strong></span> <span class='ocrx_word' id='word_1_41' title='bbox 1273 875 1423 927; x_wconf 78' lang='lat' dir='ltr'><strong>ctetos</strong></span> <span class='ocrx_word' id='word_1_42' title='bbox 1450 872 1607 923; x_wconf 89' lang='lat' dir='ltr'><strong>virtus</strong></span> <span class='ocrx_word' id='word_1_43' title='bbox 1636 871 1765 941; x_wconf 80' lang='lat' dir='ltr'><strong>ejus,</strong></span> <span class='ocrx_word' id='word_1_44' title='bbox 1793 879 1838 921; x_wconf 88' lang='lat' dir='ltr'><strong>et</strong></span> <span class='ocrx_word' id='word_1_45' title='bbox 1867 866 2019 921; x_wconf 85' lang='lat' dir='ltr'><strong>tunde</strong></span> 
     </span>
    </p>
   </div>
   <div class='ocr_carea' id='block_1_8' title="bbox 438 963 2020 1045">
    <p class='ocr_par' dir='ltr' id='par_1_8' title="bbox 438 963 2020 1045">
     <span class='ocr_line' id='line_1_8' title="bbox 438 963 2020 1045; baseline -0.012 -16"><span class='ocrx_word' id='word_1_46' title='bbox 438 976 552 1045; x_wconf 88' lang='lat' dir='ltr'><strong>ejus</strong></span> <span class='ocrx_word' id='word_1_47' title='bbox 578 973 731 1044; x_wconf 84' lang='lat' dir='ltr'><strong>plena</strong></span> <span class='ocrx_word' id='word_1_48' title='bbox 756 980 828 1024; x_wconf 84' lang='lat' dir='ltr'><strong>est</strong></span> <span class='ocrx_word' id='word_1_49' title='bbox 854 981 988 1023; x_wconf 87' lang='lat' dir='ltr'><strong>terra</strong></span> <span class='ocrx_word' id='word_1_50' title='bbox 1038 967 1264 1038; x_wconf 85' lang='lat' dir='ltr'><strong>(Ilabac.</strong></span> <span class='ocrx_word' id='word_1_51' title='bbox 1292 966 1349 1020; x_wconf 70' lang='grc' dir='ltr'>ὅ.</span> <span class='ocrx_word' id='word_1_52' title='bbox 1378 966 1458 1031; x_wconf 79' lang='grc'><strong>5).</strong></span> <span class='ocrx_word' id='word_1_53' title='bbox 1501 963 1703 1027; x_wconf 88' lang='lat' dir='ltr'><strong>Laude,</strong></span> <span class='ocrx_word' id='word_1_54' title='bbox 1736 977 1842 1014; x_wconf 92' lang='lat' dir='ltr'><strong>non</strong></span> <span class='ocrx_word' id='word_1_55' title='bbox 1872 975 2020 1012; x_wconf 84' lang='lat' dir='ltr'><strong>cout-</strong></span> 
     </span>
    </p>
   </div>
   <div class='ocr_carea' id='block_1_9' title="bbox 443 1052 1997 1135">
    <p class='ocr_par' dir='ltr' id='par_1_9' title="bbox 443 1052 1997 1135">
     <span class='ocr_line' id='line_1_9' title="bbox 443 1052 1997 1135; baseline -0.011 -15"><span class='ocrx_word' id='word_1_56' title='bbox 443 1065 839 1135; x_wconf 74' lang='lat' dir='ltr'><strong>preheusioue;</strong></span> <span class='ocrx_word' id='word_1_57' title='bbox 891 1061 1031 1123; x_wconf 86' lang='lat' dir='ltr'><strong>tide,</strong></span> <span class='ocrx_word' id='word_1_58' title='bbox 1088 1074 1194 1111; x_wconf 90' lang='lat' dir='ltr'><strong>non</strong></span> <span class='ocrx_word' id='word_1_59' title='bbox 1260 1055 1717 1125; x_wconf 84' lang='lat' dir='ltr'><strong>perscrutatione;</strong></span> <span class='ocrx_word' id='word_1_60' title='bbox 1773 1052 1997 1105; x_wconf 87' lang='lat' dir='ltr'><strong>caritate</strong></span> 
     </span>
    </p>
   </div>
   <div class='ocr_carea' id='block_1_10' title="bbox 440 1142 2018 1224">
    <p class='ocr_par' dir='ltr' id='par_1_10' title="bbox 440 1142 2018 1224">
     <span class='ocr_line' id='line_1_10' title="bbox 440 1142 2018 1224; baseline -0.011 -14"><span class='ocrx_word' id='word_1_61' title='bbox 440 1171 545 1213; x_wconf 90' lang='lat' dir='ltr'><strong>non</strong></span> <span class='ocrx_word' id='word_1_62' title='bbox 579 1154 984 1224; x_wconf 87' lang='lat' dir='ltr'><strong>perquisitioue.</strong></span> <span class='ocrx_word' id='word_1_63' title='bbox 1011 1149 1127 1203; x_wconf 87' lang='lat' dir='ltr'><strong>Non</strong></span> <span class='ocrx_word' id='word_1_64' title='bbox 1150 1148 1215 1201; x_wconf 90' lang='lat' dir='ltr'><strong>ad</strong></span> <span class='ocrx_word' id='word_1_65' title='bbox 1245 1144 1676 1216; x_wconf 86' lang='lat' dir='ltr'><strong>perquireudum,</strong></span> <span class='ocrx_word' id='word_1_66' title='bbox 1702 1143 1794 1196; x_wconf 84' lang='lat' dir='ltr'><strong>sed</strong></span> <span class='ocrx_word' id='word_1_67' title='bbox 1816 1142 1881 1195; x_wconf 89' lang='lat' dir='ltr'><strong>ad</strong></span> <span class='ocrx_word' id='word_1_68' title='bbox 1903 1156 2018 1198; x_wconf 51' lang='lat' dir='ltr'><strong>cres</strong></span> 
     </span>
    </p>
   </div>
   <div class='ocr_carea' id='block_1_11' title="bbox 439 1236 2009 1301">
    <p class='ocr_par' dir='ltr' id='par_1_11' title="bbox 439 1236 2009 1301">
     <span class='ocr_line' id='line_1_11' title="bbox 439 1236 2009 1301; baseline -0.01 0"><span class='ocrx_word' id='word_1_69' title='bbox 439 1246 672 1301; x_wconf 87' lang='lat' dir='ltr'><strong>deudutu</strong></span> <span class='ocrx_word' id='word_1_70' title='bbox 726 1242 954 1298; x_wconf 90' lang='lat' dir='ltr'><strong>instituti</strong></span> <span class='ocrx_word' id='word_1_71' title='bbox 1007 1254 1248 1294; x_wconf 89' lang='lat' dir='ltr'><strong>sumus:</strong></span> <span class='ocrx_word' id='word_1_72' title='bbox 1297 1239 1577 1291; x_wconf 85' lang='lat' dir='ltr'><strong>credentes</strong></span> <span class='ocrx_word' id='word_1_73' title='bbox 1634 1236 2009 1301; x_wconf 85' lang='lat' dir='ltr'><strong>illumiuamur,</strong></span> 
     </span>
    </p>
   </div>
   <div class='ocr_carea' id='block_1_12' title="bbox 442 1326 2018 1403">
    <p class='ocr_par' dir='ltr' id='par_1_12' title="bbox 442 1326 2018 1403">
     <span class='ocr_line' id='line_1_12' title="bbox 442 1326 2018 1403; baseline -0.008 -13"><span class='ocrx_word' id='word_1_74' title='bbox 442 1355 546 1392; x_wconf 87' lang='lat' dir='ltr'><strong>non</strong></span> <span class='ocrx_word' id='word_1_75' title='bbox 586 1336 799 1392; x_wconf 89' lang='lat' dir='ltr'><strong>curiose</strong></span> <span class='ocrx_word' id='word_1_76' title='bbox 840 1334 1212 1403; x_wconf 85' lang='lat' dir='ltr'><strong>perquirentes</strong></span> <span class='ocrx_word' id='word_1_77' title='bbox 1276 1329 1626 1398; x_wconf 84' lang='lat' dir='ltr'><strong>baptizamur.</strong></span> <span class='ocrx_word' id='word_1_78' title='bbox 1668 1327 1745 1381; x_wconf 87' lang='lat' dir='ltr'><strong>Ne</strong></span> <span class='ocrx_word' id='word_1_79' title='bbox 1785 1337 1835 1381; x_wconf 90' lang='lat' dir='ltr'><strong>te</strong></span> <span class='ocrx_word' id='word_1_80' title='bbox 1873 1326 2018 1379; x_wconf 89' lang='lat' dir='ltr'><strong>deci-</strong></span> 
     </span>
    </p>
   </div>
   <div class='ocr_carea' id='block_1_13' title="bbox 447 1418 2018 1498">
    <p class='ocr_par' dir='ltr' id='par_1_13' title="bbox 447 1418 2018 1498">
     <span class='ocr_line' id='line_1_13' title="bbox 447 1418 2018 1498; baseline -0.01 -14"><span class='ocrx_word' id='word_1_81' title='bbox 447 1433 593 1498; x_wconf 80' lang='lat' dir='ltr'><strong>piant</strong></span> <span class='ocrx_word' id='word_1_82' title='bbox 614 1439 786 1483; x_wconf 64' lang='lat' dir='ltr'><strong>caetus</strong></span> <span class='ocrx_word' id='word_1_83' title='bbox 806 1428 1178 1479; x_wconf 69' lang='lat' dir='ltr'><strong>lia-relicorum</strong></span> <span class='ocrx_word' id='word_1_84' title='bbox 1204 1441 1216 1476; x_wconf 91' lang='lat'><strong>:</strong></span> <span class='ocrx_word' id='word_1_85' title='bbox 1240 1422 1560 1490; x_wconf 77' lang='lat' dir='ltr'><strong>baptismum</strong></span> <span class='ocrx_word' id='word_1_86' title='bbox 1578 1420 1772 1489; x_wconf 85' lang='lat' dir='ltr'><strong>quippe</strong></span> <span class='ocrx_word' id='word_1_87' title='bbox 1802 1418 2018 1481; x_wconf 82' lang='lat' dir='ltr'><strong>habent,</strong></span> 
     </span>
    </p>
   </div>
   <div class='ocr_carea' id='block_1_14' title="bbox 447 1511 2018 1580">
    <p class='ocr_par' dir='ltr' id='par_1_14' title="bbox 447 1511 2018 1580">
     <span class='ocr_line' id='line_1_14' title="bbox 447 1511 2018 1580; baseline -0.008 -7"><span class='ocrx_word' id='word_1_88' title='bbox 447 1520 541 1573; x_wconf 87' lang='lat' dir='ltr'><strong>sed</strong></span> <span class='ocrx_word' id='word_1_89' title='bbox 588 1533 693 1571; x_wconf 90' lang='lat' dir='ltr'><strong>non</strong></span> <span class='ocrx_word' id='word_1_90' title='bbox 744 1516 1239 1578; x_wconf 79' lang='lat' dir='ltr'><strong>illutuiuatiouem;</strong></span> <span class='ocrx_word' id='word_1_91' title='bbox 1291 1521 1345 1565; x_wconf 89' lang='lat' dir='ltr'><strong>et</strong></span> <span class='ocrx_word' id='word_1_92' title='bbox 1396 1511 1731 1580; x_wconf 84' lang='lat' dir='ltr'><strong>baptizautur</strong></span> <span class='ocrx_word' id='word_1_93' title='bbox 1773 1522 2018 1574; x_wconf 88' lang='lat' dir='ltr'><strong>corpore,</strong></span> 
     </span>
    </p>
   </div>
   <div class='ocr_carea' id='block_1_15' title="bbox 443 1602 2025 1664">
    <p class='ocr_par' dir='ltr' id='par_1_15' title="bbox 443 1602 2025 1664">
     <span class='ocr_line' id='line_1_15' title="bbox 443 1602 2025 1664; baseline -0.008 0"><span class='ocrx_word' id='word_1_94' title='bbox 443 1610 538 1664; x_wconf 88' lang='lat' dir='ltr'><strong>sed</strong></span> <span class='ocrx_word' id='word_1_95' title='bbox 577 1609 753 1662; x_wconf 86' lang='lat' dir='ltr'><strong>anima</strong></span> <span class='ocrx_word' id='word_1_96' title='bbox 781 1622 886 1661; x_wconf 88' lang='lat' dir='ltr'><strong>non</strong></span> <span class='ocrx_word' id='word_1_97' title='bbox 920 1606 1308 1659; x_wconf 87' lang='lat' dir='ltr'><strong>illuminautur.</strong></span> <span class='ocrx_word' id='word_1_98' title='bbox 1339 1603 1490 1659; x_wconf 86' lang='lat' dir='ltr'><strong>Sicut</strong></span> <span class='ocrx_word' id='word_1_99' title='bbox 1528 1603 1670 1657; x_wconf 89' lang='lat' dir='ltr'><strong>enim</strong></span> <span class='ocrx_word' id='word_1_100' title='bbox 1716 1602 1898 1655; x_wconf 84' lang='lat' dir='ltr'><strong>Simon</strong></span> <span class='ocrx_word' id='word_1_101' title='bbox 1933 1602 2025 1654; x_wconf 88' lang='lat' dir='ltr'><strong>ba-</strong></span> 
     </span>
    </p>
   </div>
   <div class='ocr_carea' id='block_1_16' title="bbox 445 1694 2023 1770">
    <p class='ocr_par' dir='ltr' id='par_1_16' title="bbox 445 1694 2023 1770">
     <span class='ocr_line' id='line_1_16' title="bbox 445 1694 2023 1770; baseline -0.002 -19"><span class='ocrx_word' id='word_1_102' title='bbox 445 1703 691 1770; x_wconf 85' lang='lat' dir='ltr'><strong>ptizatus,</strong></span> <span class='ocrx_word' id='word_1_103' title='bbox 727 1716 831 1752; x_wconf 91' lang='lat' dir='ltr'><strong>non</strong></span> <span class='ocrx_word' id='word_1_104' title='bbox 865 1698 1198 1751; x_wconf 89' lang='lat' dir='ltr'><strong>illumiuatus</strong></span> <span class='ocrx_word' id='word_1_105' title='bbox 1226 1707 1327 1761; x_wconf 78' lang='lat' dir='ltr'><strong>est,</strong></span> <span class='ocrx_word' id='word_1_106' title='bbox 1367 1709 1419 1750; x_wconf 90' lang='lat' dir='ltr'><strong>et</strong></span> <span class='ocrx_word' id='word_1_107' title='bbox 1454 1696 1537 1749; x_wconf 89' lang='lat' dir='ltr'><strong>isti</strong></span> <span class='ocrx_word' id='word_1_108' title='bbox 1584 1697 1694 1765; x_wconf 91' lang='lat' dir='ltr'><strong>pari</strong></span> <span class='ocrx_word' id='word_1_109' title='bbox 1742 1696 1901 1747; x_wconf 90' lang='lat' dir='ltr'><strong>modo</strong></span> <span class='ocrx_word' id='word_1_110' title='bbox 1929 1694 2023 1748; x_wconf 91' lang='lat' dir='ltr'><strong>dc-</strong></span> 
     </span>
    </p>
   </div>
   <div class='ocr_carea' id='block_1_17' title="bbox 444 1788 2019 1863">
    <p class='ocr_par' dir='ltr' id='par_1_17' title="bbox 444 1788 2019 1863">
     <span class='ocr_line' id='line_1_17' title="bbox 444 1788 2019 1863; baseline -0.006 -16"><span class='ocrx_word' id='word_1_111' title='bbox 444 1792 871 1863; x_wconf 82' lang='lat' dir='ltr'><strong>preltenduntur.</strong></span> <span class='ocrx_word' id='word_1_112' title='bbox 918 1790 1202 1844; x_wconf 80' lang='lat' dir='ltr'><strong>Exsulteut</strong></span> <span class='ocrx_word' id='word_1_113' title='bbox 1228 1804 1357 1858; x_wconf 91' lang='lat' dir='ltr'><strong>ergo</strong></span> <span class='ocrx_word' id='word_1_114' title='bbox 1386 1788 1608 1856; x_wconf 78' lang='lat' dir='ltr'><strong>Spiritus</strong></span> <span class='ocrx_word' id='word_1_115' title='bbox 1632 1790 2019 1855; x_wconf 75' lang='lat' dir='ltr'><strong>apostolorum,</strong></span> 
     </span>
    </p>
   </div>
   <div class='ocr_carea' id='block_1_18' title="bbox 442 1880 2024 1954">
    <p class='ocr_par' dir='ltr' id='par_1_18' title="bbox 442 1880 2024 1954">
     <span class='ocr_line' id='line_1_18' title="bbox 442 1880 2024 1954; baseline -0.003 -19"><span class='ocrx_word' id='word_1_116' title='bbox 442 1885 532 1954; x_wconf 92' lang='lat' dir='ltr'><strong>qui</strong></span> <span class='ocrx_word' id='word_1_117' title='bbox 560 1883 821 1953; x_wconf 87' lang='lat' dir='ltr'><strong>spirituali</strong></span> <span class='ocrx_word' id='word_1_118' title='bbox 851 1897 1049 1951; x_wconf 86' lang='lat' dir='ltr'><strong>sagena</strong></span> <span class='ocrx_word' id='word_1_119' title='bbox 1086 1893 1290 1933; x_wconf 89' lang='lat' dir='ltr'><strong>tantum</strong></span> <span class='ocrx_word' id='word_1_120' title='bbox 1318 1880 1456 1933; x_wconf 83' lang='lat' dir='ltr'><strong>hunc.</strong></span> <span class='ocrx_word' id='word_1_121' title='bbox 1487 1880 1739 1949; x_wconf 80' lang='lat' dir='ltr'><strong>populum</strong></span> <span class='ocrx_word' id='word_1_122' title='bbox 1769 1887 2024 1946; x_wconf 85' lang='lat' dir='ltr'><strong>ceperunt</strong></span> 
     </span>
    </p>
   </div>
   <div class='ocr_carea' id='block_1_19' title="bbox 446 1970 2024 2045">
    <p class='ocr_par' dir='ltr' id='par_1_19' title="bbox 446 1970 2024 2045">
     <span class='ocr_line' id='line_1_19' title="bbox 446 1970 2024 2045; baseline -0.004 -16"><span class='ocrx_word' id='word_1_123' title='bbox 446 1993 539 2045; x_wconf 82' lang='lat' dir='ltr'><strong>per</strong></span> <span class='ocrx_word' id='word_1_124' title='bbox 568 1975 821 2045; x_wconf 86' lang='lat' dir='ltr'><strong>Spiritum</strong></span> <span class='ocrx_word' id='word_1_125' title='bbox 866 1987 1132 2030; x_wconf 86' lang='lat' dir='ltr'><strong>sanctum.</strong></span> <span class='ocrx_word' id='word_1_126' title='bbox 1166 1972 1317 2026; x_wconf 88' lang='lat' dir='ltr'><strong>Nunc</strong></span> <span class='ocrx_word' id='word_1_127' title='bbox 1367 1973 1583 2040; x_wconf 88' lang='lat' dir='ltr'><strong>impleta</strong></span> <span class='ocrx_word' id='word_1_128' title='bbox 1629 1982 1712 2025; x_wconf 88' lang='lat' dir='ltr'><strong>est</strong></span> <span class='ocrx_word' id='word_1_129' title='bbox 1758 1971 1808 2024; x_wconf 94' lang='lat' dir='ltr'><strong>in</strong></span> <span class='ocrx_word' id='word_1_130' title='bbox 1855 1970 2024 2024; x_wconf 83' lang='lat' dir='ltr'><strong>oculis</strong></span> 
     </span>
    </p>
   </div>
   <div class='ocr_carea' id='block_1_20' title="bbox 449 2063 2025 2136">
    <p class='ocr_par' dir='ltr' id='par_1_20' title="bbox 449 2063 2025 2136">
     <span class='ocr_line' id='line_1_20' title="bbox 449 2063 2025 2136; baseline -0.002 -15"><span class='ocrx_word' id='word_1_131' title='bbox 449 2068 646 2123; x_wconf 88' lang='lat' dir='ltr'><strong>nostris</strong></span> <span class='ocrx_word' id='word_1_132' title='bbox 696 2066 1010 2136; x_wconf 82' lang='lat' dir='ltr'><strong>prOphetica</strong></span> <span class='ocrx_word' id='word_1_133' title='bbox 1062 2081 1208 2119; x_wconf 87' lang='lat' dir='ltr'><strong>vox:</strong></span> <span class='ocrx_word' id='word_1_134' title='bbox 1243 2063 1310 2117; x_wconf 85' lang='lat' dir='ltr'><strong>lu</strong></span> <span class='ocrx_word' id='word_1_135' title='bbox 1354 2065 1640 2118; x_wconf 79' lang='lat' dir='ltr'><strong>novissimis</strong></span> <span class='ocrx_word' id='word_1_136' title='bbox 1681 2064 1874 2127; x_wconf 83' lang='lat' dir='ltr'><strong>diebus,</strong></span> <span class='ocrx_word' id='word_1_137' title='bbox 1904 2064 2025 2117; x_wconf 86' lang='lat' dir='ltr'><strong>dicit</strong></span> 
     </span>
    </p>
   </div>
   <div class='ocr_carea' id='block_1_21' title="bbox 447 2154 2026 2223">
    <p class='ocr_par' dir='ltr' id='par_1_21' title="bbox 447 2154 2026 2223">
     <span class='ocr_line' id='line_1_21' title="bbox 447 2154 2026 2223; baseline -0.004 -11"><span class='ocrx_word' id='word_1_138' title='bbox 447 2157 605 2223; x_wconf 78' lang='lat' dir='ltr'><strong>Deus,</strong></span> <span class='ocrx_word' id='word_1_139' title='bbox 635 2174 737 2210; x_wconf 86' lang='lat' dir='ltr'><strong>non</strong></span> <span class='ocrx_word' id='word_1_140' title='bbox 787 2159 921 2211; x_wconf 88' lang='lat' dir='ltr'><strong>ultra</strong></span> <span class='ocrx_word' id='word_1_141' title='bbox 968 2156 1155 2216; x_wconf 82' lang='lat' dir='ltr'><strong>dicent,</strong></span> <span class='ocrx_word' id='word_1_142' title='bbox 1192 2154 1323 2208; x_wconf 84' lang='lat' dir='ltr'><strong>Ecce</strong></span> <span class='ocrx_word' id='word_1_143' title='bbox 1366 2172 1488 2207; x_wconf 88' lang='lat' dir='ltr'><strong>arca</strong></span> <span class='ocrx_word' id='word_1_144' title='bbox 1539 2156 1821 2208; x_wconf 78' lang='lat' dir='ltr'><strong>testamenti</strong></span> <span class='ocrx_word' id='word_1_145' title='bbox 1864 2154 2026 2207; x_wconf 86' lang='lat' dir='ltr'><strong>sancti</strong></span> 
     </span>
    </p>
   </div>
   <div class='ocr_carea' id='block_1_22' title="bbox 445 2245 2025 2316">
    <p class='ocr_par' dir='ltr' id='par_1_22' title="bbox 445 2245 2025 2316">
     <span class='ocr_line' id='line_1_22' title="bbox 445 2245 2025 2316; baseline -0.004 -13"><span class='ocrx_word' id='word_1_146' title='bbox 445 2250 647 2314; x_wconf 85' lang='lat' dir='ltr'><strong>Israel;</strong></span> <span class='ocrx_word' id='word_1_147' title='bbox 691 2251 741 2303; x_wconf 89' lang='lat' dir='ltr'><strong>id</strong></span> <span class='ocrx_word' id='word_1_148' title='bbox 786 2259 899 2312; x_wconf 88' lang='lat' dir='ltr'><strong>est,</strong></span> <span class='ocrx_word' id='word_1_149' title='bbox 929 2249 1104 2302; x_wconf 91' lang='lat' dir='ltr'><strong>cultus</strong></span> <span class='ocrx_word' id='word_1_150' title='bbox 1154 2245 1441 2316; x_wconf 91' lang='lat' dir='ltr'><strong>antiquus;</strong></span> <span class='ocrx_word' id='word_1_151' title='bbox 1494 2262 1656 2314; x_wconf 85' lang='lat' dir='ltr'><strong>neque</strong></span> <span class='ocrx_word' id='word_1_152' title='bbox 1696 2245 1927 2298; x_wconf 79' lang='lat' dir='ltr'><strong>ascendet</strong></span> <span class='ocrx_word' id='word_1_153' title='bbox 1972 2245 2025 2297; x_wconf 88' lang='lat' dir='ltr'><strong>in</strong></span> 
     </span>
    </p>
   </div>
   <div class='ocr_carea' id='block_1_23' title="bbox 446 2334 2026 2408">
    <p class='ocr_par' dir='ltr' id='par_1_23' title="bbox 446 2334 2026 2408">
     <span class='ocr_line' id='line_1_23' title="bbox 446 2334 2026 2408; baseline -0.006 -13"><span class='ocrx_word' id='word_1_154' title='bbox 446 2360 533 2396; x_wconf 85' lang='lat' dir='ltr'><strong>cor</strong></span> <span class='ocrx_word' id='word_1_155' title='bbox 559 2358 731 2395; x_wconf 88' lang='lat' dir='ltr'><strong>eorum</strong></span> <span class='ocrx_word' id='word_1_156' title='bbox 776 2349 1123 2393; x_wconf 83' lang='lat' dir='ltr'><strong>testamentum</strong></span> <span class='ocrx_word' id='word_1_157' title='bbox 1151 2354 1284 2391; x_wconf 77' lang='lat' dir='ltr'><strong>arca:</strong></span> <span class='ocrx_word' id='word_1_158' title='bbox 1324 2336 1539 2408; x_wconf 88' lang='lat' dir='ltr'><strong>(Jerem.</strong></span> <span class='ocrx_word' id='word_1_159' title='bbox 1568 2337 1623 2389; x_wconf 80' lang='grc'>5.</span> <span class='ocrx_word' id='word_1_160' title='bbox 1656 2336 1769 2405; x_wconf 81' lang='grc'><strong>16).</strong></span> <span class='ocrx_word' id='word_1_161' title='bbox 1812 2334 2026 2402; x_wconf 78' lang='lat' dir='ltr'><strong>Quare?</strong></span> 
     </span>
    </p>
   </div>
   <div class='ocr_carea' id='block_1_24' title="bbox 445 2429 2023 2500">
    <p class='ocr_par' dir='ltr' id='par_1_24' title="bbox 445 2429 2023 2500">
     <span class='ocr_line' id='line_1_24' title="bbox 445 2429 2023 2500; baseline -0.001 -18"><span class='ocrx_word' id='word_1_162' title='bbox 445 2429 583 2494; x_wconf 83' lang='lat' dir='ltr'><strong>Quia</strong></span> <span class='ocrx_word' id='word_1_163' title='bbox 600 2446 711 2483; x_wconf 88' lang='lat' dir='ltr'><strong>ecce</strong></span> <span class='ocrx_word' id='word_1_164' title='bbox 727 2447 817 2499; x_wconf 86' lang='lat' dir='ltr'><strong>ego</strong></span> <span class='ocrx_word' id='word_1_165' title='bbox 835 2432 1041 2483; x_wconf 79' lang='lat' dir='ltr'><strong>mittam</strong></span> <span class='ocrx_word' id='word_1_166' title='bbox 1055 2430 1243 2483; x_wconf 86' lang='lat' dir='ltr'><strong>multos</strong></span> <span class='ocrx_word' id='word_1_167' title='bbox 1260 2438 1528 2483; x_wconf 86' lang='lat' dir='ltr'><strong>venatores</strong></span> <span class='ocrx_word' id='word_1_168' title='bbox 1545 2436 1593 2481; x_wconf 89' lang='lat' dir='ltr'><strong>et</strong></span> <span class='ocrx_word' id='word_1_169' title='bbox 1614 2431 1896 2499; x_wconf 86' lang='lat' dir='ltr'><strong>piscatores</strong></span> <span class='ocrx_word' id='word_1_170' title='bbox 1915 2430 2023 2500; x_wconf 79' lang='lat' dir='ltr'><strong>(Je-</strong></span> 
     </span>
    </p>
   </div>
   <div class='ocr_carea' id='block_1_25' title="bbox 445 2517 2019 2590">
    <p class='ocr_par' dir='ltr' id='par_1_25' title="bbox 445 2517 2019 2590">
     <span class='ocr_line' id='line_1_25' title="bbox 445 2517 2019 2590; baseline 0.004 -23"><span class='ocrx_word' id='word_1_171' title='bbox 445 2517 1253 2586; x_wconf 77' lang='lat' dir='ltr'><strong>rem.l6.16).Circumscripsit</strong></span> <span class='ocrx_word' id='word_1_172' title='bbox 1280 2533 1458 2570; x_wconf 89' lang='lat' dir='ltr'><strong>arcam</strong></span> <span class='ocrx_word' id='word_1_173' title='bbox 1487 2518 1633 2571; x_wconf 88' lang='lat' dir='ltr'><strong>illam</strong></span> <span class='ocrx_word' id='word_1_174' title='bbox 1664 2518 2019 2590; x_wconf 83' lang='lat' dir='ltr'><strong>vetercm(a),</strong></span> 
     </span>
    </p>
   </div>
   <div class='ocr_carea' id='block_1_26' title="bbox 447 2608 2029 2680">
    <p class='ocr_par' dir='ltr' id='par_1_26' title="bbox 447 2608 2029 2680">
     <span class='ocr_line' id='line_1_26' title="bbox 447 2608 2029 2680; baseline -0.004 -13"><span class='ocrx_word' id='word_1_175' title='bbox 447 2623 501 2667; x_wconf 88' lang='lat' dir='ltr'><strong>et</strong></span> <span class='ocrx_word' id='word_1_176' title='bbox 540 2611 746 2667; x_wconf 82' lang='lat' dir='ltr'><strong>induxit</strong></span> <span class='ocrx_word' id='word_1_177' title='bbox 771 2627 946 2666; x_wconf 88' lang='lat' dir='ltr'><strong>arcam</strong></span> <span class='ocrx_word' id='word_1_178' title='bbox 978 2610 1234 2666; x_wconf 69' lang='lat' dir='ltr'><strong>Ecclesiae</strong></span> <span class='ocrx_word' id='word_1_179' title='bbox 1255 2626 1374 2680; x_wconf 70' lang='lat' dir='ltr'><strong>qua:</strong></span> <span class='ocrx_word' id='word_1_180' title='bbox 1401 2625 1691 2680; x_wconf 87' lang='lat' dir='ltr'><strong>numquam</strong></span> <span class='ocrx_word' id='word_1_181' title='bbox 1722 2608 1879 2679; x_wconf 90' lang='lat' dir='ltr'><strong>perit.</strong></span> <span class='ocrx_word' id='word_1_182' title='bbox 1908 2609 2029 2663; x_wconf 81' lang='lat' dir='ltr'><strong>Mit-</strong></span> 
     </span>
    </p>
   </div>
   <div class='ocr_carea' id='block_1_27' title="bbox 443 2701 2029 2772">
    <p class='ocr_par' dir='ltr' id='par_1_27' title="bbox 443 2701 2029 2772">
     <span class='ocr_line' id='line_1_27' title="bbox 443 2701 2029 2772; baseline -0.004 -11"><span class='ocrx_word' id='word_1_183' title='bbox 443 2719 549 2761; x_wconf 79' lang='lat' dir='ltr'><strong>tam</strong></span> <span class='ocrx_word' id='word_1_184' title='bbox 578 2706 760 2759; x_wconf 86' lang='lat' dir='ltr'><strong>multos</strong></span> <span class='ocrx_word' id='word_1_185' title='bbox 787 2715 1045 2758; x_wconf 83' lang='lat' dir='ltr'><strong>venatores</strong></span> <span class='ocrx_word' id='word_1_186' title='bbox 1073 2713 1120 2757; x_wconf 89' lang='lat' dir='ltr'><strong>et</strong></span> <span class='ocrx_word' id='word_1_187' title='bbox 1151 2704 1450 2772; x_wconf 72' lang='lat' dir='ltr'><strong>piscatores.</strong></span> <span class='ocrx_word' id='word_1_188' title='bbox 1480 2703 1524 2757; x_wconf 93' lang='grc' dir='ltr'><strong>Ο</strong></span> <span class='ocrx_word' id='word_1_189' title='bbox 1554 2718 1744 2757; x_wconf 90' lang='lat' dir='ltr'><strong>novam</strong></span> <span class='ocrx_word' id='word_1_190' title='bbox 1780 2701 2029 2771; x_wconf 85' lang='lat' dir='ltr'><strong>piscatio-</strong></span> 
     </span>
    </p>
   </div>
   <div class='ocr_carea' id='block_1_28' title="bbox 451 2792 2027 2866">
    <p class='ocr_par' dir='ltr' id='par_1_28' title="bbox 451 2792 2027 2866">
     <span class='ocr_line' id='line_1_28' title="bbox 451 2792 2027 2866; baseline -0.003 -17"><span class='ocrx_word' id='word_1_191' title='bbox 451 2796 723 2866; x_wconf 79' lang='lat' dir='ltr'><strong>uetntqui</strong></span> <span class='ocrx_word' id='word_1_192' title='bbox 771 2794 885 2849; x_wconf 88' lang='lat' dir='ltr'><strong>heri</strong></span> <span class='ocrx_word' id='word_1_193' title='bbox 933 2803 1120 2863; x_wconf 85' lang='lat' dir='ltr'><strong>captus</strong></span> <span class='ocrx_word' id='word_1_194' title='bbox 1164 2804 1265 2855; x_wconf 78' lang='lat' dir='ltr'><strong>cst.</strong></span> <span class='ocrx_word' id='word_1_195' title='bbox 1313 2793 1470 2846; x_wconf 88' lang='lat' dir='ltr'><strong>hodie</strong></span> <span class='ocrx_word' id='word_1_196' title='bbox 1512 2795 1788 2863; x_wconf 85' lang='lat' dir='ltr'><strong>piscatur:</strong></span> <span class='ocrx_word' id='word_1_197' title='bbox 1827 2792 2027 2860; x_wconf 86' lang='lat' dir='ltr'><strong>repleta</strong></span> 
     </span>
    </p>
   </div>
   <div class='ocr_carea' id='block_1_29' title="bbox 451 2884 2026 2956">
    <p class='ocr_par' dir='ltr' id='par_1_29' title="bbox 451 2884 2026 2956">
     <span class='ocr_line' id='line_1_29' title="bbox 451 2884 2026 2956; baseline -0.001 -15"><span class='ocrx_word' id='word_1_198' title='bbox 451 2888 594 2942; x_wconf 86' lang='lat' dir='ltr'><strong>enim</strong></span> <span class='ocrx_word' id='word_1_199' title='bbox 619 2896 701 2940; x_wconf 89' lang='lat' dir='ltr'><strong>est</strong></span> <span class='ocrx_word' id='word_1_200' title='bbox 726 2896 863 2939; x_wconf 87' lang='lat' dir='ltr'><strong>terra</strong></span> <span class='ocrx_word' id='word_1_201' title='bbox 891 2885 1057 2956; x_wconf 85' lang='lat' dir='ltr'><strong>gloria</strong></span> <span class='ocrx_word' id='word_1_202' title='bbox 1088 2884 1310 2949; x_wconf 90' lang='lat' dir='ltr'><strong>Christi,</strong></span> <span class='ocrx_word' id='word_1_203' title='bbox 1340 2895 1394 2938; x_wconf 89' lang='lat' dir='ltr'><strong>et</strong></span> <span class='ocrx_word' id='word_1_204' title='bbox 1423 2885 1620 2954; x_wconf 89' lang='lat' dir='ltr'><strong>impleti</strong></span> <span class='ocrx_word' id='word_1_205' title='bbox 1651 2895 1774 2937; x_wconf 90' lang='lat' dir='ltr'><strong>sunt</strong></span> <span class='ocrx_word' id='word_1_206' title='bbox 1808 2884 1911 2939; x_wconf 88' lang='lat' dir='ltr'><strong>lide</strong></span> <span class='ocrx_word' id='word_1_207' title='bbox 1939 2902 2026 2939; x_wconf 89' lang='lat' dir='ltr'><strong>or-</strong></span> 
     </span>
    </p>
   </div>
   <div class='ocr_carea' id='block_1_30' title="bbox 457 2978 2029 3047">
    <p class='ocr_par' dir='ltr' id='par_1_30' title="bbox 457 2978 2029 3047">
     <span class='ocr_line' id='line_1_30' title="bbox 457 2978 2029 3047; baseline -0.001 -15"><span class='ocrx_word' id='word_1_208' title='bbox 457 2980 540 3033; x_wconf 89' lang='lat' dir='ltr'><strong>bis</strong></span> <span class='ocrx_word' id='word_1_209' title='bbox 573 2982 725 3034; x_wconf 84' lang='lat' dir='ltr'><strong>lines.</strong></span> <span class='ocrx_word' id='word_1_210' title='bbox 759 2978 837 3033; x_wconf 85' lang='lat' dir='ltr'><strong>Ne</strong></span> <span class='ocrx_word' id='word_1_211' title='bbox 860 2980 1035 3047; x_wconf 84' lang='lat' dir='ltr'><strong>itaque</strong></span> <span class='ocrx_word' id='word_1_212' title='bbox 1065 2989 1282 3046; x_wconf 87' lang='lat' dir='ltr'><strong>propter</strong></span> <span class='ocrx_word' id='word_1_213' title='bbox 1309 2978 1484 3031; x_wconf 84' lang='lat' dir='ltr'><strong>carnis</strong></span> <span class='ocrx_word' id='word_1_214' title='bbox 1513 2979 1867 3033; x_wconf 72' lang='lat' dir='ltr'><strong>meonomiam</strong></span> <span class='ocrx_word' id='word_1_215' title='bbox 1899 2992 2029 3032; x_wconf 85' lang='lat' dir='ltr'><strong>cou-</strong></span> 
     </span>
    </p>
   </div>
   <div class='ocr_carea' id='block_1_31' title="bbox 460 3066 2024 3135">
    <p class='ocr_par' dir='ltr' id='par_1_31' title="bbox 460 3066 2024 3135">
     <span class='ocr_line' id='line_1_31' title="bbox 460 3066 2024 3135; baseline -0.001 -13"><span class='ocrx_word' id='word_1_216' title='bbox 460 3068 696 3123; x_wconf 88' lang='lat' dir='ltr'><strong>tumeliis</strong></span> <span class='ocrx_word' id='word_1_217' title='bbox 725 3068 926 3121; x_wconf 79' lang='lat' dir='ltr'><strong>al&#39;licias</strong></span> <span class='ocrx_word' id='word_1_218' title='bbox 972 3067 1304 3135; x_wconf 81' lang='lat' dir='ltr'><strong>dignitatem.</strong></span> <span class='ocrx_word' id='word_1_219' title='bbox 1334 3068 1374 3120; x_wconf 85' lang='lat' dir='ltr'><strong>A</strong></span> <span class='ocrx_word' id='word_1_220' title='bbox 1417 3066 1618 3135; x_wconf 66' lang='lat' dir='ltr'><strong>Jtttlzeis</strong></span> <span class='ocrx_word' id='word_1_221' title='bbox 1646 3069 1773 3120; x_wconf 82' lang='lat' dir='ltr'><strong>exiit</strong></span> <span class='ocrx_word' id='word_1_222' title='bbox 1821 3082 2024 3132; x_wconf 88' lang='lat' dir='ltr'><strong>rumor,</strong></span> 
     </span>
    </p>
   </div>
   <div class='ocr_carea' id='block_1_32' title="bbox 455 3157 2026 3226">
    <p class='ocr_par' dir='ltr' id='par_1_32' title="bbox 455 3157 2026 3226">
     <span class='ocr_line' id='line_1_32' title="bbox 455 3157 2026 3226; baseline -0.001 -13"><span class='ocrx_word' id='word_1_223' title='bbox 455 3160 724 3215; x_wconf 74' lang='lat' dir='ltr'><strong>venditant</strong></span> <span class='ocrx_word' id='word_1_224' title='bbox 762 3158 926 3213; x_wconf 89' lang='lat' dir='ltr'><strong>fuisse</strong></span> <span class='ocrx_word' id='word_1_225' title='bbox 958 3157 1430 3220; x_wconf 83' lang='lat' dir='ltr'><strong>resurrectionem,</strong></span> <span class='ocrx_word' id='word_1_226' title='bbox 1458 3168 1511 3212; x_wconf 91' lang='lat' dir='ltr'><strong>et</strong></span> <span class='ocrx_word' id='word_1_227' title='bbox 1542 3157 1678 3210; x_wconf 82' lang='lat' dir='ltr'><strong>fama</strong></span> <span class='ocrx_word' id='word_1_228' title='bbox 1705 3158 2026 3226; x_wconf 85' lang='lat' dir='ltr'><strong>percrebuit,</strong></span> 
     </span>
    </p>
   </div>
   <div class='ocr_carea' id='block_1_33' title="bbox 454 3248 2028 3319">
    <p class='ocr_par' dir='ltr' id='par_1_33' title="bbox 454 3248 2028 3319">
     <span class='ocr_line' id='line_1_33' title="bbox 454 3248 2028 3319; baseline 0 -14"><span class='ocrx_word' id='word_1_229' title='bbox 454 3252 746 3319; x_wconf 82' lang='lat' dir='ltr'><strong>discipulos</strong></span> <span class='ocrx_word' id='word_1_230' title='bbox 777 3251 924 3304; x_wconf 91' lang='lat' dir='ltr'><strong>illum</strong></span> <span class='ocrx_word' id='word_1_231' title='bbox 964 3248 1168 3304; x_wconf 82' lang='lat' dir='ltr'><strong>furatos</strong></span> <span class='ocrx_word' id='word_1_232' title='bbox 1194 3264 1335 3305; x_wconf 88' lang='lat' dir='ltr'><strong>esse.</strong></span> <span class='ocrx_word' id='word_1_233' title='bbox 1368 3249 1441 3303; x_wconf 93' lang='lat' dir='ltr'><strong>Illi</strong></span> <span class='ocrx_word' id='word_1_234' title='bbox 1478 3259 1664 3304; x_wconf 89' lang='lat' dir='ltr'><strong>contra</strong></span> <span class='ocrx_word' id='word_1_235' title='bbox 1690 3266 1885 3317; x_wconf 87' lang='lat' dir='ltr'><strong>corpus</strong></span> <span class='ocrx_word' id='word_1_236' title='bbox 1913 3251 2028 3319; x_wconf 80' lang='lat' dir='ltr'><strong>ejus</strong></span> 
     </span>
    </p>
   </div>
   <div class='ocr_carea' id='block_1_34' title="bbox 449 3340 2027 3411">
    <p class='ocr_par' dir='ltr' id='par_1_34' title="bbox 449 3340 2027 3411">
     <span class='ocr_line' id='line_1_34' title="bbox 449 3340 2027 3411; baseline 0 -14"><span class='ocrx_word' id='word_1_237' title='bbox 449 3341 769 3397; x_wconf 83' lang='lat' dir='ltr'><strong>sententiam</strong></span> <span class='ocrx_word' id='word_1_238' title='bbox 811 3342 1000 3395; x_wconf 89' lang='lat' dir='ltr'><strong>mortis</strong></span> <span class='ocrx_word' id='word_1_239' title='bbox 1029 3340 1285 3404; x_wconf 88' lang='lat' dir='ltr'><strong>tulerunt,</strong></span> <span class='ocrx_word' id='word_1_240' title='bbox 1334 3342 1385 3394; x_wconf 91' lang='lat' dir='ltr'><strong>bi</strong></span> <span class='ocrx_word' id='word_1_241' title='bbox 1419 3343 1738 3410; x_wconf 76' lang='lat' dir='ltr'><strong>theologiam</strong></span> <span class='ocrx_word' id='word_1_242' title='bbox 1771 3346 1888 3410; x_wconf 78' lang='lat' dir='ltr'><strong>ejus</strong></span> <span class='ocrx_word' id='word_1_243' title='bbox 1932 3359 2027 3411; x_wconf 87' lang='lat' dir='ltr'><strong>pro</strong></span> 
     </span>
    </p>
   </div>
   <div class='ocr_carea' id='block_1_35' title="bbox 450 3433 2028 3503">
    <p class='ocr_par' dir='ltr' id='par_1_35' title="bbox 450 3433 2028 3503">
     <span class='ocr_line' id='line_1_35' title="bbox 450 3433 2028 3503; baseline 0.003 -16"><span class='ocrx_word' id='word_1_244' title='bbox 450 3434 591 3489; x_wconf 88' lang='lat' dir='ltr'><strong>virili</strong></span> <span class='ocrx_word' id='word_1_245' title='bbox 619 3434 958 3488; x_wconf 83' lang='lat' dir='ltr'><strong>annuntiant.</strong></span> <span class='ocrx_word' id='word_1_246' title='bbox 987 3433 1184 3487; x_wconf 86' lang='lat' dir='ltr'><strong>Verum</strong></span> <span class='ocrx_word' id='word_1_247' title='bbox 1218 3434 1432 3488; x_wconf 88' lang='lat' dir='ltr'><strong>illorum</strong></span> <span class='ocrx_word' id='word_1_248' title='bbox 1478 3450 1640 3503; x_wconf 85' lang='lat' dir='ltr'><strong>Opera</strong></span> <span class='ocrx_word' id='word_1_249' title='bbox 1671 3451 1824 3489; x_wconf 90' lang='lat' dir='ltr'><strong>error</strong></span> <span class='ocrx_word' id='word_1_250' title='bbox 1870 3436 2028 3491; x_wconf 89' lang='lat' dir='ltr'><strong>hodie</strong></span> 
     </span>
    </p>
   </div>
   <div class='ocr_carea' id='block_1_36' title="bbox 450 3524 2024 3596">
    <p class='ocr_par' dir='ltr' id='par_1_36' title="bbox 450 3524 2024 3596">
     <span class='ocr_line' id='line_1_36' title="bbox 450 3524 2024 3596; baseline 0.003 -19"><span class='ocrx_word' id='word_1_251' title='bbox 450 3524 797 3587; x_wconf 77' lang='lat' dir='ltr'><strong>dill‘unditur;</strong></span> <span class='ocrx_word' id='word_1_252' title='bbox 825 3525 893 3578; x_wconf 91' lang='lat' dir='ltr'><strong>ab</strong></span> <span class='ocrx_word' id='word_1_253' title='bbox 919 3525 1157 3579; x_wconf 82' lang='lat' dir='ltr'><strong>Ecclesia</strong></span> <span class='ocrx_word' id='word_1_254' title='bbox 1187 3540 1317 3580; x_wconf 87' lang='lat' dir='ltr'><strong>vero</strong></span> <span class='ocrx_word' id='word_1_255' title='bbox 1338 3528 1441 3579; x_wconf 90' lang='lat' dir='ltr'><strong>vita</strong></span> <span class='ocrx_word' id='word_1_256' title='bbox 1464 3537 1660 3580; x_wconf 70' lang='lat' dir='ltr'><strong>aeterna</strong></span> <span class='ocrx_word' id='word_1_257' title='bbox 1688 3526 2024 3596; x_wconf 66' lang='lat' dir='ltr'><strong>praedicatur.</strong></span> 
     </span>
    </p>
   </div>
   <div class='ocr_carea' id='block_1_37' title="bbox 452 3616 2026 3686">
    <p class='ocr_par' dir='ltr' id='par_1_37' title="bbox 452 3616 2026 3686">
     <span class='ocr_line' id='line_1_37' title="bbox 452 3616 2026 3686; baseline 0.001 -17"><span class='ocrx_word' id='word_1_258' title='bbox 452 3617 538 3683; x_wconf 80' lang='lat' dir='ltr'><strong>Et,</strong></span> <span class='ocrx_word' id='word_1_259' title='bbox 566 3617 609 3671; x_wconf 87' lang='lat' dir='ltr'><strong>si</strong></span> <span class='ocrx_word' id='word_1_260' title='bbox 639 3616 742 3681; x_wconf 83' lang='lat' dir='ltr'><strong>vis,</strong></span> <span class='ocrx_word' id='word_1_261' title='bbox 776 3616 944 3671; x_wconf 86' lang='lat' dir='ltr'><strong>habes</strong></span> <span class='ocrx_word' id='word_1_262' title='bbox 986 3625 1220 3671; x_wconf 76' lang='lat' dir='ltr'><strong>veterem</strong></span> <span class='ocrx_word' id='word_1_263' title='bbox 1262 3617 1544 3686; x_wconf 80' lang='lat' dir='ltr'><strong>imaginem</strong></span> <span class='ocrx_word' id='word_1_264' title='bbox 1577 3638 1589 3671; x_wconf 90' lang='lat'><strong>:</strong></span> <span class='ocrx_word' id='word_1_265' title='bbox 1624 3628 1680 3671; x_wconf 92' lang='lat' dir='ltr'><strong>ut</strong></span> <span class='ocrx_word' id='word_1_266' title='bbox 1720 3618 1858 3671; x_wconf 86' lang='lat' dir='ltr'><strong>enim</strong></span> <span class='ocrx_word' id='word_1_267' title='bbox 1906 3634 2026 3672; x_wconf 87' lang='lat' dir='ltr'><strong>cum</strong></span> 
     </span>
    </p>
   </div>
   <div class='ocr_carea' id='block_1_38' title="bbox 449 3705 2026 3778">
    <p class='ocr_par' dir='ltr' id='par_1_38' title="bbox 449 3705 2026 3778">
     <span class='ocr_line' id='line_1_38' title="bbox 449 3705 2026 3778; baseline 0.001 -17"><span class='ocrx_word' id='word_1_268' title='bbox 449 3705 671 3776; x_wconf 79' lang='lat' dir='ltr'><strong>Josephi</strong></span> <span class='ocrx_word' id='word_1_269' title='bbox 704 3706 900 3762; x_wconf 83' lang='lat' dir='ltr'><strong>fratres</strong></span> <span class='ocrx_word' id='word_1_270' title='bbox 942 3709 1038 3775; x_wconf 89' lang='lat' dir='ltr'><strong>ipsi</strong></span> <span class='ocrx_word' id='word_1_271' title='bbox 1078 3707 1308 3760; x_wconf 83' lang='lat' dir='ltr'><strong>insidiati</strong></span> <span class='ocrx_word' id='word_1_272' title='bbox 1351 3717 1495 3769; x_wconf 77' lang='lat' dir='ltr'><strong>sunt,</strong></span> <span class='ocrx_word' id='word_1_273' title='bbox 1524 3708 1690 3762; x_wconf 83' lang='lat' dir='ltr'><strong>Jaeob</strong></span> <span class='ocrx_word' id='word_1_274' title='bbox 1714 3718 1768 3763; x_wconf 88' lang='lat' dir='ltr'><strong>et</strong></span> <span class='ocrx_word' id='word_1_275' title='bbox 1793 3709 1907 3778; x_wconf 81' lang='lat' dir='ltr'><strong>ejus</strong></span> <span class='ocrx_word' id='word_1_276' title='bbox 1945 3708 2026 3763; x_wconf 87' lang='lat' dir='ltr'><strong>fa-</strong></span> 
     </span>
    </p>
   </div>
   <div class='ocr_carea' id='block_1_39' title="bbox 453 3798 2024 3871">
    <p class='ocr_par' dir='ltr' id='par_1_39' title="bbox 453 3798 2024 3871">
     <span class='ocr_line' id='line_1_39' title="bbox 453 3798 2024 3871; baseline 0.002 -20"><span class='ocrx_word' id='word_1_277' title='bbox 453 3798 597 3851; x_wconf 88' lang='lat' dir='ltr'><strong>milia</strong></span> <span class='ocrx_word' id='word_1_278' title='bbox 646 3799 816 3868; x_wconf 89' lang='lat' dir='ltr'><strong>ipsum</strong></span> <span class='ocrx_word' id='word_1_279' title='bbox 849 3800 1001 3852; x_wconf 82' lang='lat' dir='ltr'><strong>valde</strong></span> <span class='ocrx_word' id='word_1_280' title='bbox 1032 3798 1240 3867; x_wconf 68' lang='lat' dir='ltr'><strong>lnge-bat</strong></span> <span class='ocrx_word' id='word_1_281' title='bbox 1269 3816 1283 3863; x_wconf 93' lang='lat'><strong>;</strong></span> <span class='ocrx_word' id='word_1_282' title='bbox 1327 3799 1418 3854; x_wconf 89' lang='lat' dir='ltr'><strong>sed</strong></span> <span class='ocrx_word' id='word_1_283' title='bbox 1464 3800 1728 3871; x_wconf 63' lang='lat' dir='ltr'><strong>Egyptns</strong></span> <span class='ocrx_word' id='word_1_284' title='bbox 1755 3802 1899 3854; x_wconf 90' lang='lat' dir='ltr'><strong>illum</strong></span> <span class='ocrx_word' id='word_1_285' title='bbox 1931 3802 2024 3854; x_wconf 86' lang='lat' dir='ltr'><strong>ba-</strong></span> 
     </span>
    </p>
   </div>
   <div class='ocr_carea' id='block_1_40' title="bbox 454 3888 2029 3962">
    <p class='ocr_par' dir='ltr' id='par_1_40' title="bbox 454 3888 2029 3962">
     <span class='ocr_line' id='line_1_40' title="bbox 454 3888 2029 3962; baseline 0.004 -18"><span class='ocrx_word' id='word_1_286' title='bbox 454 3888 614 3944; x_wconf 85' lang='lat' dir='ltr'><strong>bebat</strong></span> <span class='ocrx_word' id='word_1_287' title='bbox 641 3890 902 3943; x_wconf 62' lang='lat' dir='ltr'><strong>virentem</strong></span> <span class='ocrx_word' id='word_1_288' title='bbox 927 3906 988 3943; x_wconf 90' lang='lat' dir='ltr'><strong>ac</strong></span> <span class='ocrx_word' id='word_1_289' title='bbox 1016 3901 1331 3959; x_wconf 70' lang='lat' dir='ltr'><strong>regnantem</strong></span> <span class='ocrx_word' id='word_1_290' title='bbox 1359 3909 1371 3945; x_wconf 90' lang='lat'>:</span> <span class='ocrx_word' id='word_1_291' title='bbox 1405 3893 1489 3946; x_wconf 89' lang='lat' dir='ltr'><strong>hic</strong></span> <span class='ocrx_word' id='word_1_292' title='bbox 1517 3894 1654 3962; x_wconf 86' lang='lat' dir='ltr'><strong>apud</strong></span> <span class='ocrx_word' id='word_1_293' title='bbox 1684 3893 1944 3949; x_wconf 72' lang='lat' dir='ltr'><strong>Iacobum</strong></span> <span class='ocrx_word' id='word_1_294' title='bbox 1973 3906 2029 3950; x_wconf 86' lang='grc' dir='ltr'>ιιι.</span> 
     </span>
    </p>
   </div>
   <div class='ocr_carea' id='block_1_41' title="bbox 452 3980 2029 4056">
    <p class='ocr_par' dir='ltr' id='par_1_41' title="bbox 452 3980 2029 4056">
     <span class='ocr_line' id='line_1_41' title="bbox 452 3980 2029 4056; baseline 0.004 -23"><span class='ocrx_word' id='word_1_295' title='bbox 452 3992 692 4033; x_wconf 87' lang='lat' dir='ltr'><strong>mortuus</strong></span> <span class='ocrx_word' id='word_1_296' title='bbox 724 3980 1039 4049; x_wconf 83' lang='lat' dir='ltr'><strong>lugebatur;</strong></span> <span class='ocrx_word' id='word_1_297' title='bbox 1094 3981 1145 4034; x_wconf 90' lang='lat' dir='ltr'><strong>in</strong></span> <span class='ocrx_word' id='word_1_298' title='bbox 1173 3980 1408 4052; x_wconf 52' lang='lat' dir='ltr'><strong>[Egypto</strong></span> <span class='ocrx_word' id='word_1_299' title='bbox 1448 3993 1625 4037; x_wconf 85' lang='lat' dir='ltr'><strong>autem</strong></span> <span class='ocrx_word' id='word_1_300' title='bbox 1655 3985 1804 4038; x_wconf 87' lang='lat' dir='ltr'><strong>vivus</strong></span> <span class='ocrx_word' id='word_1_301' title='bbox 1834 4001 2029 4056; x_wconf 78' lang='lat' dir='ltr'><strong>regna-</strong></span> 
     </span>
    </p>
   </div>
   <div class='ocr_carea' id='block_1_42' title="bbox 452 4072 2028 4140">
    <p class='ocr_par' dir='ltr' id='par_1_42' title="bbox 452 4072 2028 4140">
     <span class='ocr_line' id='line_1_42' title="bbox 452 4072 2028 4140; baseline 0.004 -15"><span class='ocrx_word' id='word_1_302' title='bbox 452 4072 542 4125; x_wconf 86' lang='lat' dir='ltr'><strong>bat</strong></span> <span class='ocrx_word' id='word_1_303' title='bbox 573 4091 586 4126; x_wconf 92' lang='lat'><strong>:</strong></span> <span class='ocrx_word' id='word_1_304' title='bbox 617 4073 694 4125; x_wconf 89' lang='lat' dir='ltr'><strong>sic</strong></span> <span class='ocrx_word' id='word_1_305' title='bbox 722 4082 774 4124; x_wconf 91' lang='lat' dir='ltr'><strong>et</strong></span> <span class='ocrx_word' id='word_1_306' title='bbox 802 4087 942 4124; x_wconf 90' lang='lat' dir='ltr'><strong>nunc</strong></span> <span class='ocrx_word' id='word_1_307' title='bbox 972 4072 1110 4140; x_wconf 89' lang='lat' dir='ltr'><strong>apud</strong></span> <span class='ocrx_word' id='word_1_308' title='bbox 1137 4072 1351 4127; x_wconf 69' lang='lat' dir='ltr'><strong>inda-0s</strong></span> <span class='ocrx_word' id='word_1_309' title='bbox 1379 4084 1433 4127; x_wconf 89' lang='lat' dir='ltr'><strong>et</strong></span> <span class='ocrx_word' id='word_1_310' title='bbox 1479 4074 1717 4130; x_wconf 87' lang='lat' dir='ltr'><strong>furentes</strong></span> <span class='ocrx_word' id='word_1_311' title='bbox 1751 4079 2028 4132; x_wconf 75' lang='lat' dir='ltr'><strong>turreticos</strong></span> 
     </span>
    </p>
   </div>
   <div class='ocr_carea' id='block_1_43' title="bbox 457 4162 2026 4239">
    <p class='ocr_par' dir='ltr' id='par_1_43' title="bbox 457 4162 2026 4239">
     <span class='ocr_line' id='line_1_43' title="bbox 457 4162 2026 4239; baseline 0.005 -24"><span class='ocrx_word' id='word_1_312' title='bbox 457 4173 697 4216; x_wconf 89' lang='lat' dir='ltr'><strong>mortuus</strong></span> <span class='ocrx_word' id='word_1_313' title='bbox 725 4162 814 4216; x_wconf 75' lang='lat' dir='ltr'><strong>ilie</strong></span> <span class='ocrx_word' id='word_1_314' title='bbox 847 4175 1091 4230; x_wconf 87' lang='lat' dir='ltr'><strong>putatur:</strong></span> <span class='ocrx_word' id='word_1_315' title='bbox 1126 4165 1446 4235; x_wconf 77' lang='lat' dir='ltr'><strong>theologiam</strong></span> <span class='ocrx_word' id='word_1_316' title='bbox 1480 4169 1619 4221; x_wconf 88' lang='lat' dir='ltr'><strong>enim</strong></span> <span class='ocrx_word' id='word_1_317' title='bbox 1652 4169 1916 4236; x_wconf 86' lang='lat' dir='ltr'><strong>perimunt</strong></span> <span class='ocrx_word' id='word_1_318' title='bbox 1939 4172 2026 4239; x_wconf 88' lang='lat' dir='ltr'><strong>qui</strong></span> 
     </span>
    </p>
   </div>
   <div class='ocr_carea' id='block_1_44' title="bbox 455 4252 2025 4327">
    <p class='ocr_par' dir='ltr' id='par_1_44' title="bbox 455 4252 2025 4327">
     <span class='ocr_line' id='line_1_44' title="bbox 455 4252 2025 4327; baseline 0.006 -23"><span class='ocrx_word' id='word_1_319' title='bbox 455 4252 610 4304; x_wconf 83' lang='lat' dir='ltr'><strong>ﬁdem</strong></span> <span class='ocrx_word' id='word_1_320' title='bbox 637 4252 830 4303; x_wconf 90' lang='lat' dir='ltr'><strong>tollunt</strong></span> <span class='ocrx_word' id='word_1_321' title='bbox 855 4262 908 4304; x_wconf 87' lang='lat' dir='ltr'><strong>et</strong></span> <span class='ocrx_word' id='word_1_322' title='bbox 929 4255 1255 4319; x_wconf 70' lang='lat' dir='ltr'><strong>qumstiones</strong></span> <span class='ocrx_word' id='word_1_323' title='bbox 1280 4267 1492 4310; x_wconf 78' lang='lat' dir='ltr'><strong>moveut</strong></span> <span class='ocrx_word' id='word_1_324' title='bbox 1516 4275 1530 4322; x_wconf 91' lang='lat'><strong>;</strong></span> <span class='ocrx_word' id='word_1_325' title='bbox 1563 4259 1700 4327; x_wconf 89' lang='lat' dir='ltr'><strong>apud</strong></span> <span class='ocrx_word' id='word_1_326' title='bbox 1727 4278 1821 4312; x_wconf 76' lang='lat' dir='ltr'><strong>nos</strong></span> <span class='ocrx_word' id='word_1_327' title='bbox 1849 4273 2025 4314; x_wconf 88' lang='lat' dir='ltr'><strong>autem</strong></span> 
     </span>
    </p>
   </div>
   <div class='ocr_carea' id='block_1_45' title="bbox 457 4343 2025 4410">
    <p class='ocr_par' dir='ltr' id='par_1_45' title="bbox 457 4343 2025 4410">
     <span class='ocr_line' id='line_1_45' title="bbox 457 4343 2025 4410; baseline 0.008 -18"><span class='ocrx_word' id='word_1_328' title='bbox 457 4349 645 4410; x_wconf 83' lang='lat' dir='ltr'><strong>regnat.</strong></span> <span class='ocrx_word' id='word_1_329' title='bbox 673 4343 842 4403; x_wconf 82' lang='lat' dir='ltr'><strong>vivus,</strong></span> <span class='ocrx_word' id='word_1_330' title='bbox 873 4352 928 4395; x_wconf 90' lang='lat' dir='ltr'><strong>et</strong></span> <span class='ocrx_word' id='word_1_331' title='bbox 970 4351 1025 4394; x_wconf 89' lang='lat' dir='ltr'><strong>ut</strong></span> <span class='ocrx_word' id='word_1_332' title='bbox 1056 4344 1209 4396; x_wconf 75' lang='lat' dir='ltr'><strong>deret</strong></span> <span class='ocrx_word' id='word_1_333' title='bbox 1247 4347 1519 4401; x_wconf 82' lang='lat' dir='ltr'><strong>aduratur.</strong></span> <span class='ocrx_word' id='word_1_334' title='bbox 1555 4352 1620 4402; x_wconf 81' lang='lat' dir='ltr'><strong>At</strong></span> <span class='ocrx_word' id='word_1_335' title='bbox 1648 4366 1773 4403; x_wconf 85' lang='lat' dir='ltr'><strong>vere</strong></span> <span class='ocrx_word' id='word_1_336' title='bbox 1818 4353 2025 4405; x_wconf 89' lang='lat' dir='ltr'><strong>lirmum</strong></span> 
     </span>
    </p>
   </div>
   <div class='ocr_carea' id='block_1_46' title="bbox 456 4432 2025 4510">
    <p class='ocr_par' dir='ltr' id='par_1_46' title="bbox 456 4432 2025 4510">
     <span class='ocr_line' id='line_1_46' title="bbox 456 4432 2025 4510; baseline 0.008 -26"><span class='ocrx_word' id='word_1_337' title='bbox 456 4432 793 4500; x_wconf 89' lang='lat' dir='ltr'><strong>validumque</strong></span> <span class='ocrx_word' id='word_1_338' title='bbox 838 4443 921 4486; x_wconf 86' lang='lat' dir='ltr'><strong>est</strong></span> <span class='ocrx_word' id='word_1_339' title='bbox 969 4434 1058 4488; x_wconf 88' lang='lat' dir='ltr'><strong>Dei</strong></span> <span class='ocrx_word' id='word_1_340' title='bbox 1112 4438 1360 4503; x_wconf 75' lang='lat' dir='ltr'><strong>verbum,</strong></span> <span class='ocrx_word' id='word_1_341' title='bbox 1422 4441 1613 4494; x_wconf 85' lang='lat' dir='ltr'><strong>invicta</strong></span> <span class='ocrx_word' id='word_1_342' title='bbox 1664 4448 2025 4510; x_wconf 83' lang='lat' dir='ltr'><strong>apostolorum</strong></span> 
     </span>
    </p>
   </div>
   <div class='ocr_carea' id='block_1_47' title="bbox 458 4524 2028 4592">
    <p class='ocr_par' dir='ltr' id='par_1_47' title="bbox 458 4524 2028 4592">
     <span class='ocr_line' id='line_1_47' title="bbox 458 4524 2028 4592; baseline 0.006 -14"><span class='ocrx_word' id='word_1_343' title='bbox 458 4524 724 4578; x_wconf 78' lang='lat' dir='ltr'><strong>doctrina.</strong></span> <span class='ocrx_word' id='word_1_344' title='bbox 756 4524 938 4592; x_wconf 86' lang='lat' dir='ltr'><strong>Itaque</strong></span> <span class='ocrx_word' id='word_1_345' title='bbox 979 4541 1083 4577; x_wconf 88' lang='lat' dir='ltr'><strong>non</strong></span> <span class='ocrx_word' id='word_1_346' title='bbox 1116 4526 1309 4579; x_wconf 81' lang='lat' dir='ltr'><strong>frustra</strong></span> <span class='ocrx_word' id='word_1_347' title='bbox 1354 4530 1553 4583; x_wconf 82' lang='lat' dir='ltr'><strong>laborat</strong></span> <span class='ocrx_word' id='word_1_348' title='bbox 1584 4531 1729 4586; x_wconf 85' lang='lat' dir='ltr'><strong>Pauli</strong></span> <span class='ocrx_word' id='word_1_349' title='bbox 1762 4551 1861 4587; x_wconf 85' lang='lat' dir='ltr'><strong>vox</strong></span> <span class='ocrx_word' id='word_1_350' title='bbox 1891 4535 2028 4588; x_wconf 80' lang='lat' dir='ltr'><strong>veri-</strong></span> 
     </span>
    </p>
   </div>
   <div class='ocr_carea' id='block_1_48' title="bbox 455 4618 2029 4692">
    <p class='ocr_par' dir='ltr' id='par_1_48' title="bbox 455 4618 2029 4692">
     <span class='ocr_line' id='line_1_48' title="bbox 455 4618 2029 4692; baseline 0.008 -24"><span class='ocrx_word' id='word_1_351' title='bbox 455 4624 578 4668; x_wconf 83' lang='lat' dir='ltr'><strong>tatis</strong></span> <span class='ocrx_word' id='word_1_352' title='bbox 603 4630 817 4668; x_wconf 82' lang='lat' dir='ltr'><strong>causam</strong></span> <span class='ocrx_word' id='word_1_353' title='bbox 863 4624 1047 4684; x_wconf 81' lang='lat' dir='ltr'><strong>agens.</strong></span> <span class='ocrx_word' id='word_1_354' title='bbox 1095 4619 1224 4687; x_wconf 84' lang='lat' dir='ltr'><strong>Age,</strong></span> <span class='ocrx_word' id='word_1_355' title='bbox 1261 4618 1414 4674; x_wconf 84' lang='lat' dir='ltr'><strong>beate</strong></span> <span class='ocrx_word' id='word_1_356' title='bbox 1461 4622 1644 4688; x_wconf 84' lang='lat' dir='ltr'><strong>Paule,</strong></span> <span class='ocrx_word' id='word_1_357' title='bbox 1681 4641 1774 4692; x_wconf 87' lang='lat' dir='ltr'><strong>pro</strong></span> <span class='ocrx_word' id='word_1_358' title='bbox 1806 4627 2029 4680; x_wconf 85' lang='lat' dir='ltr'><strong>veritate</strong></span> 
     </span>
    </p>
   </div>
   <div class='ocr_carea' id='block_1_49' title="bbox 453 4707 1998 4780">
    <p class='ocr_par' dir='ltr' id='par_1_49' title="bbox 453 4707 1998 4780">
     <span class='ocr_line' id='line_1_49' title="bbox 453 4707 1998 4780; baseline 0.008 -20"><span class='ocrx_word' id='word_1_359' title='bbox 453 4707 769 4769; x_wconf 87' lang='lat' dir='ltr'><strong>concitatus,</strong></span> <span class='ocrx_word' id='word_1_360' title='bbox 802 4707 1081 4778; x_wconf 86' lang='lat' dir='ltr'><strong>indignare</strong></span> <span class='ocrx_word' id='word_1_361' title='bbox 1125 4724 1222 4777; x_wconf 87' lang='lat' dir='ltr'><strong>pro</strong></span> <span class='ocrx_word' id='word_1_362' title='bbox 1256 4711 1379 4774; x_wconf 79' lang='lat' dir='ltr'><strong>lide,</strong></span> <span class='ocrx_word' id='word_1_363' title='bbox 1425 4713 1696 4780; x_wconf 62' lang='lat' dir='ltr'><strong>iratnsspie</strong></span> <span class='ocrx_word' id='word_1_364' title='bbox 1724 4716 1810 4768; x_wconf 85' lang='lat' dir='ltr'><strong>die</strong></span> <span class='ocrx_word' id='word_1_365' title='bbox 1855 4717 1998 4771; x_wconf 76' lang='lat' dir='ltr'><strong>lia-re</strong></span> 
     </span>
    </p>
   </div>
   <div class='ocr_carea' id='block_1_50' title="bbox 453 4798 2026 4874">
    <p class='ocr_par' dir='ltr' id='par_1_50' title="bbox 453 4798 2026 4874">
     <span class='ocr_line' id='line_1_50' title="bbox 453 4798 2026 4874; baseline 0.006 -22"><span class='ocrx_word' id='word_1_366' title='bbox 453 4800 575 4853; x_wconf 88' lang='lat' dir='ltr'><strong>ticis</strong></span> <span class='ocrx_word' id='word_1_367' title='bbox 602 4816 614 4852; x_wconf 89' lang='lat'><strong>:</strong></span> <span class='ocrx_word' id='word_1_368' title='bbox 657 4798 935 4853; x_wconf 73' lang='lat' dir='ltr'><strong>Undenain</strong></span> <span class='ocrx_word' id='word_1_369' title='bbox 972 4800 1309 4854; x_wconf 80' lang='lat' dir='ltr'><strong>Aristotclica</strong></span> <span class='ocrx_word' id='word_1_370' title='bbox 1341 4802 1513 4857; x_wconf 85' lang='lat' dir='ltr'><strong>edocti</strong></span> <span class='ocrx_word' id='word_1_371' title='bbox 1545 4806 1713 4858; x_wconf 81' lang='lat' dir='ltr'><strong>estis?</strong></span> <span class='ocrx_word' id='word_1_372' title='bbox 1742 4807 1861 4874; x_wconf 85' lang='lat' dir='ltr'><strong>quis</strong></span> <span class='ocrx_word' id='word_1_373' title='bbox 1908 4808 2026 4861; x_wconf 87' lang='lat' dir='ltr'><strong>Pla-</strong></span> 
     </span>
    </p>
   </div>
   <div class='ocr_carea' id='block_1_51' title="bbox 455 4890 2023 4965">
    <p class='ocr_par' dir='ltr' id='par_1_51' title="bbox 455 4890 2023 4965">
     <span class='ocr_line' id='line_1_51' title="bbox 455 4890 2023 4965; baseline 0.006 -22"><span class='ocrx_word' id='word_1_374' title='bbox 455 4899 633 4943; x_wconf 89' lang='lat' dir='ltr'><strong>tonem</strong></span> <span class='ocrx_word' id='word_1_375' title='bbox 654 4890 950 4958; x_wconf 79' lang='lat' dir='ltr'><strong>Evangeliis</strong></span> <span class='ocrx_word' id='word_1_376' title='bbox 975 4892 1244 4959; x_wconf 72' lang='lat' dir='ltr'><strong>prtetulit?</strong></span> <span class='ocrx_word' id='word_1_377' title='bbox 1274 4893 1392 4960; x_wconf 86' lang='lat' dir='ltr'><strong>quis</strong></span> <span class='ocrx_word' id='word_1_378' title='bbox 1418 4896 1537 4946; x_wconf 88' lang='lat' dir='ltr'><strong>tidci</strong></span> <span class='ocrx_word' id='word_1_379' title='bbox 1570 4897 2023 4965; x_wconf 72' lang='lat' dir='ltr'><strong>pt‘;rdic;itiouettt,</strong></span> 
     </span>
    </p>
   </div>
   <div class='ocr_carea' id='block_1_52' title="bbox 447 4982 2021 5054">
    <p class='ocr_par' dir='ltr' id='par_1_52' title="bbox 447 4982 2021 5054">
     <span class='ocr_line' id='line_1_52' title="bbox 447 4982 2021 5054; baseline 0.006 -18"><span class='ocrx_word' id='word_1_380' title='bbox 447 4982 626 5051; x_wconf 82' lang='lat' dir='ltr'><strong>cjecit,</strong></span> <span class='ocrx_word' id='word_1_381' title='bbox 659 4993 711 5036; x_wconf 90' lang='lat' dir='ltr'><strong>et</strong></span> <span class='ocrx_word' id='word_1_382' title='bbox 754 4983 1080 5036; x_wconf 87' lang='lat' dir='ltr'><strong>incredulam</strong></span> <span class='ocrx_word' id='word_1_383' title='bbox 1110 4987 1459 5054; x_wconf 70' lang='lat' dir='ltr'><strong>qumstiuuctu</strong></span> <span class='ocrx_word' id='word_1_384' title='bbox 1506 4985 1757 5041; x_wconf 79' lang='lat' dir='ltr'><strong>induxit?</strong></span> <span class='ocrx_word' id='word_1_385' title='bbox 1806 4990 2021 5045; x_wconf 87' lang='lat' dir='ltr'><strong>ubinam</strong></span> 
     </span>
    </p>
   </div>
   <div class='ocr_carea' id='block_1_53' title="bbox 450 5075 2022 5149">
    <p class='ocr_par' dir='ltr' id='par_1_53' title="bbox 450 5075 2022 5149">
     <span class='ocr_line' id='line_1_53' title="bbox 450 5075 2022 5149; baseline 0.005 -21"><span class='ocrx_word' id='word_1_386' title='bbox 450 5075 604 5140; x_wconf 86' lang='lat' dir='ltr'><strong>illud,</strong></span> <span class='ocrx_word' id='word_1_387' title='bbox 623 5076 872 5143; x_wconf 84' lang='lat' dir='ltr'><strong>ingenitus</strong></span> <span class='ocrx_word' id='word_1_388' title='bbox 889 5085 939 5130; x_wconf 89' lang='lat' dir='ltr'><strong>et</strong></span> <span class='ocrx_word' id='word_1_389' title='bbox 959 5077 1177 5146; x_wconf 76' lang='lat' dir='ltr'><strong>genitus,</strong></span> <span class='ocrx_word' id='word_1_390' title='bbox 1195 5077 1460 5130; x_wconf 85' lang='lat' dir='ltr'><strong>didicisti?</strong></span> <span class='ocrx_word' id='word_1_391' title='bbox 1489 5078 1768 5148; x_wconf 79' lang='lat' dir='ltr'><strong>Reliquisti</strong></span> <span class='ocrx_word' id='word_1_392' title='bbox 1791 5083 2022 5149; x_wconf 86' lang='lat' dir='ltr'><strong>Patrem,</strong></span> 
     </span>
    </p>
   </div>
   <div class='ocr_carea' id='block_1_54' title="bbox 450 5165 2025 5239">
    <p class='ocr_par' dir='ltr' id='par_1_54' title="bbox 450 5165 2025 5239">
     <span class='ocr_line' id='line_1_54' title="bbox 450 5165 2025 5239; baseline 0.006 -22"><span class='ocrx_word' id='word_1_393' title='bbox 450 5166 695 5234; x_wconf 81' lang='lat' dir='ltr'><strong>respuisti</strong></span> <span class='ocrx_word' id='word_1_394' title='bbox 741 5165 854 5219; x_wconf 84' lang='lat' dir='ltr'><strong>Filii</strong></span> <span class='ocrx_word' id='word_1_395' title='bbox 890 5183 1107 5232; x_wconf 89' lang='lat' dir='ltr'><strong>notnen,</strong></span> <span class='ocrx_word' id='word_1_396' title='bbox 1140 5168 1409 5236; x_wconf 84' lang='lat' dir='ltr'><strong>indignam</strong></span> <span class='ocrx_word' id='word_1_397' title='bbox 1456 5173 1646 5238; x_wconf 85' lang='lat' dir='ltr'><strong>potasti</strong></span> <span class='ocrx_word' id='word_1_398' title='bbox 1677 5172 1908 5239; x_wconf 89' lang='lat' dir='ltr'><strong>Spiritus</strong></span> <span class='ocrx_word' id='word_1_399' title='bbox 1940 5176 2025 5227; x_wconf 93' lang='lat' dir='ltr'><strong>di-</strong></span> 
     </span>
    </p>
   </div>
   <div class='ocr_carea' id='block_1_55' title="bbox 450 5255 2024 5323">
    <p class='ocr_par' dir='ltr' id='par_1_55' title="bbox 450 5255 2024 5323">
     <span class='ocr_line' id='line_1_55' title="bbox 450 5255 2024 5323; baseline 0.009 -16"><span class='ocrx_word' id='word_1_400' title='bbox 450 5256 728 5323; x_wconf 87' lang='lat' dir='ltr'><strong>gnitatem,</strong></span> <span class='ocrx_word' id='word_1_401' title='bbox 754 5255 820 5310; x_wconf 86' lang='lat' dir='ltr'><strong>ad</strong></span> <span class='ocrx_word' id='word_1_402' title='bbox 853 5256 1081 5311; x_wconf 85' lang='lat' dir='ltr'><strong>humana</strong></span> <span class='ocrx_word' id='word_1_403' title='bbox 1114 5260 1273 5312; x_wconf 88' lang='lat' dir='ltr'><strong>verba</strong></span> <span class='ocrx_word' id='word_1_404' title='bbox 1305 5269 1356 5313; x_wconf 91' lang='lat' dir='ltr'><strong>te</strong></span> <span class='ocrx_word' id='word_1_405' title='bbox 1382 5263 1670 5314; x_wconf 84' lang='lat' dir='ltr'><strong>convertis.</strong></span> <span class='ocrx_word' id='word_1_406' title='bbox 1695 5263 1868 5319; x_wconf 85' lang='lat' dir='ltr'><strong>Probe</strong></span> <span class='ocrx_word' id='word_1_407' title='bbox 1890 5266 2024 5322; x_wconf 80' lang='lat' dir='ltr'><strong>dixit</strong></span> 
     </span>
    </p>
   </div>
   <div class='ocr_carea' id='block_1_56' title="bbox 446 5340 2023 5425">
    <p class='ocr_par' dir='ltr' id='par_1_56' title="bbox 446 5340 2023 5425">
     <span class='ocr_line' id='line_1_56' title="bbox 446 5340 2023 5425; baseline 0.007 -25"><span class='ocrx_word' id='word_1_408' title='bbox 446 5345 729 5408; x_wconf 78' lang='lat' dir='ltr'><strong>Jeretuias,</strong></span> <span class='ocrx_word' id='word_1_409' title='bbox 748 5340 919 5400; x_wconf 59' lang='lat' dir='ltr'><strong>Periit</strong></span> <span class='ocrx_word' id='word_1_410' title='bbox 947 5349 1073 5415; x_wconf 84' lang='lat' dir='ltr'><strong>ﬁdes</strong></span> <span class='ocrx_word' id='word_1_411' title='bbox 1099 5366 1163 5403; x_wconf 80' lang='lat' dir='ltr'><strong>ex</strong></span> <span class='ocrx_word' id='word_1_412' title='bbox 1187 5367 1274 5405; x_wconf 88' lang='lat' dir='ltr'><strong>ore</strong></span> <span class='ocrx_word' id='word_1_413' title='bbox 1298 5368 1473 5404; x_wconf 84' lang='lat' dir='ltr'><strong>eorum</strong></span> <span class='ocrx_word' id='word_1_414' title='bbox 1504 5350 1635 5425; x_wconf 73' lang='lat' dir='ltr'><strong>(Jcr.</strong></span> <span class='ocrx_word' id='word_1_415' title='bbox 1662 5354 1711 5407; x_wconf 90' lang='lat'><strong>7.</strong></span> <span class='ocrx_word' id='word_1_416' title='bbox 1740 5355 1855 5414; x_wconf 71' lang='lat'><strong>28}.</strong></span> <span class='ocrx_word' id='word_1_417' title='bbox 1885 5358 2023 5423; x_wconf 85' lang='lat' dir='ltr'><strong>Quid</strong></span> 
     </span>
    </p>
   </div>
   <div class='ocr_carea' id='block_1_57' title="bbox 447 5436 2026 5508">
    <p class='ocr_par' dir='ltr' id='par_1_57' title="bbox 447 5436 2026 5508">
     <span class='ocr_line' id='line_1_57' title="bbox 447 5436 2026 5508; baseline 0.009 -19"><span class='ocrx_word' id='word_1_418' title='bbox 447 5436 581 5490; x_wconf 84' lang='lat' dir='ltr'><strong>dixit</strong></span> <span class='ocrx_word' id='word_1_419' title='bbox 608 5436 797 5491; x_wconf 86' lang='lat' dir='ltr'><strong>Petrus</strong></span> <span class='ocrx_word' id='word_1_420' title='bbox 826 5448 879 5493; x_wconf 89' lang='lat' dir='ltr'><strong>et</strong></span> <span class='ocrx_word' id='word_1_421' title='bbox 910 5439 1098 5493; x_wconf 83' lang='lat' dir='ltr'><strong>beatus</strong></span> <span class='ocrx_word' id='word_1_422' title='bbox 1124 5442 1439 5508; x_wconf 58' lang='lat' dir='ltr'><strong>praedicatus</strong></span> <span class='ocrx_word' id='word_1_423' title='bbox 1459 5445 1576 5498; x_wconf 82' lang='lat' dir='ltr'><strong>est?</strong></span> <span class='ocrx_word' id='word_1_424' title='bbox 1616 5443 1694 5498; x_wconf 85' lang='lat' dir='ltr'><strong>Tu</strong></span> <span class='ocrx_word' id='word_1_425' title='bbox 1720 5463 1771 5500; x_wconf 85' lang='lat' dir='ltr'><strong>es</strong></span> <span class='ocrx_word' id='word_1_426' title='bbox 1793 5445 2026 5503; x_wconf 80' lang='lat' dir='ltr'><strong>Christus</strong></span> 
     </span>
    </p>
   </div>
   <div class='ocr_carea' id='block_1_58' title="bbox 448 5524 2024 5609">
    <p class='ocr_par' dir='ltr' id='par_1_58' title="bbox 448 5524 2024 5609">
     <span class='ocr_line' id='line_1_58' title="bbox 448 5524 2024 5609; baseline 0.012 -32"><span class='ocrx_word' id='word_1_427' title='bbox 448 5524 615 5579; x_wconf 81' lang='lat' dir='ltr'><strong>Filius</strong></span> <span class='ocrx_word' id='word_1_428' title='bbox 642 5525 739 5581; x_wconf 84' lang='lat' dir='ltr'><strong>Dei</strong></span> <span class='ocrx_word' id='word_1_429' title='bbox 782 5526 999 5599; x_wconf 73' lang='lat' dir='ltr'><strong>(Matth.</strong></span> <span class='ocrx_word' id='word_1_430' title='bbox 1040 5532 1128 5584; x_wconf 80' lang='lat' dir='ltr'><strong>l6.</strong></span> <span class='ocrx_word' id='word_1_431' title='bbox 1160 5532 1272 5602; x_wconf 81' lang='grc'>16).</span> <span class='ocrx_word' id='word_1_432' title='bbox 1304 5532 1421 5587; x_wconf 87' lang='lat' dir='ltr'><strong>Non</strong></span> <span class='ocrx_word' id='word_1_433' title='bbox 1450 5534 1606 5599; x_wconf 78' lang='lat' dir='ltr'><strong>dixit.</strong></span> <span class='ocrx_word' id='word_1_434' title='bbox 1637 5537 1715 5591; x_wconf 87' lang='lat' dir='ltr'><strong>Tu</strong></span> <span class='ocrx_word' id='word_1_435' title='bbox 1745 5552 1804 5592; x_wconf 88' lang='lat' dir='ltr'><strong>es</strong></span> <span class='ocrx_word' id='word_1_436' title='bbox 1847 5540 2024 5609; x_wconf 87' lang='lat' dir='ltr'><strong>proles</strong></span> 
     </span>
    </p>
   </div>
   <div class='ocr_carea' id='block_1_59' title="bbox 446 5615 2029 5707">
    <p class='ocr_par' dir='ltr' id='par_1_59' title="bbox 446 5615 2029 5707">
     <span class='ocr_line' id='line_1_59' title="bbox 446 5615 2029 5707; baseline 0.015 -38"><span class='ocrx_word' id='word_1_437' title='bbox 446 5615 704 5685; x_wconf 82' lang='lat' dir='ltr'><strong>ingeniti;</strong></span> <span class='ocrx_word' id='word_1_438' title='bbox 754 5616 873 5683; x_wconf 78' lang='lat' dir='ltr'><strong>sed,</strong></span> <span class='ocrx_word' id='word_1_439' title='bbox 911 5620 950 5673; x_wconf 77' lang='grc' dir='ltr'><em>Γ</em></span> <span class='ocrx_word' id='word_1_440' title='bbox 953 5638 987 5673; x_wconf 82' lang='grc' dir='ltr'><strong>ιι</strong></span> <span class='ocrx_word' id='word_1_441' title='bbox 1025 5638 1077 5676; x_wconf 88' lang='lat' dir='ltr'><strong>es</strong></span> <span class='ocrx_word' id='word_1_442' title='bbox 1105 5623 1331 5680; x_wconf 76' lang='lat' dir='ltr'><strong>Christus</strong></span> <span class='ocrx_word' id='word_1_443' title='bbox 1376 5625 1550 5682; x_wconf 86' lang='lat' dir='ltr'><strong>Filius</strong></span> <span class='ocrx_word' id='word_1_444' title='bbox 1595 5629 1712 5686; x_wconf 81' lang='lat' dir='ltr'><strong>Dei.</strong></span> <span class='ocrx_word' id='word_1_445' title='bbox 1741 5633 1874 5690; x_wconf 87' lang='lat' dir='ltr'><strong>Cum</strong></span> <span class='ocrx_word' id='word_1_446' title='bbox 1922 5632 2029 5707; x_wconf 85' lang='lat' dir='ltr'><strong>ipsi</strong></span> 
     </span>
    </p>
   </div>
   <div class='ocr_carea' id='block_1_60' title="bbox 510 5708 1589 5770">
    <p class='ocr_par' dir='ltr' id='par_1_60' title="bbox 510 5708 1589 5770">
     <span class='ocr_line' id='line_1_60' title="bbox 510 5708 1589 5770; baseline 0.012 -14"><span class='ocrx_word' id='word_1_447' title='bbox 510 5709 582 5768; x_wconf 89' lang='lat' dir='ltr'><strong>(a)</strong></span> <span class='ocrx_word' id='word_1_448' title='bbox 611 5708 660 5757; x_wconf 81' lang='grc' dir='ltr'>ω</span> <span class='ocrx_word' id='word_1_449' title='bbox 686 5717 781 5769; x_wconf 81' lang='lat' dir='ltr'><strong>est,</strong></span> <span class='ocrx_word' id='word_1_450' title='bbox 805 5722 871 5759; x_wconf 82' lang='lat' dir='ltr'><strong>ne</strong></span> <span class='ocrx_word' id='word_1_451' title='bbox 893 5709 1016 5760; x_wconf 86' lang='lat' dir='ltr'><strong>ultra</strong></span> <span class='ocrx_word' id='word_1_452' title='bbox 1039 5722 1390 5768; x_wconf 84' lang='lat' dir='ltr'><strong>monstraretur</strong></span> <span class='ocrx_word' id='word_1_453' title='bbox 1413 5719 1589 5770; x_wconf 78' lang='lat' dir='ltr'><strong>eﬂ‘ecu.</strong></span> 
     </span>
    </p>
   </div>
   <div class='ocr_carea' id='block_1_61' title="bbox 1912 283 3632 362">
    <p class='ocr_par' dir='ltr' id='par_1_61' title="bbox 1912 283 3632 362">
     <span class='ocr_line' id='line_1_61' title="bbox 1912 283 3632 362; baseline 0.012 -22"><span class='ocrx_word' id='word_1_454' title='bbox 1912 283 2000 341; x_wconf 83' lang='lat' dir='ltr'><strong>DU</strong></span> <span class='ocrx_word' id='word_1_455' title='bbox 2010 283 2142 339; x_wconf 81' lang='grc' dir='ltr'><strong>ΒΙΑ.</strong></span> <span class='ocrx_word' id='word_1_456' title='bbox 3546 307 3632 362; x_wconf 64' lang='lat'><strong>548</strong></span> 
     </span>
    </p>
   </div>
   <div class='ocr_carea' id='block_1_62' title="bbox 2125 399 3637 491">
    <p class='ocr_par' dir='ltr' id='par_1_62' title="bbox 2125 399 3637 491">
     <span class='ocr_line' id='line_1_62' title="bbox 2125 399 3637 491; baseline 0.01 -36"><span class='ocrx_word' id='word_1_457' title='bbox 2125 399 2287 455; x_wconf 87' lang='lat' dir='ltr'><strong>Pater</strong></span> <span class='ocrx_word' id='word_1_458' title='bbox 2316 401 2631 471; x_wconf 82' lang='lat' dir='ltr'><strong>sapientiam</strong></span> <span class='ocrx_word' id='word_1_459' title='bbox 2677 404 2957 468; x_wconf 84' lang='lat' dir='ltr'><strong>revelavit,</strong></span> <span class='ocrx_word' id='word_1_460' title='bbox 2990 421 3164 463; x_wconf 81' lang='lat' dir='ltr'><strong>annon</strong></span> <span class='ocrx_word' id='word_1_461' title='bbox 3209 410 3343 467; x_wconf 77' lang='lat' dir='ltr'><strong>illam</strong></span> <span class='ocrx_word' id='word_1_462' title='bbox 3365 429 3537 486; x_wconf 79' lang='lat' dir='ltr'><strong>capere</strong></span> <span class='ocrx_word' id='word_1_463' title='bbox 3561 438 3637 491; x_wconf 81' lang='lat' dir='ltr'><strong>po.</strong></span> 
     </span>
    </p>
   </div>
   <div class='ocr_carea' id='block_1_63' title="bbox 2122 493 3635 577">
    <p class='ocr_par' dir='ltr' id='par_1_63' title="bbox 2122 493 3635 577">
     <span class='ocr_line' id='line_1_63' title="bbox 2122 493 3635 577; baseline 0.016 -32"><span class='ocrx_word' id='word_1_464' title='bbox 2122 493 2263 547; x_wconf 86' lang='lat' dir='ltr'><strong>tuit?</strong></span> <span class='ocrx_word' id='word_1_465' title='bbox 2304 508 2482 547; x_wconf 89' lang='lat' dir='ltr'><strong>annon</strong></span> <span class='ocrx_word' id='word_1_466' title='bbox 2517 507 2728 564; x_wconf 87' lang='lat' dir='ltr'><strong>poterat</strong></span> <span class='ocrx_word' id='word_1_467' title='bbox 2756 498 3005 554; x_wconf 89' lang='lat' dir='ltr'><strong>Christus</strong></span> <span class='ocrx_word' id='word_1_468' title='bbox 3050 506 3296 571; x_wconf 88' lang='lat' dir='ltr'><strong>apostolis</strong></span> <span class='ocrx_word' id='word_1_469' title='bbox 3335 506 3515 577; x_wconf 83' lang='lat' dir='ltr'><strong>dicere,</strong></span> <span class='ocrx_word' id='word_1_470' title='bbox 3537 530 3635 570; x_wconf 86' lang='lat' dir='ltr'><strong>cum</strong></span> 
     </span>
    </p>
   </div>
   <div class='ocr_carea' id='block_1_64' title="bbox 2124 585 3639 668">
    <p class='ocr_par' dir='ltr' id='par_1_64' title="bbox 2124 585 3639 668">
     <span class='ocr_line' id='line_1_64' title="bbox 2124 585 3639 668; baseline 0.015 -31"><span class='ocrx_word' id='word_1_471' title='bbox 2124 585 2242 639; x_wconf 90' lang='lat' dir='ltr'><strong>illos</strong></span> <span class='ocrx_word' id='word_1_472' title='bbox 2267 588 2425 653; x_wconf 67' lang='lat' dir='ltr'><strong>tussit</strong></span> <span class='ocrx_word' id='word_1_473' title='bbox 2450 587 2744 657; x_wconf 89' lang='lat' dir='ltr'><strong>baptizare,</strong></span> <span class='ocrx_word' id='word_1_474' title='bbox 2774 589 2978 646; x_wconf 87' lang='lat' dir='ltr'><strong>Euntcs</strong></span> <span class='ocrx_word' id='word_1_475' title='bbox 3005 594 3257 665; x_wconf 85' lang='lat' dir='ltr'><strong>baptizate</strong></span> <span class='ocrx_word' id='word_1_476' title='bbox 3282 610 3455 668; x_wconf 79' lang='lat' dir='ltr'><strong>gentes</strong></span> <span class='ocrx_word' id='word_1_477' title='bbox 3493 605 3537 658; x_wconf 92' lang='lat' dir='ltr'><strong>iu</strong></span> <span class='ocrx_word' id='word_1_478' title='bbox 3561 624 3639 660; x_wconf 88' lang='lat' dir='ltr'><strong>no-</strong></span> 
     </span>
    </p>
   </div>
   <div class='ocr_carea' id='block_1_65' title="bbox 2124 678 3637 757">
    <p class='ocr_par' dir='ltr' id='par_1_65' title="bbox 2124 678 3637 757">
     <span class='ocr_line' id='line_1_65' title="bbox 2124 678 3637 757; baseline 0.015 -27"><span class='ocrx_word' id='word_1_479' title='bbox 2124 678 2266 731; x_wconf 89' lang='lat' dir='ltr'><strong>mine</strong></span> <span class='ocrx_word' id='word_1_480' title='bbox 2292 680 2458 747; x_wconf 86' lang='lat' dir='ltr'><strong>geniti</strong></span> <span class='ocrx_word' id='word_1_481' title='bbox 2487 690 2542 734; x_wconf 90' lang='lat' dir='ltr'><strong>et</strong></span> <span class='ocrx_word' id='word_1_482' title='bbox 2574 682 2833 751; x_wconf 86' lang='lat' dir='ltr'><strong>ingeniti?</strong></span> <span class='ocrx_word' id='word_1_483' title='bbox 2856 683 2960 738; x_wconf 90' lang='lat' dir='ltr'><strong>Sed</strong></span> <span class='ocrx_word' id='word_1_484' title='bbox 2982 689 3316 757; x_wconf 85' lang='lat' dir='ltr'><strong>tuystiearum</strong></span> <span class='ocrx_word' id='word_1_485' title='bbox 3343 693 3637 752; x_wconf 86' lang='lat' dir='ltr'><strong>traditiouum</strong></span> 
     </span>
    </p>
   </div>
   <div class='ocr_carea' id='block_1_66' title="bbox 2124 770 3639 849">
    <p class='ocr_par' dir='ltr' id='par_1_66' title="bbox 2124 770 3639 849">
     <span class='ocr_line' id='line_1_66' title="bbox 2124 770 3639 849; baseline 0.014 -28"><span class='ocrx_word' id='word_1_486' title='bbox 2124 770 2417 838; x_wconf 87' lang='lat' dir='ltr'><strong>sapientius</strong></span> <span class='ocrx_word' id='word_1_487' title='bbox 2441 784 2633 826; x_wconf 88' lang='lat' dir='ltr'><strong>nomen</strong></span> <span class='ocrx_word' id='word_1_488' title='bbox 2660 775 2880 829; x_wconf 87' lang='lat' dir='ltr'><strong>invenit.</strong></span> <span class='ocrx_word' id='word_1_489' title='bbox 2905 777 3088 830; x_wconf 86' lang='lat' dir='ltr'><strong>Divina</strong></span> <span class='ocrx_word' id='word_1_490' title='bbox 3106 779 3493 849; x_wconf 88' lang='lat' dir='ltr'><strong>circumscribis,</strong></span> <span class='ocrx_word' id='word_1_491' title='bbox 3511 786 3639 842; x_wconf 87' lang='lat' dir='ltr'><strong>ftdetn</strong></span> 
     </span>
    </p>
   </div>
   <div class='ocr_carea' id='block_1_67' title="bbox 2125 859 3638 934">
    <p class='ocr_par' dir='ltr' id='par_1_67' title="bbox 2125 859 3638 934">
     <span class='ocr_line' id='line_1_67' title="bbox 2125 859 3638 934; baseline 0.015 -22"><span class='ocrx_word' id='word_1_492' title='bbox 2125 859 2282 923; x_wconf 91' lang='lat' dir='ltr'><strong>tollis,</strong></span> <span class='ocrx_word' id='word_1_493' title='bbox 2318 872 2370 914; x_wconf 91' lang='lat' dir='ltr'><strong>et</strong></span> <span class='ocrx_word' id='word_1_494' title='bbox 2396 864 2748 931; x_wconf 69' lang='lat' dir='ltr'><strong>qumstioaem</strong></span> <span class='ocrx_word' id='word_1_495' title='bbox 2782 865 3012 921; x_wconf 89' lang='lat' dir='ltr'><strong>inducis.</strong></span> <span class='ocrx_word' id='word_1_496' title='bbox 3045 868 3147 923; x_wconf 90' lang='lat' dir='ltr'><strong>Sed</strong></span> <span class='ocrx_word' id='word_1_497' title='bbox 3189 872 3329 933; x_wconf 88' lang='lat' dir='ltr'><strong>time,</strong></span> <span class='ocrx_word' id='word_1_498' title='bbox 3358 887 3389 925; x_wconf 90' lang='grc' dir='ltr'><strong>ο</strong></span> <span class='ocrx_word' id='word_1_499' title='bbox 3433 875 3638 934; x_wconf 88' lang='lat' dir='ltr'><strong>inimice:</strong></span> 
     </span>
    </p>
   </div>
   <div class='ocr_carea' id='block_1_68' title="bbox 2123 950 3642 1026">
    <p class='ocr_par' dir='ltr' id='par_1_68' title="bbox 2123 950 3642 1026">
     <span class='ocr_line' id='line_1_68' title="bbox 2123 950 3642 1026; baseline 0.012 -20"><span class='ocrx_word' id='word_1_500' title='bbox 2123 950 2314 1006; x_wconf 82' lang='lat' dir='ltr'><strong>Petrus</strong></span> <span class='ocrx_word' id='word_1_501' title='bbox 2338 954 2517 1008; x_wconf 85' lang='lat' dir='ltr'><strong>claves</strong></span> <span class='ocrx_word' id='word_1_502' title='bbox 2546 965 2690 1010; x_wconf 88' lang='lat' dir='ltr'><strong>tenet</strong></span> <span class='ocrx_word' id='word_1_503' title='bbox 2716 975 2729 1009; x_wconf 88' lang='lat'><strong>:</strong></span> <span class='ocrx_word' id='word_1_504' title='bbox 2762 959 2884 1026; x_wconf 85' lang='lat' dir='ltr'><strong>quia</strong></span> <span class='ocrx_word' id='word_1_505' title='bbox 2917 958 3061 1013; x_wconf 86' lang='lat' dir='ltr'><strong>enim</strong></span> <span class='ocrx_word' id='word_1_506' title='bbox 3090 960 3241 1022; x_wconf 79' lang='lat' dir='ltr'><strong>dixit,</strong></span> <span class='ocrx_word' id='word_1_507' title='bbox 3282 962 3357 1017; x_wconf 88' lang='lat' dir='ltr'><strong>Tu</strong></span> <span class='ocrx_word' id='word_1_508' title='bbox 3383 982 3431 1018; x_wconf 88' lang='lat' dir='ltr'><strong>es</strong></span> <span class='ocrx_word' id='word_1_509' title='bbox 3454 968 3642 1023; x_wconf 78' lang='lat' dir='ltr'><strong>Christus</strong></span> 
     </span>
    </p>
   </div>
   <div class='ocr_carea' id='block_1_69' title="bbox 2126 1041 3644 1117">
    <p class='ocr_par' dir='ltr' id='par_1_69' title="bbox 2126 1041 3644 1117">
     <span class='ocr_line' id='line_1_69' title="bbox 2126 1041 3644 1117; baseline 0.013 -23"><span class='ocrx_word' id='word_1_510' title='bbox 2126 1041 2295 1096; x_wconf 83' lang='lat' dir='ltr'><strong>Filius</strong></span> <span class='ocrx_word' id='word_1_511' title='bbox 2318 1043 2432 1105; x_wconf 87' lang='lat' dir='ltr'><strong>Dei,</strong></span> <span class='ocrx_word' id='word_1_512' title='bbox 2456 1047 2635 1101; x_wconf 88' lang='lat' dir='ltr'><strong>claves</strong></span> <span class='ocrx_word' id='word_1_513' title='bbox 2661 1049 2890 1117; x_wconf 83' lang='lat' dir='ltr'><strong>accepit.</strong></span> <span class='ocrx_word' id='word_1_514' title='bbox 2910 1049 3057 1117; x_wconf 82' lang='lat' dir='ltr'><strong>Quos</strong></span> <span class='ocrx_word' id='word_1_515' title='bbox 3082 1052 3269 1106; x_wconf 90' lang='lat' dir='ltr'><strong>viderit</strong></span> <span class='ocrx_word' id='word_1_516' title='bbox 3292 1054 3466 1109; x_wconf 82' lang='lat' dir='ltr'><strong>Petrus</strong></span> <span class='ocrx_word' id='word_1_517' title='bbox 3485 1057 3644 1113; x_wconf 84' lang='lat' dir='ltr'><strong>Filium</strong></span> 
     </span>
    </p>
   </div>
   <div class='ocr_carea' id='block_1_70' title="bbox 2122 1133 3643 1214">
    <p class='ocr_par' dir='ltr' id='par_1_70' title="bbox 2122 1133 3643 1214">
     <span class='ocr_line' id='line_1_70' title="bbox 2122 1133 3643 1214; baseline 0.012 -28"><span class='ocrx_word' id='word_1_518' title='bbox 2122 1133 2383 1199; x_wconf 88' lang='lat' dir='ltr'><strong>dicentes,</strong></span> <span class='ocrx_word' id='word_1_519' title='bbox 2417 1137 2481 1191; x_wconf 92' lang='lat' dir='ltr'><strong>iis</strong></span> <span class='ocrx_word' id='word_1_520' title='bbox 2529 1148 2737 1207; x_wconf 89' lang='lat' dir='ltr'><strong>portatu</strong></span> <span class='ocrx_word' id='word_1_521' title='bbox 2771 1141 2920 1209; x_wconf 88' lang='lat' dir='ltr'><strong>regni</strong></span> <span class='ocrx_word' id='word_1_522' title='bbox 2969 1142 3141 1212; x_wconf 91' lang='lat' dir='ltr'><strong>aperit</strong></span> <span class='ocrx_word' id='word_1_523' title='bbox 3170 1159 3183 1199; x_wconf 93' lang='lat'><strong>:</strong></span> <span class='ocrx_word' id='word_1_524' title='bbox 3210 1156 3457 1214; x_wconf 89' lang='lat' dir='ltr'><strong>quotquot</strong></span> <span class='ocrx_word' id='word_1_525' title='bbox 3500 1160 3643 1204; x_wconf 84' lang='lat' dir='ltr'><strong>autem</strong></span> 
     </span>
    </p>
   </div>
   <div class='ocr_carea' id='block_1_71' title="bbox 2124 1229 3646 1311">
    <p class='ocr_par' dir='ltr' id='par_1_71' title="bbox 2124 1229 3646 1311">
     <span class='ocr_line' id='line_1_71' title="bbox 2124 1229 3646 1311; baseline 0.01 -30"><span class='ocrx_word' id='word_1_526' title='bbox 2124 1229 2318 1282; x_wconf 78' lang='lat' dir='ltr'><strong>viderit</strong></span> <span class='ocrx_word' id='word_1_527' title='bbox 2347 1229 2518 1299; x_wconf 91' lang='lat' dir='ltr'><strong>ipsum</strong></span> <span class='ocrx_word' id='word_1_528' title='bbox 2556 1249 2669 1287; x_wconf 89' lang='lat' dir='ltr'><strong>rem</strong></span> <span class='ocrx_word' id='word_1_529' title='bbox 2696 1248 2820 1286; x_wconf 85' lang='lat' dir='ltr'><strong>esse</strong></span> <span class='ocrx_word' id='word_1_530' title='bbox 2851 1247 3087 1288; x_wconf 90' lang='lat' dir='ltr'><strong>creatam</strong></span> <span class='ocrx_word' id='word_1_531' title='bbox 3110 1235 3341 1291; x_wconf 85' lang='lat' dir='ltr'><strong>dicentes</strong></span> <span class='ocrx_word' id='word_1_532' title='bbox 3367 1249 3415 1292; x_wconf 89' lang='lat' dir='ltr'><strong>et</strong></span> <span class='ocrx_word' id='word_1_533' title='bbox 3442 1240 3646 1311; x_wconf 86' lang='lat' dir='ltr'><strong>blasphe-</strong></span> 
     </span>
    </p>
   </div>
   <div class='ocr_carea' id='block_1_72' title="bbox 2126 1324 3645 1399">
    <p class='ocr_par' dir='ltr' id='par_1_72' title="bbox 2126 1324 3645 1399">
     <span class='ocr_line' id='line_1_72' title="bbox 2126 1324 3645 1399; baseline 0.009 -26"><span class='ocrx_word' id='word_1_534' title='bbox 2126 1330 2356 1387; x_wconf 88' lang='lat' dir='ltr'><strong>mantes,</strong></span> <span class='ocrx_word' id='word_1_535' title='bbox 2383 1324 2446 1376; x_wconf 88' lang='lat' dir='ltr'><strong>iis</strong></span> <span class='ocrx_word' id='word_1_536' title='bbox 2476 1336 2682 1392; x_wconf 87' lang='lat' dir='ltr'><strong>portam</strong></span> <span class='ocrx_word' id='word_1_537' title='bbox 2705 1326 2959 1380; x_wconf 66' lang='lat' dir='ltr'><strong>Ecclesia:</strong></span> <span class='ocrx_word' id='word_1_538' title='bbox 2981 1327 3231 1381; x_wconf 88' lang='lat' dir='ltr'><strong>occludit.</strong></span> <span class='ocrx_word' id='word_1_539' title='bbox 3252 1328 3360 1382; x_wconf 89' lang='lat' dir='ltr'><strong>Non</strong></span> <span class='ocrx_word' id='word_1_540' title='bbox 3384 1331 3516 1399; x_wconf 90' lang='lat' dir='ltr'><strong>prius</strong></span> <span class='ocrx_word' id='word_1_541' title='bbox 3532 1333 3645 1387; x_wconf 86' lang='lat' dir='ltr'><strong>enim</strong></span> 
     </span>
    </p>
   </div>
   <div class='ocr_carea' id='block_1_73' title="bbox 2125 1412 3649 1485">
    <p class='ocr_par' dir='ltr' id='par_1_73' title="bbox 2125 1412 3649 1485">
     <span class='ocr_line' id='line_1_73' title="bbox 2125 1412 3649 1485; baseline 0.01 -21"><span class='ocrx_word' id='word_1_542' title='bbox 2125 1412 2304 1467; x_wconf 78' lang='lat' dir='ltr'><strong>claves</strong></span> <span class='ocrx_word' id='word_1_543' title='bbox 2331 1417 2557 1484; x_wconf 90' lang='lat' dir='ltr'><strong>accepit,</strong></span> <span class='ocrx_word' id='word_1_544' title='bbox 2573 1432 2731 1485; x_wconf 90' lang='lat' dir='ltr'><strong>quam</strong></span> <span class='ocrx_word' id='word_1_545' title='bbox 2756 1417 2975 1478; x_wconf 87' lang='lat' dir='ltr'><strong>diceret.</strong></span> <span class='ocrx_word' id='word_1_546' title='bbox 2993 1417 3066 1471; x_wconf 86' lang='lat' dir='ltr'><strong>Tu</strong></span> <span class='ocrx_word' id='word_1_547' title='bbox 3085 1436 3138 1473; x_wconf 90' lang='lat' dir='ltr'><strong>es</strong></span> <span class='ocrx_word' id='word_1_548' title='bbox 3156 1418 3318 1472; x_wconf 83' lang='lat' dir='ltr'><strong>Filius</strong></span> <span class='ocrx_word' id='word_1_549' title='bbox 3338 1420 3459 1476; x_wconf 83' lang='lat' dir='ltr'><strong>Dei:</strong></span> <span class='ocrx_word' id='word_1_550' title='bbox 3488 1434 3592 1478; x_wconf 89' lang='lat' dir='ltr'><strong>tunc</strong></span> <span class='ocrx_word' id='word_1_551' title='bbox 3608 1437 3649 1479; x_wconf 82' lang='lat' dir='ltr'><strong>et</strong></span> 
     </span>
    </p>
   </div>
   <div class='ocr_carea' id='block_1_74' title="bbox 2128 1505 3649 1582">
    <p class='ocr_par' dir='ltr' id='par_1_74' title="bbox 2128 1505 3649 1582">
     <span class='ocr_line' id='line_1_74' title="bbox 2128 1505 3649 1582; baseline 0.008 -25"><span class='ocrx_word' id='word_1_552' title='bbox 2128 1505 2214 1558; x_wconf 91' lang='lat' dir='ltr'><strong>ille</strong></span> <span class='ocrx_word' id='word_1_553' title='bbox 2232 1505 2378 1559; x_wconf 89' lang='lat' dir='ltr'><strong>audit</strong></span> <span class='ocrx_word' id='word_1_554' title='bbox 2396 1506 2464 1559; x_wconf 90' lang='lat' dir='ltr'><strong>ab</strong></span> <span class='ocrx_word' id='word_1_555' title='bbox 2495 1508 2612 1575; x_wconf 89' lang='lat' dir='ltr'><strong>ipso</strong></span> <span class='ocrx_word' id='word_1_556' title='bbox 2637 1507 2855 1562; x_wconf 84' lang='lat' dir='ltr'><strong>:Beatns</strong></span> <span class='ocrx_word' id='word_1_557' title='bbox 2881 1526 2953 1573; x_wconf 83' lang='lat' dir='ltr'><strong>es,</strong></span> <span class='ocrx_word' id='word_1_558' title='bbox 2981 1510 3161 1564; x_wconf 85' lang='lat' dir='ltr'><strong>Simon</strong></span> <span class='ocrx_word' id='word_1_559' title='bbox 3183 1510 3395 1582; x_wconf 85' lang='lat' dir='ltr'><strong>Barjona</strong></span> <span class='ocrx_word' id='word_1_560' title='bbox 3416 1530 3433 1567; x_wconf 90' lang='lat'><strong><em>:</em></strong></span> <span class='ocrx_word' id='word_1_561' title='bbox 3457 1516 3532 1567; x_wconf 87' lang='lat' dir='ltr'><strong>tibi</strong></span> <span class='ocrx_word' id='word_1_562' title='bbox 3547 1517 3649 1569; x_wconf 78' lang='lat' dir='ltr'><strong>dabo</strong></span> 
     </span>
    </p>
   </div>
   <div class='ocr_carea' id='block_1_75' title="bbox 2124 1595 3649 1675">
    <p class='ocr_par' dir='ltr' id='par_1_75' title="bbox 2124 1595 3649 1675">
     <span class='ocr_line' id='line_1_75' title="bbox 2124 1595 3649 1675; baseline 0.011 -27"><span class='ocrx_word' id='word_1_563' title='bbox 2124 1595 2288 1650; x_wconf 79' lang='lat' dir='ltr'><strong>claves</strong></span> <span class='ocrx_word' id='word_1_564' title='bbox 2317 1598 2461 1667; x_wconf 85' lang='lat' dir='ltr'><strong>regni</strong></span> <span class='ocrx_word' id='word_1_565' title='bbox 2486 1598 2727 1652; x_wconf 67' lang='lat' dir='ltr'><strong>carlormn</strong></span> <span class='ocrx_word' id='word_1_566' title='bbox 2759 1600 2975 1671; x_wconf 79' lang='lat' dir='ltr'><strong>(Matth.</strong></span> <span class='ocrx_word' id='word_1_567' title='bbox 3009 1604 3095 1659; x_wconf 84' lang='grc'>16.</span> <span class='ocrx_word' id='word_1_568' title='bbox 3131 1606 3238 1675; x_wconf 79' lang='grc'>17).</span> <span class='ocrx_word' id='word_1_569' title='bbox 3261 1607 3379 1660; x_wconf 77' lang='lat' dir='ltr'><strong>Post</strong></span> <span class='ocrx_word' id='word_1_570' title='bbox 3398 1609 3649 1664; x_wconf 55' lang='lat' dir='ltr'><strong>confessio.</strong></span> 
     </span>
    </p>
   </div>
   <div class='ocr_carea' id='block_1_76' title="bbox 2126 1692 3648 1770">
    <p class='ocr_par' dir='ltr' id='par_1_76' title="bbox 2126 1692 3648 1770">
     <span class='ocr_line' id='line_1_76' title="bbox 2126 1692 3648 1770; baseline 0.009 -30"><span class='ocrx_word' id='word_1_571' title='bbox 2126 1704 2244 1740; x_wconf 77' lang='lat' dir='ltr'><strong>urm</strong></span> <span class='ocrx_word' id='word_1_572' title='bbox 2270 1701 2532 1757; x_wconf 86' lang='lat' dir='ltr'><strong>potestas;</strong></span> <span class='ocrx_word' id='word_1_573' title='bbox 2563 1703 2681 1759; x_wconf 89' lang='lat' dir='ltr'><strong>post</strong></span> <span class='ocrx_word' id='word_1_574' title='bbox 2701 1692 2857 1747; x_wconf 86' lang='lat' dir='ltr'><strong>fidem</strong></span> <span class='ocrx_word' id='word_1_575' title='bbox 2883 1694 3111 1751; x_wconf 88' lang='lat' dir='ltr'><strong>traditur</strong></span> <span class='ocrx_word' id='word_1_576' title='bbox 3126 1697 3357 1753; x_wconf 81' lang='lat' dir='ltr'><strong>Ecclesia</strong></span> <span class='ocrx_word' id='word_1_577' title='bbox 3376 1710 3425 1753; x_wconf 90' lang='lat' dir='ltr'><strong>et</strong></span> <span class='ocrx_word' id='word_1_578' title='bbox 3443 1716 3648 1770; x_wconf 85' lang='lat' dir='ltr'><strong>regnum.</strong></span> 
     </span>
    </p>
   </div>
   <div class='ocr_carea' id='block_1_77' title="bbox 2197 1780 3650 1859">
    <p class='ocr_par' dir='ltr' id='par_1_77' title="bbox 2197 1780 3650 1859">
     <span class='ocr_line' id='line_1_77' title="bbox 2197 1780 3650 1859; baseline 0.008 -25"><span class='ocrx_word' id='word_1_579' title='bbox 2197 1780 2250 1834; x_wconf 75' lang='lat'><strong>3.</strong></span> <span class='ocrx_word' id='word_1_580' title='bbox 2282 1780 2478 1835; x_wconf 81' lang='lat' dir='ltr'><strong>Verum</strong></span> <span class='ocrx_word' id='word_1_581' title='bbox 2527 1783 2616 1837; x_wconf 87' lang='lat' dir='ltr'><strong>alii</strong></span> <span class='ocrx_word' id='word_1_582' title='bbox 2649 1795 2833 1838; x_wconf 88' lang='lat' dir='ltr'><strong>contra</strong></span> <span class='ocrx_word' id='word_1_583' title='bbox 2866 1784 3061 1841; x_wconf 86' lang='lat' dir='ltr'><strong>Filium</strong></span> <span class='ocrx_word' id='word_1_584' title='bbox 3107 1800 3365 1859; x_wconf 88' lang='lat' dir='ltr'><strong>pugnant,</strong></span> <span class='ocrx_word' id='word_1_585' title='bbox 3395 1791 3474 1844; x_wconf 84' lang='lat' dir='ltr'><strong>alii</strong></span> <span class='ocrx_word' id='word_1_586' title='bbox 3500 1804 3650 1847; x_wconf 84' lang='lat' dir='ltr'><strong>contra</strong></span> 
     </span>
    </p>
   </div>
   <div class='ocr_carea' id='block_1_78' title="bbox 2126 1870 3652 1942">
    <p class='ocr_par' dir='ltr' id='par_1_78' title="bbox 2126 1870 3652 1942">
     <span class='ocr_line' id='line_1_78' title="bbox 2126 1870 3652 1942; baseline 0.009 -17"><span class='ocrx_word' id='word_1_587' title='bbox 2126 1870 2383 1942; x_wconf 88' lang='lat' dir='ltr'><strong>Spiritum</strong></span> <span class='ocrx_word' id='word_1_588' title='bbox 2437 1886 2681 1928; x_wconf 87' lang='lat' dir='ltr'><strong>sanctum</strong></span> <span class='ocrx_word' id='word_1_589' title='bbox 2749 1878 2918 1931; x_wconf 85' lang='lat' dir='ltr'><strong>aciem</strong></span> <span class='ocrx_word' id='word_1_590' title='bbox 2974 1880 3266 1935; x_wconf 88' lang='lat' dir='ltr'><strong>instruunt.</strong></span> <span class='ocrx_word' id='word_1_591' title='bbox 3313 1881 3494 1937; x_wconf 78' lang='lat' dir='ltr'><strong>Verum</strong></span> <span class='ocrx_word' id='word_1_592' title='bbox 3548 1885 3652 1938; x_wconf 88' lang='lat' dir='ltr'><strong>nihil</strong></span> 
     </span>
    </p>
   </div>
   <div class='ocr_carea' id='block_1_79' title="bbox 2129 1964 3653 2045">
    <p class='ocr_par' dir='ltr' id='par_1_79' title="bbox 2129 1964 3653 2045">
     <span class='ocr_line' id='line_1_79' title="bbox 2129 1964 3653 2045; baseline 0.01 -30"><span class='ocrx_word' id='word_1_593' title='bbox 2129 1964 2343 2031; x_wconf 83' lang='lat' dir='ltr'><strong>prodest</strong></span> <span class='ocrx_word' id='word_1_594' title='bbox 2370 1966 2510 2034; x_wconf 89' lang='lat' dir='ltr'><strong>qttod</strong></span> <span class='ocrx_word' id='word_1_595' title='bbox 2557 1967 2829 2022; x_wconf 79' lang='lat' dir='ltr'><strong>Christum</strong></span> <span class='ocrx_word' id='word_1_596' title='bbox 2871 1972 3260 2038; x_wconf 80' lang='lat' dir='ltr'><strong>conﬁteantur,</strong></span> <span class='ocrx_word' id='word_1_597' title='bbox 3290 1975 3408 2029; x_wconf 90' lang='lat' dir='ltr'><strong>dum</strong></span> <span class='ocrx_word' id='word_1_598' title='bbox 3436 1976 3653 2045; x_wconf 83' lang='lat' dir='ltr'><strong>Spiritum</strong></span> 
     </span>
    </p>
   </div>
   <div class='ocr_carea' id='block_1_80' title="bbox 2127 2059 3654 2136">
    <p class='ocr_par' dir='ltr' id='par_1_80' title="bbox 2127 2059 3654 2136">
     <span class='ocr_line' id='line_1_80' title="bbox 2127 2059 3654 2136; baseline 0.01 -30"><span class='ocrx_word' id='word_1_599' title='bbox 2127 2067 2367 2109; x_wconf 79' lang='lat' dir='ltr'><strong>sanctum</strong></span> <span class='ocrx_word' id='word_1_600' title='bbox 2398 2068 2592 2125; x_wconf 75' lang='lat' dir='ltr'><strong>negant</strong></span> <span class='ocrx_word' id='word_1_601' title='bbox 2623 2075 2635 2109; x_wconf 87' lang='lat'><strong>:</strong></span> <span class='ocrx_word' id='word_1_602' title='bbox 2670 2059 2808 2114; x_wconf 89' lang='lat' dir='ltr'><strong>sicut</strong></span> <span class='ocrx_word' id='word_1_603' title='bbox 2836 2060 2965 2117; x_wconf 90' lang='lat' dir='ltr'><strong>nihil</strong></span> <span class='ocrx_word' id='word_1_604' title='bbox 3014 2064 3237 2132; x_wconf 88' lang='lat' dir='ltr'><strong>prodest</strong></span> <span class='ocrx_word' id='word_1_605' title='bbox 3274 2065 3337 2119; x_wconf 87' lang='lat' dir='ltr'><strong>iis</strong></span> <span class='ocrx_word' id='word_1_606' title='bbox 3371 2069 3454 2136; x_wconf 90' lang='lat' dir='ltr'><strong>qui</strong></span> <span class='ocrx_word' id='word_1_607' title='bbox 3482 2068 3654 2122; x_wconf 82' lang='lat' dir='ltr'><strong>Patrem</strong></span> 
     </span>
    </p>
   </div>
   <div class='ocr_carea' id='block_1_81' title="bbox 2127 2144 3657 2220">
    <p class='ocr_par' dir='ltr' id='par_1_81' title="bbox 2127 2144 3657 2220">
     <span class='ocr_line' id='line_1_81' title="bbox 2127 2144 3657 2220; baseline 0.008 -21"><span class='ocrx_word' id='word_1_608' title='bbox 2127 2144 2469 2210; x_wconf 71' lang='lat' dir='ltr'><strong>confitentur,</strong></span> <span class='ocrx_word' id='word_1_609' title='bbox 2502 2160 2552 2202; x_wconf 81' lang='lat' dir='ltr'><strong>et</strong></span> <span class='ocrx_word' id='word_1_610' title='bbox 2587 2150 2786 2203; x_wconf 86' lang='lat' dir='ltr'><strong>Filium</strong></span> <span class='ocrx_word' id='word_1_611' title='bbox 2819 2162 3036 2220; x_wconf 82' lang='lat' dir='ltr'><strong>negant.</strong></span> <span class='ocrx_word' id='word_1_612' title='bbox 3065 2154 3197 2209; x_wconf 86' lang='lat' dir='ltr'><strong>Nam</strong></span> <span class='ocrx_word' id='word_1_613' title='bbox 3221 2169 3271 2211; x_wconf 90' lang='lat' dir='ltr'><strong>et</strong></span> <span class='ocrx_word' id='word_1_614' title='bbox 3297 2156 3453 2212; x_wconf 70' lang='lat' dir='ltr'><strong>Judad</strong></span> <span class='ocrx_word' id='word_1_615' title='bbox 3479 2157 3657 2213; x_wconf 84' lang='lat' dir='ltr'><strong>Patrem</strong></span> 
     </span>
    </p>
   </div>
   <div class='ocr_carea' id='block_1_82' title="bbox 2126 2225 3657 2315">
    <p class='ocr_par' dir='ltr' id='par_1_82' title="bbox 2126 2225 3657 2315">
     <span class='ocr_line' id='line_1_82' title="bbox 2126 2225 3657 2315; baseline 0.01 -26"><span class='ocrx_word' id='word_1_616' title='bbox 2126 2225 2465 2299; x_wconf 68' lang='lat' dir='ltr'><strong>conﬁtentur,</strong></span> <span class='ocrx_word' id='word_1_617' title='bbox 2496 2243 2582 2305; x_wconf 91' lang='lat' dir='ltr'><strong>qui</strong></span> <span class='ocrx_word' id='word_1_618' title='bbox 2632 2252 2827 2310; x_wconf 89' lang='lat' dir='ltr'><strong>negant</strong></span> <span class='ocrx_word' id='word_1_619' title='bbox 2858 2241 3075 2312; x_wconf 89' lang='lat' dir='ltr'><strong>Filium,</strong></span> <span class='ocrx_word' id='word_1_620' title='bbox 3105 2263 3280 2315; x_wconf 87' lang='lat' dir='ltr'><strong>neque</strong></span> <span class='ocrx_word' id='word_1_621' title='bbox 3311 2249 3492 2305; x_wconf 86' lang='lat' dir='ltr'><strong>habent</strong></span> <span class='ocrx_word' id='word_1_622' title='bbox 3524 2252 3657 2305; x_wconf 80' lang='lat' dir='ltr'><strong>vitatu</strong></span> 
     </span>
    </p>
   </div>
   <div class='ocr_carea' id='block_1_83' title="bbox 2128 2332 3660 2413">
    <p class='ocr_par' dir='ltr' id='par_1_83' title="bbox 2128 2332 3660 2413">
     <span class='ocr_line' id='line_1_83' title="bbox 2128 2332 3660 2413; baseline 0.009 -30"><span class='ocrx_word' id='word_1_623' title='bbox 2128 2338 2403 2383; x_wconf 65' lang='lat' dir='ltr'><strong>Merulam.</strong></span> <span class='ocrx_word' id='word_1_624' title='bbox 2434 2332 2531 2399; x_wconf 85' lang='lat' dir='ltr'><strong>Qui</strong></span> <span class='ocrx_word' id='word_1_625' title='bbox 2556 2332 2751 2388; x_wconf 85' lang='lat' dir='ltr'><strong>Christi</strong></span> <span class='ocrx_word' id='word_1_626' title='bbox 2782 2336 3005 2405; x_wconf 87' lang='lat' dir='ltr'><strong>gloriam</strong></span> <span class='ocrx_word' id='word_1_627' title='bbox 3033 2338 3284 2409; x_wconf 77' lang='lat' dir='ltr'><strong>tleSpicit,</strong></span> <span class='ocrx_word' id='word_1_628' title='bbox 3324 2358 3419 2398; x_wconf 83' lang='lat' dir='ltr'><strong>neu</strong></span> <span class='ocrx_word' id='word_1_629' title='bbox 3448 2356 3660 2413; x_wconf 82' lang='lat' dir='ltr'><strong>accepta-</strong></span> 
     </span>
    </p>
   </div>
   <div class='ocr_carea' id='block_1_84' title="bbox 2130 2419 3662 2503">
    <p class='ocr_par' dir='ltr' id='par_1_84' title="bbox 2130 2419 3662 2503">
     <span class='ocr_line' id='line_1_84' title="bbox 2130 2419 3662 2503; baseline 0.012 -31"><span class='ocrx_word' id='word_1_630' title='bbox 2130 2419 2255 2474; x_wconf 90' lang='lat' dir='ltr'><strong>bilis</strong></span> <span class='ocrx_word' id='word_1_631' title='bbox 2297 2433 2379 2475; x_wconf 88' lang='lat' dir='ltr'><strong>est</strong></span> <span class='ocrx_word' id='word_1_632' title='bbox 2408 2425 2548 2491; x_wconf 87' lang='lat' dir='ltr'><strong>apud</strong></span> <span class='ocrx_word' id='word_1_633' title='bbox 2592 2425 2827 2480; x_wconf 87' lang='lat' dir='ltr'><strong>Patrem.</strong></span> <span class='ocrx_word' id='word_1_634' title='bbox 2879 2431 3113 2486; x_wconf 79' lang='lat' dir='ltr'><strong>Attende</strong></span> <span class='ocrx_word' id='word_1_635' title='bbox 3143 2433 3438 2503; x_wconf 85' lang='lat' dir='ltr'><strong>diligenter.</strong></span> <span class='ocrx_word' id='word_1_636' title='bbox 3476 2436 3587 2490; x_wconf 73' lang='lat' dir='ltr'><strong>Nam</strong></span> <span class='ocrx_word' id='word_1_637' title='bbox 3613 2447 3662 2492; x_wconf 88' lang='lat' dir='ltr'><strong>et</strong></span> 
     </span>
    </p>
   </div>
   <div class='ocr_carea' id='block_1_85' title="bbox 2127 2513 3656 2588">
    <p class='ocr_par' dir='ltr' id='par_1_85' title="bbox 2127 2513 3656 2588">
     <span class='ocr_line' id='line_1_85' title="bbox 2127 2513 3656 2588; baseline 0.011 -26"><span class='ocrx_word' id='word_1_638' title='bbox 2127 2514 2281 2566; x_wconf 84' lang='lat' dir='ltr'><strong>amici</strong></span> <span class='ocrx_word' id='word_1_639' title='bbox 2314 2513 2434 2568; x_wconf 75' lang='lat' dir='ltr'><strong>Julii</strong></span> <span class='ocrx_word' id='word_1_640' title='bbox 2463 2533 2583 2569; x_wconf 83' lang='lat' dir='ltr'><strong>cum</strong></span> <span class='ocrx_word' id='word_1_641' title='bbox 2622 2519 2728 2571; x_wconf 86' lang='lat' dir='ltr'><strong>Deo</strong></span> <span class='ocrx_word' id='word_1_642' title='bbox 2776 2524 3192 2588; x_wconf 82' lang='lat' dir='ltr'><strong>conveniebant,</strong></span> <span class='ocrx_word' id='word_1_643' title='bbox 3235 2526 3327 2581; x_wconf 77' lang='lat' dir='ltr'><strong>sed</strong></span> <span class='ocrx_word' id='word_1_644' title='bbox 3354 2525 3521 2581; x_wconf 84' lang='lat' dir='ltr'><strong>Jobum</strong></span> <span class='ocrx_word' id='word_1_645' title='bbox 3544 2542 3656 2581; x_wconf 89' lang='lat' dir='ltr'><strong>cou-</strong></span> 
     </span>
    </p>
   </div>
   <div class='ocr_carea' id='block_1_86' title="bbox 2128 2602 3659 2675">
    <p class='ocr_par' dir='ltr' id='par_1_86' title="bbox 2128 2602 3659 2675">
     <span class='ocr_line' id='line_1_86' title="bbox 2128 2602 3659 2675; baseline 0.01 -19"><span class='ocrx_word' id='word_1_646' title='bbox 2128 2602 2452 2659; x_wconf 76' lang='lat' dir='ltr'><strong>dellllllll‘lllll</strong></span> <span class='ocrx_word' id='word_1_647' title='bbox 2483 2624 2496 2660; x_wconf 91' lang='lat'><strong>:</strong></span> <span class='ocrx_word' id='word_1_648' title='bbox 2530 2607 2673 2662; x_wconf 90' lang='lat' dir='ltr'><strong>Deus</strong></span> <span class='ocrx_word' id='word_1_649' title='bbox 2715 2626 2864 2675; x_wconf 78' lang='lat' dir='ltr'><strong>vero,</strong></span> <span class='ocrx_word' id='word_1_650' title='bbox 2910 2614 3034 2667; x_wconf 88' lang='lat' dir='ltr'><strong>licet</strong></span> <span class='ocrx_word' id='word_1_651' title='bbox 3079 2615 3155 2668; x_wconf 89' lang='lat' dir='ltr'><strong>illi</strong></span> <span class='ocrx_word' id='word_1_652' title='bbox 3188 2631 3398 2670; x_wconf 83' lang='lat' dir='ltr'><strong>causam</strong></span> <span class='ocrx_word' id='word_1_653' title='bbox 3427 2632 3558 2672; x_wconf 88' lang='lat' dir='ltr'><strong>suam</strong></span> <span class='ocrx_word' id='word_1_654' title='bbox 3584 2616 3659 2671; x_wconf 76' lang='lat' dir='ltr'><strong>de</strong></span> 
     </span>
    </p>
   </div>
   <div class='ocr_carea' id='block_1_87' title="bbox 2129 2698 3665 2777">
    <p class='ocr_par' dir='ltr' id='par_1_87' title="bbox 2129 2698 3665 2777">
     <span class='ocr_line' id='line_1_87' title="bbox 2129 2698 3665 2777; baseline 0.007 -26"><span class='ocrx_word' id='word_1_655' title='bbox 2129 2698 2400 2753; x_wconf 74' lang='lat' dir='ltr'><strong>funderent</strong></span> <span class='ocrx_word' id='word_1_656' title='bbox 2420 2741 2434 2762; x_wconf 92' lang='lat'><strong>,</strong></span> <span class='ocrx_word' id='word_1_657' title='bbox 2468 2716 2572 2754; x_wconf 84' lang='lat' dir='ltr'><strong>non</strong></span> <span class='ocrx_word' id='word_1_658' title='bbox 2618 2703 2859 2770; x_wconf 87' lang='lat' dir='ltr'><strong>probavit</strong></span> <span class='ocrx_word' id='word_1_659' title='bbox 2887 2721 3004 2771; x_wconf 75' lang='lat' dir='ltr'><strong>eos,</strong></span> <span class='ocrx_word' id='word_1_660' title='bbox 3035 2707 3126 2760; x_wconf 88' lang='lat' dir='ltr'><strong>sed</strong></span> <span class='ocrx_word' id='word_1_661' title='bbox 3159 2709 3291 2763; x_wconf 82' lang='lat' dir='ltr'><strong>dixit</strong></span> <span class='ocrx_word' id='word_1_662' title='bbox 3321 2727 3333 2763; x_wconf 87' lang='lat'><strong>:</strong></span> <span class='ocrx_word' id='word_1_663' title='bbox 3364 2709 3460 2764; x_wconf 85' lang='lat' dir='ltr'><strong>Cur</strong></span> <span class='ocrx_word' id='word_1_664' title='bbox 3499 2710 3665 2777; x_wconf 85' lang='lat' dir='ltr'><strong>loquutt&#39;</strong></span> 
     </span>
    </p>
   </div>
   <div class='ocr_carea' id='block_1_88' title="bbox 2128 2791 3667 2869">
    <p class='ocr_par' dir='ltr' id='par_1_88' title="bbox 2128 2791 3667 2869">
     <span class='ocr_line' id='line_1_88' title="bbox 2128 2791 3667 2869; baseline 0.006 -28"><span class='ocrx_word' id='word_1_665' title='bbox 2128 2791 2246 2841; x_wconf 81' lang='lat' dir='ltr'><strong>estis</strong></span> <span class='ocrx_word' id='word_1_666' title='bbox 2276 2806 2451 2843; x_wconf 81' lang='lat' dir='ltr'><strong>contra</strong></span> <span class='ocrx_word' id='word_1_667' title='bbox 2476 2808 2671 2846; x_wconf 87' lang='lat' dir='ltr'><strong>servum</strong></span> <span class='ocrx_word' id='word_1_668' title='bbox 2698 2811 2863 2847; x_wconf 86' lang='lat' dir='ltr'><strong>meum</strong></span> <span class='ocrx_word' id='word_1_669' title='bbox 2890 2794 2991 2849; x_wconf 80' lang='lat' dir='ltr'><strong>Job</strong></span> <span class='ocrx_word' id='word_1_670' title='bbox 3041 2797 3058 2862; x_wconf 89' lang='lat'><strong>(</strong></span> <span class='ocrx_word' id='word_1_671' title='bbox 3083 2796 3186 2851; x_wconf 85' lang='lat' dir='ltr'><strong>Job</strong></span> <span class='ocrx_word' id='word_1_672' title='bbox 3216 2800 3307 2854; x_wconf 70' lang='grc'><strong>42.</strong></span> <span class='ocrx_word' id='word_1_673' title='bbox 3338 2801 3422 2869; x_wconf 82' lang='lat'><strong>7)?</strong></span> <span class='ocrx_word' id='word_1_674' title='bbox 3460 2800 3509 2855; x_wconf 89' lang='lat' dir='ltr'><strong>Si</strong></span> <span class='ocrx_word' id='word_1_675' title='bbox 3547 2800 3667 2854; x_wconf 82' lang='lat' dir='ltr'><strong>Deus</strong></span> 
     </span>
    </p>
   </div>
   <div class='ocr_carea' id='block_1_89' title="bbox 2130 2880 3665 2960">
    <p class='ocr_par' dir='ltr' id='par_1_89' title="bbox 2130 2880 3665 2960">
     <span class='ocr_line' id='line_1_89' title="bbox 2130 2880 3665 2960; baseline 0.007 -29"><span class='ocrx_word' id='word_1_676' title='bbox 2130 2880 2351 2945; x_wconf 77' lang='lat' dir='ltr'><strong>amicos,</strong></span> <span class='ocrx_word' id='word_1_677' title='bbox 2373 2884 2462 2951; x_wconf 92' lang='lat' dir='ltr'><strong>qui</strong></span> <span class='ocrx_word' id='word_1_678' title='bbox 2489 2894 2677 2936; x_wconf 87' lang='lat' dir='ltr'><strong>contra</strong></span> <span class='ocrx_word' id='word_1_679' title='bbox 2698 2884 2888 2940; x_wconf 90' lang='lat' dir='ltr'><strong>.Iobum</strong></span> <span class='ocrx_word' id='word_1_680' title='bbox 2923 2888 3121 2955; x_wconf 75' lang='lat' dir='ltr'><strong>loiptuti</strong></span> <span class='ocrx_word' id='word_1_681' title='bbox 3149 2889 3360 2945; x_wconf 82' lang='lat' dir='ltr'><strong>fuerant</strong></span> <span class='ocrx_word' id='word_1_682' title='bbox 3382 2903 3433 2945; x_wconf 89' lang='lat' dir='ltr'><strong>et</strong></span> <span class='ocrx_word' id='word_1_683' title='bbox 3449 2906 3503 2945; x_wconf 92' lang='lat' dir='ltr'><strong>se</strong></span> <span class='ocrx_word' id='word_1_684' title='bbox 3524 2891 3665 2960; x_wconf 87' lang='lat' dir='ltr'><strong>gloria</strong></span> 
     </span>
    </p>
   </div>
   <div class='ocr_carea' id='block_1_90' title="bbox 2128 2971 3665 3053">
    <p class='ocr_par' dir='ltr' id='par_1_90' title="bbox 2128 2971 3665 3053">
     <span class='ocr_line' id='line_1_90' title="bbox 2128 2971 3665 3053; baseline 0.008 -31"><span class='ocrx_word' id='word_1_685' title='bbox 2128 2971 2435 3036; x_wconf 77' lang='lat' dir='ltr'><strong>alfccerant,</strong></span> <span class='ocrx_word' id='word_1_686' title='bbox 2458 2989 2561 3027; x_wconf 86' lang='lat' dir='ltr'><strong>non</strong></span> <span class='ocrx_word' id='word_1_687' title='bbox 2591 2977 2926 3044; x_wconf 88' lang='lat' dir='ltr'><strong>approbavit,</strong></span> <span class='ocrx_word' id='word_1_688' title='bbox 2947 2994 3012 3031; x_wconf 89' lang='lat' dir='ltr'><strong>an</strong></span> <span class='ocrx_word' id='word_1_689' title='bbox 3042 2996 3135 3033; x_wconf 90' lang='lat' dir='ltr'><strong>eos</strong></span> <span class='ocrx_word' id='word_1_690' title='bbox 3158 2983 3250 3050; x_wconf 81' lang='lat' dir='ltr'><strong>qui</strong></span> <span class='ocrx_word' id='word_1_691' title='bbox 3276 2982 3457 3037; x_wconf 82' lang='lat' dir='ltr'><strong>Filium</strong></span> <span class='ocrx_word' id='word_1_692' title='bbox 3483 2994 3665 3053; x_wconf 69' lang='lat' dir='ltr'><strong>negant,</strong></span> 
     </span>
    </p>
   </div>
   <div class='ocr_carea' id='block_1_91' title="bbox 2131 3064 3666 3138">
    <p class='ocr_par' dir='ltr' id='par_1_91' title="bbox 2131 3064 3666 3138">
     <span class='ocr_line' id='line_1_91' title="bbox 2131 3064 3666 3138; baseline 0.007 -21"><span class='ocrx_word' id='word_1_693' title='bbox 2131 3064 2251 3118; x_wconf 90' lang='lat' dir='ltr'><strong>licet</strong></span> <span class='ocrx_word' id='word_1_694' title='bbox 2282 3080 2339 3117; x_wconf 91' lang='lat' dir='ltr'><strong>se</strong></span> <span class='ocrx_word' id='word_1_695' title='bbox 2368 3067 2744 3135; x_wconf 81' lang='lat' dir='ltr'><strong>confiteantur,</strong></span> <span class='ocrx_word' id='word_1_696' title='bbox 2780 3073 3098 3138; x_wconf 89' lang='lat' dir='ltr'><strong>probaturus</strong></span> <span class='ocrx_word' id='word_1_697' title='bbox 3123 3076 3250 3130; x_wconf 84' lang='lat' dir='ltr'><strong>est?</strong></span> <span class='ocrx_word' id='word_1_698' title='bbox 3281 3076 3486 3131; x_wconf 79' lang='lat' dir='ltr'><strong>Minime</strong></span> <span class='ocrx_word' id='word_1_699' title='bbox 3530 3091 3666 3130; x_wconf 85' lang='lat' dir='ltr'><strong>sane:</strong></span> 
     </span>
    </p>
   </div>
   <div class='ocr_carea' id='block_1_92' title="bbox 2132 3154 3666 3234">
    <p class='ocr_par' dir='ltr' id='par_1_92' title="bbox 2132 3154 3666 3234">
     <span class='ocr_line' id='line_1_92' title="bbox 2132 3154 3666 3234; baseline 0.007 -27"><span class='ocrx_word' id='word_1_700' title='bbox 2132 3171 2272 3214; x_wconf 84' lang='lat' dir='ltr'><strong>nam.</strong></span> <span class='ocrx_word' id='word_1_701' title='bbox 2301 3154 2399 3220; x_wconf 86' lang='lat' dir='ltr'><strong>Qui</strong></span> <span class='ocrx_word' id='word_1_702' title='bbox 2420 3159 2526 3210; x_wconf 80' lang='lat' dir='ltr'><strong>odit</strong></span> <span class='ocrx_word' id='word_1_703' title='bbox 2556 3175 2655 3225; x_wconf 87' lang='lat' dir='ltr'><strong>me,</strong></span> <span class='ocrx_word' id='word_1_704' title='bbox 2683 3159 2870 3228; x_wconf 87' lang='lat' dir='ltr'><strong>inquit,</strong></span> <span class='ocrx_word' id='word_1_705' title='bbox 2894 3173 2940 3214; x_wconf 91' lang='lat' dir='ltr'><strong>et</strong></span> <span class='ocrx_word' id='word_1_706' title='bbox 2965 3162 3170 3217; x_wconf 85' lang='lat' dir='ltr'><strong>Patrem</strong></span> <span class='ocrx_word' id='word_1_707' title='bbox 3204 3184 3366 3221; x_wconf 84' lang='lat' dir='ltr'><strong>meum</strong></span> <span class='ocrx_word' id='word_1_708' title='bbox 3391 3169 3490 3221; x_wconf 85' lang='lat' dir='ltr'><strong>odit</strong></span> <span class='ocrx_word' id='word_1_709' title='bbox 3519 3166 3666 3234; x_wconf 86' lang='lat' dir='ltr'><strong>(Joan.</strong></span> 
     </span>
    </p>
   </div>
   <div class='ocr_carea' id='block_1_93' title="bbox 2134 3248 3670 3319">
    <p class='ocr_par' dir='ltr' id='par_1_93' title="bbox 2134 3248 3670 3319">
     <span class='ocr_line' id='line_1_93' title="bbox 2134 3248 3670 3319; baseline 0.009 -20"><span class='ocrx_word' id='word_1_710' title='bbox 2134 3248 2218 3301; x_wconf 83' lang='grc'><strong>15.</strong></span> <span class='ocrx_word' id='word_1_711' title='bbox 2255 3249 2368 3318; x_wconf 65' lang='grc' dir='ltr'>ἓό).</span> <span class='ocrx_word' id='word_1_712' title='bbox 2394 3249 2756 3319; x_wconf 82' lang='lat' dir='ltr'><strong>Similiterque</strong></span> <span class='ocrx_word' id='word_1_713' title='bbox 2799 3255 2937 3308; x_wconf 81' lang='lat' dir='ltr'><strong>sicut</strong></span> <span class='ocrx_word' id='word_1_714' title='bbox 2960 3254 3118 3311; x_wconf 79' lang='lat' dir='ltr'><strong>Pater</strong></span> <span class='ocrx_word' id='word_1_715' title='bbox 3141 3259 3385 3315; x_wconf 77' lang='lat' dir='ltr'><strong>oblatum</strong></span> <span class='ocrx_word' id='word_1_716' title='bbox 3411 3262 3503 3315; x_wconf 80' lang='lat' dir='ltr'><strong>sibi</strong></span> <span class='ocrx_word' id='word_1_717' title='bbox 3532 3262 3670 3313; x_wconf 83' lang='lat' dir='ltr'><strong>hono-</strong></span> 
     </span>
    </p>
   </div>
   <div class='ocr_carea' id='block_1_94' title="bbox 2132 3346 3671 3418">
    <p class='ocr_par' dir='ltr' id='par_1_94' title="bbox 2132 3346 3671 3418">
     <span class='ocr_line' id='line_1_94' title="bbox 2132 3346 3671 3418; baseline 0.011 -27"><span class='ocrx_word' id='word_1_718' title='bbox 2132 3357 2241 3392; x_wconf 87' lang='lat' dir='ltr'><strong>rem</strong></span> <span class='ocrx_word' id='word_1_719' title='bbox 2290 3359 2392 3395; x_wconf 87' lang='lat' dir='ltr'><strong>non</strong></span> <span class='ocrx_word' id='word_1_720' title='bbox 2441 3346 2650 3413; x_wconf 87' lang='lat' dir='ltr'><strong>recipit,</strong></span> <span class='ocrx_word' id='word_1_721' title='bbox 2683 3347 2726 3400; x_wconf 88' lang='lat' dir='ltr'><strong>si</strong></span> <span class='ocrx_word' id='word_1_722' title='bbox 2776 3346 2945 3417; x_wconf 87' lang='lat' dir='ltr'><strong>Filius</strong></span> <span class='ocrx_word' id='word_1_723' title='bbox 2990 3367 3096 3404; x_wconf 82' lang='lat' dir='ltr'><strong>non</strong></span> <span class='ocrx_word' id='word_1_724' title='bbox 3156 3351 3468 3418; x_wconf 88' lang='lat' dir='ltr'><strong>hunoretur,</strong></span> <span class='ocrx_word' id='word_1_725' title='bbox 3499 3353 3671 3410; x_wconf 80' lang='lat' dir='ltr'><strong>sicuec</strong></span> 
     </span>
    </p>
   </div>
   <div class='ocr_carea' id='block_1_95' title="bbox 2133 3429 3671 3504">
    <p class='ocr_par' dir='ltr' id='par_1_95' title="bbox 2133 3429 3671 3504">
     <span class='ocr_line' id='line_1_95' title="bbox 2133 3429 3671 3504; baseline 0.008 -22"><span class='ocrx_word' id='word_1_726' title='bbox 2133 3429 2287 3484; x_wconf 78' lang='lat' dir='ltr'><strong>Pater</strong></span> <span class='ocrx_word' id='word_1_727' title='bbox 2315 3448 2411 3485; x_wconf 89' lang='lat' dir='ltr'><strong>nec</strong></span> <span class='ocrx_word' id='word_1_728' title='bbox 2458 3433 2640 3499; x_wconf 85' lang='lat' dir='ltr'><strong>Filius,</strong></span> <span class='ocrx_word' id='word_1_729' title='bbox 2678 3437 2721 3488; x_wconf 89' lang='lat' dir='ltr'><strong>si</strong></span> <span class='ocrx_word' id='word_1_730' title='bbox 2769 3438 2999 3504; x_wconf 77' lang='lat' dir='ltr'><strong>Spiritus</strong></span> <span class='ocrx_word' id='word_1_731' title='bbox 3048 3453 3273 3496; x_wconf 85' lang='lat' dir='ltr'><strong>sanctus</strong></span> <span class='ocrx_word' id='word_1_732' title='bbox 3312 3454 3671 3500; x_wconf 88' lang='lat' dir='ltr'><strong>contemnatur.</strong></span> 
     </span>
    </p>
   </div>
   <div class='ocr_carea' id='block_1_96' title="bbox 2131 3519 3677 3600">
    <p class='ocr_par' dir='ltr' id='par_1_96' title="bbox 2131 3519 3677 3600">
     <span class='ocr_line' id='line_1_96' title="bbox 2131 3519 3677 3600; baseline 0.009 -27"><span class='ocrx_word' id='word_1_733' title='bbox 2131 3519 2328 3573; x_wconf 83' lang='lat' dir='ltr'><strong>Paulus</strong></span> <span class='ocrx_word' id='word_1_734' title='bbox 2373 3532 2519 3576; x_wconf 85' lang='lat' dir='ltr'><strong>certe</strong></span> <span class='ocrx_word' id='word_1_735' title='bbox 2571 3527 2818 3580; x_wconf 73' lang='lat' dir='ltr'><strong>lucretica</strong></span> <span class='ocrx_word' id='word_1_736' title='bbox 2869 3529 3069 3582; x_wconf 88' lang='lat' dir='ltr'><strong>zizania</strong></span> <span class='ocrx_word' id='word_1_737' title='bbox 3121 3533 3437 3600; x_wconf 87' lang='lat' dir='ltr'><strong>pullulantia</strong></span> <span class='ocrx_word' id='word_1_738' title='bbox 3484 3533 3677 3597; x_wconf 83' lang='lat' dir='ltr'><strong>invenit.</strong></span> 
     </span>
    </p>
   </div>
   <div class='ocr_carea' id='block_1_97' title="bbox 2131 3612 3678 3696">
    <p class='ocr_par' dir='ltr' id='par_1_97' title="bbox 2131 3612 3678 3696">
     <span class='ocr_line' id='line_1_97' title="bbox 2131 3612 3678 3696; baseline 0.012 -34"><span class='ocrx_word' id='word_1_739' title='bbox 2131 3612 2222 3664; x_wconf 90' lang='lat' dir='ltr'><strong>sed</strong></span> <span class='ocrx_word' id='word_1_740' title='bbox 2266 3629 2384 3681; x_wconf 79' lang='lat' dir='ltr'><strong>qua:</strong></span> <span class='ocrx_word' id='word_1_741' title='bbox 2426 3631 2713 3685; x_wconf 88' lang='lat' dir='ltr'><strong>numquam</strong></span> <span class='ocrx_word' id='word_1_742' title='bbox 2759 3630 2945 3687; x_wconf 89' lang='lat' dir='ltr'><strong>aperte</strong></span> <span class='ocrx_word' id='word_1_743' title='bbox 2979 3636 3300 3691; x_wconf 83' lang='lat' dir='ltr'><strong>eruperunt.</strong></span> <span class='ocrx_word' id='word_1_744' title='bbox 3341 3626 3470 3681; x_wconf 82' lang='lat' dir='ltr'><strong>Nam</strong></span> <span class='ocrx_word' id='word_1_745' title='bbox 3512 3623 3678 3696; x_wconf 75' lang='lat' dir='ltr'><strong>Ephesi</strong></span> 
     </span>
    </p>
   </div>
   <div class='ocr_carea' id='block_1_98' title="bbox 2132 3701 3673 3784">
    <p class='ocr_par' dir='ltr' id='par_1_98' title="bbox 2132 3701 3673 3784">
     <span class='ocr_line' id='line_1_98' title="bbox 2132 3701 3673 3784; baseline 0.01 -30"><span class='ocrx_word' id='word_1_746' title='bbox 2132 3701 2184 3755; x_wconf 90' lang='lat' dir='ltr'><strong>in</strong></span> <span class='ocrx_word' id='word_1_747' title='bbox 2208 3706 2328 3756; x_wconf 82' lang='lat' dir='ltr'><strong>Asia</strong></span> <span class='ocrx_word' id='word_1_748' title='bbox 2352 3721 2472 3758; x_wconf 91' lang='lat' dir='ltr'><strong>cum</strong></span> <span class='ocrx_word' id='word_1_749' title='bbox 2496 3708 2754 3775; x_wconf 90' lang='lat' dir='ltr'><strong>quosdam</strong></span> <span class='ocrx_word' id='word_1_750' title='bbox 2782 3713 3174 3784; x_wconf 86' lang='lat' dir='ltr'><strong>reperissetqui</strong></span> <span class='ocrx_word' id='word_1_751' title='bbox 3199 3717 3450 3784; x_wconf 81' lang='lat' dir='ltr'><strong>baptizati</strong></span> <span class='ocrx_word' id='word_1_752' title='bbox 3476 3718 3673 3779; x_wconf 81' lang='lat' dir='ltr'><strong>fuerant,</strong></span> 
     </span>
    </p>
   </div>
   <div class='ocr_carea' id='block_1_99' title="bbox 2131 3794 3679 3877">
    <p class='ocr_par' dir='ltr' id='par_1_99' title="bbox 2131 3794 3679 3877">
     <span class='ocr_line' id='line_1_99' title="bbox 2131 3794 3679 3877; baseline 0.01 -33"><span class='ocrx_word' id='word_1_753' title='bbox 2131 3794 2264 3847; x_wconf 73' lang='lat' dir='ltr'><strong>dixit</strong></span> <span class='ocrx_word' id='word_1_754' title='bbox 2290 3798 2366 3849; x_wconf 81' lang='lat' dir='ltr'><strong>eis</strong></span> <span class='ocrx_word' id='word_1_755' title='bbox 2397 3814 2410 3849; x_wconf 87' lang='lat'><strong>:</strong></span> <span class='ocrx_word' id='word_1_756' title='bbox 2458 3797 2518 3851; x_wconf 84' lang='lat' dir='ltr'><strong>Si</strong></span> <span class='ocrx_word' id='word_1_757' title='bbox 2549 3798 2801 3866; x_wconf 84' lang='lat' dir='ltr'><strong>Spiritum</strong></span> <span class='ocrx_word' id='word_1_758' title='bbox 2828 3814 3059 3857; x_wconf 85' lang='lat' dir='ltr'><strong>sanctum</strong></span> <span class='ocrx_word' id='word_1_759' title='bbox 3103 3811 3371 3877; x_wconf 86' lang='lat' dir='ltr'><strong>accepistis</strong></span> <span class='ocrx_word' id='word_1_760' title='bbox 3411 3808 3679 3865; x_wconf 79' lang='lat' dir='ltr'><strong>credentes?</strong></span> 
     </span>
    </p>
   </div>
   <div class='ocr_carea' id='block_1_100' title="bbox 2134 3884 3677 3961">
    <p class='ocr_par' dir='ltr' id='par_1_100' title="bbox 2134 3884 3677 3961">
     <span class='ocr_line' id='line_1_100' title="bbox 2134 3884 3677 3961; baseline 0.008 -23"><span class='ocrx_word' id='word_1_761' title='bbox 2134 3884 2518 3949; x_wconf 72' lang='lat' dir='ltr'><strong>Responderunt</strong></span> <span class='ocrx_word' id='word_1_762' title='bbox 2551 3890 2649 3955; x_wconf 86' lang='lat' dir='ltr'><strong>illi,</strong></span> <span class='ocrx_word' id='word_1_763' title='bbox 2683 3891 2861 3960; x_wconf 82' lang='lat' dir='ltr'><strong>Neque</strong></span> <span class='ocrx_word' id='word_1_764' title='bbox 2902 3896 2945 3946; x_wconf 83' lang='lat' dir='ltr'><strong>si</strong></span> <span class='ocrx_word' id='word_1_765' title='bbox 2975 3895 3199 3961; x_wconf 82' lang='lat' dir='ltr'><strong>Spiritus</strong></span> <span class='ocrx_word' id='word_1_766' title='bbox 3224 3912 3433 3955; x_wconf 75' lang='lat' dir='ltr'><strong>sanctus</strong></span> <span class='ocrx_word' id='word_1_767' title='bbox 3468 3910 3534 3955; x_wconf 85' lang='lat' dir='ltr'><strong>est</strong></span> <span class='ocrx_word' id='word_1_768' title='bbox 3555 3899 3677 3952; x_wconf 77' lang='lat' dir='ltr'><strong>audi-</strong></span> 
     </span>
    </p>
   </div>
   <div class='ocr_carea' id='block_1_101' title="bbox 2131 3977 3679 4056">
    <p class='ocr_par' dir='ltr' id='par_1_101' title="bbox 2131 3977 3679 4056">
     <span class='ocr_line' id='line_1_101' title="bbox 2131 3977 3679 4056; baseline 0.012 -31"><span class='ocrx_word' id='word_1_769' title='bbox 2131 3977 2292 4028; x_wconf 87' lang='lat' dir='ltr'><strong>vimus</strong></span> <span class='ocrx_word' id='word_1_770' title='bbox 2338 3977 2475 4048; x_wconf 74' lang='lat' dir='ltr'><strong>(Act.</strong></span> <span class='ocrx_word' id='word_1_771' title='bbox 2511 3979 2593 4033; x_wconf 81' lang='grc'>19.</span> <span class='ocrx_word' id='word_1_772' title='bbox 2626 3981 2707 4047; x_wconf 70' lang='grc'><strong>2).</strong></span> <span class='ocrx_word' id='word_1_773' title='bbox 2738 3982 2870 4036; x_wconf 84' lang='lat' dir='ltr'><strong>Hinc</strong></span> <span class='ocrx_word' id='word_1_774' title='bbox 2923 3987 3175 4052; x_wconf 72' lang='lat' dir='ltr'><strong>praeclara</strong></span> <span class='ocrx_word' id='word_1_775' title='bbox 3232 3990 3321 4045; x_wconf 89' lang='lat' dir='ltr'><strong>illa</strong></span> <span class='ocrx_word' id='word_1_776' title='bbox 3368 4007 3488 4056; x_wconf 85' lang='lat' dir='ltr'><strong>vox,</strong></span> <span class='ocrx_word' id='word_1_777' title='bbox 3517 3990 3679 4054; x_wconf 70' lang='lat' dir='ltr'><strong>[aqua</strong></span> 
     </span>
    </p>
   </div>
   <div class='ocr_carea' id='block_1_102' title="bbox 2130 4072 3679 4151">
    <p class='ocr_par' dir='ltr' id='par_1_102' title="bbox 2130 4072 3679 4151">
     <span class='ocr_line' id='line_1_102' title="bbox 2130 4072 3679 4151; baseline 0.01 -29"><span class='ocrx_word' id='word_1_778' title='bbox 2130 4086 2247 4138; x_wconf 86' lang='lat' dir='ltr'><strong>ergo</strong></span> <span class='ocrx_word' id='word_1_779' title='bbox 2292 4072 2533 4140; x_wconf 81' lang='lat' dir='ltr'><strong>bnptizati</strong></span> <span class='ocrx_word' id='word_1_780' title='bbox 2575 4076 2735 4128; x_wconf 83' lang='lat' dir='ltr'><strong>estis?</strong></span> <span class='ocrx_word' id='word_1_781' title='bbox 2785 4076 2972 4131; x_wconf 89' lang='lat' dir='ltr'><strong>Petrus</strong></span> <span class='ocrx_word' id='word_1_782' title='bbox 3019 4080 3253 4151; x_wconf 87' lang='lat' dir='ltr'><strong>itemque</strong></span> <span class='ocrx_word' id='word_1_783' title='bbox 3297 4085 3488 4140; x_wconf 87' lang='lat' dir='ltr'><strong>Paulus</strong></span> <span class='ocrx_word' id='word_1_784' title='bbox 3517 4084 3679 4140; x_wconf 59' lang='lat' dir='ltr'><strong>Eccloo</strong></span> 
     </span>
    </p>
   </div>
   <div class='ocr_carea' id='block_1_103' title="bbox 2131 4162 3682 4247">
    <p class='ocr_par' dir='ltr' id='par_1_103' title="bbox 2131 4162 3682 4247">
     <span class='ocr_line' id='line_1_103' title="bbox 2131 4162 3682 4247; baseline 0.011 -34"><span class='ocrx_word' id='word_1_785' title='bbox 2131 4163 2261 4213; x_wconf 90' lang='lat' dir='ltr'><strong>siam</strong></span> <span class='ocrx_word' id='word_1_786' title='bbox 2285 4162 2531 4224; x_wconf 84' lang='lat' dir='ltr'><strong>doceant.</strong></span> <span class='ocrx_word' id='word_1_787' title='bbox 2556 4182 2658 4218; x_wconf 88' lang='lat' dir='ltr'><strong>non</strong></span> <span class='ocrx_word' id='word_1_788' title='bbox 2686 4168 2976 4223; x_wconf 82' lang='lat' dir='ltr'><strong>nectendas</strong></span> <span class='ocrx_word' id='word_1_789' title='bbox 2996 4187 3116 4226; x_wconf 89' lang='lat' dir='ltr'><strong>esse</strong></span> <span class='ocrx_word' id='word_1_790' title='bbox 3139 4174 3227 4228; x_wconf 90' lang='lat' dir='ltr'><strong>illa</strong></span> <span class='ocrx_word' id='word_1_791' title='bbox 3253 4176 3535 4232; x_wconf 59' lang='lat' dir='ltr'><strong>haereticus</strong></span> <span class='ocrx_word' id='word_1_792' title='bbox 3556 4192 3682 4247; x_wconf 67' lang='lat' dir='ltr'><strong>qua!-</strong></span> 
     </span>
    </p>
   </div>
   <div class='ocr_carea' id='block_1_104' title="bbox 2132 4253 3682 4338">
    <p class='ocr_par' dir='ltr' id='par_1_104' title="bbox 2132 4253 3682 4338">
     <span class='ocr_line' id='line_1_104' title="bbox 2132 4253 3682 4338; baseline 0.01 -34"><span class='ocrx_word' id='word_1_793' title='bbox 2132 4253 2352 4306; x_wconf 90' lang='lat' dir='ltr'><strong>stiones.</strong></span> <span class='ocrx_word' id='word_1_794' title='bbox 2386 4253 2537 4309; x_wconf 88' lang='lat' dir='ltr'><strong>Unde</strong></span> <span class='ocrx_word' id='word_1_795' title='bbox 2581 4257 2789 4312; x_wconf 84' lang='lat' dir='ltr'><strong>nefaria</strong></span> <span class='ocrx_word' id='word_1_796' title='bbox 2824 4260 2907 4313; x_wconf 86' lang='lat' dir='ltr'><strong>illa</strong></span> <span class='ocrx_word' id='word_1_797' title='bbox 2934 4261 3184 4318; x_wconf 85' lang='lat' dir='ltr'><strong>Eunomii</strong></span> <span class='ocrx_word' id='word_1_798' title='bbox 3212 4269 3535 4338; x_wconf 60' lang='lat' dir='ltr'><strong>appellatio?</strong></span> <span class='ocrx_word' id='word_1_799' title='bbox 3559 4267 3682 4322; x_wconf 81' lang='lat' dir='ltr'><strong>unde</strong></span> 
     </span>
    </p>
   </div>
   <div class='ocr_carea' id='block_1_105' title="bbox 2132 4342 3684 4430">
    <p class='ocr_par' dir='ltr' id='par_1_105' title="bbox 2132 4342 3684 4430">
     <span class='ocr_line' id='line_1_105' title="bbox 2132 4342 3684 4430; baseline 0.009 -34"><span class='ocrx_word' id='word_1_800' title='bbox 2132 4342 2382 4399; x_wconf 73' lang='lat' dir='ltr'><strong>haeretica</strong></span> <span class='ocrx_word' id='word_1_801' title='bbox 2415 4350 2659 4401; x_wconf 84' lang='lat' dir='ltr'><strong>sentina?</strong></span> <span class='ocrx_word' id='word_1_802' title='bbox 2691 4349 2832 4406; x_wconf 87' lang='lat' dir='ltr'><strong>Sane</strong></span> <span class='ocrx_word' id='word_1_803' title='bbox 2866 4355 3016 4419; x_wconf 89' lang='lat' dir='ltr'><strong>periit</strong></span> <span class='ocrx_word' id='word_1_804' title='bbox 3051 4357 3246 4410; x_wconf 84' lang='lat' dir='ltr'><strong>veritas</strong></span> <span class='ocrx_word' id='word_1_805' title='bbox 3273 4361 3412 4429; x_wconf 91' lang='lat' dir='ltr'><strong>apud</strong></span> <span class='ocrx_word' id='word_1_806' title='bbox 3436 4361 3614 4430; x_wconf 90' lang='lat' dir='ltr'><strong>impios</strong></span> <span class='ocrx_word' id='word_1_807' title='bbox 3640 4367 3684 4410; x_wconf 80' lang='lat' dir='ltr'><strong>et</strong></span> 
     </span>
    </p>
   </div>
   <div class='ocr_carea' id='block_1_106' title="bbox 2131 4435 3658 4505">
    <p class='ocr_par' dir='ltr' id='par_1_106' title="bbox 2131 4435 3658 4505">
     <span class='ocr_line' id='line_1_106' title="bbox 2131 4435 3658 4505; baseline 0.01 -17"><span class='ocrx_word' id='word_1_808' title='bbox 2131 4435 2467 4492; x_wconf 83' lang='lat' dir='ltr'><strong>Aristotelica</strong></span> <span class='ocrx_word' id='word_1_809' title='bbox 2500 4441 2740 4493; x_wconf 89' lang='lat' dir='ltr'><strong>doctrina</strong></span> <span class='ocrx_word' id='word_1_810' title='bbox 2773 4443 3029 4498; x_wconf 90' lang='lat' dir='ltr'><strong>obtinuit.</strong></span> <span class='ocrx_word' id='word_1_811' title='bbox 3057 4447 3314 4504; x_wconf 40' lang='lat' dir='ltr'><strong>l‘lutnauzn</strong></span> <span class='ocrx_word' id='word_1_812' title='bbox 3356 4465 3554 4505; x_wconf 75' lang='lat' dir='ltr'><strong>natura:</strong></span> <span class='ocrx_word' id='word_1_813' title='bbox 3591 4462 3658 4504; x_wconf 87' lang='lat' dir='ltr'><strong>ter</strong></span> 
     </span>
    </p>
   </div>
   <div class='ocr_carea' id='block_1_107' title="bbox 2134 4529 3685 4610">
    <p class='ocr_par' dir='ltr' id='par_1_107' title="bbox 2134 4529 3685 4610">
     <span class='ocr_line' id='line_1_107' title="bbox 2134 4529 3685 4610; baseline 0.008 -30"><span class='ocrx_word' id='word_1_814' title='bbox 2134 4529 2307 4581; x_wconf 88' lang='lat' dir='ltr'><strong>tninos</strong></span> <span class='ocrx_word' id='word_1_815' title='bbox 2341 4546 2568 4597; x_wconf 84' lang='lat' dir='ltr'><strong>usurpas</strong></span> <span class='ocrx_word' id='word_1_816' title='bbox 2610 4534 2749 4585; x_wconf 86' lang='lat' dir='ltr'><strong>circa</strong></span> <span class='ocrx_word' id='word_1_817' title='bbox 2797 4534 3030 4589; x_wconf 80' lang='lat' dir='ltr'><strong>divinam</strong></span> <span class='ocrx_word' id='word_1_818' title='bbox 3074 4551 3126 4591; x_wconf 88' lang='lat' dir='ltr'><strong>et</strong></span> <span class='ocrx_word' id='word_1_819' title='bbox 3159 4557 3261 4593; x_wconf 87' lang='lat' dir='ltr'><strong>non</strong></span> <span class='ocrx_word' id='word_1_820' title='bbox 3292 4544 3522 4610; x_wconf 81' lang='lat' dir='ltr'><strong>genitam</strong></span> <span class='ocrx_word' id='word_1_821' title='bbox 3553 4551 3685 4595; x_wconf 87' lang='lat' dir='ltr'><strong>natu—</strong></span> 
     </span>
    </p>
   </div>
   <div class='ocr_carea' id='block_1_108' title="bbox 2135 4622 3683 4703">
    <p class='ocr_par' dir='ltr' id='par_1_108' title="bbox 2135 4622 3683 4703">
     <span class='ocr_line' id='line_1_108' title="bbox 2135 4622 3683 4703; baseline 0.009 -35"><span class='ocrx_word' id='word_1_822' title='bbox 2135 4634 2268 4684; x_wconf 89' lang='lat' dir='ltr'><strong>ram,</strong></span> <span class='ocrx_word' id='word_1_823' title='bbox 2295 4630 2347 4673; x_wconf 88' lang='lat' dir='ltr'><strong>et</strong></span> <span class='ocrx_word' id='word_1_824' title='bbox 2376 4622 2608 4688; x_wconf 88' lang='lat' dir='ltr'><strong>genitam</strong></span> <span class='ocrx_word' id='word_1_825' title='bbox 2660 4623 2834 4677; x_wconf 85' lang='lat' dir='ltr'><strong>dicis?</strong></span> <span class='ocrx_word' id='word_1_826' title='bbox 2860 4624 2937 4678; x_wconf 91' lang='lat' dir='ltr'><strong>Tu</strong></span> <span class='ocrx_word' id='word_1_827' title='bbox 2989 4643 3136 4693; x_wconf 82' lang='lat' dir='ltr'><strong>vero,</strong></span> <span class='ocrx_word' id='word_1_828' title='bbox 3182 4630 3380 4699; x_wconf 90' lang='lat' dir='ltr'><strong>inquit.</strong></span> <span class='ocrx_word' id='word_1_829' title='bbox 3423 4633 3545 4703; x_wconf 90' lang='lat' dir='ltr'><strong>quid</strong></span> <span class='ocrx_word' id='word_1_830' title='bbox 3581 4645 3683 4685; x_wconf 81' lang='lat' dir='ltr'><strong>esse</strong></span> 
     </span>
    </p>
   </div>
   <div class='ocr_carea' id='block_1_109' title="bbox 2136 4709 3683 4783">
    <p class='ocr_par' dir='ltr' id='par_1_109' title="bbox 2136 4709 3683 4783">
     <span class='ocr_line' id='line_1_109' title="bbox 2136 4709 3683 4783; baseline 0.01 -22"><span class='ocrx_word' id='word_1_831' title='bbox 2136 4709 2346 4764; x_wconf 86' lang='lat' dir='ltr'><strong>Patrem</strong></span> <span class='ocrx_word' id='word_1_832' title='bbox 2378 4713 2554 4765; x_wconf 89' lang='lat' dir='ltr'><strong>dicis?</strong></span> <span class='ocrx_word' id='word_1_833' title='bbox 2602 4714 2898 4783; x_wconf 88' lang='lat' dir='ltr'><strong>lngenitum</strong></span> <span class='ocrx_word' id='word_1_834' title='bbox 2930 4718 3068 4781; x_wconf 88' lang='lat' dir='ltr'><strong>dico,</strong></span> <span class='ocrx_word' id='word_1_835' title='bbox 3104 4723 3196 4774; x_wconf 89' lang='lat' dir='ltr'><strong>sed</strong></span> <span class='ocrx_word' id='word_1_836' title='bbox 3230 4740 3336 4777; x_wconf 85' lang='lat' dir='ltr'><strong>non</strong></span> <span class='ocrx_word' id='word_1_837' title='bbox 3369 4727 3501 4780; x_wconf 86' lang='lat' dir='ltr'><strong>sicut</strong></span> <span class='ocrx_word' id='word_1_838' title='bbox 3533 4735 3582 4779; x_wconf 89' lang='lat' dir='ltr'><strong>tu</strong></span> <span class='ocrx_word' id='word_1_839' title='bbox 3608 4738 3683 4776; x_wconf 87' lang='lat' dir='ltr'><strong>as-</strong></span> 
     </span>
    </p>
   </div>
   <div class='ocr_carea' id='block_1_110' title="bbox 2131 4803 3683 4887">
    <p class='ocr_par' dir='ltr' id='par_1_110' title="bbox 2131 4803 3683 4887">
     <span class='ocr_line' id='line_1_110' title="bbox 2131 4803 3683 4887; baseline 0.008 -33"><span class='ocrx_word' id='word_1_840' title='bbox 2131 4803 2267 4857; x_wconf 89' lang='lat' dir='ltr'><strong>seris</strong></span> <span class='ocrx_word' id='word_1_841' title='bbox 2296 4821 2309 4857; x_wconf 89' lang='lat'><strong>:</strong></span> <span class='ocrx_word' id='word_1_842' title='bbox 2340 4803 2635 4873; x_wconf 78' lang='lat' dir='ltr'><strong>ingenitum</strong></span> <span class='ocrx_word' id='word_1_843' title='bbox 2669 4808 2790 4861; x_wconf 88' lang='lat' dir='ltr'><strong>dico</strong></span> <span class='ocrx_word' id='word_1_844' title='bbox 2813 4809 3046 4873; x_wconf 88' lang='lat' dir='ltr'><strong>Patrem,</strong></span> <span class='ocrx_word' id='word_1_845' title='bbox 3070 4816 3193 4880; x_wconf 86' lang='lat' dir='ltr'><strong>quia</strong></span> <span class='ocrx_word' id='word_1_846' title='bbox 3221 4832 3326 4869; x_wconf 73' lang='lat' dir='ltr'><strong>non</strong></span> <span class='ocrx_word' id='word_1_847' title='bbox 3358 4816 3683 4887; x_wconf 84' lang='lat' dir='ltr'><strong>fuitgenitus.</strong></span> 
     </span>
    </p>
   </div>
   <div class='ocr_carea' id='block_1_111' title="bbox 2132 4892 3689 4975">
    <p class='ocr_par' dir='ltr' id='par_1_111' title="bbox 2132 4892 3689 4975">
     <span class='ocr_line' id='line_1_111' title="bbox 2132 4892 3689 4975; baseline 0.009 -30"><span class='ocrx_word' id='word_1_848' title='bbox 2132 4892 2236 4946; x_wconf 88' lang='lat' dir='ltr'><strong>Sed</strong></span> <span class='ocrx_word' id='word_1_849' title='bbox 2270 4906 2323 4947; x_wconf 90' lang='lat' dir='ltr'><strong>et</strong></span> <span class='ocrx_word' id='word_1_850' title='bbox 2349 4911 2447 4962; x_wconf 79' lang='lat' dir='ltr'><strong>ego</strong></span> <span class='ocrx_word' id='word_1_851' title='bbox 2474 4897 2735 4950; x_wconf 74' lang='lat' dir='ltr'><strong>Adamum</strong></span> <span class='ocrx_word' id='word_1_852' title='bbox 2767 4900 3056 4966; x_wconf 83' lang='lat' dir='ltr'><strong>ingenitqu</strong></span> <span class='ocrx_word' id='word_1_853' title='bbox 3098 4904 3236 4967; x_wconf 86' lang='lat' dir='ltr'><strong>dico,</strong></span> <span class='ocrx_word' id='word_1_854' title='bbox 3270 4908 3393 4974; x_wconf 85' lang='lat' dir='ltr'><strong>quia</strong></span> <span class='ocrx_word' id='word_1_855' title='bbox 3421 4923 3525 4963; x_wconf 88' lang='lat' dir='ltr'><strong>nou</strong></span> <span class='ocrx_word' id='word_1_856' title='bbox 3550 4902 3689 4975; x_wconf 74' lang='lat' dir='ltr'><strong>getti—</strong></span> 
     </span>
    </p>
   </div>
   <div class='ocr_carea' id='block_1_112' title="bbox 2133 4985 3686 5067">
    <p class='ocr_par' dir='ltr' id='par_1_112' title="bbox 2133 4985 3686 5067">
     <span class='ocr_line' id='line_1_112' title="bbox 2133 4985 3686 5067; baseline 0.011 -32"><span class='ocrx_word' id='word_1_857' title='bbox 2133 4992 2236 5045; x_wconf 80' lang='lat' dir='ltr'><strong>tus,</strong></span> <span class='ocrx_word' id='word_1_858' title='bbox 2271 4985 2361 5038; x_wconf 87' lang='lat' dir='ltr'><strong>sed</strong></span> <span class='ocrx_word' id='word_1_859' title='bbox 2394 4985 2650 5041; x_wconf 84' lang='lat' dir='ltr'><strong>formatus</strong></span> <span class='ocrx_word' id='word_1_860' title='bbox 2677 4999 2778 5042; x_wconf 84' lang='lat' dir='ltr'><strong>est.</strong></span> <span class='ocrx_word' id='word_1_861' title='bbox 2812 4989 2888 5044; x_wconf 86' lang='lat' dir='ltr'><strong>Ne</strong></span> <span class='ocrx_word' id='word_1_862' title='bbox 2932 4992 3203 5048; x_wconf 84' lang='lat' dir='ltr'><strong>auditores</strong></span> <span class='ocrx_word' id='word_1_863' title='bbox 3229 4997 3421 5051; x_wconf 86' lang='lat' dir='ltr'><strong>alienis</strong></span> <span class='ocrx_word' id='word_1_864' title='bbox 3449 4998 3686 5067; x_wconf 63' lang='lat' dir='ltr'><strong>percellat</strong></span> 
     </span>
    </p>
   </div>
   <div class='ocr_carea' id='block_1_113' title="bbox 2137 5072 3688 5151">
    <p class='ocr_par' dir='ltr' id='par_1_113' title="bbox 2137 5072 3688 5151">
     <span class='ocr_line' id='line_1_113' title="bbox 2137 5072 3688 5151; baseline 0.007 -27"><span class='ocrx_word' id='word_1_865' title='bbox 2137 5072 2294 5126; x_wconf 88' lang='lat' dir='ltr'><strong>dictis</strong></span> <span class='ocrx_word' id='word_1_866' title='bbox 2316 5092 2330 5128; x_wconf 74' lang='grc' dir='ltr'><strong><em>τ</em></strong></span> <span class='ocrx_word' id='word_1_867' title='bbox 2360 5076 2475 5130; x_wconf 69' lang='lat' dir='ltr'><strong>haec</strong></span> <span class='ocrx_word' id='word_1_868' title='bbox 2500 5079 2752 5147; x_wconf 87' lang='lat' dir='ltr'><strong>tigmcnta</strong></span> <span class='ocrx_word' id='word_1_869' title='bbox 2776 5091 2919 5134; x_wconf 88' lang='lat' dir='ltr'><strong>sunt.</strong></span> <span class='ocrx_word' id='word_1_870' title='bbox 2941 5082 3207 5151; x_wconf 85' lang='lat' dir='ltr'><strong>lngenitus</strong></span> <span class='ocrx_word' id='word_1_871' title='bbox 3227 5098 3307 5140; x_wconf 85' lang='lat' dir='ltr'><strong>est</strong></span> <span class='ocrx_word' id='word_1_872' title='bbox 3326 5087 3485 5141; x_wconf 85' lang='lat' dir='ltr'><strong>Pater</strong></span> <span class='ocrx_word' id='word_1_873' title='bbox 3505 5105 3519 5142; x_wconf 86' lang='lat'><strong>:</strong></span> <span class='ocrx_word' id='word_1_874' title='bbox 3542 5084 3688 5140; x_wconf 84' lang='lat' dir='ltr'><strong>multa</strong></span> 
     </span>
    </p>
   </div>
   <div class='ocr_carea' id='block_1_114' title="bbox 2129 5169 3684 5249">
    <p class='ocr_par' dir='ltr' id='par_1_114' title="bbox 2129 5169 3684 5249">
     <span class='ocr_line' id='line_1_114' title="bbox 2129 5169 3684 5249; baseline 0.009 -32"><span class='ocrx_word' id='word_1_875' title='bbox 2129 5182 2339 5235; x_wconf 85' lang='lat' dir='ltr'><strong>quoque</strong></span> <span class='ocrx_word' id='word_1_876' title='bbox 2387 5169 2488 5221; x_wconf 87' lang='lat' dir='ltr'><strong>alia</strong></span> <span class='ocrx_word' id='word_1_877' title='bbox 2545 5170 2776 5239; x_wconf 81' lang='lat' dir='ltr'><strong>ingenita</strong></span> <span class='ocrx_word' id='word_1_878' title='bbox 2834 5184 2978 5227; x_wconf 89' lang='lat' dir='ltr'><strong>sunt.</strong></span> <span class='ocrx_word' id='word_1_879' title='bbox 3029 5176 3326 5246; x_wconf 82' lang='lat' dir='ltr'><strong>lngenitum</strong></span> <span class='ocrx_word' id='word_1_880' title='bbox 3374 5180 3570 5249; x_wconf 84' lang='lat' dir='ltr'><strong>quippe</strong></span> <span class='ocrx_word' id='word_1_881' title='bbox 3612 5186 3684 5230; x_wconf 69' lang='lat' dir='ltr'><strong>est</strong></span> 
     </span>
    </p>
   </div>
   <div class='ocr_carea' id='block_1_115' title="bbox 2132 5257 3688 5337">
    <p class='ocr_par' dir='ltr' id='par_1_115' title="bbox 2132 5257 3688 5337">
     <span class='ocr_line' id='line_1_115' title="bbox 2132 5257 3688 5337; baseline 0.007 -28"><span class='ocrx_word' id='word_1_882' title='bbox 2132 5257 2509 5327; x_wconf 88' lang='lat' dir='ltr'><strong>quodcumque</strong></span> <span class='ocrx_word' id='word_1_883' title='bbox 2552 5277 2657 5314; x_wconf 92' lang='lat' dir='ltr'><strong>non</strong></span> <span class='ocrx_word' id='word_1_884' title='bbox 2718 5264 2954 5331; x_wconf 82' lang='lat' dir='ltr'><strong>genitum</strong></span> <span class='ocrx_word' id='word_1_885' title='bbox 2996 5266 3097 5320; x_wconf 89' lang='lat' dir='ltr'><strong>fuit</strong></span> <span class='ocrx_word' id='word_1_886' title='bbox 3152 5284 3167 5323; x_wconf 91' lang='lat'><strong>:</strong></span> <span class='ocrx_word' id='word_1_887' title='bbox 3226 5270 3523 5337; x_wconf 83' lang='lat' dir='ltr'><strong>ingenitum</strong></span> <span class='ocrx_word' id='word_1_888' title='bbox 3565 5281 3688 5337; x_wconf 80' lang='lat' dir='ltr'><strong>quo-</strong></span> 
     </span>
    </p>
   </div>
   <div class='ocr_carea' id='block_1_116' title="bbox 2129 5349 3687 5424">
    <p class='ocr_par' dir='ltr' id='par_1_116' title="bbox 2129 5349 3687 5424">
     <span class='ocr_line' id='line_1_116' title="bbox 2129 5349 3687 5424; baseline 0.005 -24"><span class='ocrx_word' id='word_1_889' title='bbox 2129 5365 2233 5418; x_wconf 89' lang='lat' dir='ltr'><strong>que</strong></span> <span class='ocrx_word' id='word_1_890' title='bbox 2263 5349 2458 5404; x_wconf 87' lang='lat' dir='ltr'><strong>dicitur</strong></span> <span class='ocrx_word' id='word_1_891' title='bbox 2499 5354 2638 5421; x_wconf 90' lang='lat' dir='ltr'><strong>quod</strong></span> <span class='ocrx_word' id='word_1_892' title='bbox 2687 5356 2899 5423; x_wconf 90' lang='lat' dir='ltr'><strong>quidem</strong></span> <span class='ocrx_word' id='word_1_893' title='bbox 2949 5357 3035 5424; x_wconf 83' lang='lat' dir='ltr'><strong>fit,</strong></span> <span class='ocrx_word' id='word_1_894' title='bbox 3082 5360 3178 5413; x_wconf 90' lang='lat' dir='ltr'><strong>sed</strong></span> <span class='ocrx_word' id='word_1_895' title='bbox 3224 5362 3460 5416; x_wconf 90' lang='lat' dir='ltr'><strong>n0udum</strong></span> <span class='ocrx_word' id='word_1_896' title='bbox 3507 5361 3687 5415; x_wconf 82' lang='lat' dir='ltr'><strong>factum</strong></span> 
     </span>
    </p>
   </div>
   <div class='ocr_carea' id='block_1_117' title="bbox 2132 5441 3692 5522">
    <p class='ocr_par' dir='ltr' id='par_1_117' title="bbox 2132 5441 3692 5522">
     <span class='ocr_line' id='line_1_117' title="bbox 2132 5441 3692 5522; baseline 0.007 -28"><span class='ocrx_word' id='word_1_897' title='bbox 2132 5451 2234 5495; x_wconf 87' lang='lat' dir='ltr'><strong>est.</strong></span> <span class='ocrx_word' id='word_1_898' title='bbox 2281 5441 2626 5497; x_wconf 80' lang='lat' dir='ltr'><strong>Rcsurrectio</strong></span> <span class='ocrx_word' id='word_1_899' title='bbox 2656 5456 2987 5501; x_wconf 88' lang='lat' dir='ltr'><strong>mortuorum</strong></span> <span class='ocrx_word' id='word_1_900' title='bbox 3038 5466 3182 5506; x_wconf 88' lang='lat' dir='ltr'><strong>nunc</strong></span> <span class='ocrx_word' id='word_1_901' title='bbox 3227 5454 3457 5522; x_wconf 79' lang='lat' dir='ltr'><strong>ingenita</strong></span> <span class='ocrx_word' id='word_1_902' title='bbox 3481 5451 3692 5507; x_wconf 74' lang='lat' dir='ltr'><strong>estttiet</strong></span> 
     </span>
    </p>
   </div>
   <div class='ocr_carea' id='block_1_118' title="bbox 2128 5534 3689 5612">
    <p class='ocr_par' dir='ltr' id='par_1_118' title="bbox 2128 5534 3689 5612">
     <span class='ocr_line' id='line_1_118' title="bbox 2128 5534 3689 5612; baseline 0.009 -28"><span class='ocrx_word' id='word_1_903' title='bbox 2128 5534 2268 5585; x_wconf 89' lang='lat' dir='ltr'><strong>enim</strong></span> <span class='ocrx_word' id='word_1_904' title='bbox 2288 5575 2302 5598; x_wconf 95' lang='lat'><strong>,</strong></span> <span class='ocrx_word' id='word_1_905' title='bbox 2336 5535 2428 5587; x_wconf 87' lang='lat' dir='ltr'><strong>sed</strong></span> <span class='ocrx_word' id='word_1_906' title='bbox 2454 5535 2689 5590; x_wconf 91' lang='lat' dir='ltr'><strong>nondum</strong></span> <span class='ocrx_word' id='word_1_907' title='bbox 2718 5535 2857 5592; x_wconf 81' lang='lat' dir='ltr'><strong>facta</strong></span> <span class='ocrx_word' id='word_1_908' title='bbox 2888 5549 2971 5593; x_wconf 86' lang='lat' dir='ltr'><strong>est</strong></span> <span class='ocrx_word' id='word_1_909' title='bbox 2989 5581 3005 5606; x_wconf 86' lang='lat'><strong>,</strong></span> <span class='ocrx_word' id='word_1_910' title='bbox 3038 5552 3224 5612; x_wconf 88' lang='lat' dir='ltr'><strong>estque</strong></span> <span class='ocrx_word' id='word_1_911' title='bbox 3252 5543 3520 5599; x_wconf 85' lang='lat' dir='ltr'><strong>incondita</strong></span> <span class='ocrx_word' id='word_1_912' title='bbox 3540 5585 3554 5606; x_wconf 87' lang='lat'><strong>,</strong></span> <span class='ocrx_word' id='word_1_913' title='bbox 3579 5554 3689 5597; x_wconf 87' lang='lat' dir='ltr'><strong>cum</strong></span> 
     </span>
    </p>
   </div>
   <div class='ocr_carea' id='block_1_119' title="bbox 2131 5628 3687 5704">
    <p class='ocr_par' dir='ltr' id='par_1_119' title="bbox 2131 5628 3687 5704">
     <span class='ocr_line' id='line_1_119' title="bbox 2131 5628 3687 5704; baseline 0.006 -25"><span class='ocrx_word' id='word_1_914' title='bbox 2131 5628 2368 5682; x_wconf 89' lang='lat' dir='ltr'><strong>nondum</strong></span> <span class='ocrx_word' id='word_1_915' title='bbox 2401 5629 2471 5680; x_wconf 87' lang='lat' dir='ltr'><strong>sit</strong></span> <span class='ocrx_word' id='word_1_916' title='bbox 2511 5628 2714 5699; x_wconf 83' lang='lat' dir='ltr'><strong>genita.</strong></span> <span class='ocrx_word' id='word_1_917' title='bbox 2745 5630 2948 5686; x_wconf 87' lang='lat' dir='ltr'><strong>Dicitur</strong></span> <span class='ocrx_word' id='word_1_918' title='bbox 2972 5648 3183 5704; x_wconf 84' lang='lat' dir='ltr'><strong>quoque</strong></span> <span class='ocrx_word' id='word_1_919' title='bbox 3224 5635 3516 5701; x_wconf 72' lang='lat' dir='ltr'><strong>ingenitum</strong></span> <span class='ocrx_word' id='word_1_920' title='bbox 3558 5637 3687 5700; x_wconf 82' lang='lat' dir='ltr'><strong>quod</strong></span> 
     </span>
    </p>
   </div>
   <div class='ocr_carea' id='block_1_120' title="bbox 2131 5724 3695 5798">
    <p class='ocr_par' dir='ltr' id='par_1_120' title="bbox 2131 5724 3695 5798">
     <span class='ocr_line' id='line_1_120' title="bbox 2131 5724 3695 5798; baseline 0.005 -22"><span class='ocrx_word' id='word_1_921' title='bbox 2131 5736 2229 5777; x_wconf 82' lang='lat' dir='ltr'><strong>nec</strong></span> <span class='ocrx_word' id='word_1_922' title='bbox 2285 5724 2502 5791; x_wconf 84' lang='lat' dir='ltr'><strong>factum,</strong></span> <span class='ocrx_word' id='word_1_923' title='bbox 2547 5739 2723 5795; x_wconf 87' lang='lat' dir='ltr'><strong>neque</strong></span> <span class='ocrx_word' id='word_1_924' title='bbox 2771 5742 3022 5798; x_wconf 85' lang='lat' dir='ltr'><strong>umquam</strong></span> <span class='ocrx_word' id='word_1_925' title='bbox 3069 5729 3372 5786; x_wconf 86' lang='lat' dir='ltr'><strong>faciendum</strong></span> <span class='ocrx_word' id='word_1_926' title='bbox 3401 5735 3695 5795; x_wconf 44' lang='grc' dir='ltr'>θέλοιμι</span> 
     </span>
    </p>
   </div>
  </div>
