3966 6160
269 374 491 444 ἔφαγεν
514 377 555 442 ἡ
593 377 794 441 κάμπη
820 369 916 425 καί
938 371 977 438 ἡ
1008 370 1182 438 ἀκρίς
1205 371 1300 425 καὶ
1331 372 1370 439 ἡ
1398 371 1666 438 ἐρυσίϐη.
1701 371 1767 424 Τί
1794 371 1937 440 φιλο-

269 464 487 524 νεικετς,
520 458 784 530 αίρετικέ,
824 458 960 528 μετά
997 456 1262 510 Ἰουδαίων
1302 457 1506 530 κρύψαι
1537 459 1635 527 τὴν
1661 457 1816 523 δόξαν
1840 458 1934 510 τοῦ

270 546 603 614 Μονογενοῦς
632 562 646 609 ;
680 544 905 596 Ἐκεῖνοι
939 542 1037 613 μὲν
1078 542 1321 614 ἔκρυψαν
1356 543 1454 612 τὴν
1483 543 1794 608 ἀνάστασιν,
1815 545 1936 597 ὅσον

267 635 351 688 ἐπ’
382 634 565 698 αὐτοῖς
589 647 604 662 ·
644 632 708 684 σὺ
745 631 802 683 δὲ
833 630 1095 700 κρύπτεις
1131 630 1230 701 τὴν
1269 629 1520 699 θεότητα,
1555 630 1679 683 ὅσον
1708 632 1800 682 ἐπὶ
1832 630 1934 683 σοί.

279 719 411 773 Ἀλλ’
439 718 564 773 οὔτε
611 719 806 772 ἐκεῖνοι
841 717 1208 787 ἐπιγράφουσι
1241 716 1341 784 τὴν
1384 715 1661 785 ἀλήθειαν,
1703 716 1827 769 οὔτε
1870 720 1934 771 σὺ

269 808 506 877 συνῆκας
537 807 635 876 τὴν
663 806 963 860 εὐσέϐειαν.
1001 806 1198 857 Ἀκουε
1228 803 1359 872 γοῦν
1404 804 1497 857 τοῦ
1538 806 1817 877 προφήτου
1846 805 1934 857 λέ-

264 912 447 963 γοντος
467 910 481 923 ·
517 894 862 960 Ἐκὰιλυψεν
888 891 1184 960 οὐρανοὺς
1206 892 1245 959 ἡ
1268 891 1448 958 ἀρετὴ
1472 892 1678 952 αὐτοῦ,
1699 893 1797 945 καὶ
1826 892 1936 959 τῆς

265 981 552 1045 αίνέσεως
582 980 771 1035 αὑτοῦ
810 977 1047 1047 πλήρης
1081 980 1121 1045 ἡ
1148 975 1243 1047 γῆ.
1278 979 1387 1047 Τῆς
1427 979 1709 1041 αἰνέσεως,
1741 980 1803 1032 ού
1835 979 1936 1048 τῆς

267 1066 652 1138 καταλήψεως·
679 1065 932 1128 πίστεως,
971 1067 1071 1117 οὐκ
1103 1063 1435 1128 ἐξετάσεωςο
1473 1066 1713 1136 ἀγάπης.
1744 1065 1804 1117 οὐ
1835 1064 1934 1134 ζη-

262 1157 493 1224 τήσεως.
538 1153 613 1206 οὐ
657 1151 840 1223 ζητεῖν
873 1149 1246 1220 ἐδιδάχθημεν,
1289 1150 1425 1203 ἀλλά
1458 1152 1733 1203 πιστεύειν
1774 1152 1932 1204 ἐπαι-

265 1240 424 1311 δεύθη
432 1257 531 1310 μεν
546 1256 560 1269 ·
585 1238 926 1299 πιστεύοντες
949 1236 1312 1307 φωτιζόμεθα,
1334 1237 1396 1289 ού
1422 1238 1934 1308 πολυπραγμονοῦν-

263 1344 356 1391 τες
405 1325 797 1396 βαπτιζόμεθα.
836 1326 929 1395 Μὴ
978 1326 1241 1378 ἀπατάτω
1268 1340 1326 1376 σε
1366 1325 1476 1377 τῶν
1526 1325 1819 1397 αίρετικῶν
1864 1327 1933 1378 τά

265 1416 625 1484 συστήματα”
661 1412 944 1483 βάπτισμα
992 1412 1100 1483 γὰρ
1134 1411 1364 1480 ἔχουσιν,
1419 1413 1479 1465 οὐ
1520 1411 1807 1481 φώτισμα·
1839 1415 1932 1469 καὶ

265 1502 622 1571 βαπτίζονται
646 1503 741 1572 μὲν
771 1498 1005 1569 σώματι,
1026 1499 1170 1570 ψυχῇ
1202 1498 1257 1551 δὲ
1279 1499 1339 1551 ού
1364 1497 1702 1567 φωτίζονται.
1723 1501 1930 1573 Ὥσπερ

260 1590 374 1658 γὰρ
404 1589 499 1641 κα)¹
524 1589 704 1658 Σίμων
735 1585 1056 1654 ἐϐαπτίσθη,
1083 1585 1197 1639 ἀλλ’
1225 1586 1324 1639 οὐκ
1342 1586 1610 1658 ἐφωτίσθη
1627 1603 1641 1618 ·
1669 1586 1811 1640 οὕτω
1838 1591 1931 1643 καὶ⁵

262 1677 420 1729 αὐτοὶ
470 1675 774 1738 ἀκολούθως
819 1674 1182 1743 εὑρίσκονται.
1240 1674 1607 1742 Ἀγαλλιάσθω
1650 1676 1825 1730 τοίνυν
1860 1677 1931 1731 τὰ

262 1762 550 1832 πνεύματα
574 1762 684 1816 τῶν
707 1762 1015 1815 ἀποστόλων
1043 1761 1112 1813 τὰ
1140 1764 1204 1832 τῇ
1233 1765 1570 1834 πνευματικῇ
1611 1765 1816 1834 σαγήνῃ
1840 1765 1930 1818 τὸν

263 1849 414 1922 [M9]
443 1850 608 1904 πολὺν
656 1849 844 1902 τοῦτον
889 1849 1016 1901 λαὸν
1066 1851 1472 1918 σαγηνεύσαντα
1504 1849 1590 1903 διὰ
1626 1849 1720 1903 τοῦ
1775 1852 1927 1919 ἁγίου

264 1939 599 2009 Πνεύματος.
628 1937 735 1991 Νῦν
764 1937 1117 2007 πεπλήρωται
1141 1940 1197 1989 ἐν
1220 1937 1515 2007 ὀφθαλμοῖς
1542 1940 1573 2008 ἡ
1584 1939 1699 2008 μῶν
1728 1941 1758 2010 ί)
1798 1958 1930 2011 προ.

264 2029 468 2099 φητικὴ
502 2028 686 2098 φωνήο
734 2029 831 2080 Ἑν
877 2027 1004 2092 ταῖς
1039 2027 1325 2096 ἐσχάταις
1374 2027 1651 2095 ἡμέραις,
1699 2028 1858 2097 λέγει
1895 2033 1929 2083 ό

262 2115 430 2180 Θεὸς,
456 2113 652 2168 οὐκέτι
674 2112 763 2181 μὴ
807 2114 1076 2178 ειπωσιν,
1109 2113 1261 2167 Ἰδοὺ
1295 2112 1333 2179 ἡ
1365 2114 1605 2179 κιϐωτὸς
1640 2113 1929 2181 διαθήκης

259 2202 435 2272 ἁγίου
465 2201 709 2268 Ἰσραήλ
728 2218 741 2232 ·
767 2202 886 2253 ἀντὶ
917 2200 1031 2263 τοῦ,
1066 2204 1100 2270 ἡ
1136 2199 1337 2253 παλαιά
1371 2199 1594 2271 λατρεία
1613 2216 1627 2230 ⁸
1675 2202 1817 2256 οὐδὲ
1842 2203 1928 2271 μὴ

259 2292 630 2358 ἀναϐήσεται
675 2293 760 2354 είς
790 2288 904 2355 τὴν
944 2288 1196 2355 καρδίαν
1230 2286 1428 2342 αὐτῶν
1463 2290 1501 2356 ή
1531 2289 1780 2358 διαθήκη
1819 2291 1930 2359 τῆς

257 2380 529 2434 κιϐωτοῦ.
572 2378 668 2433 Διὰ
701 2378 753 2430 τί
771 2397 784 2443 ;
810 2379 937 2431 Ὅτι
967 2378 1094 2431 ἰδοὺ
1124 2377 1240 2447 ἐγὼ
1274 2378 1631 2431 ἀποστέλλω
1662 2380 1928 2445 πολλοὺς

258 2468 554 2534 θηρευτὰς
582 2467 679 2519 καὶ
716 2466 923 2531 ἁλιεῖς.
954 2465 1295 2536 Περιέγραψε
1318 2464 1416 2534 τὴν
1445 2465 1672 2518 κιϐωτὸν
1692 2468 1790 2537 τὴν
1825 2484 1929 2519 πα·-

256 2554 444 2617 λαιάν,
483 2555 578 2608 καὶ
616 2555 876 2623 εἰσήγαγε
910 2554 1009 2624 τὴν
1058 2553 1288 2606 κιϐωτὸν
1338 2554 1436 2622 τῆς
1475 2554 1796 2624 Ἐκκλησίας
1831 2554 1928 2626 τήν

264 2646 343 2717 μὴ
365 2646 763 2716 ἀπολλυμένην.
811 2642 1183 2698 Ἀποστέλλω
1213 2643 1481 2709 πολλοὺς
1505 2645 1795 2713 θηρευτὰς
1827 2647 1925 2699 καὶ

262 2732 474 2798 ἁλιεῖς.
515 2732 578 2784 Ὢ
618 2730 774 2800 ξένης
818 2730 1049 2794 ἀλιείαςί
1083 2732 1111 2782 ό
1158 2730 1282 2801 χθὲς
1337 2730 1638 2793 άλιευθεὶς,
1692 2734 1928 2804 σήμερον

261 2822 469 2876 ἀλιεύει
496 2837 514 2853 ο
557 2820 845 2892 ἐπληρώθη
883 2821 1051 2890 γὰρὴ
1090 2820 1159 2890 γῆ
1208 2822 1307 2892 τῆς
1337 2820 1494 2890 δόξης
1531 2821 1626 2875 τοῦ
1669 2823 1924 2893 Χριστοῦ,

260 2911 360 2963 καὶ
379 2906 732 2978 πεπλήρωται
759 2907 858 2976 τῆς
885 2908 1117 2969 πίστεως
1139 2907 1236 2977 τῆς
1252 2909 1571 2979 οἰκουμένης
1604 2910 1671 2963 τὰ
1692 2912 1923 2981 πέρατα.

258 2997 358 3067 Μὴ
389 2991 482 3048 οὖν
516 2993 702 3064 ὕϐριζε
737 2994 834 3064 τὴν
884 2993 1040 3060 ἀξίαν
1088 2993 1175 3046 διὰ
1221 2994 1316 3064 τὴν
1349 2995 1656 3064 οἰκονομίαν
1683 3008 1729 3050 ⁸.
1771 2998 1929 3068 Παρά

276 3081 549 3144 Ἰουδαίοις
573 3081 791 3151 ἐξῆλθεν
814 3083 843 3134 6
873 3081 1046 3148 λόγος,
1077 3081 1157 3134 ὅτι
1186 3081 1398 3153 ἐπράθη
1429 3084 1462 3152 ή
1484 3084 1927 3148 ἀνάστασιςνκαὶ

256 3168 487 3238 ἐξῆλθεν
517 3170 545 3221 6
577 3168 752 3235 λόγος,
783 3169 865 3220 ὅτι
902 3168 951 3220 σί
994 3168 1228 3239 μαθηταὶ
1260 3170 1424 3222 αὐτοῦ
1473 3169 1704 3240 ἔκλεψαν
1744 3174 1923 3228 αὐτόν.

268 3257 502 3310 Ἐκεῖνοι
527 3255 625 3325 μὲν
645 3250 738 3307 οὖν
761 3256 1108 3324 ἀπεφήναντο
1124 3255 1351 3310 θάνατον
1373 3258 1515 3310 κατά
1539 3257 1632 3310 τοῦ
1657 3257 1923 3329 σώματος,

253 3350 305 3401 οἱ
346 3347 402 3399 δὲ
438 3346 540 3417 τὴν
583 3343 880 3411 θεολογίαν,
910 3345 1033 3396 ὅσον
1072 3345 1157 3396 ἐπ’
1186 3346 1388 3408 αὐτοῖς,
1428 3347 1727 3416 ὲνηχοῦσιν,
1770 3349 1927 3402 Ἀλλά

255 3434 393 3506 παρ’
421 3432 647 3495 ἐκείνοις
675 3434 770 3501 μὲν
797 3433 828 3502 ή
870 3431 1044 3501 πλάνη
1080 3431 1411 3485 πολιτεύεται
1442 3434 1676 3504 σήμερον
1699 3436 1747 3497 b,
1777 3436 1927 3507 παρὰ

255 3524 314 3576 δὲ
335 3525 402 3593 τῇ
437 3521 729 3591 Ἐκκλησία
747 3519 859 3591 ζωὴ
886 3518 1100 3583 αἰώνιος
1131 3520 1477 3590 κηρύττεται.
1498 3523 1626 3587 Καὶ,
1650 3524 1698 3575 εί
1726 3522 1922 3592 βούλει,

256 3610 408 3679 ἔχεις
433 3608 528 3661 καὶ
561 3607 742 3659 εἰκόνα
774 3605 1009 3659 παλαιάν
1029 3622 1044 3637 ·
1070 3604 1257 3676 ὥσπερ
1286 3606 1390 3676 γὰρ
1414 3606 1502 3659 ὅτε
1532 3607 1925 3663 ἐπεϐούλευσαν

255 3697 339 3765 τῷ
382 3694 581 3765 Ἰωσὴφ
613 3696 660 3746 οἱ
686 3692 921 3759 ἀδελφοὶ,
959 3691 1151 3745 Ἰακὼϐ
1175 3692 1265 3744 καὶ
1294 3693 1321 3743 6
1350 3688 1493 3755 οἶκος
1520 3695 1682 3746 αὑτοῦ
1712 3696 1924 3751 ἐπένθει

252 3781 425 3834 αὑτὸν
454 3780 674 3850 σφόδρα,
713 3777 828 3831 ἀλλ’
862 3781 893 3848 ἡ
934 3779 1203 3844 Αἴγυπτος
1234 3775 1378 3847 εἶχεν
1425 3779 1585 3831 αὑτὸν
1620 3778 1795 3842 ζῶντα
1831 3783 1924 3836 καὶ

254 3867 646 3938 βασιλεύοντα’
679 3858 832 3926 οὗτος
864 3865 1011 3933 παρά
1048 3863 1125 3932 τῷ
1161 3863 1352 3916 Ἰακὼϐ
1386 3865 1576 3933 νεκρὸς
1621 3868 1919 3933 ἐπενοεῖτο,

255 3960 320 4007 ὲν
348 3954 407 4007 δέ
437 3956 500 4022 τῇ
534 3954 792 4020 Αἰγύπτῳ
821 3949 928 4014 ζῶν
957 3950 1269 4002 ἐϐασίλευεν
1288 3965 1304 3979 ⁸
1339 3948 1480 4003 οὕτω
1520 3952 1614 4004 καί⁸
1643 3953 1736 4006 νῦν
1773 3955 1922 4026 παρὰ

256 4041 365 4112 μὲν
402 4043 469 4111 τῇ
496 4040 782 4108 συναγωγῇ
820 4038 912 4089 καὶ
943 4039 1008 4107 τῇ
1053 4035 1163 4087 τῶν
1195 4037 1485 4106 αἱρετικῶν
1533 4039 1699 4110 μανίᾳ.
1732 4041 1922 4112 νεκρὸς

249 4126 541 4198 νομίζεται
572 4135 593 4163 ο
617 4141 631 4154 ·
666 4122 918 4193 νεκροῦσι
939 4123 1045 4193 γὰρ
1066 4122 1161 4192 τὴν
1186 4122 1458 4191 θεολογίαν
1484 4126 1533 4177 οί
1566 4126 1744 4179 πίστιν
1770 4128 1922 4181 ἀναι-

250 4213 504 4283 ροῦντες,
526 4210 619 4264 καὶ
647 4209 868 4280 ζήτησιν
894 4210 1200 4277 εἰσάγοντες
1220 4226 1233 4239 ·
1266 4213 1394 4281 παρ’
1418 4214 1548 4281 ἡμῖν
1572 4214 1626 4265 δὲ
1650 4215 1920 4283 βασιλεύει

248 4300 371 4365 ζῶν
411 4300 506 4352 καὶ
550 4296 714 4361 ἀξίως
748 4295 1234 4364 προσκυνούμενος.
1282 4297 1418 4349 Ἀλλ’
1451 4299 1617 4362 ὅντως
1651 4303 1864 4373 ἰσχυρὸς
1893 4306 1920 4356 6

247 4391 351 4444 τοῦ
383 4388 519 4442 Θεοῦ
549 4387 722 4454 λόγος,
754 4386 1015 4455 ἀήττητος
1042 4387 1074 4455 ἡ
1102 4385 1207 4437 τῶν
1236 4387 1544 4440 ἀποστόλων
1571 4388 1884 4445 διδασκαλία
1909 4411 1919 4421 ·

246 4479 400 4530 ὥστε
432 4475 531 4527 οὐκ
574 4476 693 4543 εἰκῇ
725 4473 921 4541 κάμνει
955 4470 1162 4525 Παύλου
1202 4475 1234 4542 ὴ
1272 4474 1419 4542 φωνὴ
1455 4478 1918 4547 συνηγορήσαντος

243 4568 320 4635 τῇ
351 4561 601 4633 ἀληθείᾳ.
632 4559 768 4612 Ἀλλ’
798 4555 889 4611 οὖν
917 4560 1055 4622 εἰπὲ,
1080 4553 1124 4610 ὦ
1151 4561 1385 4630 μακάριε
1421 4560 1620 4625 Παῦλε,
1657 4564 1794 4634 ὑπὲρ
1820 4566 1917 4634 τῆς

241 4650 518 4720 ἀληθείας
551 4647 901 4716 κινούμενος.
936 4646 1309 4714 ἁγανάκτησον
1338 4647 1476 4717 ὑπὲρ
1507 4650 1605 4718 τῆς
1645 4648 1911 4714 πίστεως,

240 4735 581 4806 ἀγανακτῶν
631 4736 750 4785 ἐίπέ
781 4735 893 4794 τοῖς
939 4733 1260 4801 αἱρετικοῖς-
1288 4730 1458 4785 Πόθεν
1508 4734 1815 4805 ἐδιδάχθητε
1848 4738 1914 4790 τὰ

260 4821 705 4895 Ἀριστοτελικά;
739 4821 820 4882 τίς
854 4820 943 4870 τὸν
976 4820 1235 4872 Πλάτωνα
1262 4820 1592 4889 προετίμησε
1618 4823 1722 4874 τῶν
1749 4824 1913 4892 εύαγ-

232 4910 485 4978 γελίωνς
518 4908 600 4970 τίς
639 4906 859 4969 ἐξέϐαλε
891 4907 950 4956 τὸ
982 4908 1237 4975 κήρυγμα
1273 4905 1368 4975 τῆς
1398 4908 1649 4970 πίστεως,
1682 4910 1772 4961 καὶ
1803 4912 1914 4963 εἰσ-

231 5002 428 5071 ήγαγε
463 4997 562 5067 τὴν
592 4995 816 5048 ἄπιστον
860 4992 1113 5063 ζήτησιν;
1150 4990 1251 5043 ποῦ
1292 4992 1458 5059 ἔγνως
1488 4993 1567 5058 τὸ,
1600 4995 1909 5066 ἀγέννητος,

230 5088 343 5140 καὶ
372 5086 455 5146 τὸ,
490 5083 777 5151 γεννητός;
821 5081 1122 5141 Κατέλιπες
1164 5081 1381 5151 Πατέρα
1403 5081 1451 5144 ιι,
1501 5083 1788 5148 διέπτυσας
1820 5087 1912 5139 τοῦ

227 5171 383 5227 Υἱοῦ
410 5171 510 5242 τὴν
542 5167 930 5240 προσηγορίαν,
961 5167 1181 5230 ἀναξίαν
1208 5168 1459 5238 ἐνόμισας
1488 5169 1582 5239 τὴν
1618 5171 1710 5223 τοῦ
1740 5174 1912 5225 Πνεύ..

227 5276 423 5333 ματος
450 5256 625 5321 ἀξίαν,
647 5256 726 5318 είς
759 5253 1072 5325 ἀνθρώπινα
1107 5256 1327 5325 ῥήματα
1349 5255 1542 5327 τρέπῃ.
1576 5258 1767 5322 Καλῶς
1796 5261 1908 5314 ἕλε..

312 5365 343 5395 ⁸
360 5366 486 5421 Reg.
509 5363 596 5419 τὴν
617 5362 749 5415 ἀξίαν
770 5361 1055 5421 οἰκονομίαν.

304 5426 334 5467 Ι»
361 5427 415 5475 In
439 5421 565 5484 Reg.
608 5424 815 5484 σήμερον
839 5428 891 5469 ει
914 5434 1024 5469 mox
1050 5422 1239 5478 αἰώνιος
1262 5421 1460 5480 desunt,
1485 5436 1579 5472 nec
1610 5424 1739 5471 lecta
1760 5424 1908 5473 fuisse

215 5485 908 5554 “499ml-”interpFePe-n
1090 5544 1140 5554 ..
1201 5542 1231 5554 ..
1301 5541 1329 5554 ..
1392 5546 1403 5554 .
1619 5545 1629 5554 .

302 5547 596 5609 σΝομίζεται
621 5542 768 5593 (ιεοει
802 5546 849 5590 in
874 5542 1019 5605 Reg.,
1054 5544 1177 5592 etin
1201 5542 1351 5593 Savil.
1390 5546 1439 5593 in
1481 5545 1699 5606 margine
1722 5551 1907 5594 tantum

178 5701 191 5713 ι
210 5613 503 5721 Μῖδέὲγῑι.
528 5667 795 5731 legendum
817 5670 952 5724 putat
973 5666 1185 5727 πατέρος.

1218 255 1286 312 IN
1317 256 1545 323 ILLUD,
1572 256 1635 311 IN
1676 254 2016 311 PRINCIPIO
2057 256 2239 312 ERAT
2273 260 2579 326 VERBUM,
2608 262 2759 318 ETC.

3605 270 3711 329 548

2038 388 2133 439 γεν
2160 374 2425 444 Ἱερεμίας
2449 394 2463 408 ο
2501 376 2788 431 Ἀπώλετο
2817 386 3021 446 πίστις
3046 381 3113 434 ἐκ
3145 381 3252 436 τοῦ
3284 385 3579 454 στόματος
3604 391 3712 443 αὐ-

2037 458 2173 512 τῶν.
2200 461 2265 513 Τί
2288 458 2408 514 εἶπε
2433 464 2657 536 Πέτρος,
2687 465 2777 517 καὶ¹
2804 468 3181 540 ὲμακαρίσθη;
3210 471 3294 525 Σὺ
3315 469 3373 525 εἴ
3392 477 3424 527 ό
3455 476 3705 542 Χριστὸς

2038 549 2071 599 ό
2099 548 2230 615 Υἱὸς
2254 549 2359 615 τρῦ
2388 552 2555 605 Θεοῦ.
2590 553 2702 605 Ούκ
2725 550 2866 616 εἷπε,
2887 555 2958 609 Σὺ
2989 552 3042 609 εἷ
3066 557 3127 610 τὸ
3153 559 3400 630 γέννημα
3426 562 3518 614 τοῦ
3544 564 3705 629 ἀγεν-

2035 634 2219 703 νήτου,
2250 635 2407 696 ἀλλὰ.
2438 637 2522 691 Σὺ
2559 635 2616 691 εἷ
2645 642 2678 692 ὁ
2703 642 2957 707 Χριστὸς
2990 647 3022 697 ὀ
3066 645 3197 711 Υἱὸς
3227 647 3331 700 τοῦ
3373 648 3540 703 Θεοῦ.
3572 649 3706 703 "Ure

2034 721 2416 775 ἀπεκάλυπτεν
2446 725 2593 795 αὐτῷ
2617 726 2645 777 6
2673 728 2860 799 Πατὴρ
2887 730 2985 799 τὴν
3013 733 3222 799 σοφίαν.
3260 735 3359 787 οὐκ
3389 735 3502 805 ᾔδει
3533 754 3703 791 κατα-

2033 806 2218 861 λαϐεῖν
2242 825 2257 874 ;
2295 809 2368 880 μὴ
2398 810 2506 881 γὰρ
2539 813 2638 865 οὐκ
2666 814 2896 883 ἠδύνατο
2927 820 3097 871 εἰπεῖν
3134 822 3163 871 6
3189 821 3418 890 Χριστὸς
3445 827 3554 887 τοῖς
3576 827 3706 879 ἀπο-

2035 894 2276 958 στόλοις,
2311 897 2400 948 ὃτε
2450 898 2732 952 ἐκέλευσεν
2777 902 2957 966 αὐτοῖς
2991 905 3305 973 βαπτίζειν,
3344 911 3703 980 Πορευθέντες

2035 980 2334 1049 βαπτισατε
2369 984 2434 1036 τὰ
2462 985 2589 1055 ἔθνη
2610 988 2688 1050 είς
2714 987 2774 1040 τὸ
2802 989 2971 1059 ὄνομα
2998 992 3091 1044 τοῦ
3132 996 3424 1066 ἁγεννήτου
3452 999 3545 1051 καὶ
3582 1016 3705 1066 γεν-

2035 1068 2199 1135 νητοῦ
2224 1084 2239 1134 ;
2277 1071 2436 1124 Ἀλλά
2464 1073 2634 1140 ὄνομα
2665 1067 2792 1147 εὗρε
2815 1076 3117 1149 σοφώτερον
3153 1081 3261 1133 τῶν
3293 1086 3567 1151 μυστικῶν
3598 1088 3711 1139 πει-³

2038 1155 2323 1224 ραδόσεων.
2355 1160 2724 1232 Περιγράφεις
2746 1164 2813 1216 τὰ
2837 1164 2973 1227 θεία,
2992 1169 3232 1237 ἀναιρεῖς
3261 1171 3358 1241 τὴν
3379 1174 3580 1236 πίστιν,
3609 1177 3702 1230 καὶ

2033 1244 2277 1312 είσάγεις
2316 1243 2576 1316 ζήτησινο
2603 1249 2739 1303 ἀλλά
2771 1251 3053 1322 φοϐήθητι,
3095 1255 3289 1326 ἐχθρέ⁶
3334 1259 3537 1331 Πέτρος
3567 1279 3701 1315 κατ-

2034 1329 2144 1398 έχει
2192 1330 2290 1394 τὰς
2321 1333 2469 1396 κλεῖς
2489 1352 2503 1367 ο
2548 1337 2734 1407 ἐπειδὴ
2767 1337 2875 1408 γὰρ
2932 1337 3073 1402 εἷπε,
3107 1343 3189 1394 Σὺ
3233 1339 3290 1395 εἷ
3323 1348 3355 1397 ὀ
3385 1329 3637 1413 Χριστὸς
3669 1352 3702 1403 ό

2042 1416 2175 1481 Υἱὸς
2202 1417 2309 1472 τοῦ
2348 1420 2516 1482 Θεοῦ,
2547 1421 2693 1486 κλεῖς
2729 1423 2939 1479 ἐλαϐεν.
2979 1426 3084 1489 Οὓς
3117 1427 3160 1479 δ’
3189 1428 3254 1482 ἂν
3291 1430 3460 1501 βλέπῃ
3497 1434 3701 1504 Πέτρος

2035 1502 2163 1556 Υἱὸν
2187 1503 2462 1571 λέγοντας,
2486 1508 2695 1572 τούτοις
2718 1510 2921 1579 ἀνοίγει
2949 1514 3046 1583 τὴν
3078 1513 3246 1585 θύραν
3270 1518 3366 1587 τῆς
3394 1502 3663 1587 βασιλείας
3682 1538 3699 1554 ο

2032 1591 2189 1655 ὅσους
2219 1593 2276 1646 δὲ
2302 1594 2367 1647 ἂν
2402 1595 2536 1667 εὕρῃ
2569 1597 2774 1668 κτίσμα
2804 1600 3059 1668 λέγοντας
3096 1605 3187 1656 καὶ
3223 1605 3698 1677 βλασφημοῦντας.

2030 1678 2240 1743 τούτοις
2265 1683 2543 1737 ἀποκλείει
2588 1685 2687 1757 τὴν
2726 1685 2896 1758 θύραν
2928 1692 3026 1759 τῆς
3076 1691 3419 1761 Ἐκκλησίας.
3465 1696 3539 1748 Οὐ
3571 1696 3702 1767 πρό-

2030 1781 2187 1834 τερον
2208 1767 2316 1838 γὰρ
2345 1768 2504 1822 ἔλαϐε
2537 1770 2635 1833 τὰς
2667 1771 2832 1835 κλεῖς,
2862 1773 2967 1837 ἕως
2991 1770 3132 1841 εἷπε,
3169 1777 3252 1831 Σὺ
3284 1775 3340 1833 εἶ
3358 1783 3391 1833 ὀ
3427 1782 3558 1847 Υἱὸς
3595 1782 3700 1835 τοῦ

2034 1852 2199 1905 Θεοῦ·
2230 1855 2348 1906 τότε
2374 1857 2618 1920 κάκεῖνος
2644 1858 2829 1912 ἀκούει
2851 1861 2979 1930 παρ’
2995 1862 3156 1915 αὐτοῦ
3177 1881 3190 1894 ·
3226 1863 3374 1938 [420]
3402 1867 3700 1937 Μακάριος

2030 1934 2105 2001 εἷ,
2141 1940 2338 2009 Σίμων
2357 1942 2480 2011 ,ϐὰρ
2520 1942 2708 1998 Ἰωνᾶ
2731 1946 2829 1998 σοὶ
2858 1945 3027 2001 δώσω
3055 1949 3159 2014 τὰς
3185 1934 3488 2021 κλεῖς-τῆς
3515 1934 3701 2018 ,βασιλ-

2028 2029 2199 2093 λείας
2223 2028 2342 2082 τῶν
2366 2030 2658 2099 οὐρανῶν.
2712 2034 2867 2088 Μετὰ
2909 2036 3007 2104 τὴν
3040 2037 3328 2106 ὁμολογίαν
3376 2043 3409 2110 ἡ
3439 2041 3654 2106 ἐξουσία
3678 2061 3693 2077 ο

2034 2116 2171 2184 μετὰ
2199 2116 2298 2186 τὴν
2345 2118 2522 2203 πίστιν
2565 2121 2598 2190 ἠ
2642 2121 2937 2191 παράδοσις
2976 2124 3072 2193 τῆς
3101 2125 3426 2197 Ἐκκλησίας
3459 2131 3553 2182 καὶ
3598 2131 3696 2202 τῆς

2032 2201 2328 2271 βασιλείας.

2099 2295 2169 2355 γ’.
2198 2290 2335 2343 Ἀλλ’
2362 2291 2412 2344 οί
2443 2292 2540 2362 μὲν
2563 2292 2703 2347 κατὰ
2725 2293 2819 2347 τοῦ
2838 2294 2968 2348 Υίοῦ
2987 2297 3389 2367 στρατεύονται,
3408 2301 3457 2352 οἱ
3478 2301 3534 2354 δὲ
3557 2303 3699 2357 κατὰ

2029 2374 2121 2427 τοῦ
2164 2376 2318 2444 ἁγίου
2368 2378 2683 2449 Πνεύματος
2715 2382 3182 2451 παρατάττονται’
3210 2384 3365 2438 οὐδὲν
3400 2387 3457 2439 δὲ
3506 2387 3697 2457 ὄφελος

2027 2462 2117 2516 τὸν
2134 2464 2368 2533 Χριστὸν
2394 2464 2492 2534 μὲν
2529 2467 2955 2536 ὁμολογούντων,
2991 2471 3084 2524 καὶ
3126 2471 3351 2541 Πνεῦμα
3383 2472 3537 2542 ἅγιον
3572 2476 3698 2529 ἀθε-

2028 2547 2293 2604 τούντων⁹
2330 2550 2519 2624 ὥσπερ
2544 2553 2698 2606 οὐδὲν
2742 2556 2932 2623 ὄφελος
2968 2557 3076 2609 τῶν
3118 2558 3212 2611 τὸν
3242 2560 3462 2632 Πατέρα
3501 2563 3698 2630 ὁμολο-

2028 2635 2286 2704 γούντων,
2306 2638 2397 2691 καὶ
2417 2639 2545 2692 Υίὸν
2576 2639 2932 2697 ἀθετούντων.
2949 2643 3292 2714 Ὀμολογοῦσι
3318 2647 3426 2718 γὰρ
3456 2649 3548 2700 καὶ
3574 2650 3705 2701 Ἰου-

2027 2721 2164 2775 δαῖοι
2194 2723 2284 2776 τὸν
2306 2725 2544 2796 Πατέρα,
2591 2727 2682 2780 τὸν
2714 2727 2840 2780 Υίὸν
2868 2729 3208 2799 ἀρνούμενοι,
3244 2733 3338 2785 καὶ
3380 2733 3480 2786 οὐκ
3514 2734 3695 2803 ἔχουσι

2029 2808 2175 2880 ζωὴν
2210 2810 2443 2866 αἰώνιον.
2490 2814 2548 2865 '0
2579 2815 2835 2885 παρορῶν
2865 2816 2959 2869 τοῦ
3002 2817 3134 2870 Υίοῦ
3171 2818 3270 2889 τὴν
3302 2818 3480 2884 δόξαν,
3513 2822 3572 2874 οὐ
3606 2821 3696 2874 δε-

2027 2897 2182 2960 κτέος
2232 2899 2381 2969 παρά
2425 2898 2503 2969 τῷ
2527 2901 2719 2971 Πατρί.
2767 2903 3009 2974 Πρόσεχε
3053 2905 3330 2976 ἀκριϐῶς·
3370 2909 3463 2959 καὶ
3499 2906 3605 2980 γὰρ
3643 2911 3694 2961 οἱ

2029 2982 2169 3052 φίλοι
2202 2985 2293 3038 τοῦ
2334 2985 2452 3039 Ἰὼϐ
2495 2985 2570 3057 τῷ
2596 2986 2715 3057 Θεῷ
2747 2988 2846 3058 μὲν
2886 2990 3166 3060 συνῆλθον,
3191 2992 3281 3045 τὸν
3317 2993 3374 3046 δὲ
3420 2993 3538 3047 Ἰὼϐ
3565 3013 3695 3048 κατ-

2030 3070 2286 3141 έκριναν·
2333 3075 2361 3125 6
2408 3074 2463 3126 δὲ
2509 3074 2641 3137 Θεὸς
2693 3076 2813 3128 οὐδὲ
2854 3079 2979 3140 τοὺς
3026 3082 3496 3150 συνηγορήσαντας
3543 3083 3693 3153 αὐτῷ

2026 3158 2359 3224 ἀπεδέξατο,
2396 3160 2532 3214 ἀλλὰ
2570 3162 2716 3231 λέγει
2740 3179 2754 3196 ο
2788 3166 2888 3217 Διὰ
2940 3166 2995 3217 τί
3039 3167 3493 3236 κατελαλήσατε
3544 3170 3693 3223 κατὰ

2026 3245 2130 3299 τοῦ
2157 3246 2518 3315 θεράποντάς
2542 3267 2662 3318 μου
2694 3251 2848 3314 ’1ώϐ;
2878 3253 2942 3305 Εἰ
2973 3242 3112 3306 κατὰ
3131 3253 3225 3307 τοῦ
3259 3255 3377 3308 Ἰὼϐ
3404 3258 3692 3327 είρηκότας

2026 3333 2150 3395 τοὺς
2185 3334 2369 3401 φίλους
2403 3336 2495 3388 καὶ
2524 3336 2686 3392 αὑτὸν
2715 3338 3041 3403 δοξάσαντας
3062 3341 3161 3394 οὐκ
3189 3341 3423 3408 ἐδέξατο,
3456 3344 3579 3407 τοὺς
3600 3344 3689 3397 τὸν

2028 3422 2158 3475 Υίὸν
2187 3423 2512 3489 ἀθετοῦντας
2535 3428 2629 3480 καὶ
2650 3429 2811 3482 αὑτὸν
2833 3429 3249 3499 ὁμολογοῦντας,
3280 3431 3496 3500 δέξηται
3524 3450 3687 3497 ποτε;

2026 3511 2302 3580 Οὐδαμῶς.
2353 3513 2415 3565 '0
2452 3513 2580 3584 γὰρ,
2609 3516 2759 3584 φησὶ,
2790 3516 2987 3585 μισῶν
3021 3518 3145 3586 ἐμὲ,
3183 3518 3282 3571 καὶ
3323 3520 3430 3571 τὸν
3459 3521 3689 3586 Πατέρα

2002 3615 2138 3666 ·μου
2183 3599 2366 3667 μισεῖ.
2411 3601 2638 3670 Ὁμοίως
2677 3602 2866 3672 ῶσπερ
2901 3605 2961 3655 ού
3009 3604 3220 3674 δέχεται
3254 3605 3440 3675 Πατὴρ
3466 3606 3565 3676 τὴν
3607 3609 3688 3670 είς

2027 3683 2187 3736 αὑτὸν
2221 3686 2405 3755 τιμὴν,
2432 3686 2526 3739 τοῦ
2556 3687 2687 3739 Υἰοῦ
2717 3687 3101 3757 ἀθετουμένου,
3133 3689 3305 3752 οὕτως
3339 3691 3461 3743 ούδέ
3498 3692 3688 3762 Πατὴρ

2027 3770 2120 3821 καὶ
2162 3770 2320 3833 Υἱὸς,
2369 3772 2730 3842 ἁθετουμένου
2765 3776 2857 3826 τοῦ
2898 3775 3052 3842 ἁγίου
3101 3775 3430 3845 Πνεύματος.
3477 3778 3686 3842 Παῦλος

2024 3858 2155 3925 γοῦν
2179 3854 2303 3929 εὗρε
2340 3861 2471 3930 πρὸς
2495 3862 2561 3914 τὰ
2591 3864 2837 3933 αίρετικὰ
2862 3862 3074 3925 ζιζάνια
3100 3865 3273 3935 ἀρχὴν
3308 3865 3405 3933 μὲν
3434 3864 3683 3930 λαϐόντα,

2023 3944 2273 3998 οὐδέποτε
2308 3946 2363 3999 δὲ
2403 3949 2715 4017 παρρησίαν
2752 3949 3037 4018 δεξάμενα.
3073 3952 3160 4004 Ἐν
3209 3953 3416 4023 Ἐφέσῳ
3451 3955 3556 4023 γὰρ
3584 3954 3681 4025 τῆς

2037 4032 2219 4095 Ἀσίας
2246 4034 2488 4104 εὑρίσκει
2523 4036 2675 4098 τινας
2708 4035 3118 4106 βαπτισθέντας,
3152 4039 3246 4092 καὶ
3290 4038 3433 4107 λέγει
3463 4042 3679 4104 αύτοίςο

2030 4116 2099 4172 Ei
2134 4119 2373 4187 Πνεῦμα
2407 4120 2576 4189 ἅγιον
2600 4122 2841 4176 ἐλάϐετε
2872 4126 3343 4191 πιστεύσαντες;
3370 4128 3430 4179 Ol
3460 4127 3517 4179 δὲ
3548 4127 3680 4198 ἐφη-

2024 4222 2143 4269 σαν,
2175 4205 2324 4259 Οὐδὲ
2357 4209 2409 4260 εί
2444 4209 2575 4260 ἔστι
2613 4210 2851 4277 Πνεῦμα
2879 4210 3065 4278 ἅγιον,
3098 4212 3460 4282 ἠκούσαμεν.
3489 4210 3618 4267 Εἶτα
3644 4218 3677 4285 ή

2020 4293 2241 4358 γενναία
2275 4296 2422 4362 φωνή
2446 4310 2459 4323 ·
2501 4298 2602 4359 Είς
2631 4297 2688 4348 τί
2724 4293 2836 4349 οὖν
2864 4297 3292 4365 ἐϐαπτίσθητε,·
3334 4301 3680 4354 Παιδευσάτω

2020 4378 2227 4447 Πέτρος
2255 4380 2350 4448 τὴν
2381 4378 2705 4449 Ἐκκλησίαν
2739 4384 2829 4434 καὶ
2855 4382 3062 4445 Παῦλος
3091 4385 3163 4453 μὴ
3190 4386 3435 4455 αίρετικά
3462 4387 3679 4441 πλέκειν

2021 4465 2396 4536 συζητήματα.
2429 4468 2597 4520 Πόθεν
2623 4470 2653 4537 ή
2685 4468 2994 4539 δυσώνυμος
3015 4471 3277 4540 Εὑνομίου
3309 4475 3675 4543 προσηγορία;

2019 4553 2181 4606 πόθεν
2210 4553 2276 4607 τὰ
2292 4555 2542 4624 αἱρετικά
2560 4556 2877 4626 σπέρματα;
2901 4559 3106 4620 Ὄντως
3126 4559 3370 4611 ἀπώλετο
3398 4565 3427 4628 ἡ
3454 4563 3675 4629 ἀλήθεια

2022 4640 2171 4707 παρά
2210 4644 2321 4705 τοῖς
2358 4643 2599 4701 ἀσεϐέσι.
2640 4645 2730 4695 καὶ
2758 4646 3056 4715 ἐκράτησεν
3087 4649 3481 4717 Ἀριστοτελικὴ
3529 4649 3670 4702 διδαο

2019 4726 2212 4780 σκαλία
2238 4739 2283 4781 θ.
2313 4728 2447 4790 Τοὺς
2469 4730 2625 4799 ὅρους
2651 4734 2748 4801 τῆς
2779 4731 3119 4802 ἀνθρωπίνης
3145 4733 3352 4799 φύσεως
3380 4733 3671 4802 λαμϐάνεις

2017 4815 2110 4866 ἐπὶ
2129 4815 2227 4883 τῆς
2256 4815 2403 4878 θείας
2430 4817 2522 4869 καὶ
2547 4818 2858 4888 ἀγεννήτου,
2883 4822 2975 4871 καὶ
3000 4820 3248 4887 γεννητὸν
3278 4819 3480 4885 λέγεις;
3501 4823 3571 4874 Σὺ
3591 4822 3666 4882 δὲ,

2017 4903 2168 4971 φησὶ,
2191 4903 2242 4954 τί
2265 4903 2440 4970 λέγεις
2459 4904 2550 4955 τὸν
2572 4908 2814 4975 Πατέρα;
2836 4907 3145 4975 ’Λγέννητον
3166 4906 3324 4972 λέγω,
3349 4906 3460 4958 ἀλλ’
3481 4909 3577 4977 οὐχ
3597 4909 3668 4971 ὡς

2019 4988 2081 5041 σύ
2098 5006 2113 5021 ·
2135 4989 2275 5057 λέγω
2296 4991 2587 5059 ἀγέννητον
2607 4992 2696 5044 τὸν
2714 4994 2947 5061 Πατέρα,
2966 4994 3084 5044 ἐπεὶ
3113 4992 3185 5063 μὴ
3216 4994 3493 5063 ἐγεννήθη.
3514 4995 3668 5048 Ἀλλά

2017 5076 2106 5128 καὶ
2128 5076 2219 5128 τὸν
2248 5078 2415 5145 Ἀδὰμ
2440 5078 2581 5145 λέγω
2603 5080 2914 5146 ἀγέννητον,
2935 5080 3118 5148 ἐπειδὴ
3149 5081 3220 5149 μὴ
3248 5081 3530 5151 ἐγεννήθη,
3555 5082 3666 5134 ἀλλ’

2012 5163 2274 5234 ἐπλάσθη.
2314 5165 2402 5233 Μὴ
2436 5163 2608 5229 ξένιζε
2638 5168 2764 5227 τοὺς
2813 5167 3081 5235 ἀκροατάς
3100 5182 3112 5195 ·
3138 5166 3311 5218 ταῦτα
3342 5166 3666 5236 πλάσματα·

2011 5249 2304 5318 ἀγέννητος
2332 5253 2359 5302 6
2383 5250 2590 5320 Πατὴρ,
2622 5251 2714 5303 καὶ
2745 5251 2911 5302 πολλὰ
2936 5250 3097 5318 ἕτερα
3118 5252 3407 5323 ἁγέννητα.
3438 5254 3666 5323 Λέγεται

2013 5332 2110 5399 μὲν
2159 5326 2252 5384 οὖν
2292 5332 2584 5399 ἀγέννητον
2636 5334 2743 5383 πᾶν
2784 5332 2846 5383 τὸ
2902 5332 2974 5400 μὴ
3031 5332 3404 5401 γεννώμενονο
3454 5335 3665 5404 λέγεται

2009 5415 2301 5486 ἀγέννητον
2330 5415 2350 5453 ί
2384 5418 2477 5469 καὶ
2501 5418 2608 5468 πᾶν
2634 5418 2694 5469 τὸ
2722 5417 3059 5485 γιγνόμενον,
3101 5419 3326 5488 μηδέπω
3347 5423 3633 5493 γενόμενον
3648 5439 3670 5493 °_

2075 5554 2097 5617 ξ
2122 5552 2243 5617 ᾖξε.
2266 5553 2528 5613 ἐκράτησαν
2564 5553 2612 5602 Ἀ
2622 5559 2935 5617 ριστοτελικὰς
2958 5554 3277 5612 διδασκαλίας.

2074 5611 2094 5649 ί
2123 5611 2217 5660 Ηὶσὶ
2235 5618 2290 5684 εξ
2308 5611 2477 5672 postea
2497 5611 2692 5664 contusa
2711 5624 2823 5663 sum
2843 5616 3064 5674 ἀγενητον
3086 5631 3112 5663 a
3138 5611 3374 5681 γίγνομαι,
3396 5625 3448 5669 ει
3472 5621 3674 5684 ἀγέννηο,

2008 5688 2089 5720 τον
2109 5686 2135 5720 a
2155 5688 2402 5732 yswcopm.
