3966 6160
298 272 403 330 διο

300 390 335 459 ἢ
367 388 664 450 ἀνάστασις
698 384 806 440 τῶν
848 384 1054 456 νεκρῶν
1090 382 1382 454 ἀγέννητος
1412 384 1539 438 νῦν·
1576 384 1785 451 γίνεται
1828 386 1957 455 γὰρ,

302 478 415 530 ἀλλ’
448 477 599 531 οῦπω
638 475 878 545 γέγονεν,
917 473 1010 526 καὶ
1042 473 1186 524 ἔστιν
1210 472 1704 535 ἀκατασκεύαστος,
1737 474 1961 544 μηδέπω

300 565 634 634 γεννωμένη.
682 563 913 630 Λέγεται
948 558 1241 629 ἀγέννητον
1274 559 1369 612 καὶ
1410 558 1470 612 τὸ
1504 560 1771 629 μηδέποτε
1825 563 1961 630 μήτε

304 650 604 718 γινόμενον,
633 650 769 718 μήτε
797 645 1047 714 γενέσθαι
1066 646 1298 713 ὀφεῖλον,
1324 640 1434 698 οἷον
1461 644 1631 698 πολλά
1656 645 1924 716 ἀγέννητα
1942 663 1958 678 ·

302 736 423 788 ἐπεὶ
455 732 548 788 οὖν
570 736 619 787 οί
644 734 938 805 προφῆται,
963 733 1056 785 καὶ
1078 731 1274 801 Δανιὴλ
1304 732 1400 803 μὲν
1421 731 1568 800 λέγει
1586 749 1598 761 ·
1641 732 1962 801 Ἐθεώρουν

299 822 566 889 τέσσαρα
601 821 775 888 θηρία
805 819 1166 886 ἐξερχόμενα
1208 819 1277 871 ἐκ
1322 817 1435 886 τῆς
1478 817 1827 885 θαλάσσης·
1863 819 1961 873 καὶ

298 907 379 980 ἦν
408 909 474 963 τὸ
511 908 745 977 πρῶτον
771 910 980 975 θηρίον
1011 907 1154 959 ὡσεί
1179 906 1412 969 λέαινα,
1435 906 1535 959 καὶ
1566 907 1748 974 πτερὰ
1776 908 1961 960 αὐτοῦ

298 1000 379 1078 ᾡς
421 996 619 1051 ἀετοῦ.
661 996 771 1048 Kal
797 996 922 1060 ποῦ,
961 994 1083 1046 είπέ
1128 1010 1238 1064 μοι,
1268 992 1476 1046 ὲθεάσω
1521 993 1704 1063 θηρίον
1745 993 1962 1063 λεαίνης

297 1075 439 1140 οὕτω
481 1082 942 1153 διεσκευασμένην
975 1081 1095 1150 ἔχον
1127 1080 1225 1151 τὴν
1262 1079 1628 1140 κατάστασινς
1681 1079 1782 1132 ποῦ
1825 1075 1962 1143 εἶδες

300 1172 488 1243 θηρίον
516 1170 637 1241 ἔχον
660 1171 856 1238 ὄνυχας
876 1167 1126 1239 σιδηροῦς
1152 1167 1245 1219 καὶ
1261 1166 1476 1229 ὀδόντας
1491 1165 1721 1236 χαλκοῦς
1742 1183 1756 1230 ;
1777 1166 1964 1218 Ταῦτα

296 1258 354 1310 δὲ
382 1259 460 1320 είς
491 1255 722 1326 θεωρίαν
746 1254 1077 1306 ἀνέπλαττεν
1108 1254 1136 1304 ὁ
1161 1249 1446 1323 προφήτης
1465 1268 1479 1282 ·
1510 1252 1570 1303 οὐ
1597 1251 1701 1321 μὴν
1728 1252 1959 1318 ἐγένετο,

300 1344 423 1396 οὐδὲ
456 1344 684 1410 γίνεται,
715 1342 830 1394 ἀλλ’
864 1340 1064 1393 ἔστιτὸ
1096 1340 1283 1409 θηρίον
1311 1340 1488 1391 ὲκεῖνο
1514 1338 1825 1407 ἀγέννητον,
1859 1356 1963 1409 μη-

298 1429 579 1483 δεπώποτε
619 1428 928 1497 γενόμενον,
964 1426 1076 1479 ἀλλ’
1115 1424 1407 1495 ὠνομάσθη
1444 1424 1622 1495 μόνον.
1668 1426 1823 1476 Ποῖαι
1855 1440 1956 1492 γυ-

299 1518 484 1577 ναῖκες
533 1514 777 1582 ἐγένοντο
807 1513 985 1584 πτερά
1029 1514 1270 1582 ἔχουσαι,
1312 1512 1430 1574 οἵας
1477 1507 1584 1564 οἶδε
1618 1524 1644 1551 ι
1689 1511 1962 1581 Ζαχαρίας

301 1603 477 1672 πτερά
510 1601 779 1672 φερούσας
803 1619 817 1665 ;
846 1601 947 1654 ποῦ
972 1600 1178 1653 ἐθεάσω
1205 1598 1470 1669 πάρδαλιν
1497 1598 1723 1667 ἔχουσαν
1752 1599 1958 1669 πτερά;

299 1689 483 1742 Ταῦτα
519 1688 575 1740 δὲ
605 1689 783 1740 πάντα
809 1687 1079 1756 ἐξηγεῖται
1106 1688 1134 1739 6
1165 1686 1430 1755 μακάριος
1458 1683 1673 1754 Δανιήλ.
1711 1683 1858 1756 [421]
1889 1686 1961 1737 Ἢ

300 1774 404 1828 ποῦ
430 1775 639 1828 ἐθεάσω
670 1774 960 1846 ἀνδριάντα
989 1773 1097 1827 ἀπὸ
1118 1771 1319 1842 χρυσοῦ
1342 1772 1437 1825 καὶ
1461 1770 1702 1842 ἀργύρου
1726 1771 1818 1823 καὶ
1840 1770 1961 1840 χαλ-

301 1862 401 1916 κοῦ
433 1863 527 1916 καὶ
561 1863 779 1933 σιδήρου
814 1862 908 1915 καὶ
939 1861 1207 1931 ὀστράκου
1232 1860 1333 1930 τὴν
1370 1858 1718 1929 κατασκευὴν
1751 1857 1959 1929 ἔχοντα,

300 1945 411 2003 οἷον
433 1944 542 2002 εἶδε
572 1948 804 2018 Δανιήλ;
839 1949 1069 2001 ἕκαστον
1095 1947 1153 2000 δὲ
1181 1946 1387 2000 τούτων
1407 1944 1702 2014 ἀγέννητον
1726 1958 1741 1973 ⁸
1767 1944 1827 1997 οὐ
1854 1945 1962 2015 γάρ

298 2037 514 2104 ἐγένετο
539 2053 551 2067 ο
570 2035 852 2107 ἀνεγράφη
881 2035 936 2087 δὲ
966 2034 1040 2096 ὼς
1063 2033 1285 2103 πλάσμα
1302 2032 1394 2085 καὶ
1420 2030 1640 2101 θεωρία.
1669 2030 1760 2101 Μὴ
1784 2029 1962 2083 τοίνυν

299 2122 527 2194 νομίσῃς
564 2122 706 2192 μέγα
733 2138 785 2173 τι
817 2120 895 2189 τῷ
924 2119 1098 2189 Πατρὶ
1138 2116 1456 2188 χαρίζεσθαι
1493 2116 1570 2186 τῷ
1596 2115 1774 2183 λέγειν
1802 2114 1961 2169 αὐτὸν

300 2212 619 2281 ἀγέννητον,
651 2210 740 2262 διά
776 2209 837 2262 τὸ
872 2208 1043 2261 πολλὰ
1068 2209 1160 2261 καὶ
1189 2207 1352 2277 ’έτερα
1385 2205 1458 2275 μὴ
1485 2203 1855 2273 γεγεννημένα
1870 2202 1963 2255 λέ-

299 2297 491 2365 γεσθαι
516 2297 802 2367 ἀγέννητα.
834 2290 968 2348 Οἶδα
990 2295 1071 2347 ὅτι
1091 2293 1256 2363 βαθὺς
1272 2295 1299 2344 6
1318 2292 1474 2359 λόγος
1491 2306 1503 2317 ·
1525 2290 1740 2343 ἀλλ’ἵνα
1761 2287 1962 2357 ἐλέγξω

301 2385 399 2454 τὴν
431 2384 713 2453 αίρετικὴν
736 2382 954 2446 κακίαν,
997 2383 1076 2443 είς
1117 2379 1304 2432 τούσδε
1329 2381 1454 2439 τοὺς
1479 2378 1673 2439 τόπους
1707 2375 1958 2446 ἐλήλυθα.

309 2470 541 2538 Λέγεται
583 2470 675 2522 καὶ
709 2468 994 2537 ἄνθρωπος
1028 2467 1320 2534 άγέννητος
1349 2466 1377 2516 6
1410 2465 1484 2534 μὴ
1523 2462 1823 2534 γεννηθείς.
1852 2462 1962 2514 Kal

305 2557 355 2609 εί
386 2557 460 2626 μὴ
489 2554 773 2625 ἐγεννήθη,
797 2554 951 2624 φησὶ,
982 2553 1097 2616 πῶς
1109 2554 1323 2620 λέγεται
1345 2569 1360 2617 ;
1384 2550 1642 2621 Δείκνυμί
1662 2567 1744 2603 σοι
1761 2549 1964 2623 ἀνθρω-

302 2661 403 2697 πον
436 2644 509 2714 μὴ
541 2641 900 2712 γεννηθέντα·
924 2641 1072 2709 λέγει
1100 2636 1190 2693 οῦν
1217 2641 1245 2692 6
1271 2638 1461 2707 Σωτὴρ
1497 2638 1624 2706 περὶ
1662 2636 1829 2690 Ἰούδα
1865 2636 1960 2691 τοῦ

303 2732 563 2802 προδότου
586 2747 599 2761 ·
623 2729 769 2783 Οὐαί
793 2729 872 2794 τῷ
898 2727 1423 2796 ἀνθρώπῳέκείνφ,
1445 2723 1517 2776 δι’
1540 2719 1612 2780 οὗ
1641 2724 1963 2793 παραδίδο-

301 2833 394 2872 ται
425 2819 458 2870 ό
496 2818 627 2882 Υἱὸς
663 2816 768 2870 τοῦ
812 2815 1153 2882 ἀνθρώπου·
1191 2811 1526 2880 συνέφερεν
1559 2810 1738 2876 αὐτῷ,
1783 2814 1836 2865 εί
1873 2809 1961 2879 μὴ

300 2903 610 2973 ἐγεννήθη.
659 2901 763 2956 Kal
808 2901 921 2966 πῶς
954 2900 1103 2970 αὐτῷ
1141 2900 1433 2970 συνέφερε;
1478 2899 1558 2969 τῷ
1582 2899 1691 2966 γάρ
1741 2899 1815 2968 μὴ
1849 2899 1961 2951 ὄντι

299 2992 452 3047 οὐδὲν
484 2990 608 3043 οὔτε
641 2991 929 3061 συμφέρει,
968 2988 1091 3042 οὐτε
1118 2987 1322 3058 ζημίαν
1363 2988 1537 3059 φέρει.
1568 2988 1677 3040 Kal
1710 2985 1959 3057 Σολομὼν

299 3079 354 3132 δὲ
387 3077 676 3148 μακαρίζει
698 3077 983 3148 ἄνθρωπον
1006 3076 1097 3128 τὸν
1129 3075 1202 3145 μὴ
1229 3074 1578 3144 γεννηθέντα,
1609 3074 1734 3126 τάδε
1752 3073 1923 3139 λέγων
1940 3089 1956 3104 ·

300 3164 598 3233 Μακάριος
630 3167 663 3218 ὀ
690 3164 985 3230 τεθνηκὼς
1008 3160 1246 3231 μᾶλλον
1276 3164 1314 3231 ἢ
1337 3159 1467 3225 ζῶν,
1499 3160 1597 3214 καὶ
1625 3159 1775 3228 ὑπὲρ
1818 3159 1960 3224 τοὺς

299 3253 410 3307 δύο
438 3255 471 3305 ὀ
517 3251 603 3319 μὴ
630 3251 959 3320 γεννηθείς.
992 3249 1102 3303 Kal
1130 3249 1177 3300 εί
1208 3248 1282 3318 μὴ
1305 3247 1588 3317 ἐγεννήθη,
1633 3246 1748 3310 πῶς
1781 3245 1960 3315 μακά-

302 3355 417 3409 ριος
433 3356 449 3405 ;
468 3338 639 3391 Βλέπε
659 3336 898 3407 ὀνόματα
916 3336 1207 3406 ἀγέννητου
1229 3334 1463 3403 φύσεως.
1490 3330 1652 3385 Εἶπεν
1679 3332 1960 3402 ἄνθρωπον

299 3426 391 3478 τὸν
425 3425 499 3495 μή
531 3424 862 3495 γεννηθέντα
896 3422 1031 3493 μηδὲ
1064 3422 1371 3476 πλασθέντα
1411 3420 1699 3490 μακάριον.
1729 3419 1891 3471 Ὥστε
1926 3419 1960 3487 ή

297 3512 393 3565 τοῦ
425 3513 722 3582 ἀγεννήτου
769 3511 1111 3581 προσηγορία
1154 3509 1214 3562 οὐ
1262 3508 1423 3578 φύσιν
1468 3507 1615 3560 θείαν
1648 3503 1960 3577 έρμηνεύει,

359 3615 388 3645 ⁸
411 3613 692 3676 Legendum
715 3615 912 3663 videtur
935 3612 1046 3662 εἶδε.

1892 263 2120 320 υυΒΙΑ.
3537 283 3614 339 550

2060 388 2202 453 οὐδὲ,
2224 389 2300 454 ὼς
2330 391 2394 444 σὺ
2421 389 2617 457 λέγεις,
2642 388 2931 456 ἀγέννητον
2953 387 3138 442 οὐσίαν
3162 390 3405 461 σημαίνει,
3423 391 3474 445 οὐ
3495 395 3622 463 τιμὴν

2060 475 2138 546 τῷ
2172 476 2344 547 Πατρὶ
2387 476 2574 547 φέρει·
2602 476 2771 528 ὄντων
2808 476 2902 528 καὶ
2937 474 3133 545 ἐτέρων
3168 477 3304 547 παρὰ
3328 476 3395 547 τῷ
3423 481 3624 551 προφήτῃ

2060 562 2339 633 ὀνομάτων
2373 564 2684 633 ἀγεννήτων
2709 579 2768 615 τε
2797 563 2891 615 καὶ
2920 562 3203 631 γεννητῶν,
3233 563 3363 616 καθὰ
3381 567 3628 634 προαποδέ-

2059 650 2268 703 δεικται
2287 665 2301 679 '
2326 649 2462 704 ἀλλά
2486 650 2546 702 τὸ
2570 651 2645 721 μὴ
2678 649 2899 718 γεγονὸς
2923 649 3154 702 δείκνυσι
3173 650 3334 720 μόνον.
3365 651 3481 703 Ἀλλ’
3503 654 3632 704 είπω-

2065 753 2164 807 μεν
2198 737 2335 808 πρὸς
2362 739 2557 800 αὐτοὺς
2589 737 2725 806 μετά
2753 736 2848 789 τοῦ
2881 734 3060 798 Δαυῖδ,
3088 734 3426 805 Διηγήσαντό
3445 754 3528 804 μοι
3547 753 3635 791 πα-

2052 823 2304 892 ράνομοι
2336 824 2723 892 ἀδολεσχίας,
2747 822 2882 876 ἀλλ’
2904 825 3015 889 οὐχ
3044 821 3123 887 ὡς
3149 824 3179 875 ό
3208 822 3374 891 νόμος
3405 838 3522 883 σου,
3548 824 3639 876 Κύ-

2053 927 2168 978 ριε.
2206 910 2316 980 Τὴν
2338 911 2546 981 Πέτρου
2573 910 2721 974 δέξαι
2742 911 2946 978 φωνὴν,
2975 908 3072 976 τὴν
3098 908 3297 961 Παύλου
3323 908 3638 962 διδασκαλίαν·

2060 997 2313 1063 Χριστὸς
2344 995 2494 1050 κατὰ
2532 996 2748 1063 σάρκα,
2791 999 2822 1049 o'
2848 994 2932 1048 ὢν
2967 994 3065 1048 ἐπὶ
3093 993 3320 1047 πάντων
3350 992 3476 1059 Θεὸς
3504 995 3643 1048 66.10-

2060 1084 2240 1153 γητύς
2281 1088 2370 1151 είς
2409 1085 2552 1151 τοὺς
2589 1084 2831 1150 αἰῶνας.
2858 1083 2931 1135 Τὸ
2953 1082 3174 1152 Πνεῦμα
3201 1082 3257 1136 τὸ
3287 1082 3426 1149 ἀγιον
3449 1099 3644 1151 προσκυο

2069 1171 2274 1234 ιείσθω,
2304 1173 2668 1242 ἀνυμνείσθω,
2691 1170 3011 1238 δοξαζέσθω.
3063 1171 3155 1223 Ἐκ
3178 1170 3280 1222 τῶν
3304 1170 3448 1222 θείων
3465 1169 3651 1238 Γραφῶν

2063 1258 2442 1329 θεολογοῦμεν,
2477 1260 2580 1312 κᾶν
2609 1259 2835 1312 θέλωσιν
2858 1261 2905 1311 οἱ
2928 1258 3132 1329 ἐχθροὶ,
3162 1256 3259 1309 κᾶν
3288 1258 3386 1326 μή·
3422 1259 3651 1326 μαρτυρήο

2062 1364 2146 1399 σει
2183 1347 2242 1400 δέ
2287 1364 2378 1415 μοι
2419 1348 2513 1398 καὶ
2542 1345 2753 1408 Παῦλος
2798 1344 3002 1413 λέγων·
3047 1345 3170 1396 Οὐκ
3207 1342 3395 1395 οἴδατε
3420 1342 3501 1394 ὅτι
3542 1344 3657 1409 ναός

2063 1431 2211 1486 Θεοῦ
2235 1432 2396 1492 ἐστε,
2422 1433 2519 1485 καὶ
2543 1432 2634 1497 τίς
2659 1434 2692 1484 ὁ
2715 1429 3033 1493 κατοικῶν;
3051 1429 3166 1493 καὶ,
3200 1428 3428 1497 Πνεῦμα
3451 1428 3572 1481 Θεοῦ
3594 1432 3657 1482 οι-

2060 1518 2151 1571 κεῐ
2182 1517 2252 1569 ἐν
2276 1517 2436 1586 ὑμῖν.
2477 1516 2639 1571 ’Άλλο
2664 1512 2755 1570 οὖν
2786 1516 2933 1579 ναὸς,
2971 1515 3063 1568 καὶ
3100 1513 3253 1576 ἄλλος
3274 1515 3302 1566 6
3332 1512 3549 1566 ὲνοικῶν.
3572 1514 3663 1566 Οὐκ

2060 1604 2298 1675 ἤκουσας
2333 1604 2541 1675 Πέτρου
2581 1603 2865 1670 λέγοντος·
2912 1602 3176 1663 ’Δνανία,
3209 1601 3359 1653 ίνατί
3393 1599 3663 1666 ἐπείρασεν

2059 1694 2095 1745 ό
2116 1689 2387 1757 Σατανᾶς
2406 1690 2521 1757 τὴν
2539 1690 2789 1759 καρδίαν
2802 1706 2917 1744 σου
2936 1687 3282 1758 ψεύσασθαί
3301 1703 3370 1741 σε
3392 1687 3452 1739 τὸ
3471 1685 3667 1754 Πνεῦμα

2059 1779 2127 1831 τὸ
2179 1777 2382 1846 ἅγιον;
2430 1777 2524 1831 καὶ
2570 1778 2870 1846 ἐπήγαγεν,
2928 1778 3050 1830 Οὺκ
3090 1776 3331 1844 ἐψεύσω
3365 1772 3665 1841 ἀνθράυτυις,

2058 1864 2219 1918 ἀλλὰ
2239 1863 2319 1930 τῷ
2341 1863 2482 1928 Θεῷ.
2521 1863 2686 1917 Ἀλλά
2718 1879 2881 1933 φασιν
2912 1865 2961 1917 οἱ
2995 1862 3284 1935 αίρετικοὶ,
3308 1862 3379 1917 Οὐ
3411 1860 3467 1914 τὸ
3489 1859 3671 1929 Πνεῦμα

2059 1949 2284 2004 ἐκάλεσε
2310 1949 2461 2012 Θεὸν,
2503 1948 2618 2001 ἀλλ’
2657 1949 2844 2020 ἐπειδὴ
2881 1950 2940 2002 τὸ
2968 1948 3195 2019 Πνεῦμα
3235 1950 3300 2002 ὲκ
3328 1947 3414 2002 τοῦ
3442 1946 3559 2000 Θεοῦ
3596 1946 3675 1998 ἀπ-

2060 2032 2282 2101 εστάλη.
2322 2032 2381 2085 Ὀ
2411 2030 2666 2103 ὑϐρίζων,
2694 2034 2847 2102 φησὶ,
2878 2033 2938 2085 τὸ
2967 2032 3215 2102 Πνεῦμα,
3245 2033 3335 2085 τὸν
3357 2031 3478 2084 Θεὸν
3502 2026 3674 2100 ὑϐρίζει

2061 2119 2152 2172 τὸν
2178 2118 2574 2172 ἀποστείλαντα
2593 2118 2653 2171 τὸ
2675 2117 2919 2188 Πνεῦμα.
2956 2118 3119 2183 Ἀλλ’,
3142 2119 3316 2188 ἄφρον
3342 2118 3432 2171 καὶ
3444 2117 3679 2184 ald-{ww

2060 2205 2282 2270 οὐδεμία
2302 2204 2411 2276 γὰρ
2435 2205 2567 2276 άλλη
2592 2206 2877 2276 πρέπουσα
2896 2205 2974 2275 τῷ
2996 2205 3144 2272 ἀθέῳ
3174 2205 3524 2276 προσηγορία,
3553 2204 3593 2255 εί
3620 2203 3681 2271 μὴ

2055 2293 2088 2361 ή
2131 2291 2226 2346 τοῦ
2270 2293 2504 2362 ἄφρονος
2529 2307 2544 2322 ·
2578 2289 2723 2345 Ehe
2759 2292 2866 2363 γάρ
2912 2293 3119 2361 ᾶφρων
3163 2294 3236 2345 ἐν
3265 2290 3473 2359 καρδίᾳ
3510 2289 3684 2349 αὑτοῦ,

2065 2378 2189 2433 Οὐκ
2232 2378 2364 2431 ἔστι
2406 2378 2549 2442 Θεός
2572 2394 2586 2408 ·
2629 2378 2729 2431 οὐκ
2757 2373 2931 2439 εἶπεν,
2957 2378 3031 2441 ὡς
3064 2380 3131 2432 σὺ
3165 2379 3414 2448 ἐνόησας.
3455 2378 3513 2429 Et
3544 2375 3685 2445 γὰρή

2060 2466 2156 2520 τοῦ
2189 2465 2502 2534 Πνεύματος
2538 2465 2696 2537 ὕϐρις
2742 2467 2821 2529 είς
2858 2465 2990 2519 Θεὸν
3033 2466 3331 2536 ἀνέτρεχεν
3360 2465 3433 2528 ὼς
3478 2461 3693 2517 ἀποστεί-

2062 2552 2248 2616 λαντα,
2283 2552 2449 2622 ὲχρῆν
2479 2553 2652 2605 εἰπεῖν
2670 2551 2812 2605 Ὀὐκ
2846 2550 3055 2620 ἐψεύσω
3078 2552 3159 2622 τῷ
3184 2551 3475 2622 Πνεύματι,
3498 2548 3615 2601 ἁλλά
3631 2547 3695 2617 τῷ

2063 2638 2201 2709 Θεῷ.
2244 2638 2403 2691 Ἀλλά
2431 2639 2601 2692 ταῦτα
2626 2639 2724 2709 μὲν
2749 2640 2830 2701 είς
2849 2638 3132 2691 τοσοῦτον·
3166 2639 3253 2691 δεῖ
3280 2638 3391 2708 γάρ
3409 2639 3474 2707 τῇ
3498 2639 3699 2689 67:00:0-

2062 2727 2185 2797 λικῇ
2222 2726 2409 2797 χορείᾳ
2442 2726 2840 2796 παραχωρῆσαι
2877 2725 2975 2795 τὴν
3012 2726 3179 2793 ἁγίαν
3206 2727 3438 2797 Τριάδα,
3472 2726 3534 2794 ἣν
3562 2725 3588 2776 6
3610 2723 3700 2775 Πα-

2062 2812 2166 2883 τὴρ
2187 2812 2560 2880 καταγγέλλει.
2594 2813 2637 2865 Τ
2643 2812 2764 2884 ριάς
2788 2812 3095 2865 ἀποστόλων
3122 2814 3342 2883 μάρτυς
3361 2813 3457 2883 τῆς
3484 2808 3705 2876 οὐρανίου

2063 2899 2310 2969 Τριάδος.
2346 2899 2724 2968 Χορεύσωμεν.
2767 2895 2859 2952 οὖν
2906 2900 3259 2972 εἰλικρινῶς,
3317 2901 3416 2953 καὶ
3475 2899 3706 2965 εἴπωμεν.

2060 2988 2266 3042 Πολλὰ
2292 2988 2365 3040 τὰ
2387 2987 2567 3040 τέκνα
2597 2987 2706 3053 τῆς
2739 2987 2961 3057 ἐρήμου
2982 2987 3234 3057 μᾶλλον
3262 2988 3303 3055 ἢ
3334 2986 3443 3054 τῆς
3476 2986 3706 3055 ἐχούσης

2060 3079 2169 3139 τὸν
2186 3076 2398 3144 ἄνδρα·
2437 3076 2624 3145 ἤγουν,
2663 3075 2695 3145 ἦ
2723 3078 2869 3128 πᾶσα
2898 3076 3111 3147 αἵρεσις
3152 3079 3187 3147 ἡ
3222 3077 3517 3148 ἄνθρωπον
3545 3074 3713 3144 ἔχουσα

2061 3164 2398 3226 διδάσκαλον,
2418 3165 2513 3217 καὶ
2534 3164 2593 3215 οὐ
2616 3164 2768 3217 Θεόν.
2786 3164 2997 3216 Γένοιτο
3011 3165 3066 3216 δὲ
3088 3166 3288 3235 εὐχαῖς
3315 3165 3411 3217 καὶ
3428 3159 3714 3234 πρεσὸείαις

2060 3250 2154 3303 τοῦ
2204 3249 2382 3303 κοινοῦ
2436 3250 2639 3319 πατρὸς
2694 3251 2789 3303 καὶ
2835 3250 3183 3315 διδασκάλου,
3232 3250 3395 3323 [422]
3434 3247 3721 3306 ἀποστόλοις

2062 3338 2269 3399 πάντας
2293 3337 2438 3405 ἡμᾶς
2468 3337 2560 3389 καὶ
2603 3336 2866 3407 μάρτυσιν
2890 3338 2948 3389 έν
2981 3337 3261 3409 ὀρθοδόξῳ
3290 3341 3479 3391 πίστει
3504 3331 3721 3389 συναυλία

2063 3417 2269 3482 ζεσθαι,
2313 3419 2371 3472 ὲν
2406 3417 2627 3488 Χριστῷ
2673 3420 2847 3489 Ἰησοῦ
2888 3419 2965 3490 τῷ
2999 3422 3198 3492 Κυρίῳ
3237 3423 3435 3494 ήμῶν,
3483 3414 3529 3488 ᾧ
3554 3421 3588 3489 ἡ
3620 3414 3727 3478 δόξα

2064 3508 2243 3562 καὶτὸ
2271 3507 2468 3579 κράτος
2502 3507 2597 3560 σὺν
2641 3508 2719 3577 τῷ
2748 3508 2943 3578 Πατρὶ,
2977 3508 3092 3579 ἅμα
3129 3509 3216 3580 τῷ
3259 3512 3411 3581 ἁγίῳ
3450 3507 3723 3577 Πνεύματι,
3819 3556 3822 3558 ν

2064 3594 2159 3651 νῦν
2191 3597 2285 3649 καὶ
2309 3595 2415 3659 ἀεὶ,
2442 3597 2536 3647 καὶ
2564 3594 2643 3658 είς
2669 3595 2794 3658 τοὺς
2821 3595 3024 3660 αίῶνας
3047 3596 3158 3650 τῶν
3188 3598 3446 3654 αἰώνων.
3486 3595 3673 3665 ’Δμήν.

1565 4681 1674 4735 Τοῦ
1707 4681 1890 4736 αὐτοῦ
1918 4680 2049 4748 περὶ
2078 4680 2426 4749 πραότητος.

372 4872 440 4921 a'.
481 4860 648 4936 Οἶμαι
677 4864 886 4928 πάντας
916 4863 1060 4935 ὑμᾶς
1086 4860 1408 4916 ἐπίστασθαι
1437 4860 1643 4931 σαφῶς,
1674 4863 1758 4915 ὅτι
1789 4880 1955 4931 προσ·
2060 4879 2150 4914 ται
2201 4860 2351 4931 παρά
2398 4859 2491 4915 τοῦ
2521 4859 2658 4912 Θεοῦ
2690 4860 2749 4913 τὸ
2778 4861 2886 4914 τῶν
2935 4861 3250 4932 ἀνθρώπων
3305 4865 3514 4932 γένος,
3544 4864 3648 4917 οὐκ
3672 4856 3764 4914 ἀπὸ

299 4953 425 5023 ήκει
447 4954 576 5016 τοὺς
593 4951 701 5004 τῶν
723 4950 919 5019 λογίων
946 4949 1039 5004 τοῦ
1065 4948 1198 5002 Θεοῦ
1228 4947 1462 5010 συνετῶς
1487 4948 1799 5011 ἀκούοντας,
1825 4943 1956 5016 ἦθος
2061 4948 2377 5019 παρθενίας,
2411 4949 2510 5001 οὐκ
2545 4952 2649 5003 ἀπὸ
2670 4951 2941 5020 νηστείας,
2971 4951 3070 5003 οὐκ
3098 4950 3210 5003 ἀπὸ
3249 4953 3371 5006 τοῦ
3402 4955 3530 5007 τῶν
3572 4948 3775 5023 χρημά-

298 5038 501 5111 άγαθὸν
528 5038 622 5091 καὶ
661 5037 874 5108 τρόπων
921 5035 1118 5108 ἀρετὴν
1151 5036 1355 5088 ἀσκεῖν.
1388 5033 1557 5087 Τοῦτο
1589 5033 1697 5105 γάρ
1736 5036 1883 5086 ἐστιν
1909 5027 1954 5102 ᾧ
2058 5051 2164 5086 των
2188 5039 2568 5105 καταφρονεῖν,
2597 5038 2694 5089 οὐκ
2722 5038 2828 5090 ἀπὸ
2854 5037 2948 5090 τοῦ
2979 5037 3295 5106 προθύμως
3322 5045 3506 5111 χεῖρα
3537 5044 3656 5101 τοῖς
3674 5038 3774 5088 δεο-

303 5110 536 5190 μάλιστα
581 5121 925 5191 διαφέρουσιν
971 5121 1022 5171 οί
1059 5117 1232 5171 δοῦλοι
1274 5117 1368 5170 τοῦ
1418 5116 1651 5187 Χριστοῦ
1694 5117 1802 5170 τῶν
1856 5121 1954 5189 τὴν
2061 5121 2242 5188 μένοις
2276 5122 2508 5191 ὀρέγειν,
2553 5122 2626 5184 ὠς
2667 5122 2773 5174 ἀπὸ
2807 5123 2905 5190 τῆς
2947 5124 3307 5194 ἡμερότητος
3363 5110 3481 5181 καὶ
3536 5127 3645 5194 τῆς
3688 5120 3784 5174 τῶν
3894 5120 3899 5165 δ

300 5208 558 5279 ἀλήθειαν
603 5208 957 5279 ἀγνοούντων,
1001 5205 1076 5275 τῷ
1118 5202 1443 5275 χρηστότητι
1493 5203 1658 5273 συζῇν
1706 5205 1799 5259 καὶ
1841 5205 1954 5275 βίον
2058 5205 2203 5273 ἠθῶν
2231 5206 2512 5271 εὐταξίας·
2552 5209 2728 5262 καίτοι
2753 5211 2843 5261 καὶ
2876 5209 2935 5261 τὸ
2974 5209 3292 5280 προθύμως
3326 5215 3635 5282 ἐπαρκεῖν
3682 5211 3785 5266 τοῖς
3892 5224 3893 5227 ‘

299 5294 447 5358 ἀξιον
483 5294 584 5364 τῆς
641 5294 919 5357 εὐσεϐείας
967 5290 1317 5362 παρέχεσθαι.
1369 5288 1506 5351 Τοῦς
1551 5288 1649 5359 μὲν
1700 5290 1811 5362 γὰρ
1863 5291 1957 5342 τὸν
2053 5290 2326 5360 δεομένοις
2360 5294 2460 5346 οὐκ
2488 5294 2706 5348 ἄλλοθεν
2736 5295 3052 5364 οὐδαμόθεν,
3081 5295 3195 5348 ἀλλ’
3234 5298 3376 5351 ἀπὸ
3405 5300 3528 5369 τῆς
3559 5292 3795 5369 χρηστὸ·
3896 5284 3899 5369 ξ

299 5382 531 5453 Χριστὸν
560 5381 881 5450 ἀγνοοῦντας
900 5379 1051 5434 οὐδὲν
1076 5376 1301 5440 ἀπεικὸς
1330 5377 1595 5447 πονηρούς
1618 5394 1677 5430 τε
1700 5373 1953 5429 εἶναικαὶ
2053 5395 2213 5448 τητος
2240 5381 2582 5449 περιγίνεται
2610 5384 2742 5434 πᾶσι
2780 5385 2891 5444 τοῖς
2913 5382 3004 5435 τὸν
3033 5382 3293 5452 Χριστὸν
3325 5387 3654 5453 ἀγαπῶσι.
3694 5380 3796 5435 Καὶ

304 5469 609 5540 μοχθηροὺς
634 5470 724 5523 τὸν
746 5471 974 5542 τρόπον·
1008 5469 1036 5521 6
1070 5466 1127 5518 δὲ
1153 5462 1247 5517 τοῦ
1275 5464 1511 5534 Χριστοῦ
1545 5464 1729 5527 δοῦλος
1757 5465 1820 5515 ἐκ
1851 5465 1949 5533 τῆς
2053 5462 2241 5534 ῶσπερ
2275 5467 2337 5518 ἐκ
2369 5466 2476 5519 τῶν
2508 5468 2698 5537 πηγῶν
2728 5469 2776 5521 οί
2821 5468 3039 5536 ρύακες,
3075 5468 3260 5530 οὓτως
3297 5473 3343 5541 ἡ
3399 5473 3669 5544 πρόνοια
3701 5466 3801 5521 τῶν

433 5532 938 5626 ήθῶνήμερότητος
960 5551 1227 5606 καλείσθω
1257 5532 1475 5620 μᾶλλον,
1505 5549 1538 5620 ἢ
1563 5550 1657 5602 τοῦ
1673 5550 1821 5621 παρά
1844 5532 1950 5604 τῶν
2054 5532 2289 5620 πτωχῶν
2311 5553 2376 5605 ἐκ
2402 5554 2500 5620 τῆς
2654 5555 2802 5623 ἠθῶν
2821 5532 3175 5627 μερότητος.
3205 5532 3360 5621 Πᾶς
3388 5532 3526 5632 γάρ
3547 5554 3804 5623 ἐπιεικής
3897 5532 3899 5627 ί

300 5642 502 5710 γονέων
530 5641 679 5711 αὐτῷ
705 5642 950 5705 τεθέντος
977 5640 1256 5709 ὀνόματος.
1286 5636 1360 5689 Οὐ
1396 5636 1504 5704 γὰρ
1531 5636 1705 5701 οὕτως
1738 5640 1951 5706 ἀγαπᾶ-
2054 5654 2111 5689 τε
2147 5640 2238 5692 καὶ
2277 5642 2449 5710 πρᾶος
2481 5643 2679 5712 ῥᾳδίως
2703 5645 2781 5706 εἰς
2807 5645 3221 5716 φιλανθρωπίαν
3268 5648 3695 5712 καθέλκεται,
3717 5640 3808 5697 καὶ
3897 5638 3899 5687 ί
