3966 6160
466 407 557 463 8M

464 523 536 576 ad
580 519 998 576 misericordiam
1037 514 1294 568 mansueti
1331 522 1383 566 et
1428 512 1714 584 aequabiles
1752 506 2030 562 trahuntur

465 627 654 670 attines
674 654 689 676 ,
720 626 890 681 neque
918 610 1052 665 ferre
1072 615 1294 679 possunt
1319 603 1581 660 contemni
1611 612 1867 670 pauperes
1891 636 1906 657 ,
1935 591 2029 646 sed

464 707 691 759 aliorum
714 701 943 770 Inopiam
969 714 1118 753 totam
1147 699 1474 753 arbitrantur
1494 691 1866 747 calamitatem.
1893 685 2028 738 Pro-

461 805 649 864 .ptorea
665 792 858 847 invidia
886 788 1113 859 pessima
1134 787 1368 840 omnium
1386 783 1720 838 atl‘ectionum
1739 787 1843 840 est;
1861 786 2028 864 neque

462 862 710 956 umquam
739 897 951 953 gravem
983 881 1130 934 illum
1153 877 1396 931 morbum
1427 875 1476 927 in
1507 873 1736 925 animam
1763 881 1911 920 suam
1937 862 2028 916 ad-

461 955 624 1032 mittit
657 974 740 1029 vir
777 973 1037 1042 benignus
1080 978 1135 1024 et
1179 968 1359 1030 mitis;
1403 964 1495 1018 sed
1532 961 1576 1016 si
1612 959 1804 1014 viderit
1840 955 2028 1009 fratres

460 1070 767 1131 honoratos,
799 1063 1097 1134 congaudet
1123 1075 1185 1115 ae
1208 1058 1523 1129 gratulatur,
1553 1054 1775 1108 aliorum
1805 1049 2026 1118 gloriam

458 1178 607 1216 suam
650 1171 842 1230 putans
874 1175 886 1210 :
916 1154 1149 1223 alioquin
1193 1155 1480 1205 amicorum
1519 1147 1696 1201 omnia
1728 1140 2028 1199 communia

456 1267 705 1318 censetis,
730 1251 779 1304 itt
805 1249 958 1304 bonis
978 1245 1189 1314 quidem
1218 1239 1532 1310 congandct,
1560 1237 1610 1291 in
1637 1234 1875 1290 tristibus
1902 1243 2027 1284 vero

456 1344 725 1400 condolet.
767 1339 893 1394 Ha'c
934 1336 1075 1391 cnim
1125 1329 1542 1388 mansuetudinis
1587 1326 1724 1380 dona
1773 1333 1895 1377 sunt
1921 1363 1935 1386 ,
1975 1328 2028 1374 cl.

459 1435 578 1489 talis
617 1432 821 1485 mitium
859 1437 938 1481 est
978 1427 1080 1479 vita
1113 1442 1125 1477 :
1157 1422 1299 1477 milis
1337 1418 1700 1488 orpbanorum
1729 1422 1876 1482 pater
1903 1421 2025 1474 est,

459 1510 736 1577 viduarum
769 1529 1042 1588 patronus,
1070 1514 1394 1584 paupertatis
1419 1518 1650 1564 curator.
1683 1505 1872 1572 injuria
1899 1502 2026 1556 affe-

458 1626 666 1670 ctornm
688 1613 896 1682 adjutor
913 1651 927 1674 ,
952 1625 1163 1677 semper
1185 1618 1399 1661 strenue
1420 1605 1524 1672 agit
1544 1601 1684 1670 quod
1705 1600 1902 1668 justum
1923 1604 2022 1650 est.

465 1706 530 1759 Et
574 1706 680 1758 ﬁlio
710 1699 1032 1757 reverendus
1060 1707 1140 1750 est
1185 1705 1331 1765 pater
1375 1694 1515 1747 utilis
1543 1700 1596 1745 et
1622 1691 1756 1743 Illius
1789 1686 1941 1756 patri,
1974 1691 2028 1736 et

455 1793 820 1850 observandas
848 1791 1062 1845 demitto
1097 1796 1177 1840 cst
1199 1799 1411 1847 servus,
1439 1792 1490 1836 ct
1521 1781 1650 1837 nihil
1684 1782 1754 1835 ita
1781 1776 2027 1832 conciliat

457 1887 673 1941 domine
705 1883 989 1936 familiares
1011 1922 1024 1946 ,
1054 1888 1111 1932 ut
1137 1877 1275 1947 qttod
1304 1876 1449 1930 illum
1479 1873 1663 1928 vident
1689 1887 1812 1941 erga
1831 1886 2026 1926 omnes

461 1979 697 2034 modeste
736 1991 794 2031 se
819 1990 1006 2045 gerere
1032 2014 1045 2036 ,
1088 1980 1141 2026 ct
1173 1967 1573 2024 mansuetudine
1597 1967 1802 2027 cunctis
1835 1965 2026 2033 jucun-

459 2072 582 2123 dum
615 2086 627 2120 :
658 2083 777 2121 nam
811 2076 865 2121 et
896 2064 1052 2119 talem
1099 2061 1311 2130 majoris
1353 2058 1550 2112 faciunt
1587 2067 1640 2110 et
1677 2055 2019 2118 admirantur,

457 2161 760 2230 habentque
791 2173 886 2226 pro
916 2165 1062 2225 patre
1082 2196 1097 2220 ,
1133 2170 1235 2208 non
1265 2167 1361 2221 pro
1386 2151 1620 2205 detnino.

528 2251 655 2315 Qum
683 2250 811 2302 bona
841 2247 1006 2316 pariat
1034 2241 1386 2296 mansuetudo.
1411 2270 1484 2282 —-
1507 2242 1616 2309 Age
1642 2254 1736 2308 pro
1763 2237 1899 2292 virili
1927 2252 2025 2290 no-

455 2354 562 2396 stra
601 2341 880 2409 diligenter
906 2337 1232 2406 inquiramns
1256 2376 1270 2400 ,
1302 2348 1542 2403 quzcnam
1569 2347 1638 2385 ex
1667 2345 1870 2385 morum
1899 2344 2024 2383 sua-

452 2434 614 2486 vitate
640 2432 775 2486 bona
805 2428 1094 2483 mansuetis
1126 2427 1452 2495 proveniant.
1487 2425 1679 2478 Gratus
1703 2432 1756 2478 et
1783 2420 2026 2475 amabilis

453 2534 538 2578 est
562 2522 890 2584 videntibus,
921 2528 1097 2588 gratus
1127 2518 1250 2572 item
1278 2517 1339 2570 iis
1363 2515 1552 2584 quibus
1583 2523 1782 2567 tantum
1813 2512 2025 2566 nomine

458 2623 616 2668 nctus
653 2621 734 2666 est
762 2633 780 2666 ε
812 2625 983 2679 neque
1013 2609 1162 2662 facile
1193 2608 1354 2660 ullum
1386 2605 1620 2660 invenies
1643 2645 1657 2666 ,
1689 2604 1776 2671 qui
1805 2602 2025 2658 audiens

456 2703 656 2758 laudari
684 2701 947 2755 hominem
975 2707 1328 2759 mansuetum,
1351 2697 1495 2750 illum
1521 2696 1700 2750 videre
1721 2704 1773 2749 et
1796 2709 2022 2750 exoscu-

454 2795 550 2849 lari
584 2809 686 2848 non
725 2792 1031 2856 desideret,
1061 2800 1112 2846 et
1141 2805 1244 2844 non
1282 2788 1470 2844 habeat
1511 2789 1561 2842 in
1598 2789 1861 2858 aliquanta
1889 2787 2025 2842 lucri

458 2895 606 2953 parte
630 2887 744 2955 ejus
770 2884 998 2938 amicitia
1032 2896 1187 2952 posse
1214 2881 1332 2935 frui.
1364 2879 1527 2946 Quod
1557 2879 1602 2933 si
1627 2879 1894 2948 contingat
1919 2878 2024 2932 ali.

455 2993 588 3047 quos
619 2986 834 3046 propter
859 2988 988 3043 opes
1010 2974 1148 3027 inter
1169 2986 1288 3027 sese
1313 2970 1602 3035 dissidere,
1631 2985 1754 3025 mox
1781 2968 1846 3023 ad
1873 2969 2032 3029 benis

456 3085 616 3139 guunt
642 3077 694 3124 et
721 3078 1052 3122 mansuetum
1079 3066 1222 3120 illum
1249 3071 1552 3132 properant,
1582 3061 1714 3115 bona
1743 3076 1857 3130 spe,
1884 3058 2022 3129 quod

455 3161 570 3228 ejus
614 3158 848 3212 bonitate
875 3152 1132 3225 quicquid
1170 3153 1336 3207 litium
1366 3159 1421 3205 et
1458 3150 1853 3206 contentionum
1885 3157 1966 3204 est
1981 3164 2026 3204 .o

459 3249 636 3304 medio
672 3249 903 3302 tollatur.
941 3248 1174 3308 Rursus,
1205 3245 1248 3298 si
1287 3243 1541 3313 capitales
1569 3241 1712 3294 inter
1741 3255 1801 3295 se
1829 3240 2035 3304 inimici,

456 3341 564 3396 sint
585 3381 598 3406 ,
627 3337 890 3392 mansueti
917 3335 1014 3391 viri
1041 3334 1374 3404 correptione
1400 3332 1675 3400 placant-ur
1699 3338 1753 3384 et
1779 3344 2020 3384 mansue-

458 3439 646 3496 scunt,
677 3428 881 3484 etiamsi
923 3434 1107 3482 natura
1151 3425 1204 3478 in
1247 3424 1377 3478 iram
1415 3432 1469 3477 et
1505 3421 1734 3475 furorem
1778 3419 2023 3490 propensi

457 3523 583 3576 sint.
615 3521 713 3586 Qui
743 3533 870 3574 vero
898 3517 1051 3571 aliter
1076 3514 1247 3569 affecti
1273 3520 1426 3577 sunt,
1452 3511 1495 3565 si
1520 3509 1864 3565 reconciliare
1889 3509 2027 3563 inter

458 3629 517 3666 so
543 3612 704 3666 velint
732 3623 824 3665 eos
849 3608 936 3678 qui
961 3604 1316 3675 digladiantur
1337 3610 1392 3655 et
1418 3609 1670 3671 pugnant,
1698 3599 1841 3653 nullo
1869 3597 2027 3652 modo

458 3701 788 3758 venerabiles
811 3706 1034 3770 possunt
1057 3694 1222 3749 videri
1242 3714 1255 3747 :
1280 3692 1372 3747 sed
1396 3692 1446 3746 in
1467 3691 1656 3761 quavis
1677 3703 1834 3744 causa
1856 3690 2029 3759 aptior

458 3806 512 3848 et
555 3791 722 3862 magis
765 3789 987 3844 idoneus
1021 3786 1084 3840 ad
1115 3782 1535 3854 persuadendum
1563 3790 1618 3836 et
1644 3780 2024 3836 consulendum

459 3893 540 3938 est
567 3883 611 3937 is
631 3924 644 3947 ,
673 3881 761 3952 qui
787 3894 878 3934 eas
903 3878 1138 3932 actiones
1162 3889 1382 3944 quarum
1413 3872 1688 3927 consilium
1713 3871 1802 3926 dat
1827 3873 2028 3942 primus

460 3973 781 4045 aggreditur.
827 3970 1046 4036 Insuper
1085 3966 1334 4035 quoniam
1371 3963 1617 4032 exemplo
1646 3977 1742 4016 suo
1781 3964 2025 4032 magister

460 4074 543 4120 est
568 4059 1004 4123 mansuetudinis,
1026 4065 1080 4112 et
1103 4058 1215 4125 ipse
1237 4053 1481 4122 exemplo
1501 4067 1597 4106 suo
1618 4053 1889 4108 stabilitea
1911 4068 2028 4122 qum

464 4155 659 4220 tradit,
688 4151 844 4206 simul
872 4164 934 4204 ac
962 4155 1216 4217 apparet,
1247 4144 1449 4213 mitigat
1475 4143 1632 4196 etiam
1676 4142 1985 4196 furibundos
2009 4183 2022 4208 ς

463 4257 634 4310 neque
676 4239 854 4294 multis
883 4239 929 4292 ei
961 4235 1136 4290 verbis
1165 4234 1243 4288 vel
1274 4232 1719 4286 admonitionibus
1749 4247 1882 4300 opus
1907 4241 2024 4298 est,

461 4331 554 4386 sed
574 4341 634 4384 et
661 4343 864 4398 pacem,
889 4326 1189 4395 priusquam
1219 4325 1480 4392 loquatur,
1509 4321 1809 4391 persuadet.
1836 4322 2028 4388 Queru-

463 4420 746 4477 admodum
768 4427 838 4474 »ει
867 4418 997 4472 solis
1032 4416 1223 4486 jubar,
1257 4425 1313 4468 ut
1349 4415 1574 4483 primum
1606 4422 1858 4483 apparet,
1889 4412 2026 4483 fugat

465 4513 709 4569 tenebras
737 4527 754 4566 :
781 4510 851 4562 ita
889 4517 1193 4562 mansuetus
1229 4514 1284 4560 et
1319 4505 1575 4573 benignus
1613 4519 1706 4558 sua
1750 4505 2027 4573 prtcsentia

463 4620 550 4659 res
593 4601 922 4658 turbulentas
963 4598 1234 4668 componit
1271 4597 1582 4667 quietasque
1622 4611 1684 4651 ac
1724 4597 2032 4666 tranquillas

462 4694 654 4751 reddit.
705 4692 799 4746 Est
838 4702 1014 4745 autem
1057 4697 1113 4743 et
1155 4686 1258 4741 hoc
1298 4687 1510 4757 dignum
1557 4687 1822 4741 reccnseri
1847 4729 1861 4752 ,
1891 4685 2029 4756 quod

461 4786 703 4840 Christus
727 4783 897 4838 solum
926 4780 1170 4852 pacificos
1198 4779 1332 4832 filios
1359 4779 1446 4832 Dei
1468 4790 1621 4832 vocat
1641 4777 1850 4848 (Matth.
1873 4779 1924 4833 5.
1949 4778 2027 4845 9).

466 4878 528 4930 ΙΞι
554 4888 720 4946 quare
747 4887 903 4928 suum
931 4869 1244 4926 vocabulum
1275 4866 1489 4921 mitibus
1520 4869 1870 4923 communicat
1890 4868 2036 4924 Ἰδο-

465 4969 545 5018 lns
582 4962 673 5018 ille
703 4959 892 5016 Filium
922 4959 1016 5015 Dei
1043 4973 1142 5028 pro
1169 4957 1368 5012 viribus
1393 4956 1626 5011 imitatur
1649 4999 1664 5022 ,
1697 4959 1784 5026 qui
1812 4958 1956 5027 pacis
1982 4969 2034 5012 et

468 5054 715 5111 amicitia:
746 5061 931 5107 auctor
959 5050 1077 5105 aliis
1106 5048 1184 5104 fit.
1234 5047 1367 5103 Nam
1392 5049 1526 5102 sicut
1549 5048 1791 5104 Christus
1823 5050 1956 5103 Deus
1984 5060 2042 5104 cr

465 5146 704 5201 omnium
747 5143 1004 5200 Dominus
1022 5182 1040 5208 ,
1068 5141 1124 5195 in
1161 5154 1325 5196 carne
1352 5139 1528 5194 divina
1556 5141 1709 5195 nobis
1733 5156 1994 5210 apparens
2017 5184 2032 5208 ,

467 5247 680 5291 sanctos
707 5233 922 5306 angelos
947 5247 1067 5288 cum
1091 5231 1392 5297 hominibus
1415 5230 1708 5286 concordes
1729 5231 1922 5292 effecit.
1949 5229 2041 5302 qui

465 5329 614 5396 quasi
649 5325 790 5383 bello
815 5325 1040 5395 quodam
1067 5339 1097 5378 a
1129 5321 1282 5378 nobis
1313 5321 1641 5378 dissidebant
1672 5341 1684 5376 :
1715 5325 1784 5377 ita
1814 5335 1862 5378 et
1894 5341 2039 5379 man-

465 5431 651 5473 suetus
694 5419 852 5472 homo
870 5414 1075 5471 fratres
1101 5423 1155 5468 et
1179 5423 1432 5484 cognatos
1459 5423 1514 5469 et
1541 5413 1860 5469 domesticos
1887 5431 2040 5472 reve-

468 5508 576 5564 reri
601 5508 748 5576 leges
762 5514 824 5563 ει
846 5514 1166 5577 praeceptum
1195 5505 1307 5571 Dei,
1335 5504 1656 5574 abjcctisqne
1682 5505 1968 5560 inimicitiis
1982 5507 2013 5562 ἰ.

471 5596 692 5665 gratiam
724 5603 957 5649 mutuam
987 5594 1161 5650 redire
1191 5593 1332 5648 facit.
1363 5593 1528 5648 Porro
1554 5595 1694 5663 quod
1722 5594 1774 5650 in
1801 5596 2042 5663 corpori—

471 5685 576 5740 bus
612 5685 808 5740 nostris
835 5685 979 5741 nervi
1004 5725 1020 5752 ,
1043 5685 1148 5740 boc
1171 5695 1250 5740 est
1289 5699 1592 5742 mansuetus
1621 5688 1778 5742 homo
1810 5689 1860 5743 in
1887 5691 2044 5744 domo

472 5789 524 5830 ct
553 5775 777 5834 ecclesia
809 5787 862 5834 et
892 5777 1123 5872 civitate.
1157 5779 1349 5865 Paulus
1380 5783 1518 5836 enim
1551 5798 1695 5839 more
1726 5799 1820 5839 suo
1853 5785 2042 5842 fratres

1379 5880 1403 5897 9
1407 5882 1430 5901 ε
1459 5881 1539 5916 .1er

1453 5926 1460 5938 Ι

1973 387 2194 443 DUBM.

3591 403 3686 463 53⁸2

2135 514 2287 558 vocat
2317 519 2510 574 corpus
2538 515 2593 562 .cl
2624 509 2856 564 membra
2886 511 3108 568 invicem
3137 512 3347 586 (Ephes.
3377 517 3425 570 ι.
3455 517 3545 589 25)
3569 536 3581 572 :
3605 522 3682 591 qui

2133 604 2308 650 autem
2338 597 2570 652 divulsus
2598 611 2648 654 et
2680 612 2970 671 pugnantes
2997 609 3142 662 coire
3167 607 3290 662 facit
3315 609 3365 662 in
3389 611 3681 678 amicitiam,

2129 685 2236 754 jam
2266 688 2409 742 Pauli
2438 706 2733 747 sermonem
2762 695 3062 762 confirmat,
3091 699 3178 768 qui
3205 700 3393 754 suadet
3418 702 3683 772 omnibus,

2133 794 2200 832 ne
2246 780 2486 848 ignorent
2527 783 2762 838 membra
2797 802 2890 842 sua
2925 804 3097 858 neque
3130 801 3313 846 mutuo
3339 808 3400 848 se
3427 793 3683 851 devorent.

2137 868 2284 929 Unde
2326 887 2480 926 verus
2525 884 2604 928 est
2661 891 2838 930 sermo
2887 878 3015 944 ille,
3065 881 3205 949 quod
3251 884 3559 950 pacificator
3595 885 3686 939 fra-

2134 966 2270 1014 trunt
2307 965 2544 1018 eamdem
2583 966 2826 1023 virtutem
2859 969 3015 1025 habet
3050 972 3101 1026 in
3137 976 3358 1029 ecclesia
3388 983 3450 1030 et
3469 976 3621 1033 domo
3644 989 3690 1034 et

2131 1051 2344 1107 civitate
2366 1094 2386 1116 ,.
2411 1071 2564 1124 quam
2593 1057 2789 1112 habent
2817 1059 2867 1112 itt
2898 1065 3208 1131 corporibus
3238 1067 3407 1130 nervi,
3439 1066 3560 1122 dum
3588 1067 3689 1122 dis-

2135 1158 2285 1210 persa
2346 1154 2398 1198 et
2464 1146 2684 1201 invicem
2736 1154 3014 1221 pugnantia
3061 1156 3333 1225 conjungit
3374 1165 3428 1211 et
3469 1160 3686 1228 copulat.

2137 1234 2326 1289 Verum
2356 1234 2470 1292 lucc
2493 1238 2655 1292 virtus
2679 1250 2802 1295 tunc
2821 1243 2976 1296 alicui
3001 1245 3121 1298 data
3145 1257 3245 1310 est,
3269 1247 3480 1314 quando
3504 1251 3690 1317 primus

2133 1325 2246 1395 ipse
2289 1338 2561 1383 mansuete
2599 1330 2779 1385 vivere
2824 1333 3006 1403 incipit
3035 1355 3045 1388 :
3072 1347 3126 1389 at
3164 1340 3250 1405 qui
3289 1339 3440 1394 facile
3481 1340 3534 1394 in
3571 1339 3691 1395 iram

2132 1421 2395 1487 erumpit,
2429 1423 2586 1490 vulgo
2629 1422 2883 1477 ridiculus
2921 1429 3230 1494 apparebit,
3281 1430 3326 1482 si
3369 1430 3584 1500 quando
3607 1446 3691 1484 ct-

2132 1521 2406 1578 asperatos
2429 1513 2560 1566 alios
2587 1514 2795 1581 placare
2823 1525 3064 1572 attentat.

2117 1618 2120 1622 '
2200 1602 2305 1656 Ινιε
2327 1616 2512 1674 quanta
2537 1606 2753 1675 factites.
2777 1608 2979 1662 --Jam
3027 1609 3149 1677 quid
3199 1610 3434 1666 deterius
3474 1612 3693 1668 homini-

2131 1693 2228 1748 bus
2258 1696 2343 1762 qui
2391 1697 2483 1748 ira:
2528 1698 2800 1751 serviunt?
2845 1699 2961 1766 quis
2992 1714 3086 1754 eos
3124 1700 3309 1756 videns
3355 1717 3462 1756 non
3513 1705 3694 1758 avertit

2129 1785 2349 1838 oculos?
2380 1785 2468 1838 Vir
2490 1785 2774 1842 iracundus
2801 1789 3031 1844 insuavis
3062 1800 3140 1844 est
3163 1790 3356 1856 obviis,
3392 1793 3626 1847 insuavis
3647 1802 3695 1848 ct

2128 1876 2318 1930 vicinis
2349 1895 2361 1930 :
2395 1887 2449 1930 et
2471 1879 2513 1932 si
2545 1879 2786 1946 pecuniis
2807 1896 2927 1934 eum
2952 1896 3136 1934 carere
3165 1883 3456 1952 contingat,
3487 1900 3593 1939 non
3623 1884 3692 1938 fa-

2129 1967 2230 2022 cile
2258 1969 2454 2038 reperit
2477 1970 2565 2039 qui
2593 1971 2708 2038 ejus
2739 1972 2930 2040 inopia:
2959 1983 3252 2028 succurrat.
3281 1975 3597 2031 Communis
3621 1986 3694 2032 est

2129 2058 2298 2112 hostis
2329 2067 2382 2113 ct
2406 2059 2598 2114 civium
2627 2071 2676 2116 ct
2708 2063 3106 2132 peregrinorum
3141 2082 3153 2118 :
3183 2065 3402 2131 clamat,
3436 2067 3694 2122 vocifera-

2131 2158 2234 2214 tur,
2267 2151 2446 2221 plagas
2473 2153 2874 2207 occurrentibus
2905 2155 3149 2220 intentat,
3197 2155 3420 2210 dicenda
3467 2158 3696 2227 loquitur

2127 2251 2180 2296 et
2204 2241 2442 2306 tacenda,
2470 2254 2686 2310 aSpectu
2717 2251 2892 2308 torvo,
2921 2244 3097 2298 inflata
3123 2244 3271 2305 facie.
3293 2247 3472 2315 lingua
3497 2248 3692 2311 rabida,

2128 2332 2374 2386 manibus
2415 2332 2481 2385 ad
2523 2332 2697 2386 omnia
2731 2336 3216 2404 prorumpentibus,
3247 2344 3320 2400 et,
3353 2346 3413 2391 ut
3455 2349 3694 2406 apparet,

2127 2422 2372 2477 daemone
2400 2425 2625 2491 plenus:
2659 2433 2714 2478 et
2739 2427 2782 2476 si
2824 2426 2945 2494 quis
2975 2425 3150 2480 videat
3188 2427 3361 2482 virum
3402 2428 3471 2481 ita
3503 2429 3695 2490 furere,

2128 2511 2449 2566 dubitaverit
2469 2528 2534 2565 an
2563 2513 2825 2566 dmmonio
2845 2515 3072 2582 agitetur
3099 2515 3277 2582 miser,
3312 2532 3379 2570 an
3406 2517 3697 2572 voluntarie

2127 2603 2180 2656 in
2213 2612 2408 2657 tantam
2449 2602 2704 2658 insaniam
2734 2605 3059 2673 prosilierit?
3100 2606 3179 2660 fra
3217 2608 3548 2662 voluntarius
3582 2609 3689 2662 da:-

2127 2710 2276 2759 mon,
2320 2694 2521 2748 insania
2560 2705 2873 2763 spontanea,
2920 2699 3114 2750 mentis
3156 2707 3237 2752 est
3277 2698 3509 2754 defectio
3552 2719 3564 2753 :
3607 2703 3695 2771 qui

2127 2785 2393 2849 irascitur,
2422 2785 2617 2840 diaboli
2658 2785 2939 2839 ludibrium
2970 2797 3072 2850 est,
3119 2787 3420 2842 dmmonum
3465 2789 3696 2854 officina,

2125 2883 2181 2930 et
2230 2875 2480 2944 nequitia:
2519 2876 2727 2931 illorum
2777 2876 2965 2946 dignus
3010 2877 3269 2932 minister.
3315 2879 3694 2944 l)it.‘,obsccrn,

2127 2965 2252 3036 quid
2283 2967 2614 3034 potissimum
2645 2967 2833 3021 volunt
2867 2965 3159 3034 dazntones,
3190 2980 3247 3022 ιιι
3289 2969 3488 3024 faciant
3529 2970 3698 3024 homi-

2128 3058 2266 3113 nes?
2307 3073 2483 3113 nonne
2531 3069 2586 3113 ιιι
2625 3059 2950 3128 exprobrent
2995 3061 3367 3129 genitoribus?
3423 3077 3598 3116 nonne
3637 3073 3696 3115 ut

2128 3149 2357 3217 pollutas
2387 3165 2572 3203 manus
2604 3149 2907 3218 parentibus
2936 3149 3199 3205 inferant?
3228 3167 3406 3206 nonne
3432 3162 3489 3206 ut
3532 3153 3694 3207 Deum

2129 3241 2535 3310 blaspltement?
2582 3241 2706 3295 lltrc
2745 3252 2922 3297 autem
2967 3243 3142 3296 omnia
3191 3243 3533 3298 irascentium
3575 3255 3696 3298 sunt

2128 3348 2308 3402 opera.
2353 3336 2524 3402 Atque
2570 3332 2702 3386 adeo
2734 3333 2809 3386 ira
2856 3334 3025 3386 servis
3065 3333 3173 3387 suis
3216 3333 3368 3390 facile
3417 3335 3696 3404 impietatis

2127 3435 2314 3480 auctor
2342 3431 2423 3478 est
2454 3445 2466 3478 :
2501 3439 2670 3494 neque
2696 3424 2834 3478 enim
2861 3425 2960 3478 sibi
2989 3425 3118 3494 ipsis
3142 3425 3292 3480 facile
3319 3427 3582 3496 imperare
3610 3441 3695 3478 va-

2129 3513 2238 3568 lent
2263 3515 2349 3584 qui
2378 3530 2406 3568 a
2439 3513 2618 3568 furore
2660 3524 2714 3568 et
2753 3515 2828 3568 ira
2857 3516 3140 3570 vincuntur
3164 3532 3179 3580 ;
3207 3516 3301 3571 sed
3339 3518 3544 3573 similes
3578 3528 3694 3571 sunt

2129 3604 2270 3664 navi.
2303 3619 2419 3674 quze
2452 3605 2504 3658 in
2536 3605 2706 3660 media
2750 3614 3066 3676 tempestate
3095 3621 3124 3660 a
3154 3607 3693 3676 gubernatore'desti-

2132 3703 2241 3749 tuta
2271 3695 2645 3764 submergitnr,
2679 3695 3029 3766 undequaque
3064 3691 3279 3752 in‘eam
3325 3700 3574 3768 procellis
3619 3700 3695 3753 in-

2129 3787 2343 3856 gressis.
2377 3785 2455 3839 lra
2485 3789 2624 3840 enim
2651 3788 2801 3855 quasi
2832 3787 3029 3842 fulmen
3057 3799 3109 3842 et
3143 3799 3430 3858 tempestas
3453 3791 3694 3862 qua-dant

2132 3878 2182 3931 in
2209 3877 2438 3932 animam
2461 3878 2630 3943 irruit,
2662 3879 3085 3949 servientemque
3106 3881 3204 3936 sibi
3228 3882 3499 3951 stupidum
3528 3883 3693 3938 reddit

2131 3979 2185 4023 et
2211 3978 2500 4025 amentem.
2541 3969 2676 4035 Quid
2721 3970 2879 4039 igitur
2909 3969 3248 4026 faciendum?
3284 3973 3571 4029 Prudentis
3599 3974 3692 4028 lto-

2119 4063 2291 4118 .minis
2319 4061 2493 4124 fuerit,
2527 4071 2584 4116 ut
2619 4063 2717 4116 sibi
2753 4063 2820 4116 ab
2848 4062 2948 4118 hoc
2987 4064 3178 4118 morbo
3213 4075 3420 4132 caveat,
3467 4075 3692 4123 mentem

2131 4153 2398 4208 contineat
2423 4163 2475 4208 et
2506 4153 2735 4208 furorem
2766 4155 2938 4223 sopiat
2962 4156 3354 4224 Scripturarum
3385 4156 3696 4211 admonitio.

2132 4241 2302 4307 nibus,
2335 4243 2639 4312 priusquam
2669 4243 2719 4298 in
2747 4242 2877 4297 iram
2913 4243 3207 4300 inducatur.
3237 4245 3370 4299 Nam
3406 4247 3448 4300 si
3494 4246 3694 4314 praesti-

2131 4333 2393 4403 giatorum
2435 4333 2841 4388 incantamentis
2889 4335 3072 4389 bestiae
3113 4336 3490 4404 obtemperant
3528 4351 3541 4388 :
3575 4334 3694 4406 quid

2133 4423 2324 4477 mirum
2345 4424 2386 4478 si
2415 4424 2620 4492 eloquia
2651 4423 2849 4478 Cltrisd
2884 4423 3079 4479 ferocis
3106 4426 3300 4480 anima:
3320 4435 3517 4479 statum
3550 4425 3696 4479 facile

2136 4514 2472 4582 tranquillum
2501 4524 2553 4568 ct
2577 4515 2888 4584 aequabilem
2920 4515 3139 4570 reddant
3159 4517 3183 4570 ?
3206 4516 3390 4570 Omnis
3414 4517 3581 4578 enim,
3620 4516 3695 4568 in-

2134 4605 2264 4672 quit,
2293 4605 2580 4657 amaritudo
2617 4617 2671 4658 et
2711 4606 2789 4658 ira
2834 4615 2880 4658 et
2907 4609 3053 4676 furor
3081 4617 3126 4660 et
3167 4607 3365 4660 clamor
3386 4606 3646 4674 auferatur
3668 4621 3697 4656 a

2137 4696 2270 4748 robis
2295 4712 2407 4748 cum
2445 4697 2582 4750 omni
2609 4695 2824 4750 malitia.
2856 4695 3029 4751 Estote
3055 4697 3265 4751 inuicem
3294 4697 3515 4768 benigni,
3557 4698 3698 4749 mise-

2135 4787 2375 4851 ricordes,
2410 4785 2752 4840 contionantes
2779 4788 2912 4841 vobis
2950 4786 3091 4858 ipsis,
3125 4792 3167 4840 si
3197 4789 3308 4856 quis
3334 4788 3579 4841 adversus
3607 4785 3701 4840 alio

2135 4890 2280 4942 auem
2323 4877 2466 4929 habet
2509 4879 2946 4945 reprehensionem
2978 4878 3440 4948 :qttemadmodnm
3481 4888 3529 4932 et
3567 4876 3700 4932 Deus

2134 4968 2187 5021 in
2214 4967 2411 5020 Christo
2435 4967 2734 5020 condonavit
2761 4969 2914 5023 vobis.
2953 4968 3077 5023 Sitis
3119 4969 3272 5039 igitur
3310 4971 3588 5024 imitatores
3617 4969 3703 5021 Dei

2141 5056 2354 5128 (Ep/tes.
2386 5058 2439 5112 4.
2485 5057 2571 5112 5i.
2605 5056 2693 5112 5'2.
2725 5068 2771 5111 et
2798 5059 2851 5113 5.
2894 5057 2971 5128 l).
3019 5058 3218 5112 Videtis
3251 5058 3419 5128 qualis
3459 5059 3531 5113 sit
3557 5072 3703 5113 man-

2137 5155 2322 5202 suetus
2352 5165 2367 5203 :
2395 5149 2547 5217 cujus
2571 5157 2788 5203 vocetur
2817 5149 3090 5202 imitator?
3117 5163 3222 5202 non
3246 5148 3580 5219 angelorum,
3604 5162 3702 5201 non

2139 5238 2599 5305 archangelorum,
2643 5238 2736 5294 sed
2780 5238 2992 5294 Domini
3024 5240 3395 5294 universorum
3431 5256 3451 5294 ~:
3499 5238 3704 5293 tametsi

2140 5330 2296 5385 etiam
2325 5329 2400 5382 illi
2427 5328 2690 5382 mitissimi
2713 5329 2839 5393 sint,
2869 5329 3169 5397 virtuteque
3194 5327 3340 5383 omni
3370 5327 3514 5387 bleni
3536 5345 3553 5395 ;
3578 5327 3707 5382 Pau-

2140 5419 2224 5474 lus
2255 5428 2431 5472 tamen
2458 5418 2613 5471 mites
2654 5418 2862 5472 vocavit
2903 5417 2994 5471 Dei
3026 5418 3340 5480 imitatores,
3380 5431 3490 5486 quo
3520 5431 3710 5486 prepo-

2110 5509 2238 5562 ‘sita
2279 5507 2410 5562 tanti
2455 5507 2676 5561 honoris
2705 5505 3064 5577 magnitudine
3094 5507 3409 5576 persuadeat
3443 5505 3706 5560 audienti-

2143 5595 2260 5662 bus,
2307 5606 2365 5652 ut
2402 5599 2509 5652 sint
2551 5597 2855 5661 mitissimi,
2905 5605 2961 5650 ut
3020 5611 3206 5652 omnes
3250 5597 3342 5666 qui
3389 5595 3706 5651 contumelia

2143 5686 2466 5752 afficiuntur,
2490 5687 2573 5742 vel
2601 5685 2744 5740 aliud
2775 5687 3022 5754 quiddam
3061 5701 3222 5756 grave
3251 5687 3544 5756 patiuntur,
3582 5697 3708 5740 eon-

2147 5781 2464 5849 vicia'atque
2494 5779 2594 5834 alia
2625 5781 2895 5838 moderate
2923 5779 3114 5840 ferant.
3145 5781 3574 5856 imperantesquc
3593 5777 3706 5839 ira.

2807 5899 3043 5927 -g-‘n’
3134 5903 3140 5909 '
