3966 6160
207 369 311 426 εει

204 485 310 539 οὐκ
342 483 626 552 ἀνάσχοιτο
666 479 926 552 περιιδεῖν
940 475 1084 540 ’τοὺς
1132 479 1190 532 ἐν
1217 477 1393 551 ἐνδείᾳ
1440 477 1866 548 καθεστηκότας,

203 564 404 620 ἑαυτοῦ
433 563 667 635 νομίζων
690 561 978 633 συμφοράν
1010 561 1106 633 τὴν
1138 561 1330 616 πενίαν
1356 561 1466 615 τῶν
1490 561 1685 616 ἀλλων.
1717 563 1871 613 Ἐστι

204 654 384 707 τοίνυν
417 651 611 720 φθόνος
643 649 741 720 μὲν
766 649 1018 702 ἁπάντων
1047 649 1334 712 κάκιστος⁶
1366 648 1505 720 ἀνὴρ
1546 649 1604 702 δὲ
1637 647 1873 719 χρηστὸς

211 736 302 789 καὶ
341 735 516 805 πρᾶος
548 734 610 785 οὑ
660 731 1022 802 παραδέχεται
1059 734 1126 801 τῇ
1153 729 1298 801 ψυχῇ
1343 731 1406 783 τὸ
1436 729 1670 801 πονηρὸν
1717 728 1873 780 τοῦτο

206 819 443 886 νὸσημα,
475 813 612 866 ἀλλὰ
648 815 774 876 τοὺς
804 811 1225 882 εὐδοκιμοῦντας
1253 810 1511 879 ἀδελφοὺς
1541 809 1703 882 ὁρῶν,
1740 824 1872 875 συγ-

205 899 388 970 χαίρει
421 898 516 952 καὶ
545 895 849 966 συνήδεται,
880 893 1074 948 ἐαυτοῦ
1100 893 1336 963 νομίζων
1371 892 1612 957 εὐδοξίαν
1639 891 1737 962 τήν
1767 889 1873 943 τῶν

207 986 383 1042 ἄλλων
408 984 671 1049 εὐδοξίαν,
703 983 857 1036 κοινά
881 982 952 1038 τά
987 982 1097 1036 τῶν
1133 981 1302 1051 φίλων
1335 980 1655 1051 ἡγούμενος,
1688 981 1747 1033 ἐν
1775 978 1874 1047 μέν

207 1075 320 1136 τοῖς
353 1071 584 1140 ἀγαθοῖς
615 1070 946 1141 συγχαίρων,
979 1071 1036 1124 ἐν
1057 1070 1114 1123 δέ
1139 1071 1251 1132 τοῖς
1278 1068 1540 1138 λυπηροῖς
1571 1065 1868 1132 συναλγῶν.

210 1161 449 1214 Τοιαῦτα
470 1159 540 1213 τά
569 1159 669 1228 τῆς
694 1158 1000 1228 πραότητος
1025 1156 1194 1230 δῶρα,
1216 1155 1452 1217 τοιοῦτος
1477 1156 1506 1207 6
1538 1153 1650 1224 βίος
1682 1153 1790 1206 τῶν
1815 1153 1873 1205 ἐν

213 1247 490 1317 ἐπιεικείᾳ
525 1245 838 1310 συζώντωνο
878 1246 906 1297 6
953 1245 1124 1314 πρᾶος
1169 1243 1423 1315 ὀρφανῶν
1457 1241 1660 1311 πατὴρ,
1689 1239 1872 1310 χηρῶν

209 1335 547 1408 προστάτης,
575 1333 764 1394 πενίας
798 1331 951 1403 [425]
971 1329 1240 1402 κηδεμὼν,
1269 1329 1634 1400 ἀδικουμένων
1661 1326 1872 1398 βοηθὸς,

208 1421 490 1494 πανταχοῦ
535 1420 699 1474 ποιῶν
733 1419 829 1474 τοῦ
877 1418 1084 1473 δικαίου
1115 1418 1179 1471 τὸ
1217 1417 1439 1490 κράτος.
1473 1417 1585 1470 Καὶ
1630 1414 1826 1484 παιδίῳ
1853 1423 1874 1445 ⁸

209 1511 399 1582 πατὴρ
433 1510 708 1579 αἰδέσιμος
728 1509 757 1562 6
783 1507 1052 1579 πραότητι
1075 1504 1272 1569 συζῶν,
1303 1505 1396 1558 καὶ
1415 1505 1543 1567 παῖς
1570 1501 1756 1573 πατρὶ,
1780 1501 1874 1554 καὶ

209 1599 400 1661 δοῦλος
421 1597 674 1669 δεσπότῃ,
702 1593 798 1648 xa‘i
818 1594 907 1647 τὸν
929 1593 1194 1663 δεσπότην
1215 1591 1370 1645 οὐδὲν
1395 1590 1580 1661 ἕτερον
1597 1589 1694 1659 τῆς
1721 1589 1876 1660 παρά

209 1687 321 1740 τῶν
350 1685 578 1740 οἰκετῶν
603 1682 816 1746 εὐνοίας
847 1680 1141 1736 ἀπολαύειν
1169 1683 1332 1734 ποιεῖ.
1368 1680 1532 1733 ὀταν
1556 1678 1665 1749 γὰρ
1695 1680 1875 1732 ἴδωσιν

210 1774 376 1828 αὐτὸν
411 1771 683 1843 ἐπιεικείᾳ
713 1769 996 1842 χαίροντα,
1032 1768 1125 1823 καὶ
1152 1768 1342 1840 πράως
1370 1768 1541 1822 ἅπασι
1569 1765 1874 1838 προσφερό-

218 1878 400 1934 μενον,
434 1862 559 1932 περί
597 1859 791 1913 πολλοῦ
833 1855 1108 1911 ποιοῦνται
1141 1855 1234 1908 καὶ
1275 1853 1630 1925 θαυμάζουσι,
1663 1853 1876 1923 πατέρα

219 1950 420 2022 μᾶλλον
448 1949 483 2020 ἢ
510 1947 774 2017 δεσπότην
805 1945 897 1999 τὸν
929 1942 1265 2014 κεκτημένον
1292 1941 1623 2013 νομίζοντες.

286 2039 423 2108 Φέρε
443 2037 530 2106 δὴ,
550 2034 690 2088 κατά
712 2033 939 2103 δύναμιν
957 2030 1232 2102 ἡμετέραν
1249 2028 1489 2100 ἀκριϐῶς
1509 2028 1874 2097 ἐξετάσωμεν,

213 2127 318 2180 ὅσα
339 2127 448 2187 τοῖς
478 2121 777 2176 ἐπιεικέσιν
810 2122 874 2174 ἐκ
899 2120 996 2188 τῆς
1019 2119 1127 2172 τῶν
1160 2117 1308 2187 ἡθῶν
1336 2117 1670 2188 ἡμερότητος
1697 2115 1878 2184 ἀγαθά

216 2213 578 2284 περιγίνεται.
604 2207 815 2264 Οὐκοῦν
835 2209 864 2260 ό
886 2207 1057 2278 πρᾶος
1085 2205 1236 2273 φίλος
1262 2203 1360 2274 μὲν
1376 2205 1488 2266 τοῖς
1507 2203 1694 2274 ὁρῶσι,
1727 2203 1879 2270 φίλος

216 2300 276 2352 δέ
306 2299 400 2352 καὶ
431 2299 542 2360 τοῖς
574 2296 709 2364 ἀκοῇ
740 2293 1066 2364 γνωρίμοιςο
1097 2291 1193 2344 καὶ
1219 2289 1391 2352 οὐδείς
1413 2290 1558 2342 ἐστιν
1591 2289 1650 2352 ὃς
1673 2290 1879 2360 ἥμερον

217 2385 504 2456 ἄνθρωπον
543 2381 927 2450 ἐπαινούμενον
973 2376 1205 2440 ἀκούων,
1251 2376 1352 2430 οὐκ
1388 2373 1454 2428 ἂν
1493 2375 1879 2446 ἐπιθυμήσειεν

219 2473 353 2526 ίδεῖν
379 2473 471 2524 καὶ
495 2468 842 2523 ἀσπάσασθαι
873 2465 968 2519 καὶ
989 2463 1226 2533 συνεχῶς
1257 2464 1410 2538 όρᾷν,
1441 2463 1498 2515 ἐν
1527 2461 1752 2531 κέρδους
1786 2461 1882 2530 μέ-

220 2576 308 2630 ρει
335 2559 433 2627 τὴν
459 2556 552 2611 τοῦ
585 2555 825 2609 τοιούτου
851 2553 1032 2622 φιλίαν
1060 2549 1402 2621 ποιούμενος.
1429 2548 1549 2602 Κᾶν
1577 2549 1718 2618 ὑπὲρ
1747 2566 1882 2619 χρη-

219 2645 412 2716 μάτων
434 2644 575 2707 τινὲς
599 2643 733 2714 πρὸς
757 2640 1018 2710 ἀλλήλους
1043 2636 1403 2707 διενεχθῶσιν,
1425 2637 1516 2689 ἐπὶ
1533 2635 1623 2688 τὸν
1648 2637 1881 2706 χρηστὸν

216 2734 317 2786 καὶ
358 2734 531 2803 πρᾶον
570 2730 898 2797 ἐπείγονται,
927 2725 1238 2796 νομίζοντες
1263 2726 1436 2778 πᾶσαν
1466 2723 1581 2794 ἐριν
1610 2725 1702 2776 καὶ
1735 2723 1882 2790 φιλο-

217 2820 433 2874 νεικίαν
451 2815 776 2888 λυθήσεσθαι
795 2813 1004 2884 ταχέως
1030 2812 1136 2866 ὑπὸ
1153 2813 1248 2882 τῆς
1264 2810 1470 2865 ἐκείνου
1491 2810 1877 2882 χρηστότητος.

217 2908 336 2961 Καὶ
385 2905 494 2976 γάρ
533 2904 600 2958 ἂν
636 2902 815 2974 συμϐῇ
861 2901 984 2963 τοὺς
1036 2897 1355 2969 ἀνθρώπους
1397 2897 1697 2968 φιλέχθρως
1741 2897 1883 2968 ἐχειν

220 2991 366 3061 πρὸς
389 2988 670 3059 ἀλλήλους,
702 2989 736 3056 ἡ
771 2986 865 3038 τοῦ
896 2983 1210 3047 δικάζοντος
1237 2981 1508 3052 ἡμερότης
1539 2982 1776 3035 δυσωπεῖ
1794 2998 1883 3050 γε·

220 3075 414 3130 νέσθαι
443 3075 648 3144 πράους
687 3074 813 3135 τοὺς
857 3071 1054 3142 ῥᾳδίως
1086 3071 1165 3132 εἰς
1189 3069 1356 3140 ὀργὴν
1387 3069 1481 3121 καὶ
1512 3067 1681 3138 θυμὸν
1720 3071 1880 3137 ἐκφε-

224 3163 510 3235 ρομένους.
556 3161 654 3212 Ἂν
698 3159 755 3212 δέ
788 3158 937 3212 ἄλλοι
975 3155 1183 3224 φανῶσί
1233 3172 1376 3218 τινες
1403 3155 1482 3218 εἰς
1516 3154 1698 3222 φιλίαν
1734 3154 1886 3222 άγειν

219 3249 352 3311 τοὺς
383 3246 721 3318 μαχομένους
745 3245 1040 3307 ἐθέλοντες,
1081 3243 1179 3295 οὐκ
1211 3242 1278 3295 ἂν
1313 3241 1587 3311 δυνηθεῖεν
1621 3241 1885 3310 αἰδέσιμοι

222 3333 535 3404 φαίνεσθαι.
770 3331 1000 3390 ἑκάστου
1047 3331 1156 3399 γὰρ
1203 3325 1357 3399 οἶμαι
1390 3327 1498 3382 τῶν
1548 3328 1886 3412 πραγμάτων

224 3421 532 3494 σύμϐουλος
564 3409 784 3483 πιθανὸς
815 3420 843 3471 6
872 3417 1083 3488 πρῶτος
1112 3415 1219 3468 τῶν
1251 3414 1520 3485 πράξεων,
1562 3409 1636 3470 ὧν
1671 3415 1887 3486 ἔχεσθαι

225 3508 666 3571 συνεϐούλευσεν,
705 3507 1030 3576 ἁπτόμενος.
1081 3505 1246 3556 Ὅταν
1283 3499 1374 3556 οὖν
1403 3506 1432 3556 6
1460 3505 1558 3574 τῆς
1589 3504 1888 3566 ἐπιεικείας

222 3596 548 3658 διδάσκαλος
591 3592 805 3664 πρῶτος
860 3593 1002 3661 φανῇ
1036 3589 1106 3643 τὰ
1147 3588 1580 3660 παραγγέλματα
1634 3588 1884 3658 βεϐαιῶν,

224 3686 346 3756 ἅμα
373 3701 432 3736 τε
461 3680 618 3752 ὤφθη
661 3681 753 3734 καὶ
775 3681 899 3742 τοὺς
949 3679 1256 3750 μεμηνότας
1285 3679 1560 3749 ἡμέρωσε,
1610 3679 1703 3731 καὶ
1738 3678 1886 3732 οὐδὲν

225 3771 379 3842 αύτῷ
397 3771 480 3823 δεῖ
507 3767 786 3830 νουθεσίας
807 3767 900 3820 καὶ
920 3765 1117 3835 λόγων,
1149 3765 1285 3818 άλλά
1311 3765 1438 3836 πρίν
1456 3781 1510 3816 τι
1531 3763 1884 3832 φθέγξασθαι,

225 3856 326 3926 τὴν
353 3857 576 3927 εἰρήνην
605 3854 915 3923 εἰσήγαγεν.
948 3853 1056 3904 Καὶ
1079 3851 1266 3922 ῶσπερ
1285 3852 1441 3914 ἀκτὶς
1467 3849 1618 3922 ἡλίου
1636 3854 1885 3918 φανεῖσα,

227 3945 289 3995 τὸ
320 3942 509 4004 σκότος
530 3937 821 3994 ἀπελαύνει
840 3937 1048 4009 ταχέως
1070 3954 1083 3968 ·
1114 3937 1284 4000 οὕτως
1303 3941 1331 3990 6
1353 3938 1585 4008 χρηστὸς
1602 3939 1695 3991 καὶ
1716 3940 1889 4009 πρᾶος

226 4029 329 4094 τὴν
357 4028 601 4100 ταραχὴν
631 4025 725 4079 καὶ
753 4024 849 4096 τήν
871 4026 1048 4095 μάχην
1075 4026 1154 4088 εἰς
1179 4025 1399 4095 εἰρήνην
1425 4025 1517 4076 καὶ
1534 4025 1759 4095 ἡσυχίαν
1791 4043 1887 4096 με-

228 4107 591 4189 ταρῥυθμίζει
616 4112 846 4182 ταχέως.
873 4111 1058 4177 ’Λξιον
1093 4110 1269 4163 τοίνυν
1297 4111 1517 4164 κάκεῖνο
1547 4113 1889 4183 ἐπισημήνα-

235 4204 384 4261 σθαι,
415 4202 497 4253 ὅτι
529 4201 720 4270 μόνους
753 4199 879 4262 τοὺς
902 4200 1213 4271 εἰρηνικοὺς
1234 4198 1326 4251 τὸν
1356 4199 1553 4268 τρόπον
1578 4201 1724 4263 υἱοὺς
1751 4197 1887 4254 εἶναι

229 4289 326 4342 τοῦ
350 4285 483 4340 Θεοῦ
503 4303 667 4356 φησιν
691 4288 718 4339 6
737 4287 781 4337 Χ
792 4286 990 4356 ριστός.
1023 4285 1177 4348 Τίνος
1198 4280 1288 4338 οὖν
1316 4284 1478 4338 ἕνεκα
1501 4285 1598 4356 τῆς
1622 4303 1890 4356 προσηγοο

237 4376 355 4444 ρίας
385 4373 482 4443 τῆς
501 4372 704 4434 οἰκείας
737 4369 917 4442 μόνοις
942 4370 1236 4423 ἐπιεικέσιν
1271 4371 1600 4439 μετέδωκεν;
1632 4373 1752 4425 Ὅτι
1781 4375 1891 4443 μό-

233 4479 320 4524 νος
346 4463 375 4513 6
409 4460 587 4528 φιλίας
619 4460 712 4512 καὶ
741 4459 963 4528 εἰρήνης
998 4457 1167 4520 αἴτιος
1210 4461 1322 4520 τοῖς
1352 4458 1528 4521 ἄλλοις
1563 4459 1890 4530 καθιστάμε-

232 4565 349 4612 νος,
373 4549 464 4600 τὸν
498 4547 622 4599 Υἰὸν
643 4545 736 4599 τοῦ
766 4544 900 4598 Θεοῦ
934 4546 1178 4613 μιμεῖται
1210 4544 1348 4596 κατά
1373 4545 1619 4611 δύναμιν.
1658 4547 1890 4612 Ἐκεῖνος

236 4637 332 4706 μὲν
360 4635 468 4704 γάρ
489 4633 562 4696 ὼς
596 4631 726 4696 Θεὸς
757 4632 850 4684 καὶ
887 4631 994 4683 τῶν
1018 4629 1151 4682 ὅλων
1188 4629 1372 4701 κύριος
1408 4633 1533 4694 τοὺς
1558 4631 1744 4700 ἁγίους
1789 4638 1888 4703 ἀγ-

231 4723 422 4788 γέλους
473 4718 1026 4788 ἐκπεπολεμωμένους
1073 4720 1185 4779 τοῖς
1229 4717 1535 4788 ἀνθρώποις
1578 4722 1658 4782 είς
1709 4721 1890 4788 φιλίαν

233 4805 614 4876 συνεκέρασεν,
651 4805 931 4872 ἐπιφανεὶς
961 4805 1092 4872 ἡμῖν
1128 4803 1217 4855 διὰ
1247 4804 1346 4873 τῆς
1379 4803 1526 4868 θείας
1566 4807 1730 4860 αὐτοῦ
1761 4826 1890 4878 σαρ-

232 4894 350 4956 κόςο
383 4892 618 4962 χρηστὸς
647 4891 703 4942 δὲ
737 4891 1022 4959 ἄνθρωπος
1057 4889 1316 4958 ἀδελφοὺς
1346 4890 1436 4944 καί
1484 4898 1762 4960 συγγενεῖς
1799 4898 1892 4949 καὶ

230 4980 469 5042 οἰκείους
518 4976 884 5046 πολεμοῦντας
928 4975 1198 5046 ἀλλήλοις,
1245 4976 1504 5031 αἰδεῖσθαι
1555 4979 1725 5032 πείθει
1768 4984 1892 5046 τοὺς

231 5066 430 5136 νόμους
459 5063 555 5117 τοῦ
588 5063 744 5126 Θεοῦ,
791 5065 885 5117 καὶ
911 5063 1008 5133 τὴν
1043 5062 1238 5134 ἔχθραν
1284 5064 1690 5135 ἀπορρίψαντας
1720 5068 1892 5135 φιλεῖν

231 5153 494 5224 ἀλλήλους
529 5151 673 5206 κατά
705 5152 764 5205 τὸ
803 5151 944 5204 θεῖον
975 5153 1274 5223 ἐπίταγμα.
1317 5154 1428 5207 Καὶ
1481 5156 1606 5224 μὴν,
1653 5156 1789 5227 ὅπερ
1831 5161 1888 5211 ἐν

236 5243 342 5304 τοῖς
380 5239 600 5308 σώμασι
637 5242 748 5300 τοῖς
797 5238 1083 5308 ἡμετέροις
1114 5239 1181 5292 τά
1222 5238 1409 5311 νεῦρα,
1467 5241 1623 5294 τοῦτο
1657 5245 1888 5314 χρηστὸς

237 5325 518 5394 ἄνθρωπος
549 5327 606 5377 ἐν
636 5324 785 5396 οἰκίᾳ
808 5326 899 5377 καὶ
931 5323 1192 5396 ἐκκλησίᾳ
1240 5325 1332 5380 καὶ
1371 5323 1539 5381 πόλει.
1595 5329 1758 5398 Σῶμα
1792 5330 1889 5400 μὲν

236 5415 341 5486 γὰρ
365 5416 461 5470 καὶ
493 5414 627 5484 μέλη
657 5410 904 5483 ἀλλήλων
949 5411 1067 5477 ἔθος
1102 5413 1384 5483 ὀνομάζειν
1425 5414 1503 5485 τῷ
1543 5415 1737 5487 Παύλῳ
1765 5420 1889 5481 τοὺς

234 5502 495 5571 ἀδελφούς
515 5519 528 5532 ο
573 5502 600 5553 6
625 5499 680 5554 δέ
714 5501 838 5562 τοὺς
867 5499 1288 5570 διεσπασμένους
1317 5503 1412 5554 καὶ
1447 5501 1782 5574 μαχομένους
1811 5507 1891 5568 εἰς

232 5590 416 5657 φιλίαν
449 5589 617 5655 ἄγων,
651 5585 942 5639 ἐϐεϐαίωσε
986 5586 1079 5638 τοῦ
1122 5586 1334 5640 Παύλου
1365 5588 1455 5640 τὸν
1484 5588 1659 5656 λόγον,
1691 5590 1892 5644 πείθων

231 5675 480 5739 ἃπαντας
515 5675 590 5743 μὴ
635 5675 846 5740 ἀγνοεῖν
896 5672 963 5725 τά
1019 5673 1172 5742 μέλη,
1215 5673 1346 5743 μηδέ
1387 5676 1686 5729 κατεσθίειν
1723 5677 1890 5747 ἀλλή-

298 5763 323 5791 ⁸
348 5762 429 5811 Sic
452 5774 478 5808 e
504 5760 684 5808 Savilio
704 5765 988 5808 cmreclum.
1021 5757 1295 5818 Logebnlur
1308 5761 1519 5808 παιδίων.
1550 5762 1676 5811 Em.

1429 361 1517 418 DE
1555 356 1926 418 MANSUETU
1941 357 2095 414 DINE
2133 358 2382 416 SERMO.

3532 352 3637 409 559.

1974 475 2117 538 λους.
2148 476 2356 530 Οὐκοῦν
2387 473 2591 546 ἀληθὴς
2629 476 2658 528 6
2684 472 2838 543 λόγος
2870 472 3075 536 ἐκεῐνος
3106 491 3118 501 ·
3166 469 3302 524 ὥστε
3329 469 3428 540 τὴν
3466 470 3637 542 αὐτὴν

1973 562 2084 632 ἔχει
2112 562 2338 632 δύναμιν
2367 563 2424 615 ἐν
2463 560 2728 631 ἐκκλησίᾳ
2757 559 2848 614 καὶ
2873 559 3020 628 οἰκίᾳ
3061 556 3156 610 καί
3179 556 3331 610 πόλει
3361 559 3390 611 6
3424 557 3523 628 τῆς
3557 560 3638 610 εἰ-

1975 653 2141 722 ρήνης
2170 651 2338 713 αἴτιος
2362 652 2474 712 τοῖς
2499 648 2746 718 ἀδελφοῖς
2784 645 3197 716 καθιστάμενος,
3239 645 3306 716 ἡν
3337 643 3450 714 ἔχει
3480 645 3640 699 δύναο

1977 755 2069 808 μιν
2107 739 2164 789 ἐν
2190 738 2303 800 τοῖς
2329 735 2541 805 σώμασι
2567 733 2637 787 τὰ
2660 732 2846 805 νεῦρα,
2889 731 3195 801 συγκολλῶν
3228 731 3321 784 καὶ
3357 731 3640 785 συνάπτων

1973 825 2097 888 τοὺς
2125 822 2551 892 διεσπασμένους
2586 822 2678 875 καὶ
2715 819 3080 890 πολεμοῦντας
3119 815 3386 887 ἀλλήλοις.
3421 817 3641 888 Ταύτην

1979 911 2157 980 μέντοι
2172 909 2436 979 λαμϐάνει
2449 909 2545 980 τὴν
2562 907 2786 978 δύναμιν
2803 909 2895 960 ἐπὶ
2911 906 3019 959 τῶν
3035 904 3186 978 [424]
3202 905 3376 960 ἄλλων
3387 905 3639 971 ἐκαστος,

1974 997 2102 1052 ὅταν
2136 998 2298 1060 αὐτὸς
2331 999 2470 1067 φανῇ
2501 994 2716 1067 πρῶτος
2741 994 3010 1064 ἐπιεικείᾳ
3037 993 3212 1058 συζῶν
3237 1011 3252 1024 ·
3297 995 3325 1047 6
3355 993 3412 1046 δέ
3444 993 3642 1064 ῥᾳδίως

1975 1085 2055 1147 εἰς
2080 1083 2244 1154 ὀργὴν
2287 1081 2671 1153 ἐκφερόμενος,
2711 1080 3109 1149 καταγέλαστος
3158 1075 3294 1134 εἷναι
3343 1079 3542 1146 δόξειεν
3574 1079 3642 1132 ἀν

1974 1171 2088 1232 τοῖς
2118 1168 2350 1231 πολλοῖς,
2377 1168 2505 1221 ὅταν
2535 1169 2783 1237 ἐπιχειρῇ
2811 1167 2934 1228 τοὺς
2958 1165 3329 1236 θυμουμένους
3354 1165 3640 1236 πραΰνειν.

1975 1256 2041 1309 Τί
2065 1255 2172 1326 γάρ
2201 1255 2266 1309 ἂν
2289 1255 2497 1323 γένοιτο
2521 1257 2702 1324 χεῖρον
2729 1255 2867 1326 ὀργῇ
2895 1252 3252 1306 δουλευόντων
3293 1251 3595 1324 ἀνθρώπων
3621 1267 3640 1317 ;

1974 1341 2058 1406 τίς
2085 1342 2141 1396 δέ
2171 1342 2262 1395 τὸν
2306 1341 2543 1396 τοιοῦτον
2581 1341 2742 1411 ὁρῶν,
2789 1341 2888 1394 ούκ
2921 1339 3251 1409 ἀποστρέφει
3287 1339 3412 1403 τοὺς
3443 1337 3645 1407 mea-

1980 1427 2110 1499 μούς
2136 1445 2152 1494 ;
2200 1427 2359 1500 Ἀνὴρ
2386 1427 2602 1500 ὀργίλος
2634 1427 2803 1498 ἀηδὴς
2837 1427 2936 1497 μὲν
2961 1428 3072 1488 τοῖς
3103 1425 3435 1488 ἀπαντῶσιν,
3471 1425 3643 1496 ἀηδὴς

1974 1516 2033 1570 δέ
2061 1518 2172 1581 τοῖς
2203 1516 2428 1585 γείτοσι,
2467 1515 2572 1568 κᾶν
2604 1515 2686 1577 εἰς
2713 1513 2900 1585 χρείαν
2944 1515 3186 1583 καταστῇ
3233 1513 3548 1583 χρημάτων,
3579 1515 3641 1566 ού

1979 1604 2174 1675 ῥᾳδίως
2220 1603 2442 1672 εὐπορεῖ
2483 1600 2592 1654 τῶν
2642 1599 3007 1669 κουφιζόντων
3044 1599 3143 1669 τὴν
3185 1599 3376 1652 πενίαν
3405 1617 3421 1634 ο
3468 1600 3644 1663 κοινός

1977 1692 2093 1744 ἐστι
2119 1689 2373 1760 πολέμιος
2401 1688 2492 1742 καὶ
2525 1687 2760 1740 πολιτῶν
2798 1688 2894 1740 καὶ
2938 1687 3122 1752 ξένων,
3157 1685 3295 1756 βοῶν
3321 1687 3416 1740 καί
3444 1704 3645 1758 κεκρα-

1977 1777 2109 1847 γὼς,
2141 1776 2352 1847 πληγὰς
2374 1780 2484 1839 τοῖς
2510 1775 2825 1830 ἀπαντῶσιν
2850 1774 3118 1836 ἐντείνων,
3144 1774 3284 1846 ῥητὰ
3312 1775 3405 1828 καὶ
3431 1775 3645 1846 άρῥητα

1977 1865 2176 1934 λέγων·
2213 1863 2290 1934 τῷ
2311 1863 2538 1934 τοιούτῳ
2554 1863 2616 1916 τὸ
2647 1861 2862 1933 βλέμμα
2889 1861 3232 1932 ταράττεται,
3263 1861 3322 1913 τὸ
3356 1861 3644 1932 πρόσωπον

1976 1951 2220 2019 οἰδαίνει,
2247 1953 2282 2022 ἡ
2312 1950 2531 2019 γλῶσσα
2571 1949 2764 2020 λυσσᾷ,
2804 1948 3002 2020 ῥᾳδίως
3034 1948 3091 2002 αἰ
3121 1950 3301 2019 χεῖρες
3339 1949 3432 2001 ἐπὶ
3464 1948 3643 2001 πάντα

1977 2039 2250 2110 φέρονται,
2295 2038 2364 2092 τά
2405 2037 2514 2091 τῶν
2543 2035 2919 2108 δαιμονῶντων
2957 2038 2985 2090 6
3031 2035 3268 2099 τοιοῦτος
3309 2033 3597 2106 ἐργάζεται
3624 2052 3640 2067 ο

1978 2128 2072 2182 καί
2098 2145 2181 2191 τις
2208 2125 2349 2198 όρῶν
2378 2124 2713 2196 θυμούμενον
2739 2124 3043 2195 ἄνθρωπον,
3073 2123 3399 2194 ἀπορήσειεν
3432 2123 3499 2176 ἂν
3532 2122 3644 2176 εἴτε

1977 2216 2006 2268 ό
2033 2212 2238 2283 δαίμων
2285 2210 2494 2266 ἐλαύνει
2541 2211 2631 2264 τὸν
2675 2210 2889 2272 ἄθλιον,
2942 2211 3050 2263 εῖτε
3085 2209 3224 2263 ἐκὼν
3254 2211 3334 2273 εἰς
3378 2210 3645 2280 τοσαύτην

1981 2281 2240 2371 ἐξηνέχθη
2287 2300 2500 2370 μανίαν.
2558 2297 2724 2368 ὀργὴ
2771 2296 2978 2366 δαίμων
3012 2295 3274 2360 ἐκούσιος,
3325 2295 3646 2366 αὐθαίρετος

1983 2385 2166 2458 μανία,
2191 2385 2392 2456 ἐρημία
2425 2383 2634 2454 φρενῶν
2653 2399 2666 2412 ·
2702 2385 2730 2436 6
2755 2382 3093 2453 θυμούμενος
3125 2382 3220 2436 τοῦ
3247 2381 3490 2435 διαϐόλου
3517 2383 3647 2435 παί-

1979 2490 2126 2543 γνιον
2147 2512 2166 2540 ,
2211 2473 2570 2543 ἐργαστήριον
2611 2469 2880 2540 δαιμόνων
2903 2509 2918 2534 ,
2969 2470 3068 2539 τῆς
3119 2469 3341 2523 ἐκείνων
3383 2471 3651 2542 πονηρίας

1981 2560 2260 2632 ὑπηρέτης
2305 2559 2472 2624 ἄξιος.
2527 2556 2658 2611 Εἰπέ
2692 2573 2814 2628 μοι,
2847 2555 2901 2609 τί
2935 2556 3168 2627 μάλιστα
3203 2555 3478 2626 βούλονται
3521 2558 3648 2620 τοὺς

1982 2645 2298 2718 ἀνθρώπους
2331 2646 2380 2697 οἰ
2413 2644 2664 2714 δαίμονες
2692 2641 3017 2712 ἐργάζεσθαι
3044 2657 3060 2704 ξ
3107 2643 3227 2712 οῦχί
3265 2643 3456 2712 γονέας
3490 2643 3645 2714 ὑϐρί-

1983 2735 2127 2800 ζειν;
2153 2733 2272 2803 οὐχὶ
2292 2731 2390 2795 τὰς
2414 2731 2615 2802 μιαράς
2642 2733 2826 2801 χεῖρας
2848 2731 2960 2794 τοῖς
2979 2730 3361 2800 γεγεννηκὸσιν
3387 2729 3647 2801 ἐπάγειν;

1982 2820 2101 2890 οὐχὶ
2149 2818 2486 2890 βλασφημεῖν
2519 2817 2611 2871 τὸν
2654 2817 2820 2882 Θεόν;
2869 2816 3053 2870 Ταῦτα
3085 2818 3262 2870 τοίνυν
3287 2817 3498 2870 ᾶπαντα
3537 2817 3650 2870 τῶν

1983 2905 2336 2978 θυμουμένων
2379 2905 2536 2975 ἔργα.
2589 2904 2750 2957 Ὥστε
2781 2904 2876 2957 καὶ
2907 2902 3158 2968 ἀσεϐείας
3191 2905 3220 2956 6
3249 2902 3418 2973 θυμὸς
3449 2904 3648 2975 ῥᾳδίως

1984 2993 2156 3056 αἴτιος
2182 2993 2388 3062 γίνεται
2418 2994 2528 3054 τοῖς
2557 2991 2694 3062 ὀργῇ
2723 2989 3064 3044 δουλεύουσιν
3083 3006 3097 3019 ·
3146 2989 3267 3042 οὐδὲ
3292 2989 3400 3060 γάρ
3427 2994 3648 3062 κρατεῖν

1984 3081 2209 3143 ἑαυτοὺς
2227 3079 2476 3134 δύνανται
2495 3080 2702 3148 ταχέως
2725 3080 2775 3131 οἰ
2800 3077 3092 3140 δεδωκότες
3114 3077 3336 3140 ἑαυτοὺς
3356 3077 3433 3148 τῷ
3451 3077 3609 3147 θυμῷ
3630 3093 3644 3105 °

1984 3165 2100 3219 ἀλλ’
2127 3163 2314 3235 ῶσπερ
2342 3166 2400 3217 ἐν
2428 3164 2654 3234 χειμῶνι
2692 3163 2786 3216 καὶ
2823 3161 2958 3232 ζάλῃ
2994 3161 3283 3232 θαλάττης,
3317 3163 3645 3233 κυϐερνήτου

1989 3252 2063 3322 μὴ
2113 3251 2374 3322 παρόντος
2398 3291 2412 3315 ,
2466 3249 2954 3321 παραλαμϐάνοντα
2999 3247 3068 3300 τά
3114 3247 3332 3318 κύματα
3373 3247 3472 3318 τὴν
3515 3248 3647 3301 ναῦν

1985 3337 2190 3409 ἔρημον
2227 3336 2554 3408 ὑποϐρύχιον
2583 3339 2726 3390 ποιεῖ
2745 3335 2955 3406 ταχέως
2975 3349 2988 3362 ·
3021 3335 3192 3396 οὕτως
3213 3337 3241 3388 6
3267 3335 3434 3405 Θυμὸς
3460 3334 3650 3404 ῶσπερ

1983 3442 2068 3488 τις
2098 3424 2334 3495 σκηπτὸς
2363 3425 2456 3477 καὶ
2482 3421 2684 3494 χειμὼν
2709 3420 2962 3492 ἐμπεσὼν
2994 3424 3060 3490 τῇ
3089 3421 3257 3491 ψυχῇ,
3295 3421 3530 3491 ἔκφρονα
3547 3425 3652 3478 καὶ

1986 3511 2320 3582 παραπλῆγά
2345 3512 2487 3562 ποιεῖ
2516 3509 2722 3578 ταχέως
2749 3509 2840 3560 τὸν
2869 3505 3017 3576 αὐτῷ
3041 3507 3374 3560 δουλεύοντα.
3425 3507 3490 3558 Τί
3512 3503 3606 3560 οῦν
3629 3547 3646 3569 ,

1987 3595 2046 3652 εὖ
2078 3597 2415 3668 φρονούντων
2455 3595 2754 3666 ἀνθρώπων
2788 3595 2903 3647 ἐστὶ
2929 3593 3374 3664 προαναστέλλειν
3397 3593 3458 3645 τὸ
3485 3593 3646 3660 νόση-

1991 3701 2086 3754 μα,
2123 3683 2217 3737 καὶ
2255 3685 2386 3754 πρὶν
2429 3685 2508 3746 εἰς
2541 3682 2708 3753 ὀργὴν
2741 3680 3104 3750 ἐξενεχθῆναι,
3145 3677 3395 3749 κατέχειν
3421 3679 3518 3750 τὴν
3543 3679 3647 3748 ψυ-

1988 3771 2108 3842 χὴν,
2142 3771 2232 3824 καὶ
2262 3773 2381 3833 ταῖς
2407 3769 2514 3823 άπὸ
2557 3768 2657 3838 τῆς
2689 3767 2908 3838 Γραφῆς
2937 3765 3236 3828 νουθεσίαις
3265 3763 3529 3835 κοιμίζειν
3554 3765 3647 3818 τὸν

1989 3857 2176 3928 θυμόν.
2221 3858 2283 3909 Εἰ
2312 3856 2417 3926 γάρ
2448 3854 2555 3908 τῶν
2581 3855 2788 3924 γοήτων
2821 3852 3054 3922 ἐπῳδαῖς
3085 3851 3220 3904 εἴκει
3254 3854 3324 3904 τά
3363 3851 3524 3922 θηρία
3552 3854 3648 3922 ῥᾳο

1986 3945 2132 4008 διως,
2148 3943 2508 4014 τίθαυμάζεις
2523 3943 2570 3994 εἰ
2595 3941 2664 3994 τά
2691 3939 2846 4008 λόγια
2859 3937 2952 3992 τοῦ
2971 3937 3206 4010 Χριστοῦ
3231 3937 3410 4007 ψυχὴν
3431 3938 3646 4010 ἀγριαί-

1987 4047 2182 4084 νουσαν
2214 4032 2292 4092 εἰς
2343 4029 2581 4100 γαλήνην
2636 4027 2727 4080 καί
2768 4024 3044 4094 ἰσοψυχίαν
3093 4023 3522 4096 μεταρρυθμίζει
3553 4043 3649 4078 τα-

1988 4118 2164 4188 χέως;
2210 4117 2405 4180 Πᾶσα,
2451 4117 2604 4186 φησι,
2642 4115 2844 4182 πικρία
2887 4113 2983 4166 καί
3026 4111 3170 4181 ὁρτὴ
3200 4112 3300 4165 καί
3333 4112 3519 4182 θυμός
3549 4113 3648 4166 καὶ

1989 4199 2217 4270 κραυγὴ
2240 4199 2472 4268 ἀρρήτῳ
2491 4198 2590 4266 ἀφ’
2613 4196 2796 4265 ὑμῶν,
2826 4196 2948 4249 σὺν
2974 4194 3140 4263 πάσῃ
3165 4197 3342 4262 κακίᾳ
3360 4213 3374 4226 ·
3410 4198 3649 4266 γίνεσθε

1989 4288 2057 4341 δὲ
2075 4291 2162 4353 εἰς
2181 4287 2488 4353 ἀλλήλους
2521 4284 2790 4355 χρηστοί,
2822 4285 3254 4352 εὔσπλαγχνοι,
3283 4283 3654 4355 χαριζόμενοι

1990 4374 2223 4438 ἑαυτοῖς
2243 4389 2256 4403 ⁸
2286 4373 2395 4426 ἐάν
2417 4391 2504 4438 τις
2535 4375 2683 4439 πρός
2706 4388 2836 4424 τινα
2853 4371 2964 4439 ἔχῃ
2981 4370 3250 4439 μομφὴν,
3276 4371 3468 4438 καθὼς
3497 4373 3593 4426 καὶ
3615 4375 3650 4427 δ

1994 4462 2136 4526 Θεὸς
2169 4461 2237 4512 ἐν
2261 4457 2490 4526 Χριστῷ
2521 4458 2840 4526 ἐχαρίσατο
2864 4456 3020 4526 ὑμῖν.
3059 4458 3312 4512 Γίνεσθε
3343 4455 3455 4513 οὖν
3472 4477 3651 4528 μιμη-

1991 4547 2086 4601 ταί
2106 4545 2208 4599 τοῦ
2233 4544 2401 4599 Θεοῦ.
2446 4545 2637 4614 Ὀράτε
2665 4538 2775 4606 οἷός
2799 4544 2944 4596 ἐστιν
2970 4545 2998 4597 6
3034 4547 3237 4614 πρᾶοςς
3285 4545 3425 4607 τίνος
3453 4545 3648 4613 ὀνομά-

1993 4634 2140 4697 ζεται
2187 4633 2461 4702 μιμητής;
2502 4632 2602 4684 οὐκ
2631 4630 2909 4697 ἀγγέλων,
2963 4631 3062 4683 οὐκ
3106 4629 3478 4700 ἀρχαγγέλων,
3514 4631 3648 4683 άλλά

1989 4720 2083 4772 τοῦ
2112 4719 2379 4770 Δεσπότου
2413 4718 2518 4769 τῶν
2543 4717 2697 4769 ὅλων.
2734 4717 2923 4770 Καίτοι
2960 4717 3194 4769 κάκεῖνοι
3225 4716 3516 4784 πραότατοι
3554 4718 3648 4768 καὶ

1993 4807 2170 4873 πάσης
2203 4805 2402 4876 ἀρετῆς
2429 4803 2687 4875 γέμοντες
2718 4821 2731 4833 ο
2781 4803 2894 4856 ἀλλ’
2920 4803 3066 4872 ὅμως
3091 4805 3118 4855 6
3162 4801 3368 4866 Παῦλος
3403 4801 3648 4880 ζηλωτὰς

1992 4893 2124 4946 Θεοῦ
2151 4894 2274 4955 τοῦς
2304 4891 2544 4962 ἡμέρους
2571 4890 2872 4959 ὠνόμασεν,
2901 4890 2986 4941 ἵνα
3017 4888 3103 4942 διὰ
3131 4888 3223 4940 τοῦ
3263 4888 3522 4958 μεγέθους
3549 4889 3648 4957 τῆς

1991 4979 2156 5048 τιμῆς
2197 4977 2533 5046 πραοτάτους
2576 4971 2712 5030 εἶναι
2759 4975 3018 5045 παιδεύσῃ
3058 4976 3181 5036 τοὺς
3210 4973 3521 5036 ἀκούοντας,
3562 4974 3648 5025 ἵνα

1995 5067 2098 5127 πᾶς
2129 5066 2158 5116 6
2205 5062 2554 5133 ὑϐριζόμενος
2601 5062 2634 5130 ἡ
2678 5061 2806 5114 ἄλλο
2858 5079 2911 5112 τι
2954 5061 3176 5130 πάσχων
3222 5060 3412 5122 δεινὸν,
3459 5060 3647 5129 πράως

1993 5151 2188 5221 ἐνέγκῃ
2217 5150 2314 5212 τάς
2351 5149 2633 5219 λοιδορίας,
2671 5150 2764 5202 καὶ
2791 5150 3039 5219 κρατήσῃ
3083 5147 3180 5216 τῆς
3223 5146 3410 5217 ὀργῆς,
3455 5146 3531 5208 ῶς
3571 5145 3649 5214 τῷ

1992 5236 2110 5306 Θεῷ
2142 5236 2345 5304 μέλλων
2375 5234 2686 5287 ἀκολουθεῖν
2713 5236 2771 5287 ἐν
2794 5234 2871 5304 τῷ
2902 5236 3122 5304 κρατεῖν
3149 5234 3247 5303 τῆς
3281 5233 3472 5304 ὀργῆς.
3517 5233 3649 5286 Τίνα

1993 5321 2101 5392 γὰρ
2143 5320 2207 5390 δὴ
2251 5320 2320 5372 τὰ
2362 5318 2533 5382 Θεοῦ;
2579 5319 2814 5372 Ἀνωθεν
2867 5320 2965 5386 μὲν
3007 5319 3224 5374 ᾶπαντα
3271 5319 3366 5373 καὶ
3411 5319 3512 5389 ὁρᾷ
3557 5320 3650 5372 καὶ

1993 5408 2198 5468 ἀκούει,
2228 5409 2284 5458 ἐν
2309 5406 2366 5458 δέ
2391 5406 2502 5465 τοῖς
2530 5403 2620 5457 ἐπὶ
2650 5403 2754 5472 γῆς
2796 5404 2888 5456 καὶ
2935 5404 3248 5474 λεγομένοις
3291 5405 3384 5458 καὶ
3417 5421 3650 5475 πραττοο

1996 5497 2175 5565 μένοις
2220 5493 2530 5560 ἀδικήματα
2580 5489 2766 5567 πολλά.
2818 5492 2937 5544 Εἰσί
2987 5492 3045 5546 δέ
3090 5501 3231 5555 τινες
3281 5495 3359 5552 εἰς
3397 5492 3649 5547 τοσοῦτον

1993 5583 2214 5651 ἥκοντες
2247 5577 2514 5639 ἀσεϐείας,
2542 5577 2616 5639 ὼς
2641 5577 2734 5630 καὶ
2760 5577 3096 5649 βλασφημεῖν
3119 5579 3210 5633 τὸν
3242 5579 3374 5634 Θεὸν
3394 5620 3410 5644 ,
3441 5581 3568 5635 ὅταν
3597 5598 3648 5631 τι

1993 5668 2142 5737 παρὰ
2161 5667 2267 5718 τῶν
2283 5663 2622 5734 πραγμάτων
2641 5663 2935 5728 λυπῶνται,
2957 5667 3050 5719 καὶ
3068 5665 3355 5736 βλέποντες
3374 5670 3454 5733 εἰς
3468 5670 3557 5722 τὸν
3567 5670 3643 5722 οὺ-

2001 5755 2174 5822 ρανὲν,
2195 5751 2400 5812 οὐδενὸς
2417 5751 2705 5819 ἀπέχονται
2725 5753 2987 5820 ῥήματος·
3021 5752 3171 5825 [ηε]
3193 5757 3220 5808 ό
3243 5755 3297 5807 δέ
3315 5755 3443 5818 Θεὸς
3465 5757 3644 5828 ἀνέχει
