3966 6160
357 405 468 463 5ιῖῒῖ

359 524 529 581 Deum
559 525 851 578 imitentur.
881 521 997 576 Jam
1026 534 1267 590 quamam
1295 528 1416 574 sunt
1446 519 1534 572 illa
1569 532 1687 586 qua:
1713 515 1851 570 Dei?
1876 514 1931 567 in

352 615 421 670 iis
447 616 589 669 enim
617 628 735 684 quae
759 614 808 667 in
825 610 1075 682 supernis
1091 620 1237 677 sunt,
1260 611 1436 664 omma
1456 608 1665 664 etvidet
1682 619 1738 663 et
1753 604 1895 662 audit
1916 625 1929 661 :

350 708 404 760 in
435 704 500 760 iis
529 714 658 760 vero
682 718 802 775 quae
823 712 981 773 super
1002 711 1201 756 terram
1222 710 1277 756 et
1305 700 1457 760 fiunt,
1482 706 1535 755 et
1556 698 1828 765 dicuntur,
1852 698 1932 751 in-

344 797 568 867 iustitia:
617 799 818 852 multas.
840 796 1047 866 Quippe
1072 802 1198 849 sunt
1240 792 1478 848 nonnulli
1519 792 1607 862 qui
1645 791 1696 845 in
1731 797 1928 844 tantam

352 897 717 959 pervenerunt
742 889 1095 958 impietatem,
1114 896 1171 941 ut
1197 896 1250 941 et
1276 884 1442 941 Deum
1473 883 1859 953 blasphetnent,
1887 881 1929 937 si

348 984 569 1053 quando
594 984 646 1037 in
674 998 734 1038 re
761 983 937 1052 aliqua
965 980 1367 1044 contristentur,
1392 982 1446 1032 et
1479 978 1529 1030 in
1552 975 1739 1031 ett-lum
1760 972 1930 1041 respi-

346 1074 574 1139 cientes,
603 1088 633 1127 a
664 1070 825 1127 nullis
842 1071 1147 1127 abstineant
1172 1069 1350 1125 verbis
1378 1087 1391 1121 :
1426 1068 1564 1122 Deus
1592 1068 1769 1119 tamen
1802 1062 1921 1127 fert,

346 1165 589 1234 quamvis
606 1172 807 1218 tantam
832 1162 1022 1217 habeat
1038 1168 1351 1232 potestatem
1373 1158 1627 1227 deiuique
1644 1154 1925 1225 agentibus

346 1264 560 1325 petitam
573 1254 1001 1323 sumendi.Quod
1019 1256 1061 1309 si
1077 1268 1262 1308 omnes
1282 1262 1587 1322 peccatores
1611 1248 1797 1319 punire
1814 1247 1924 1301 Vel-

346 1348 422 1401 let
452 1347 615 1410 Deus,
636 1356 890 1416 perquam
915 1345 1070 1416 pauci
1103 1344 1460 1406 salvarcntur,
1490 1354 1589 1394 nec
1611 1338 1924 1395 sufficerent

343 1436 414 1491 ad
431 1438 731 1506 sepulturas
750 1437 994 1491 homines
1014 1455 1027 1489 :
1044 1434 1185 1490 unde
1203 1439 1258 1487 et
1273 1433 1437 1487 David
1452 1433 1595 1495 dicit,
1613 1430 1671 1485 Si
1688 1430 1925 1499 iniquita-

346 1538 424 1581 tes
452 1528 803 1592 observaveris,
841 1526 1078 1589 Domine,
1116 1524 1348 1587 Domine,
1369 1523 1482 1593 quis
1499 1521 1785 1575 sustinebit?
1798 1532 1923 1589 quo-

340 1620 483 1672 niam
495 1619 631 1688 apud
645 1628 693 1673 te
701 1617 989 1689 propitiatio
1000 1627 1073 1672 est
1085 1617 1105 1690 (
1114 1616 1254 1671 Psal.
1276 1614 1486 1684 129.5).
1500 1613 1624 1668 Elin
1645 1613 1734 1667 illo
1750 1621 1928 1667 osten-

339 1710 420 1765 dit
437 1710 852 1765 misericordiam
869 1723 1112 1774 σηπίη,εο
1123 1706 1265 1779 quod
1284 1707 1502 1776 neiuste
1516 1706 1726 1775 quidem
1747 1705 1917 1773 punit.

338 1805 506 1874 Igitur
520 1802 757 1874 quisquis
777 1801 1056 1857 assimiiari
1080 1805 1191 1854 vult
1210 1799 1335 1863 Deo,
1348 1810 1446 1868 pro
1457 1798 1595 1851 virili
1612 1803 1920 1850 mansuetus

334 1895 408 1951 sit
442 1908 505 1949 ac
529 1894 673 1948 mitis
699 1892 937 1962 feratque
964 1890 1172 1945 fortiter
1195 1930 1210 1955 ,
1246 1892 1292 1944 si
1322 1888 1446 1959 quid
1475 1888 1689 1958 gravius
1714 1887 1783 1941 ab
1802 1886 1921 1940 aliis

334 1990 585 2057 patiatur.
611 1985 839 2056 Ditigite,
866 1984 1055 2055 inquit,
1083 1983 1312 2036 inimicos
1332 1989 1537 2045 vestros,
1564 1978 1836 2047 bettefacite
1856 1977 1919 2032 iis

332 2083 421 2150 qui
447 2094 531 2135 vos
551 2078 782 2157 oderunt,
815 2087 956 2133 orate
973 2094 1063 2148 pro
1084 2077 1146 2130 iis
1172 2077 1259 2146 qui
1276 2090 1361 2128 vos
1377 2073 1567 2128 (cedunt
1594 2080 1639 2125 et
1660 2074 1914 2125 insectant-

333 2183 438 2239 tur,
465 2182 521 2225 ut
532 2172 643 2227 sitis
656 2171 843 2226 similes
862 2169 1007 2226 Patri
1033 2177 1193 2223 vestro
1221 2167 1307 2237 qui
1327 2173 1401 2219 est
1416 2167 1467 2219 in
1484 2165 1636 2229 catis,
1655 2165 1740 2233 qui
1761 2162 1917 2217 cotem

331 2277 485 2316 suum
514 2262 637 2317 oriri
665 2262 787 2333 facit
804 2254 953 2331 super
978 2258 1138 2313 malos
1167 2266 1212 2313 et
1234 2257 1407 2323 bonos,
1443 2266 1488 2311 et
1515 2250 1643 2326 pluit
1666 2266 1816 2325 enim
1833 2255 1918 2323 fu-

329 2364 440 2410 stas
468 2366 515 2409 et
551 2354 769 2424 injustas
803 2351 953 2424 (Luc.
976 2342 1030 2407 ϐ.
1057 2350 1146 2405 27.
1174 2348 1265 2405 28.
1294 2356 1342 2403 et
1368 2340 1553 2403 Matth.
1582 2348 1635 2402 5.
1676 2349 1766 2402 44.
1797 2346 1910 2412 45).

410 2442 669 2499 Ησηειιειί
705 2443 802 2499 Dei
843 2444 1141 2497 imitatores.
1190 2440 1531 2495 Mansuetudo
1574 2438 1761 2493 Christi
1792 2438 1912 2496 imi.-

329 2534 509 2592 ttmda.
540 2534 839 2609 Pugnorum
868 2545 1056 2607 quanta
1077 2532 1467 2589 miserim—Et
1491 2534 1669 2587 multa:
1694 2531 1909 2601 quidem

325 2639 457 2684 sunt
501 2629 721 2684 virtutes
764 2642 883 2698 qua:
925 2616 1284 2681 Christianum
1319 2623 1491 2678 virum
1530 2618 1742 2688 decent,
1794 2629 1909 2676 rna-

323 2720 473 2776 xima
499 2730 675 2774 autem
706 2720 943 2773 omnium
980 2715 1334 2773 mansuetudo
1380 2732 1393 2767 :
1444 2727 1564 2769 nam
1601 2728 1694 2769 eos
1739 2714 1907 2780 solos,

323 2813 421 2882 qui
451 2812 552 2867 bac
592 2810 869 2879 conspicui
898 2814 1041 2875 sunt,
1084 2808 1177 2862 Dei
1205 2807 1500 2861 imitatores
1535 2804 1781 2860 Christus
1809 2806 1909 2857 nlo.

323 2903 521 2958 nxinat.
564 2899 799 2957 Proinde
831 2910 1123 2970 congruum
1154 2907 1256 2965 est,
1289 2904 1345 2952 ut
1389 2896 1605 2969 quando
1630 2897 1746 2967 quis
1777 2911 1909 2951 con-

321 2995 549 3050 tumelia
576 3010 679 3049 nos
698 2994 880 3060 allicit,
910 2993 993 3047 vel
1024 2991 1269 3047 verberat
1296 2990 1378 3045 vel
1404 2989 1511 3044 alia
1537 2990 1749 3044 ratione
1773 2988 1909 3042 afﬂi-

320 3089 438 3159 git,
503 3086 858 3142 sustineamus
920 3083 1098 3138 omnia
1162 3090 1441 3136 mansuete
1489 3088 1545 3135 et
1598 3079 1904 3151 patienter,

318 3179 728 3236 considerantes
766 3176 905 3247 quod
933 3175 1028 3231 Dei
1055 3175 1351 3230 imitatores
1377 3173 1730 3229 mansuetudo
1758 3172 1902 3228 facit.

320 3269 542 3324 Etenim
572 3268 687 3338 ipse
718 3266 975 3321 Dominus
1003 3273 1060 3320 et
1090 3263 1335 3320 Salvator
1359 3272 1542 3319 uoster
1566 3262 1906 3318 contumeliis

317 3360 569 3426 affectus,
599 3359 932 3423 verberatus,
959 3357 1103 3413 cruci
1125 3357 1296 3412 clavis
1321 3355 1534 3419 affixus,
1569 3354 1763 3410 leniter
1784 3354 1907 3408 tulit

316 3452 633 3507 Judteorum
661 3449 935 3516 furorem;
982 3458 1036 3503 et
1084 3448 1205 3504 licet
1246 3456 1425 3518 posset
1466 3446 1534 3502 de
1578 3447 1753 3517 impiis
1793 3445 1907 3499 vin-

316 3544 520 3597 dictam
552 3555 783 3607 sumere,
834 3556 939 3595 non
989 3539 1217 3608 sumpsit
1265 3547 1460 3603 tamen,
1510 3539 1603 3592 sed
1652 3538 1903 3591 virtutem

316 3650 476 3689 suam
508 3632 742 3688 ostendit
765 3647 832 3688 eo
859 3630 1001 3701 quod
1031 3631 1304 3684 concussit
1332 3639 1548 3695 terram,
1581 3637 1634 3682 et
1663 3633 1903 3682 mortuos

315 3727 622 3790 suscitavit,
674 3736 727 3779 et
766 3723 1073 3778 obscuravit
1119 3722 1313 3788 solem,
1359 3729 1414 3775 et
1452 3729 1664 3775 noctem
1707 3734 1769 3774 ex
1815 3720 1902 3773 die

316 3821 451 3877 fecit
480 3838 492 3873 :
522 3817 981 3873 mansuetudinem
1025 3823 1201 3868 autem
1234 3825 1284 3869 et
1333 3812 1756 3867 miscricordiam
1804 3812 1899 3866 de-

315 3913 561 3975 claravit,
592 3910 712 3979 quia
741 3908 943 3962 nullum
975 3922 1040 3961 ex
1082 3905 1146 3959 iis
1173 3904 1263 3974 qui
1293 3904 1455 3972 impie
1493 3912 1712 3973 egerant
1745 3902 1897 3970 puni-

314 4005 397 4057 vit
424 4021 437 4055 :
468 4011 522 4056 ut
542 4001 812 4055 discerent
836 4010 1044 4061 omnes,
1072 3995 1163 4066 qui
1186 3995 1374 4064 impias
1399 4008 1588 4047 manus
1610 3992 1903 4045 intulerant

315 4094 572 4157 Domino,
615 4105 773 4160 quam
807 4104 911 4143 non
955 4088 1140 4142 fuisset
1180 4086 1229 4141 ei
1271 4083 1486 4141 difﬁcile
1515 4084 1659 4154 ipsos
1688 4084 1898 4154 punire,

310 4185 412 4254 qui
456 4193 562 4238 tam
592 4181 748 4237 facile
796 4189 990 4235 terram
1043 4178 1332 4233 commovit
1379 4186 1432 4232 et
1469 4176 1636 4231 solem
1680 4189 1900 4247 repente

311 4273 593 4331 obscurari
624 4272 896 4340 praecepit.
926 4270 994 4324 Et
1022 4270 1144 4339 quia
1175 4277 1280 4322 tam
1304 4276 1615 4322 mansuetus
1641 4269 1737 4322 fuit
1758 4269 1893 4335 ipse,

311 4376 376 4420 ut
403 4380 511 4419 non
541 4364 715 4419 solum
759 4369 1037 4416 mansuete
1063 4359 1245 4415 tulerit
1271 4372 1366 4414 eos
1391 4360 1480 4429 qui
1517 4359 1901 4429 crucifigebaut

308 4466 373 4511 et
414 4452 874 4523 blaSphemabant,
919 4450 1012 4505 sed
1061 4458 1118 4505 et
1159 4450 1371 4504 Patrem
1407 4449 1790 4511 obsecraverit,
1833 4464 1901 4503 ne

307 4544 624 4602 ezelestihus
671 4543 927 4598 adversus
968 4541 1159 4610 impios
1198 4541 1318 4595 telis
1364 4539 1889 4605 uterctttrzidcirco,

305 4653 441 4693 cum
468 4644 525 4692 et
551 4635 642 4691 tibi
670 4649 831 4706 grave
860 4633 1071 4703 aliquod
1094 4640 1149 4687 et
1171 4632 1363 4687 durum
1386 4632 1572 4686 ferenti
1605 4634 1909 4700 subrepunt

306 4731 468 4783 furor
498 4735 554 4781 et
583 4727 681 4790 ira,
713 4725 996 4780 recordare
1023 4723 1446 4778 mansuetudinis
1470 4723 1685 4788 Christi,
1717 4732 1777 4778 ct.
1794 4733 1900 4778 stac

306 4825 412 4876 tim
459 4828 768 4874 mansuetus
813 4817 921 4872 eris
950 4830 1013 4871 ac
1043 4817 1321 4870 clemens:
1352 4824 1406 4869 et
1444 4831 1548 4869 non
1591 4816 1763 4871 solum
1805 4816 1897 4869 tibi

305 4912 419 4982 ipsi
460 4910 786 4979 benignitate
826 4917 913 4962 tua
965 4908 1248 4977 plurimum
1292 4907 1423 4961 lucri
1472 4908 1656 4969 facies,
1705 4907 1798 4962 sed
1843 4916 1899 4961 et

306 5002 553 5059 inimicis
600 4999 844 5070 proderis
885 4998 1193 5068 plurimum,
1243 4997 1496 5052 erudiens
1537 4997 1658 5050 illos
1704 5007 1762 5050 ut
1800 4996 1897 5065 ipsi

305 5092 534 5164 benigni
563 5091 709 5145 fiant.
741 5091 995 5145 Videutes
1020 5089 1160 5143 enim
1195 5097 1244 5143 te
1270 5097 1507 5142 extrema
1549 5087 1812 5142 sustinere
1844 5095 1899 5141 et

305 5188 453 5241 iram
488 5191 766 5237 mansuete
797 5181 956 5244 ferre,
993 5181 1171 5234 statim
1207 5181 1379 5248 posito
1415 5178 1593 5234 furore
1631 5180 1896 5233 mansueti

301 5285 369 5331 ct
397 5275 550 5329 lenes
583 5275 680 5342 ipsi
726 5270 1438 5339 ﬁent,mansuetudinisque
1470 5278 1571 5323 tua:
1603 5270 1898 5324 imitatores

303 5381 441 5422 esse
492 5365 724 5434 cupient.
772 5361 1002 5417 Proinde
1052 5360 1292 5430 quisquis
1341 5359 1628 5414 iracundos
1683 5360 1898 5414 vincere

305 5455 571 5518 voluerit,
602 5455 809 5508 fortiter
838 5451 975 5506 ferat
1016 5449 1238 5519 injurias
1268 5458 1321 5503 et
1351 5450 1594 5513 verbera,
1625 5466 1892 5520 magnam-

302 5561 426 5616 que
451 5545 568 5615 ejus
596 5544 686 5615 qui
716 5541 1024 5599 verberibus
1052 5541 1103 5594 in
1125 5555 1185 5594 sc
1213 5539 1465 5594 szeviebat
1490 5540 1896 5592 conversionem

301 5638 543 5693 videbit.
576 5637 647 5693 At
672 5637 716 5692 si
741 5637 902 5692 etiam
935 5635 1050 5704 ipse
1078 5634 1144 5687 ab
1171 5633 1245 5686 ira
1272 5633 1524 5697 vinceris,
1553 5632 1903 5685 studens'ini-

302 5732 520 5787 micum
550 5730 661 5799 pari
692 5729 895 5784 insania
938 5725 1142 5790 ulcisci,
1191 5725 1366 5779 nullus
1412 5740 1659 5794 umquam
1703 5725 1898 5779 irarum

301 5836 377 5881 et.
417 5837 713 5896 pugnarum
739 5818 844 5877 erit
868 5820 988 5874 finis
1012 5835 1028 5883 ς
1055 5818 1149 5873 sed
1180 5832 1392 5886 semper
1424 5817 1511 5887 qui
1552 5816 1821 5871 insaniunt
1846 5826 1897 5870 et

1527 402 1613 458 DE
1650 400 2181 457 MANSUETUDINE
2221 400 2467 463 SERMO.

2042 515 2209 570 rabidi
2243 530 2387 585 sunt,
2430 530 2483 575 ct
2514 522 2725 578 vincere
2751 523 2885 579 alios
2921 518 3174 581 conviciis
3212 534 3266 581 et
3308 524 3619 586 verberibus

2039 609 2291 675 cogitant,
2326 610 2376 664 itt
2405 601 2727 668 immensum.
2755 613 2952 670 bellum
2976 625 3029 671 et
3059 632 3285 688 pugnam
3308 593 3614 691 edumpunt,

2036 710 2222 753 tttuttto
2253 700 2593 768 insidiantur,
2637 708 2935 762 calumnias
2963 715 3197 775 struunt,
3241 711 3483 783 peierare
3522 727 3616 768 au.

2034 788 2182 853 deut,
2215 800 2269 844 et
2296 795 2665 851 accusationes
2695 796 3022 852 meditantur
3060 810 3245 855 eorum
3285 810 3404 871 quas
3430 812 3609 873 neque

2032 881 2279 936 viderunt
2304 898 2476 954 neque
2503 888 2787 944 audierunt
2813 909 2826 946 :
2858 892 2910 946 in
2932 890 3019 948 die
3041 892 3256 964 quidem
3283 892 3422 951 sicut
3445 912 3612 954 canes

2032 970 2198 1028 rabidi
2228 978 2292 1063 et
2338 989 2638 1047 quaerentes
2682 983 2976 1051 inimicum,
3007 992 3217 1041 noctem
3258 977 3435 1043 autem
3467 992 3610 1060 cogi-

2032 1066 2191 1119 tando
2222 1068 2567 1134 insumentes,
2613 1075 2884 1143 quomodo
2921 1076 3117 1130 malum
3160 1079 3373 1147 aliquod
3401 1080 3607 1136 machio

2030 1165 2223 1211 nentur
2269 1168 2322 1212 et
2362 1159 2582 1216 inSidias
2636 1168 2841 1231 parent.
2888 1165 3109 1221 Talibus
3159 1183 3335 1237 neque
3387 1153 3608 1226 Somnus

2027 1249 2232 1303 vitiosis
2257 1250 2535 1307 affectibus
2568 1263 2738 1319 vacat,
2768 1257 2861 1312 sed
2892 1262 3079 1327 putant
3103 1260 3244 1329 quod
3275 1261 3448 1317 adhuc
3468 1260 3609 1317 adsit

2026 1339 2275 1394 inimicus
2304 1352 2358 1396 et
2383 1344 2736 1400 criminentur
2771 1356 2825 1403 et
2856 1350 3191 1416 percutiant;
3231 1358 3285 1406 et
3331 1364 3362 1406 e
3402 1353 3610 1407 somnis

2025 1441 2248 1501 repente
2290 1435 2624 1506 evigilantes,
2663 1440 2832 1509 magis
2873 1428 3075 1496 caulem
3119 1449 3393 1509 mutuam,
3442 1458 3601 1513 quam

2023 1526 2206 1593 epulas
2254 1526 2498 1597 diligunt.
2546 1530 2648 1584 Alii
2696 1544 2820 1585 vero
2866 1532 2944 1587 ira
3004 1532 3137 1588 ebrii
3184 1535 3597 1589 calumniatores

2024 1616 2270 1672 mercede
2294 1618 2616 1685 conducunt,
2646 1621 2961 1691 infandaque
2978 1624 3119 1683 inter
3133 1636 3192 1682 se
3214 1636 3377 1695 agunt
3397 1632 3558 1696 opera
3583 1645 3598 1682 :

2021 1716 2077 1763 et
2104 1720 2305 1777 quanto
2333 1712 2575 1779 pluribus
2614 1713 2769 1768 malis
2814 1722 2934 1771 Sese
2977 1717 3273 1780 irritarunt,
3307 1722 3455 1774 nituit
3485 1728 3602 1775 ma-

2017 1798 2137 1868 jore
2164 1799 2367 1857 insania
2412 1801 2610 1858 furunt.
2656 1804 2788 1859 Nam
2829 1807 2969 1876 quod
2995 1809 3174 1864 ebrios
3201 1809 3386 1864 dicunt
3411 1810 3483 1866 ob
3516 1812 3601 1865 in-

2020 1891 2321 1948 satiabilem
2340 1894 2653 1951 ebrietatem
2680 1898 2956 1953 ardentius
2977 1900 3147 1965 sitire,
3177 1900 3279 1957 hoc
3305 1906 3359 1956 et
3388 1904 3601 1957 iracun-

2021 1981 2105 2037 dis
2130 1997 2230 2037 usu
2257 1989 2454 2053 evenit,
2486 1987 2579 2056 Qui
2602 1987 2657 2041 in
2680 1989 3119 2057 perniciosiorem
3147 2000 3306 2046 ruunt
3335 1992 3600 2050 insaniant

2022 2083 2240 2144 propter
2287 2076 2661 2146 inexplebilem
2727 2081 3086 2136 contendendi
3135 2083 3437 2138 libidinem.
3498 2084 3597 2139 llic

2019 2167 2226 2221 vocavit
2252 2181 2490 2235 servum,
2516 2171 2655 2225 alius
2682 2172 2845 2227 scorti
2872 2166 3037 2227 tilium
3064 2190 3078 2238 ;
3106 2175 3197 2230 ille
3225 2176 3587 2246 insipientem,

2018 2257 2119 2313 iste
2144 2260 2391 2315 insanum
2421 2279 2435 2315 :
2465 2260 2549 2318 est
2577 2258 2665 2332 qui
2699 2264 2871 2320 furem
2901 2275 2957 2320 et
2985 2267 3261 2335 iniustum,
3307 2266 3445 2324 alius
3478 2258 3591 2340 ple-

2017 2362 2144 2406 num
2171 2354 2318 2408 omni
2360 2356 2518 2408 malo.
2565 2354 2693 2410 Dein
2735 2358 2808 2411 ira
2838 2359 2970 2415 ebrii
3008 2355 3298 2431 confligunt
3340 2364 3477 2418 inter
3512 2370 3591 2428 se,

2015 2451 2069 2497 et
2094 2450 2284 2512 parum
2316 2445 2468 2500 abest
2492 2449 2618 2517 quin
2644 2448 2930 2505 bestiarum
2952 2466 3130 2506 mores
3151 2453 3443 2518 imitentur,
3468 2470 3593 2524 per-

2015 2535 2242 2600 cutiunt,
2295 2536 2594 2602 calcitrant,
2641 2538 2921 2607 mordent,
2968 2543 3318 2598 conscinduut
3365 2545 3589 2600 invicem

2014 2640 2261 2695 corpora,
2293 2627 2422 2683 nulli
2454 2629 2586 2699 parti
2611 2643 2855 2700 parcunt,
2881 2640 2986 2687 non
3007 2635 3198 2696 oculis,
3223 2648 3327 2689 non
3352 2637 3585 2701 auribus,

2014 2728 2122 2770 non
2153 2717 2393 2784 naribus,
2437 2734 2545 2774 non
2585 2714 2759 2784 faciei,
2799 2737 2901 2778 non
2942 2725 3033 2778 alii
3060 2725 3290 2795 cuipiam
3326 2728 3587 2795 membro,

2014 2807 2110 2863 sed
2143 2807 2510 2866 conflictantes
2548 2812 2687 2867 inter
2730 2827 2788 2869 se
2816 2810 3105 2871 concidunt
3137 2826 3191 2871 et
3238 2818 3588 2889 pessumdant

2012 2898 2239 2955 invicem
2260 2909 2343 2956 :el.
2369 2900 2511 2973 quod
2538 2903 2736 2958 malum
2759 2918 2863 2959 non
2888 2906 3113 2961 faciunt?
3136 2909 3398 2963 Secedunt
3426 2924 3454 2962 a
3490 2927 3587 2978 pu-

2010 3002 2115 3061 gna
2132 2992 2256 3058 ,llle
2272 2994 2470 3051 amissio
2487 2996 2663 3060 oculo,
2689 2994 2777 3053 ille
2800 2999 3038 3064 auribus,
3062 2999 3155 3055 ille
3187 3001 3359 3068 labiis,
3376 3002 3465 3058 ille
3485 2994 3587 3058 alia

2009 3085 2252 3152 corporis
2291 3088 2458 3153 parte,
2511 3086 2680 3157 magis
2726 3092 2902 3144 tamen
2947 3090 3123 3145 anima
3163 3100 3322 3162 quam
3362 3100 3587 3164 corpore

2009 3175 2264 3244 corrupti,
2293 3174 2581 3243 furibundi,
2619 3177 2812 3243 insani,
2838 3180 3030 3247 rabidi,
3074 3182 3380 3250 ignorantes
3414 3185 3583 3255 legem

2010 3264 2219 3319 Domini
2244 3274 2297 3321 et
2323 3265 2634 3331 Salvatoris,
2663 3269 2750 3339 qui
2781 3271 3034 3340 praecepit
3053 3280 3112 3325 ut
3132 3272 3281 3343 alapa
3304 3288 3586 3343 percussus

2009 3366 2063 3412 et
2089 3357 2399 3413 verberatus
2425 3369 2586 3428 atque
2612 3359 2715 3414 alia
2743 3376 2949 3430 passus,
2974 3363 3183 3430 placido
3220 3365 3400 3420 animo
3435 3366 3587 3421 forti—

2009 3456 2090 3501 ter
2128 3448 2304 3501 omnia
2351 3449 2503 3513 ferat,
2553 3449 2836 3520 vincatque
2886 3453 3298 3509 mansuetudine
3345 3453 3579 3511 furorem

2007 3536 2186 3607 inique
2211 3538 2500 3607 agentium.
2530 3538 2671 3594 Sane
2699 3541 2790 3610 qui
2823 3540 2923 3595 hoc
2952 3541 3078 3595 facit
3111 3541 3356 3598 laudatur
3386 3546 3452 3599 ab
3480 3545 3585 3599 bo-

2007 3629 2258 3693 minibus,
2293 3638 2347 3683 et
2376 3639 2663 3684 coronatur
2689 3647 2718 3684 a
2750 3631 2859 3685 Dco
2908 3641 2961 3685 et
3002 3630 3307 3688 Servatore.
3350 3626 3418 3688 Et
3457 3649 3585 3705 pro-

2008 3728 2190 3790 pterea
2220 3720 2667 3789 perseverandum
2700 3730 2800 3786 est,
2833 3719 3058 3776 ferendo
3088 3722 3278 3776 leniter
3306 3723 3489 3792 iratos,
3529 3735 3583 3779 et

2007 3809 2399 3877 respiciendum
2444 3808 2511 3863 ad
2562 3824 2817 3864 coronam
2866 3826 3024 3879 quam
3074 3814 3398 3881 praeparavit
3439 3815 3583 3871 Deus

2006 3900 2296 3955 mansuetis
2324 3909 2376 3973 et
2410 3898 2645 3953 mitibus.
2679 3900 2987 3955 Absurdum
3018 3903 3160 3957 enim
3189 3914 3291 3971 est,
3320 3914 3376 3959 ut
3402 3905 3576 3961 athle-

2006 4000 2073 4047 tae
2103 3993 2154 4046 in
2199 3992 2462 4063 gymnicis
2491 3991 2754 4062 agonibus
2794 3993 3093 4063 pulverem,
3121 3995 3342 4050 verbera
3384 4005 3440 4051 et
3468 3997 3583 4050 vui-

2004 4100 2133 4143 nera
2163 4083 2331 4147 ferant
2361 4092 2580 4154 propter
2604 4098 2796 4137 vanam
2825 4084 3075 4154 gloriam,
3100 4100 3352 4140 coronam
3383 4088 3582 4143 nullius

2004 4176 2257 4230 momenti
2280 4182 2620 4244 spectantes:
2655 4190 2754 4230 nos
2780 4184 2955 4231 autem
2978 4176 3271 4232 coronandi
3291 4190 3324 4234 ε
3343 4177 3579 4244 Christo,

2003 4284 2108 4322 non
2150 4268 2470 4336 imperemus
2515 4266 2630 4333 irae,
2672 4281 2776 4321 non
2809 4267 2987 4322 omnia
3022 4266 3232 4323 fortiter
3258 4267 3575 4331 toleremus,

2004 4359 2096 4414 sed
2128 4360 2341 4414 brevem
2366 4358 2693 4427 voluptatem
2729 4368 2783 4414 et
2812 4360 3067 4429 iujustum
3100 4360 3333 4417 furorem
3377 4364 3579 4419 caelesti

2005 4449 2195 4503 honori
2222 4457 2275 4503 et
2302 4448 2485 4517 gloriae
2505 4448 2865 4518 praeferamus.
2891 4449 3179 4507 Enimvero
3209 4463 3262 4509 ct
3284 4454 3384 4509 hoc
3407 4455 3580 4509 mani-

2002 4539 2218 4604 festum,
2249 4540 2388 4609 quod
2414 4554 2535 4594 cum
2577 4540 2743 4596 multa
2770 4556 3065 4613 magnaque
3101 4543 3229 4608 sint,
3270 4560 3388 4613 (pne
3411 4545 3584 4613 juste-

2004 4647 2121 4686 rum
2150 4632 2306 4684 vitam
2340 4640 2622 4696 exornant,
2652 4630 2756 4686 hoc
2800 4641 2975 4688 tamen
3016 4647 3125 4702 prae
3163 4635 3372 4689 caeteris
3417 4633 3584 4689 efﬁcit

2004 4732 2063 4777 ut
2091 4722 2370 4777 clarissimi
2414 4723 2658 4788 evadant,
2710 4725 2754 4777 si
2802 4726 3064 4780 mansueti
3109 4727 3305 4790 vivant,
3358 4735 3412 4781 et
3453 4743 3579 4797 erga

2003 4812 2122 4867 illos
2170 4812 2361 4881 placidi
2406 4814 2513 4867 sint
2555 4828 2585 4867 a
2626 4814 2817 4882 quibus
2864 4816 3071 4883 injuriis
3106 4815 3429 4871 afficiuntur.
3469 4818 3580 4872 llac

2003 4903 2145 4957 enim
2185 4903 2381 4958 virtute
2417 4903 2592 4958 Moses
2638 4902 2943 4959 Judaeorum
2999 4905 3260 4960 insaniam
3304 4907 3577 4965 moderate

2005 4993 2204 5058 ferens,
2248 5000 2303 5047 et
2346 4993 2593 5059 precibus
2641 4993 2854 5047 salvans
2899 4994 3163 5057 inimicos,
3216 4998 3474 5050 honorent
3526 5008 3581 5051 et

2003 5085 2224 5153 gloriam
2268 5082 2539 5137 cmlestcm
2577 5097 2687 5150 prae
2711 5082 2831 5136 aliis
2869 5083 3115 5149 obtinuit,
3150 5084 3349 5153 Deique
3375 5086 3578 5140 amicus

2003 5183 2223 5229 Vocatus
2253 5181 2356 5227 est.
2392 5172 2502 5226 [lac
2534 5185 2745 5241 quoque
2792 5172 2989 5227 virtute
3023 5182 3076 5226 et
3124 5173 3308 5237 David,
3355 5189 3577 5244 parcens

2005 5264 2235 5320 inimicis
2263 5272 2318 5318 et
2342 5260 2604 5325 hostibus,
2640 5262 2805 5315 Deum
2847 5261 2948 5315 sibi
2993 5262 3223 5315 amicum
3263 5273 3317 5318 et
3345 5264 3575 5319 benevo-

2004 5358 2112 5411 lum
2160 5355 2355 5411 etl‘ecit.
2391 5352 2515 5406 [hec
2548 5352 2691 5405 enim
2729 5365 2849 5404 eum
2882 5366 3068 5405 omnes
3108 5350 3354 5408 homines
3384 5368 3581 5409 ornare

2004 5451 2198 5513 valeat,
2224 5447 2273 5500 in
2303 5444 2489 5515 primis
2512 5451 2689 5496 tamen
2711 5456 2805 5495 eos
2825 5442 2916 5511 qui
2942 5443 2992 5496 in
3022 5444 3373 5511 potestatibus
3394 5456 3579 5513 agunt.

2005 5543 2135 5596 Nam
2162 5554 2282 5594 cum
2315 5536 2637 5607 principibus
2663 5534 2840 5589 omnia
2870 5537 3264 5605 permittantur,
3300 5540 3343 5594 si
3375 5541 3581 5610 seipsos

2005 5632 2297 5691 continent,
2339 5635 2633 5680 etsuorum
2681 5639 2900 5693 operum
2945 5627 3133 5682 ducem
3182 5627 3377 5684 habent
3406 5632 3578 5702 legem

2008 5723 2122 5787 Dei,
2172 5734 2277 5774 non
2328 5730 2516 5787 parum
2562 5715 2685 5770 inde
2726 5730 2909 5769 eorum
2961 5717 3264 5775 celebritati
3305 5730 3360 5777 et
3394 5716 3581 5793 gloriae

2007 5810 2283 5869 accrescit.
2331 5808 2614 5863 Enimvero
2646 5803 2837 5860 Paulus
2863 5814 2918 5862 et
2949 5807 3157 5876 Petrus,
3195 5812 3285 5881 qui
3314 5811 3586 5868 molestam

3515 414 3619 469 ἔξω
3682 443 3687 447 ~
