3966 6160
433 399 542 462 555

431 505 994 582 tangébantapsidem
1031 511 1263 574 propter
1283 501 1546 555 virtutem
1578 512 1688 568 qua
1717 493 2005 565 conspicui

424 611 608 667 erant,
643 597 992 654 humanitate
1041 604 1226 650 tamen
1253 600 1312 645 et
1343 586 1771 644 mansuetudine
1802 585 2003 656 magis,

419 709 589 766 quam
623 691 751 748 aliis
774 689 957 754 bonis,
983 687 1342 744 claruerunt:
1370 684 1502 755 quia
1549 682 1820 736 honorem
1851 678 2009 732 exhi-

423 787 666 840 buerunt
704 782 772 838 iis
813 781 912 853 qui
957 796 1019 836 se
1063 778 1332 835 conviciis
1362 774 1735 838 incessebant,
1765 770 2009 826 inimicis

417 878 840 942 benefecerunt,
860 885 916 932 et
932 890 1075 944 saepe
1091 873 1402 944 lapidantes
1425 868 1685 940 precibus
1701 865 2004 920 salvarunt:

420 973 673 1030 sciebant
698 971 846 1026 enim
872 969 992 1024 lucc
1020 968 1256 1022 maxime
1283 974 1437 1037 grata
1468 964 1602 1027 Deo,
1644 969 1701 1015 et
1731 975 1843 1031 prae
1885 957 2010 1013 aliis

418 1064 583 1119 bonis
605 1063 662 1117 in
685 1062 818 1118 caelo
837 1059 1187 1116 admirabilia
1203 1073 1325 1113 esse
1354 1075 1369 1110 :
1392 1065 1449 1110 et
1471 1055 1680 1110 idcirco
1706 1053 1809 1124 ipsi
1840 1052 2009 1106 vitam

420 1171 577 1220 suam
618 1156 677 1211 in
712 1151 1141 1210 mansuetudine
1181 1150 1628 1211 transmiserunt,
1658 1147 1906 1215 aliosque
1940 1143 2010 1200 ad

419 1251 567 1306 illam
588 1248 852 1302 allexere.
878 1245 1024 1313 Quin
1043 1253 1100 1302 et
1120 1244 1458 1314 Stephanum
1485 1241 1891 1313 periclitantem
1910 1253 2010 1309 pro

419 1337 628 1411 pietate
650 1338 786 1393 dum
805 1337 1059 1392 videmus
1078 1351 1180 1406 pro
1200 1334 1443 1389 inimicis
1463 1348 1622 1388 orare
1652 1331 1787 1401 (Act.
1815 1333 1867 1385 7.
1896 1328 2008 1398 59),

423 1439 480 1487 et
502 1430 986 1486 mansuetudinem
1009 1429 1130 1500 ejus
1149 1435 1207 1483 et
1227 1427 1532 1482 certamina
1552 1425 1759 1496 pariter
1778 1423 2015 1479 admira-

422 1540 566 1580 mur.
593 1522 888 1594 Reliquum
917 1531 1022 1588 est,
1049 1521 1180 1591 quia
1208 1527 1390 1574 tantos
1419 1535 1485 1575 ac
1513 1520 1650 1574 tales
1669 1518 1840 1574 duces
1861 1533 2015 1572 man-

422 1615 739 1672 suetudinis
757 1615 940 1670 sortiti
968 1630 1181 1679 sumus,
1205 1613 1568 1669 adhortemur
1587 1627 1691 1667 nos
1711 1621 1928 1677 mutuo,
1953 1617 2015 1665 ut

424 1709 650 1764 illorum
679 1707 912 1778 vestigia
941 1722 1258 1777 sequamur,
1287 1715 1344 1762 et
1371 1706 1426 1760 in
1448 1704 1873 1760 mansuetudine
1900 1703 2014 1759 Deo

425 1801 839 1856 ministremus:
861 1799 1313 1870 quandoquidem
1335 1797 1706 1854 ministerium
1725 1796 1870 1852 istud
1892 1796 2016 1852 aliis

423 1890 727 1946 virtutibus
780 1898 866 1946 est
927 1891 981 1946 ei
1024 1892 1187 1960 longe
1241 1891 1474 1962 gratius.
1518 1890 1589 1944 Et
1635 1889 2015 1945 divinissimus

424 1983 634 2038 Paulus
660 1983 926 2038 virtutem
950 1983 1189 2053 apostoli
1222 1991 1781 2049 commonstraturus,
1806 1981 2014 2038 Christi

425 2075 744 2131 ministrum
813 2077 1245 2134 mansuetudine
1298 2077 1655 2148 potissimum
1709 2079 2016 2134 clarescere

423 2163 604 2220 voluit
630 2166 708 2236 (l.
748 2165 883 2220 Tim.
914 2165 968 2220 '5.
999 2166 1055 2221 5.
1089 2166 1190 2222 Tit.
1223 2167 1278 2222 5.
1321 2166 1376 2237 2)
1414 2184 1429 2221 :
1458 2175 1517 2222 et
1561 2166 1816 2237 quamvis
1844 2168 2018 2222 multa

424 2251 702 2322 potuisset
731 2253 940 2320 dicere,
972 2254 1022 2310 si
1051 2254 1278 2324 quidem
1316 2254 1608 2320 voluisset,
1640 2269 1764 2325 quae
1794 2262 2018 2325 aposto-

425 2343 540 2399 lum
563 2352 851 2408 ornarent,
880 2358 1080 2414 nempe
1104 2344 1417 2400 daemonum
1440 2343 1647 2414 fugam,
1671 2351 2018 2398 mortuorum

428 2431 930 2497 resurrectionem,
969 2441 1137 2502 atque
1181 2433 1326 2499 alia;
1378 2431 1638 2487 omnibus
1679 2441 1864 2488 tamen
1905 2432 2016 2487 illis

432 2516 750 2589 prateritis,
773 2519 1204 2589 aequabilitatem
1237 2535 1454 2575 morum
1483 2519 1568 2574 vel
1595 2535 1727 2592 erga
1759 2518 2020 2577 inimicos

429 2620 653 2660 sursum
681 2620 746 2662 ac
771 2605 1032 2664 deorsum
1058 2615 1244 2664 versat
1272 2622 1338 2663 ac
1367 2615 1570 2662 tractat
1597 2627 1610 2663 τ
1645 2623 1757 2678 quo
1786 2623 2018 2679 persua-

428 2690 586 2746 deret
608 2693 796 2760 nobis,
825 2705 888 2750 ut
917 2710 1016 2753 sua
1058 2695 1288 2767 vestigia
1331 2711 1651 2767 sequamur,
1683 2696 2020 2769 benignique

429 2779 606 2838 simus
637 2797 703 2840 ac
732 2783 916 2841 mites.
939 2783 1161 2842 Iustum
1193 2795 1279 2842 est
1309 2785 1480 2857 igitur
1499 2793 1720 2841 sanctos
1745 2785 1870 2840 illos
1897 2786 2023 2841 imi-

1132 392 1189 450 S.
1229 387 1514 448 JOANNIS
1551 383 2039 444 CHRYSOSTOMI
2079 379 2398 438 ARCIIIEP.
2437 374 2988 434 CONSTANTI’NOP.

3588 370 3692 425 556

2109 508 2231 562 τητι
2261 487 2594 561 κοσμοῦντες
2624 486 2901 558 ἐφάνησαν
2923 526 2939 552 ,
2974 485 3070 539 καὶ
3096 483 3220 548 τοὺς
3252 483 3444 546 ἄλλους
3482 481 3690 552 ἀνθρώ-

2110 599 2247 646 πους
2278 583 2371 636 ἐπὶ
2404 580 2610 651 ταύτην
2641 576 3109 650 παρακαλοῦντες.
3145 576 3301 630 Ἐπεὶ
3337 575 3432 628 καὶ
3455 574 3547 628 τδν
3573 574 3692 626 Στέ-

2110 695 2277 748 φανον
2326 677 2385 730 ἐν
2421 677 2533 738 τοῖς
2583 674 2723 746 ὑπὲρ
2772 673 2873 743 τῆς
2918 672 3201 735 εὐσεΰείας
3245 669 3514 732 κινδύνοις
3554 669 3691 738 ὑπὲρ

2109 769 2217 822 τῶν
2256 765 2469 838 ἐχθρῶν
2513 765 2750 837 ὁρῶντες
2797 764 3124 836 εὐχόμενον,
3166 762 3366 833 ὁμοίως
3400 759 3492 814 ἐπί
3524 778 3582 812 τε
3627 763 3691 830 τῇ

2109 859 2379 930 πραότητι
2405 858 2500 912 καὶ
2528 859 2642 920 τοῖς
2665 855 2844 925 ἀγῶσι
2865 857 2967 910 θαυ
2979 855 3244 925 μάζομεν.
3276 852 3495 922 Ἐπειδὴ
3517 851 3693 903 τοίνυν

2111 951 2398 1014 τοσούτους
2423 951 2518 1004 καὶ
2549 949 2823 1014 τοιούτους
2851 948 3126 1020 ἡγεμόνας
3149 946 3453 1009 ἐπιεικείας
3479 946 3692 1015 ἔχομεν,

2115 1044 2588 1117 παρακαλέσωμεν
2617 1043 2843 1106 ἑαυτοὺς
2882 1042 2978 1095 καὶ
3020 1039 3283 1111 ἀλλήλους
3329 1040 3442 1101 τοῖς
3473 1035 3695 1090 ἐκείνων

2117 1139 2322 1208 ἴχνεσιν
2350 1135 2599 1200 ἕπεσθαι,
2635 1135 2731 1188 καὶ
2757 1134 2844 1187 διὰ
2873 1133 3177 1205 πραότητος
3208 1131 3286 1202 τῷ
3305 1130 3425 1200 Θεῷ
3455 1131 3698 1199 λειτουρ-

2115 1231 2273 1298 γεῖν,
2313 1230 2390 1292 ὡς
2441 1226 2648 1298 ταύτην
2699 1226 2900 1298 μᾶλλον
2952 1224 3208 1294 ἁσμένως
3267 1221 3546 1292 δεχομένῳ
3600 1222 3698 1291 τὴν

2114 1319 2479 1392 λειτουργίαν,
2529 1318 2562 1389 ἢ
2601 1317 2701 1381 τὰς
2735 1317 2900 1380 ἄλλας
2932 1315 3150 1378 ἁπάσας
3184 1314 3408 1384 ἀρετάς.
3455 1312 3566 1366 Καὶ
3589 1313 3698 1382 γὰρ

2115 1413 2147 1466 ό
2174 1412 2449 1475 θειότατος
2481 1410 2692 1472 Παῦλος
2727 1408 2930 1480 ἀρετὴν
2966 1406 3267 1461 ἀποστόλου
3297 1404 3469 1470 δεῖξαι
3512 1402 3696 1474 βουλό-

2119 1524 2300 1579 μενος,
2338 1508 2403 1560 ἐκ
2432 1505 2531 1576 τῆς
2564 1503 2904 1576 ἡμερότητος
2937 1500 3173 1572 μάλιστα
3204 1497 3450 1568 βούλεται
3487 1495 3578 1548 τὸν
3603 1493 3695 1548 τοῦ

2115 1595 2354 1667 Χριστοῦ
2413 1595 2658 1648 διάκονον
2706 1591 2993 1662 φαίνεσθαι
3027 1607 3041 1620 ·
3095 1589 3274 1644 καίτοι
3323 1585 3497 1640 πολλὰ
3553 1579 3698 1654 εἶχεν

2118 1688 2313 1754 εἰπεῖν,
2349 1687 2401 1740 εἴ
2418 1704 2485 1756 γε
2516 1687 2698 1755 λέγειν
2730 1685 2981 1741 ἐϐούλετο
3001 1683 3071 1738 τὰ
3098 1681 3407 1754 κοσμοῦντα
3435 1678 3528 1733 τὸν
3563 1677 3699 1732 ἁπό-

2125 1781 2331 1846 στολον,
2368 1778 2637 1850 δαιμόνων
2691 1777 2896 1843 ἔλασιν,
2946 1775 3161 1848 νεκρῶν
3213 1772 3512 1828 ἀνάστασιν
3539 1787 3554 1803 ·
3585 1768 3700 1824 ἀλλ’

2122 1874 2273 1944 ὅμως
2321 1871 2498 1928 πάντα
2543 1871 2789 1942 ὑπερϐὰς
2837 1871 3022 1923 ἐκεῖνα
3045 1910 3062 1934 ,
3111 1866 3210 1937 τὴν
3257 1866 3316 1918 ἐν
3359 1864 3472 1926 τοῖς
3513 1861 3700 1932 ἤθεσιν

2123 1963 2424 2018 ἐπιείκειαν
2453 1963 2566 2018 ἄνω
2595 1963 2690 2017 καὶ
2713 1964 2861 2018 κάτω
2903 1960 3261 2030 διεξέρχεται,
3302 1956 3449 2018 ὅπως
3479 1951 3701 2024 ἡμέρως

2119 2058 2548 2128 προσενήνεκται
2592 2057 2706 2117 τοῖς
2745 2053 2960 2125 ἐχθροῖς
3003 2048 3215 2115 διεξιών
3260 2064 3324 2101 τε
3360 2047 3456 2100 καὶ
3504 2043 3699 2112 λέγων,

2122 2149 2210 2203 ἵνα
2241 2150 2406 2220 πείσῃ
2452 2149 2548 2204 καὶ
2586 2148 2734 2219 ἡμᾶς
2779 2149 2892 2210 τοῖς
2937 2143 3159 2206 οἰκείοις
3195 2142 3398 2213 ἴχνεσιν
3449 2136 3699 2200 ἕπεσθαι,

2121 2242 2217 2296 καὶ
2255 2243 2526 2313 χρηστοὺς
2575 2235 2715 2294 εἶναι
2763 2240 2858 2293 καὶ
2905 2237 3134 2309 πράους.
3183 2234 3402 2288 Δίκαιον
3449 2225 3542 2285 οῦν
3590 2229 3702 2293 τοῖς

2123 2333 2303 2403 ἁγίοις
2345 2333 2573 2395 ἐκείνοις
2607 2329 2942 2393 ἀκολουθεῖν,
2982 2326 3272 2390 κάκείνους
3299 2321 3571 2378 ποιεῖσθαι
3607 2317 3700 2372 τοῦ

2128 2426 2246 2498 βίου
2279 2426 2654 2496 παράδειγμα,
2673 2424 2760 2476 ἵνα
2791 2423 2925 2475 πᾶσι
2955 2422 3069 2484 τοῖς
3099 2418 3283 2480 καλοῖς
3307 2415 3699 2484 ἐκλάμποντες,

2124 2516 2234 2570 τῶν
2263 2515 2688 2587 ἐπηγγελμένων
2709 2514 2964 2586 τύχωμεν
2984 2509 3206 2580 ἀγαθῶν
3231 2507 3383 2579 παρά
3411 2505 3505 2559 τοῦ
3536 2501 3701 2575 μεγά-

2124 2607 2219 2661 λου
2249 2606 2384 2661 Θεοῦ
2410 2608 2503 2661 καὶ
2533 2606 2789 2677 Σωτῆρος
2828 2605 3010 2677 ήμῶν,
3034 2603 3103 2656 δι’
3144 2596 3205 2656 οῦ
3252 2601 3346 2655 καὶ
3386 2596 3506 2668 μεθ’
3533 2591 3595 2650 οὗ
3627 2591 3702 2662 τῷ

2127 2695 2305 2771 Ila.th
2350 2697 2447 2751 σὺν
2477 2695 2555 2768 τῷ
2585 2695 2861 2766 Πνεῦματι
2894 2694 3034 2764 ἁγίῳ
3067 2693 3216 2746 πᾶσα
3242 2689 3392 2756 δόξα,
3423 2688 3582 2758 τιμὴ,
3611 2681 3703 2737 καὶ

2129 2787 2332 2860 κράτος
2364 2787 2445 2850 είς
2469 2788 2598 2851 τοὺς
2629 2785 2832 2849 αίῶνας
2859 2785 2968 2840 τῶν
2999 2782 3232 2838 αἰώνων.
3261 2780 3485 2851 ’Δμὴν.’

432 2872 562 2940 tari,
583 2883 641 2931 et
662 2877 720 2933 in
753 2877 1038 2949 exemplar
1070 2879 1196 2934 vita:
1232 2893 1546 2951 proponere
1580 2895 1594 2933 :
1621 2888 1686 2934 ut
1705 2879 1868 2934 bonis
1899 2879 2160 2936 omnibus
2187 2878 2547 2952 refulgentes,
2596 2879 2867 2951 promissa
2890 2879 3037 2934 bona
3069 2889 3430 2948 assequamur
3453 2888 3483 2927 a
3509 2879 3702 2940 magno

433 2969 551 3026 Deo
600 2979 660 3028 et
697 2971 980 3030 Salvatore
1020 2981 1232 3040 nostro,
1261 2988 1362 3043 per
1400 2989 1565 3045 quem
1611 2979 1669 3030 et
1707 2989 1833 3031 cum
1859 2989 1970 3045 quo
2009 2971 2164 3031 Patri
2190 2988 2316 3031 cum
2362 2982 2557 3031 sancto
2591 2972 2802 3044 Spiritu
2835 2973 2908 3030 sit
2942 2973 3125 3030 omnis
3168 2969 3365 3045 gloria,
3404 2967 3601 3030 honor,
3646 2969 3701 3018 et

441 3066 739 3139 imperium
766 3068 820 3124 in
861 3058 1061 3128 saecula
1087 3068 1440 3126 saeculorum.
1473 3069 1668 3127 Amen.
