3966 6160
1541 798 2504 932 PPu‘EFATIO

894 1189 1001 1268 lN
1083 1189 1535 1271 ECLOGAS
1616 1191 1747 1270 ET
1824 1195 2447 1277 FLORILEGIA
2525 1193 3138 1288 SEQUENTIA.

1820 1547 2254 1576 ...ο-ψ.

448 1905 603 1982 [428]
632 1909 787 1979 Saepe
823 1907 1066 1964 vidimus
1108 1919 1359 1964 orantem
1401 1910 1880 1982 Chrysostomum,
1918 1921 2069 1984 grata
2097 1912 2382 1968 concionis
2414 1912 2919 1969 admurmuratione
2953 1923 3242 1986 exceptum
3276 1925 3332 1972 et
3363 1917 3640 1987 frequenti

373 2007 596 2076 plausu,
626 2020 752 2060 cum
784 2005 1019 2060 maxime
1045 2004 1253 2075 aliquid
1288 2007 1648 2076 improvisum
1678 2018 1737 2063 et
1767 2008 2112 2077 inopinatum
2143 2008 2208 2062 ad
2237 2024 2418 2062 mores
2447 2007 2819 2063 instituendos
2847 2008 3147 2078 proferret.
3179 2010 3291 2066 Nec
3324 2012 3506 2067 minus
3527 2012 3644 2082 pla-

372 2100 494 2153 cuit
525 2107 650 2168 post
681 2098 858 2153 sancti
909 2097 1015 2152 viri
1061 2097 1274 2152 obitum
1323 2099 1600 2169 ejusmodi
1644 2098 1938 2168 disciplina
1986 2098 2318 2170 legentibus,
2359 2099 2710 2168 maximeque
2763 2100 2832 2153 iis
2873 2099 2968 2168 qui
3001 2099 3367 2155 conciouandi
3407 2117 3640 2158 munere

373 2191 771 2264 fungebantur.
813 2193 1055 2264 Indeque
1090 2193 1321 2260 factum,
1355 2204 1416 2249 ut
1453 2195 1678 2265 quidam
1707 2211 1895 2266 sparsa
1923 2196 1979 2249 in
2007 2196 2244 2251 diversis
2265 2195 2509 2250 homiliis
2536 2196 2677 2262 loca,
2715 2196 2859 2252 idem
2899 2204 3284 2267 argumentum
3311 2199 3638 2268 spectantia,

373 2287 435 2343 in
468 2304 648 2343 unum.
676 2289 1020 2360 colligerent,
1057 2299 1114 2345 et
1145 2305 1246 2360 pro
1276 2291 1491 2346 ratione
1527 2292 1773 2346 materia
1813 2293 2069 2348 homilias
2112 2292 2334 2356 multas,
2369 2307 2508 2361 quas
2542 2290 2772 2353 ἐκλογὰς
2807 2291 3104 2357 vocabant,
3145 2292 3546 2348 concinnarent
3574 2307 3641 2348 ac

369 2380 775 2437 describerent.
802 2380 858 2436 Id
885 2390 1036 2436 certe
1065 2381 1237 2452 probe
1255 2382 1482 2447 scimus,
1512 2397 1626 2437 rem
1650 2397 1850 2452 nempe
1872 2383 1946 2437 ita
1966 2381 2171 2438 Gracis
2192 2383 2479 2453 probatam
2500 2382 2691 2447 fuisse,
2716 2391 2776 2436 ut
2794 2381 3087 2436 innumera
3109 2382 3426 2453 eclogarum
3447 2397 3642 2438 exemp

365 2473 548 2544 plaria
579 2471 1005 2540 adornarentur,
1039 2483 1096 2530 et
1125 2476 1182 2530 in
1213 2477 1338 2532 aula
1370 2491 1592 2547 quoque
1624 2475 2024 2546 imperatorum
2059 2477 2115 2531 in
2145 2477 2328 2546 pretio
2361 2476 2724 2533 haberentur.
2764 2475 2976 2531 V-isitur
3002 2478 3153 2531 enim
3203 2476 3259 2531 in
3302 2476 3639 2534 bibliotheca

361 2568 708 2626 Coisliniana
753 2571 926 2626 codex
967 2572 1434 2643 elegantissimus,
1481 2588 1637 2628 num.
1669 2573 1908 2635 LXXIX,
1945 2574 2104 2644 cujus
2133 2582 2189 2628 et
2225 2572 2617 2643 inscriptiones
2658 2581 2716 2629 et
2753 2573 2994 2628 initiales
3018 2573 3218 2628 littera
3252 2587 3434 2628 aurea
3465 2582 3634 2629 sunt:

364 2666 418 2722 is
442 2678 630 2723 autem
670 2668 965 2724 undecimo
994 2669 1196 2725 sacqu
1237 2678 1515 2735 exaratus,
1545 2669 1602 2724 in
1629 2685 1732 2725 usu
1761 2669 1868 2726 fuit
1893 2667 2208 2741 Nicephoro
2229 2668 2531 2725 Botaniata
2550 2669 2893 2740 imperatori,
2931 2668 3026 2739 qui
3055 2668 3112 2723 in
3139 2675 3378 2738 quatuor
3406 2667 3638 2738 depictis

362 2763 575 2835 tabulis
610 2774 1035 2835 reprasentatur
1079 2766 1258 2821 initio.

440 2883 499 2938 In
531 2885 704 2954 prima
740 2883 926 2941 tabula
967 2886 1270 2955 imperator
1298 2894 1599 2942 coronatus
1624 2895 1681 2942 et
1709 2886 1766 2941 in
1806 2887 1945 2942 solio
1992 2885 2213 2951 sedens,
2243 2884 2445 2941 Sabam
2479 2886 2811 2939 monachum
2853 2884 3122 2940 lectorem
3149 2883 3326 2948 audit,
3361 2883 3456 2953 qui
3486 2883 3635 2936 haud

359 2978 535 3037 dubie
571 2982 670 3037 has
702 2997 771 3038 ex
801 2981 1199 3053 Chrysostomo
1222 2992 1514 3053 excerptas
1548 2983 1764 3054 eclogas
1788 2982 1941 3053 legit.
1985 2981 2046 3036 In
2081 2981 2324 3038 secunda
2351 2980 2536 3036 tabula
2562 2981 2862 3050 imperator
2890 2987 3189 3034 coronatus
3220 2985 3328 3034 stat
3351 2985 3632 3047 sceptrum

357 3080 586 3139 tenens,
620 3084 679 3130 et
711 3092 743 3130 a
791 3075 1036 3131 sinistris
1067 3077 1187 3148 ejus
1218 3077 1386 3131 Maria
1412 3075 1734 3147 imperatrix
1752 3083 1880 3141 stat,
1917 3083 1974 3130 et
2002 3074 2116 3144 ipsa
2147 3083 2427 3138 coronata,
2463 3081 2854 3144 sceptrumque
2891 3080 3064 3139 tenet;
3089 3069 3349 3127 Christus
3383 3083 3512 3124 vero
3541 3083 3635 3122 su-

357 3181 537 3236 perne
579 3167 860 3223 dexteram
894 3169 1130 3238 imponit
1173 3170 1340 3240 capiti
1385 3169 1758 3241 imperatoris,
1803 3180 1859 3226 et
1893 3169 2177 3225 sinistram
2219 3169 2384 3238 capiti
2426 3168 2819 3238 imperatricis,
2869 3166 3063 3222 ambos
3092 3181 3151 3221 se
3188 3164 3498 3238 patrocinio
3531 3176 3632 3216 suo

356 3269 548 3332 tegere
577 3263 916 3334 significans.
966 3264 1027 3321 In
1071 3267 1234 3322 tertia
1279 3266 1584 3337 imperator
1613 3267 1668 3322 in
1709 3267 1850 3322 solio
1893 3266 2111 3332 sedens,
2141 3263 2438 3320 Veritatem
2473 3279 2504 3318 ει
2531 3263 2762 3328 dextris,
2792 3261 3069 3317 Justitiam
3101 3275 3131 3314 a
3162 3257 3425 3323 sinistris,
3465 3267 3630 3324 supra

352 3354 562 3410 solium
601 3367 982 3428 exsurgentes,
1021 3359 1228 3415 habet:
1255 3360 1489 3417 inferius
1526 3377 1656 3417 vero
1686 3364 1897 3432 positos
1931 3371 2169 3432 quatuor
2191 3378 2258 3417 ex
2293 3359 2586 3431 pracipuis
2611 3356 3150 3428 aula‘imperatoria
3179 3353 3480 3420 ministris;
3508 3365 3631 3422 qua

350 3453 543 3507 omnia
569 3452 824 3524 pluribus
848 3455 1199 3524 explicantur
1224 3459 1279 3512 in
1314 3456 1636 3512 Bibliotheca
1661 3456 1990 3512 Coisliniana
2019 3459 2160 3529 typis
2185 3457 2332 3511 data.
2358 3456 2417 3510 In
2444 3466 2641 3526 quarta
2669 3453 2853 3508 tabula
2871 3455 3172 3523 imperator
3197 3455 3628 3520 reprasentatur

352 3545 507 3600 hunc
534 3545 743 3600 librum
784 3556 1001 3614 tenens,
1029 3547 1486 3620 Chrysostomum
1513 3548 1723 3604 habens
1745 3565 1774 3604 a
1799 3547 2029 3616 dextris,
2053 3547 2309 3604 eumdem
2335 3546 2536 3602 librum
2570 3553 2904 3617 tangentem,
2931 3553 2988 3600 et
3009 3549 3261 3599 sanctum
3305 3541 3626 3598 Michaelern

349 3639 686 3696 Choniatem
723 3655 755 3694 a
797 3639 1064 3696 sinistris.

427 3755 612 3814 Codex
655 3765 742 3813 est
773 3757 1053 3814 undecimi
1084 3758 1292 3822 saeculi,
1330 3767 1391 3813 ut
1418 3774 1486 3812 ex
1532 3759 1855 3814 charactere
1889 3758 2161 3826 arguitur.
2206 3757 2396 3826 Neque
2432 3767 2616 3812 tamen
2656 3755 2973 3826 Nicephoro
3015 3754 3318 3810 Botaniata
3363 3761 3623 3810 exaratus

346 3851 481 3918 fuit,
521 3853 616 3908 sed
649 3852 836 3918 alteri,
867 3851 963 3922 qui
1000 3851 1181 3922 ipsum
1209 3859 1586 3922 praeesserat,
1622 3852 1956 3922 imperatori.
1993 3851 2130 3906 Nam
2160 3850 2391 3920 pictura
2423 3851 2655 3921 priores,
2685 3864 2810 3920 quae
2839 3849 2891 3902 in
2918 3847 3138 3904 duobus
3176 3849 3328 3904 foliis
3362 3862 3431 3905 ex
3464 3856 3618 3904 utra-

345 3960 463 4016 que
497 3944 637 4000 facie
665 3945 904 4015 depictis
942 3953 1121 4008 erant,
1148 3946 1347 4000 excisa
1377 3945 1533 4000 fuere
1571 3963 1585 3999 :
1625 3944 1698 3999 ita
1732 3954 1791 3999 ut
1832 3943 2037 4000 limbus
2073 3951 2224 3998 totus
2251 3943 2452 4014 prioris
2487 3942 2716 4013 pictura
2748 3942 3096 4008 remanserit,
3132 3949 3190 3998 et
3218 3943 3340 3997 loco
3366 3942 3615 4013 priorum

343 4035 705 4103 tabellarum,
744 4054 868 4108 qua
905 4038 1074 4094 alium
1119 4039 1508 4108 imperatorem
1557 4037 1913 4102 exhibebant,
1968 4038 2051 4091 ha
2093 4053 2249 4093 nova
2287 4036 2583 4106 Nicephori
2616 4035 2914 4091 Botaniata
2963 4035 3466 4107 agglutinareutur.
3507 4034 3615 4104 Qui

340 4128 698 4198 Nicephorus
733 4145 844 4185 non
882 4130 978 4186 diu
1021 4131 1314 4201 imperium
1351 4131 1565 4198 tenuit;
1617 4147 1742 4185 nam
1782 4146 1929 4186 anno
1958 4130 2094 4187 1078
2121 4139 2440 4196 coronatus,
2482 4145 2626 4184 anno
2673 4129 2802 4184 1081
2841 4129 3127 4200 depositus
3152 4141 3207 4186 et
3240 4131 3296 4184 in
3320 4129 3618 4185 monacho-

340 4241 472 4279 rum
506 4225 762 4280 ordinem
797 4226 1057 4282 redactus
1101 4239 1206 4282 est.

419 4345 560 4401 Hinc
602 4345 794 4402 videas
841 4355 1052 4417 quanto
1091 4346 1150 4402 in
1198 4345 1377 4417 pretio
1405 4347 1607 4418 ecloga
1652 4347 1768 4403 ista
1801 4346 1945 4418 apud
1987 4345 2206 4402 Gracos
2240 4345 2444 4400 habita
2476 4345 2703 4401 fuerint.
2749 4342 3042 4408 Caterum,
3081 4350 3372 4413 postquam
3403 4341 3615 4412 priores

335 4443 560 4499 emissa
589 4443 829 4508 fuerant,
871 4443 992 4498 alia
1028 4459 1058 4497 a
1103 4441 1338 4500 diversis
1376 4443 1623 4514 adjecta,
1665 4452 1721 4498 et
1767 4443 1963 4514 prisca
1997 4442 2105 4498 illa
2133 4441 2434 4496 immutata
2465 4455 2609 4511 sape
2635 4440 2812 4505 fuere,
2848 4446 3022 4495 aucta
3059 4438 3335 4510 pluribus,
3371 4437 3611 4509 hincque

337 4552 540 4609 magna
575 4537 633 4593 in
665 4536 954 4594 codicibus
987 4538 1229 4593 varietas
1260 4539 1521 4593 occurrit.
1567 4538 1687 4594 Non
1715 4554 1784 4594 ex
1829 4539 2107 4610 germanis
2141 4537 2321 4594 solum
2350 4534 2578 4592 Joannis
2607 4535 2986 4608 Chrysostomi
3009 4535 3276 4606 operibus
3309 4535 3426 4591 hac
3475 4550 3614 4591 con-

336 4629 619 4684 sarcinata
662 4637 812 4694 sunt,
849 4629 947 4684 sed
981 4629 1152 4684 etiam
1184 4646 1251 4684 ex
1283 4631 1406 4685 aliis
1436 4647 1558 4701 qua
1601 4631 1686 4685 vel
1718 4631 1857 4685 falso
1890 4645 2093 4686 nomen
2131 4629 2510 4702 Chrysostomi
2552 4629 2974 4694 circumferunt,
3005 4629 3091 4685 vel
3133 4630 3279 4684 inter
3311 4627 3606 4681 admodum

334 4721 514 4778 dubia
555 4723 756 4778 merito
790 4723 1135 4793 rejiciuntur.
1183 4722 1241 4776 In
1273 4722 1424 4778 hisce
1454 4740 1620 4793 porro
1660 4725 1865 4795 eclogis
1897 4726 2136 4795 plurima
2171 4736 2296 4782 ante
2331 4725 2478 4782 dicta
2507 4735 2854 4796 repetuntur,
2887 4727 2942 4781 in
2975 4726 3192 4794 illisque
3219 4723 3454 4777 maxime
3484 4738 3607 4793 qua:

336 4818 452 4873 luci
480 4819 762 4876 mandavit
791 4819 1051 4886 Savilius,
1081 4822 1176 4891 qui
1202 4821 1391 4885 etiam,
1422 4831 1482 4874 ut
1523 4823 1637 4893 ipse
1687 4821 1912 4888 fatetur,
1942 4823 2010 4878 ad
2035 4839 2297 4879 nauseam
2330 4839 2507 4894 usque
2539 4825 2654 4880 hac
2685 4824 2928 4894 undique
2961 4821 3217 4878 corrasit.
3255 4820 3604 4892 Quapropter

334 4929 428 4969 me
457 4915 553 4970 diu
604 4915 828 4972 hasisse
873 4917 1070 4983 fateor,
1101 4933 1171 4973 an
1206 4919 1424 4991 eclogas
1469 4921 1591 4974 illas
1631 4920 1820 4974 darem
1865 4931 1926 4975 ut
1963 4921 2018 4976 in
2057 4920 2373 4977 Morelliana
2411 4920 2656 4976 editione
2697 4920 2973 4975 habentur
3009 4917 3074 4974 51
3116 4930 3368 4975 numero,
3419 4915 3603 4968 missis

332 5009 659 5076 Savilianis,
691 5026 816 5080 qua
855 5013 925 5068 48
960 5027 1254 5066 numerum
1297 5014 1597 5082 complent.
1636 5014 1861 5073 Verum,
1893 5030 1951 5070 re
1995 5015 2268 5070 maturius
2297 5031 2593 5085 perpensa,
2633 5012 2937 5069 Savilianas
2966 5012 3088 5067 illas
3133 5009 3351 5081 eclogas
3388 5025 3509 5079 qua
3544 5011 3600 5065 in

333 5102 657 5158 Morelliana
707 5119 818 5159 non
866 5114 1205 5174 comparent,
1243 5105 1483 5177 adjicere
1524 5107 1701 5161 visum
1740 5106 1864 5173 fuit,
1913 5123 1981 5163 ne
2027 5109 2161 5178 quid
2212 5109 2268 5164 in
2306 5109 2413 5174 his,
2466 5108 2852 5180 qualecunque
2883 5105 3101 5161 tandem
3145 5105 3239 5169 sit,
3291 5101 3617 5158 desiderari.

329 5200 639 5258 videretur.

405 5317 558 5393 [429]
597 5323 730 5390 Qua
763 5325 821 5380 in
850 5325 1170 5381 Morelliana
1198 5326 1465 5391 editione,
1495 5338 1727 5383 curante
1764 5328 2041 5382 Frontone
2065 5329 2284 5393 Durae,
2311 5329 2527 5383 emissa
2569 5335 2696 5381 sunt
2725 5330 2946 5396 ecloga,
2971 5341 3000 5380 a
3032 5323 3352 5378 Balthasare
3386 5323 3615 5378 Etzeliov

316 5413 617 5472 Bremensl
663 5433 696 5474 e
736 5419 1000 5476 societate
1040 5421 1168 5476 Jesu
1222 5422 1369 5493 typis
1410 5421 1550 5477 data
1611 5423 1831 5478 fuerant
1877 5424 2192 5495 Moguntia.
2252 5439 2376 5479 cum
2427 5422 2885 5490 interpretatione
2925 5421 3120 5477 Latina
3177 5435 3297 5484 sua,
3345 5420 3593 5490 exceptis

325 5508 664 5580 quibusdam
710 5527 834 5582 qua
869 5527 898 5567 a
944 5512 1198 5569 Matthao
1235 5513 1499 5569 Cromero
1535 5523 1593 5570 et
1633 5531 1662 5569 a
1722 5514 1888 5570 Lalio
1937 5517 2213 5572 Tifernate
2263 5530 2408 5569 cusae
2441 5528 2497 5570 et
2533 5513 2726 5568 Latine
2774 5526 3051 5567 conversa
3093 5512 3332 5578 fuerant,
3381 5521 3441 5566 ut
3488 5525 3590 5568 suo

329 5598 456 5656 loco
492 5603 864 5659 monebimus.
919 5605 1120 5682 Harum
1158 5607 1471 5676 eclogarum
1510 5608 2015 5664 consarcinatorcm
2055 5610 2224 5664 fuisse
2268 5605 2463 5661 dicunt
2497 5605 2846 5662 Theodorum
2882 5609 3226 5679 magistrum,
3279 5620 3340 5666 ut
3394 5610 3448 5666 in
3490 5625 3585 5666 co-

324 5695 452 5749 dice
502 5695 765 5755 Vaticano
812 5699 1006 5769 fertur,
1051 5701 1141 5770 qui
1183 5701 1347 5756 etiam
1387 5701 1713 5757 Theodorus
1747 5704 2133 5778 [laplmopatcs
2168 5702 2489 5762 vocabatur.
2523 5711 2583 5759 ut
2618 5701 2805 5757 videas
2851 5703 2994 5773 apud
3043 5703 3397 5760 Lamb-cuium
3444 5715 3500 5760 ct
3527 5706 3591 5762 in
