3966 6160
509 267 614 325 σω
1282 267 1652 326 PREFA'I’IO
1688 270 1754 324 IN
1797 269 2042 325 ECLOG.
2106 270 2192 326 ΕΤ
2235 266 2504 330 FLORIL.
2547 261 2961 338 SEQUENTIA.
3591 263 3692 344 tam;

501 383 906 454 Palaeographia
955 395 1144 441 nostra
1187 386 1392 452 Graeca,
1439 405 1562 459 pag.
1598 389 1686 443 92.
1726 389 1870 443 Dicit
1921 396 2107 442 autem
2157 387 2400 440 Etzelius
2431 400 2488 438 se
2519 383 2617 436 has
2658 381 2878 450 eclogas
2919 377 3197 445 excepisse
3221 390 3284 427 ex
3311 372 3484 428 codice
3510 385 3690 472 μένγε-Ξ

499 483 655 530 tusto
702 477 1050 532 bibliotheca:
1093 480 1149 534 S.
1186 482 1373 536 Jacobi
1423 483 1732 553 Moguntia-z.
1763 483 1974 553 Eclogze
2004 498 2134 536 vero
2165 483 2248 536 lue
2273 481 2341 534 ab
2371 479 2582 533 Etzelio
2609 476 2771 530 editae
2797 475 2860 528 5i
2899 481 3108 569 tantum
3148 468 3392 523 homilias
3418 468 3689 569 complent,"T

494 576 557 620 ut
601 569 858 624 diximus.
913 571 973 624 In
1022 573 1211 626 codice
1244 575 1539 644 Nicephori
1586 575 1886 629 Botaniatze
1934 591 2099 644 supra
2135 580 2442 627 memorato
2472 570 2540 624 55
2584 569 2877 622 habentur.
2924 563 3158 618 Savilius
3187 569 3383 622 autem,
3412 563 3499 628 qui
3524 563 3677 614 omnia

416 658 424 662 ”
490 667 733 735 undique
805 669 1068 730 corrasit.
1128 670 1490 741 quadraginta
1543 679 1598 725 et
1643 681 1770 726 octo
1824 671 2082 725 homilias
2144 669 2357 732 edidit,
2403 675 2459 720 et
2515 665 2621 718 hoc
2666 663 2719 717 in
2775 661 2926 715 notis
2976 658 3090 713 suis
3129 655 3379 711 Monitum
3432 656 3692 726 praemisit,-

488 767 620 812 tom.
669 759 804 825 VIII,
851 776 973 830 pag.
1025 761 1146 815 920.

562 915 580 946 ι
623 899 1105 968 Apanthismatum
1148 919 1412 957 numerus
1447 905 1502 957 in
1539 903 1934 973 manuscriptis
1980 904 2094 958 fere
2129 903 2220 967 5‘2,
2253 904 2343 968 55,
2378 901 2465 954 vel
2511 901 2601 964 54,
2631 895 2935 967 etquidem
2981 908 3048 947 ex
3093 889 3296 944 nostris
3327 888 3394 942 58
3437 887 3681 991 prioribus

484 994 630 1056 (nam
663 1000 879 1058 caetera,
915 1010 1037 1063 qua:
1083 1005 1415 1064 sequuntur,
1465 997 1696 1050 alterius
1734 997 1950 1065 generis
1983 996 2162 1066 sunt);
2216 996 2260 1050 si
2309 995 2497 1049 demas
2537 994 2591 1059 9,
2643 992 2704 1044 II
2736 999 2793 1044 et
2827 990 2918 1055 9.8,
2961 991 3258 1057 supersunt
3306 989 3504 1035 tantum
3533 989 3678 1048 capita

477 1082 547 1136 55
591 1085 906 1156 eclogarum
952 1091 1176 1150 nomine
1212 1092 1338 1162 jure
1398 1093 1693 1148 censenda.
1730 1092 2000 1148 Caeterum
2035 1102 2090 1158 et
2117 1093 2208 1147 hic
2237 1091 2480 1160 eclogam
2507 1089 2576 1143 de
2609 1086 2948 1157 virginitate,
2982 1098 3104 1176 qua:
3135 1081 3189 1134 in
3215 1077 3566 1176 manuscripto
3587 1075 3680 1128 Au-

475 1185 709 1242 gustano
753 1178 1027 1246 reperitur
1066 1179 1133 1248 (si
1163 1196 1327 1235 verus
1355 1191 1439 1235 est
1467 1182 1658 1236 titulus
1685 1183 1741 1236 in
1767 1183 1911 1236 libro
1953 1181 2191 1252 XXXIV)
2228 1178 2536 1236 desiderari
2567 1177 2705 1233 sciat
2737 1176 2956 1234 Lector.
2985 1173 3212 1237 Auctor,
3244 1184 3340 1223 seu
3367 1173 3541 1220 verius
3570 1181 3687 1219 con-

474 1267 807 1328 sarcinator.
860 1271 1054 1325 harum
1103 1274 1417 1343 eclogarum
1466 1275 1521 1328 in
1571 1277 1760 1331 codice
1815 1277 2080 1332 Vaticano
2132 1286 2189 1331 et
2239 1277 2492 1331 Palatino
2539 1274 2718 1328 fertur
2756 1271 3081 1326 Theodorus
3139 1267 3425 1337 Magister;
3470 1265 3554 1318 alii
3587 1265 3678 1318 fere

470 1359 608 1412 nihil
642 1360 693 1414 ei
746 1363 999 1416 tribuunt
1029 1377 1228 1433 praeter
1271 1367 1592 1422 vicesimam
1637 1370 1924 1438 septimam
1955 1384 2078 1438 qua:
2109 1370 2172 1424 D.
2203 1369 2355 1424 Pauli
2387 1367 2634 1422 continet
2661 1364 2994 1420 eneomium.
3030 1362 3203 1416 Porro
3251 1360 3304 1414 in
3348 1359 3448 1411 hac
3473 1356 3677 1410 editione

471 1449 846 1519 Moguntinam
872 1454 1170 1511 editionem
1199 1460 1610 1530 eastigavimus,
1665 1471 1721 1516 et
1767 1463 1957 1517 multis
2007 1461 2064 1518 in
2094 1463 2234 1518 locis
2274 1461 2740 1532 locupletavimus
2789 1475 2858 1513 ex
2905 1456 3088 1511 tribus
3137 1450 3519 1520 manuscriptis
3563 1449 3677 1519 (nam

469 1547 524 1598 in
579 1547 838 1604 omnibus
884 1550 1001 1606 fere
1042 1553 1400 1611 bibliothecis
1443 1566 1661 1612 exstant
1709 1559 2015 1630 descriptae)
2051 1564 2142 1616 :I.
2201 1559 2520 1622 Oxoniensi,
2572 1558 2626 1612 2.
2677 1554 3040 1619 Londinensi,
3089 1561 3146 1607 et
3197 1551 3250 1605 5.
3284 1551 3341 1604 in
3387 1546 3678 1603 bibliotheca

464 1656 608 1696 mea.
653 1643 869 1701 Titulus
913 1650 1313 1717 particularum
1345 1653 1458 1708 sive
1505 1655 1837 1722 sectionum,
1884 1637 1978 1725 qui
2031 1665 2094 1712 ut
2135 1657 2436 1727 plurimum
2479 1656 2535 1708 in
2584 1653 2902 1723 Moguntina
2931 1648 3182 1718 corrupti
3220 1651 3401 1710 erant,
3432 1660 3497 1698 ex
3522 1657 3681 1696 manu-

462 1738 688 1807 scriptis
729 1741 890 1808 aliis,
954 1747 1264 1812 praesertim
1310 1748 1632 1816 Oxoniensi,
1690 1753 1846 1820 cujus
1895 1753 2057 1808 nobis
2106 1753 2242 1808 fides
2292 1753 2648 1822 exploratior,
2699 1758 2756 1805 et
2809 1747 3108 1818 saepissime
3159 1744 3429 1800 consultis
3471 1740 3688 1818 fontibus.

458 1833 901 1891 emendavimus.
950 1838 1026 1900 De
1061 1839 1360 1897 Oxoniensi
1411 1844 1601 1900 codice
1651 1846 2082 1914 observandum,
2125 1848 2276 1901 illum
2313 1862 2343 1901 a
2387 1845 2618 1913 reliquis
2661 1857 2799 1914 quos
2841 1841 3081 1896 vidimus
3124 1839 3388 1894 omnibus
3417 1834 3680 1904 plurimum

456 1925 820 1998 discrepasse.
870 1933 928 1987 In
960 1934 1055 1990 illo
1086 1939 1234 1992 enim
1279 1941 1455 2008 capita
1490 1942 1707 2006 eadem,
1745 1943 2060 2012 etedemque
2099 1945 2387 2012 particula:
2415 1923 2690 2006 collectae,
2713 1946 2769 1994 at
2809 1939 2962 1992 nullo
2994 1935 3215 1996 ordine,
3248 1933 3398 1986 nulla
3435 1925 3676 1982 methodo.

457 2017 616 2112 Unde
665 2039 862 2084 omnes
906 2034 1192 2102 particulae
1240 2037 1484 2105 illativaa,
1528 2040 1726 2104 τοίνυν,
1776 2043 1891 2106 καί,
1943 2041 2023 2111 βοι

2115 2060 2122 2093 ι
2174 2041 2390 2110 μαθεῖν,
2429 2041 2680 2112 aliaeque,
2732 2055 2854 2110 quae
2895 2036 3054 2107 quasi
3097 2033 3357 2090 crementi
3395 2030 3509 2083 vice
3555 2033 3681 2085 sunt.

451 2111 732 2172 aberant:
788 2130 849 2176 ut
895 2123 950 2177 in
998 2125 1102 2180 hoc
1142 2129 1338 2184 codice
1387 2141 1648 2202 congesta
1698 2134 1950 2198 materia,
2011 2134 2068 2189 in
2124 2134 2357 2202 reliquis
2409 2111 2622 2204 digesta
2669 2131 2949 2196 videatur.
2999 2127 3130 2194 Quae
3182 2131 3492 2221 sequuntur
3529 2118 3679 2221 58,46

449 2205 788 2271 bibliotheca
837 2221 984 2288 regis
1033 2222 1317 2279 Gallorum
1355 2238 1505 2293 sunt,
1560 2231 1807 2298 exceptis
1867 2230 2086 2290 duabus
2140 2231 2372 2296 ultimis,
2421 2247 2576 2301 quae,
2619 2235 2681 2284 ut
2725 2237 2780 2283 et
2830 2227 2930 2295 28,
2977 2241 3039 2280 ex
3097 2222 3274 2288 Sladii
3334 2217 3440 2280 mei
3499 2209 3683 2268 chartis

448 2301 846 2362 Orientalibus.
901 2310 1020 2366 Non
1072 2330 1194 2370 sum
1244 2319 1468 2374 nescius
1513 2321 1754 2389 plurima
1806 2322 1860 2376 in
1911 2322 2000 2379 his
2041 2322 2246 2392 eclogis
2299 2321 2581 2378 emendari
2625 2335 2787 2391 posse
2851 2335 2881 2376 e
2931 2316 3202 2379 fontibus,
3267 2314 3314 2372 si
3371 2311 3493 2380 quis
3537 2321 3681 2361 venas

447 2413 642 2455 omnes
681 2414 1092 2477 perscrutotur;
1153 2414 1288 2482 quin
1346 2423 1402 2469 et
1446 2416 1628 2470 fontes
1695 2419 1844 2486 ipsos
1900 2433 1964 2472 ex
2013 2417 2100 2476 his
2168 2417 2364 2472 rivulis
2419 2432 2817 2486 nonnunquam
2880 2412 3102 2486 purgari
3156 2412 3433 2482 potuisse,
3487 2406 3529 2461 si
3577 2403 3683 2474 quis

446 2491 622 2546 otium
669 2501 725 2548 et
771 2497 1042 2570 integram
1093 2513 1309 2560 aetatem
1344 2507 1567 2564 afferret
1601 2527 1614 2562 :
1651 2525 1816 2580 quam
1865 2511 2100 2580 palmam
2135 2513 2390 2570 aliorum.
2443 2511 2537 2581 qui
2593 2521 2715 2580 post
2761 2526 2860 2566 nos
2915 2515 3099 2572 erunt,
3143 2504 3434 2561 industriae
3475 2500 3682 2568 diligen-

451 2581 648 2652 tiaeque
671 2587 1067 2660 relinquimus;
1105 2595 1159 2656 in
1198 2597 1392 2653 harum
1424 2601 1834 2668 emendatione,
1869 2612 2146 2673 quatenus
2177 2621 2207 2659 a
2236 2605 2398 2659 nobis
2419 2606 2704 2660 commode
2732 2604 2850 2659 ﬁeri
2887 2602 3083 2672 potuit,
3115 2614 3350 2671 operam
3379 2595 3682 2649 mediocrem

443 2676 699 2741 posuisse
749 2687 1021 2740 contenti.
1067 2688 1435 2748 Grammatiea
1481 2695 1788 2765 sphalmata
1854 2697 2062 2767 ubique
2111 2699 2403 2753 sustulisse
2452 2713 2564 2752 non
2608 2707 2727 2752 erat
2774 2712 2942 2760 curae,
2985 2710 3056 2749 ne
3104 2693 3401 2747 videamur
3447 2689 3586 2770 illam
3636 2685 3680 2738 in

440 2769 673 2862 {edendis
716 2771 1041 2854 fragmentis
1071 2783 1192 2840 istis
1219 2786 1560 2858 diligentiam
1600 2800 1884 2861 prwstare,
1924 2809 2088 2862 quam
2123 2801 2316 2847 auctor
2354 2794 2472 2862 ipse
2507 2793 2561 2846 in
2593 2791 2918 2862 colligendis
2952 2805 3062 2844 non
3092 2787 3324 2842 videtur
3361 2769 3678 2855 prmslitissf-

438 2859 550 2917 Νεο
591 2869 740 2932 enim
770 2871 989 2932 edimus
1028 2877 1209 2946 qualia
1255 2878 1512 2940 formavit
1537 2859 1978 2954 Clirysostomus,
2016 2885 2111 2938 sed
2139 2885 2320 2956 qualia
2359 2859 2687 2938 deformavit
2729 2859 2960 2952 supinus
3017 2888 3074 2935 et
3115 2881 3368 2934 oscitans
3402 2873 3678 2930 mutilalor-

440 2958 749 3026 SOIwcismi
785 2967 932 3030 enim
963 2980 1264 3030 occurrunt
1300 2989 1409 3028 non
1457 2976 1638 3044 pauci,
1702 2977 1852 3047 iique
1887 2987 2036 3032 tanto
2068 2978 2322 3032 codicum
2360 2992 2629 3031 consensu
2667 2973 3000 3036 confirmati,
3045 2981 3106 3027 ut
3155 2988 3273 3027 non
3324 2967 3682 3026 librariorum,

447 3051 544 3116 Sed
579 3052 756 3123 ipsius
794 3062 1034 3129 auctoris
1055 3063 1193 3120 vitio
1215 3068 1412 3123 merito
1437 3069 1726 3127 vidcantur
1754 3072 2069 3142 contigisse.
2113 3071 2250 3127 Nota
2278 3078 2363 3127 est
2387 3072 2533 3126 enim
2567 3070 2895 3141 posterioris
2918 3070 3098 3124 aetatis
3131 3066 3496 3139 grammatica
3522 3059 3684 3132 qualia

433 3141 604 3210 fuerit
648 3164 660 3200 ε
701 3159 798 3212 aut
832 3152 878 3208 si
927 3157 1016 3214 CUi
1056 3159 1302 3234 nondum
1356 3163 1427 3217 sit
1463 3166 1766 3233 explorata,
1811 3141 1972 3219 adeat
2004 3167 2296 3236 Georgium
2355 3164 2788 3220 Alexandrinum
2841 3172 2897 3218 et
2951 3163 3292 3233 biographos
3325 3171 3566 3222 nostros,
3595 3162 3679 3210 aut

432 3238 784 3314 apanlhisma
819 3243 956 3300 illud
1006 3251 1155 3318 quod
1204 3252 1261 3308 in
1301 3252 1407 3311 hoc
1452 3257 1732 3311 volumine
1765 3257 1947 3311 ultimi
1994 3266 2078 3311 est
2125 3266 2240 3312 tum
2291 3258 2420 3322 loci,
2478 3267 2595 3311 tum
2636 3257 2823 3334 pretii.
2882 3257 3257 3322 Quamobrem
3307 3272 3380 3311 ne
3411 3259 3681 3322 exspectet

426 3330 622 3429 ξεεῑοτν
679 3345 740 3390 ιιι
784 3353 922 3414 opus
959 3341 1066 3399 hoc
1104 3359 1135 3400 a
1181 3346 1343 3406 nobis
1388 3353 1694 3409 correctius
1733 3353 1982 3421 prodeat,
2016 3371 2179 3426 quam
2208 3366 2293 3412 est
2323 3359 2391 3413 ab
2432 3360 2550 3429 ipso
2579 3331 2804 3414 auctore
2846 3355 3190 3425 profectum;
3226 3372 3416 3426 neque
3467 3352 3685 3407 miretur

426 3423 602 3480 lector
646 3429 808 3506 citari
858 3433 950 3490 hic
994 3440 1276 3495 orationes
1323 3451 1379 3497 et
1428 3452 1692 3502 tractatus
1739 3447 1948 3518 aliquot

2119 3451 2241 3508 obis
2281 3452 2427 3506 inter
2453 3423 2939 3522 -dttg:t5a).).6;aeva,
2991 3467 3085 3507 seu
3132 3451 3306 3505 etiam
3367 3446 3679 3514 νοθευὸμενα

423 3522 689 3589 rejectos;
741 3541 864 3582 eum
886 3570 899 3592 ,
957 3539 1018 3585 ut
1063 3533 1360 3603 aliquoties
1399 3537 1807 3606 admonuimus,
1834 3555 1942 3595 non
1971 3543 2090 3598 heri
2122 3553 2218 3599 aut
2257 3546 2664 3602 nudiustertius
2712 3549 2938 3603 invectae
2973 3549 3082 3602 sint
3113 3547 3170 3600 in
3203 3545 3582 3600 bibliothecas
3606 3540 3682 3592 ba:

420 3611 694 3684 bonorum
745 3626 1036 3675 auctorum
1079 3627 1426 3695 corruptelae.
1458 3646 1473 3676 ι

488 3728 556 3824 Iit
594 3746 718 3812 pag.
776 3734 879 3796 928
905 3737 973 3794 de
997 3739 1188 3796 decem
1235 3746 1531 3812 postremis
1562 3749 1786 3819 eclogis,
1818 3765 1955 3820 quas
1993 3749 2108 3820 ipse
2135 3767 2258 3806 cum
2293 3753 2416 3807 aliis
2454 3769 2564 3807 non
2605 3755 2797 3822 paucis
2826 3754 3027 3824 adjecit
3065 3755 3305 3824 loquens
3338 3756 3468 3809 haec
3488 3752 3674 3806 habet:

427 3839 443 3884 ς
490 3821 693 3884 Βερεωη
737 3831 1117 3895 oratiunculas
1155 3849 1472 3905 sequentes,
1507 3840 1562 3892 in
1607 3841 1730 3895 aliis
1755 3841 1993 3909 ὲκλογῶν

2111 3847 2364 3911 ναγωγαῖς
2398 3846 2516 3900 fere
2544 3821 2652 3900 non
2683 3821 2948 3915 repertas,
2980 3821 3237 3902 exhibuit
3281 3845 3454 3900 nobis
3493 3844 3677 3898 biblio-

421 3912 574 4009 ιξξίξςθ
623 3916 792 3992 Regia
843 3920 1094 3990 Lutetiae,
1135 3929 1338 3996 quibus
1386 3931 1520 4000 ipsis
1565 3932 1684 3988 sine
1728 3950 1926 4008 magno
1967 3935 2315 3992 incommodo
2343 3953 2531 3995 carere
2561 3912 2834 4009 potuisset
2869 3939 3181 4009 respublica
3220 3939 3527 4002 litteraria,
3567 3950 3680 4009 cum

414 4004 548 4078 alibi
587 4011 815 4070 totidem
849 4018 1054 4083 verbis,
1091 4022 1194 4078 etsi
1240 4040 1349 4078 non
1389 4043 1499 4080 uno
1534 4037 1817 4092 contextu,
1856 4031 2204 4098 reperiantur
2236 4035 2382 4103 apud
2433 4035 2584 4089 hunc
2629 4045 2919 4091 nostrum:
2958 4037 3054 4091 sed
3103 4035 3413 4091 maluimus
3449 4036 3505 4089 in
3537 4005 3677 4105 [4501

414 4109 626 4202 partem
679 4118 910 4170 peccare
965 4116 1244 4168 tutiorem.
1300 4119 1358 4172 In
1390 4121 1509 4174 istis
1537 4121 1582 4175 si
1625 4139 1732 4192 qua
1764 4125 1818 4177 in
1855 4141 1913 4180 re
1956 4137 2201 4183 erratum
2245 4139 2349 4196 est,
2383 4142 2580 4186 notare
2616 4149 2726 4187 non
2756 4143 2840 4187 est
2866 4135 3046 4186 visum
3079 4133 3238 4188 tanti.
3271 4132 3330 4187 Si
3369 4132 3508 4204 quid
3537 4129 3674 4185 enim

527 4191 652 4294 istis
694 4197 782 4294 Sit
807 4201 955 4267 quod
1000 4201 1286 4262 Lectorem
1323 4211 1550 4278 alliciat,
1594 4191 1844 4270 consulat
1881 4219 2047 4273 modo
2077 4221 2269 4276 titulos
2309 4223 2364 4276 in
2406 4226 2651 4294 margine
2690 4243 2701 4278 :
2736 4227 2802 4280 ad
2845 4226 2938 4280 illa
2995 4225 3260 4280 editionis
3305 4236 3522 4281 nostra:
3570 4224 3676 4276 loca

409 4289 598 4336 statim
648 4289 981 4362 remittetur,
1029 4297 1122 4350 ubi
1169 4300 1285 4356 haec
1332 4304 1524 4358 eadem
1567 4305 1863 4362 habiturus
1913 4317 1997 4364 est
2034 4312 2386 4367 eorrectiora.
2418 4333 2437 4365 ι

483 4402 582 4497 δίᾳ
604 4404 716 4470 ille,
751 4415 813 4471 ut
847 4423 913 4462 ex
949 4411 1120 4481 priori
1155 4422 1286 4482 nota
1319 4417 1508 4478 videre
1535 4430 1637 4487 est,
1674 4423 1732 4476 in
1762 4422 1850 4478 his
1879 4425 2203 4497 colligendis
2229 4437 2285 4482 et
2311 4427 2674 4484 emendandis
2713 4431 2941 4485 multam
2974 4433 3236 4487 adhibuit
3264 4448 3467 4488 curam
3503 4443 3560 4489 et
3597 4432 3673 4486 in-

409 4496 702 4597 dustriam,
741 4507 798 4597 et
833 4500 1067 4558 fortasse
1103 4509 1366 4580 majorem
1415 4527 1576 4582 quam
1619 4517 1762 4570 ratio
1812 4527 1869 4572 et
1915 4496 2155 4590 dignitas
2196 4522 2382 4591 Operis
2421 4523 2758 4592 postulabat.
2809 4524 2990 4579 Unum
3026 4534 3208 4580 tamen
3249 4536 3342 4580 est
3389 4528 3546 4597 quod
3593 4525 3672 4580 vel

408 4605 516 4657 non
560 4590 817 4662 advertit,
861 4596 953 4650 vel
983 4597 1278 4657 admonere
1318 4607 1578 4676 neglexit,
1607 4625 1808 4680 nempe
1852 4612 2207 4670 homiliarum
2237 4633 2358 4686 quae
2384 4633 2452 4672 ex
2483 4618 2800 4688 hujusmodi
2839 4621 3045 4691 eclogis
3080 4623 3494 4676 consarcinata:
3523 4627 3670 4683 sunt,

404 4684 657 4762 ordinem
696 4689 842 4764 mire,
885 4691 1168 4750 diversum
1211 4713 1332 4754 esse
1377 4701 1433 4754 in
1479 4706 1871 4776 manuscriptis
1920 4710 2227 4777 codicibus,
2274 4722 2331 4768 et
2359 4731 2488 4769 vere
2524 4715 2706 4784 operis
2739 4716 2880 4772 ratio
2906 4717 3122 4770 nullum
3151 4727 3371 4773 certum
3409 4727 3670 4774 constan-

403 4787 623 4850 tcmque
664 4783 916 4840 ordinem
943 4789 1226 4855 postulare
1254 4793 1497 4848 videtur.
1528 4795 1597 4851 Ut
1627 4808 1811 4853 autem
1841 4800 1958 4855 baae
1993 4804 2232 4858 varietas
2261 4806 2476 4862 ordinis
2502 4783 2696 4862 lectori
2738 4819 3024 4880 perspecta
3053 4811 3144 4878 sit,
3186 4813 3424 4868 ordines
3451 4814 3670 4882 Mogun-

401 4875 504 4951 ti‘ui
545 4877 754 4934 codicis
799 4883 1020 4959 qualem
1067 4895 1290 4942 secutus
1317 4898 1402 4944 est
1433 4891 1701 4960 Etzelius,
1750 4903 1806 4948 et
1834 4895 2125 4954 Savilianm
2167 4900 2450 4968 editionis,
2502 4920 2719 4960 necnon
2762 4907 2970 4961 codicis
3010 4907 3369 4972 Coisliniani,
3422 4909 3522 4978 qui
3571 4907 3670 4960 fuit

399 4971 1048 5075 NicephoriﬁBotaniatae
1079 4981 1452 5052 imperatoris,
1505 5002 1536 5041 e
1577 4989 1798 5059 regione
1827 4994 2106 5061 ponimus,
2141 5006 2197 5050 et
2243 4997 2310 5052 ad
2343 4999 2589 5073 singulos
2619 5001 2807 5057 titulos
2836 5004 3044 5058 codicis
3086 5004 3290 5074 prioris
3322 5005 3665 5075 Moguntini,

400 5076 661 5120 numeros
709 5068 1000 5127 Savilianae
1054 5076 1292 5143 primum
1342 5080 1630 5147 editionis,
1681 5100 1745 5139 ac
1775 5086 1977 5141 deinde
2027 5089 2236 5145 codicis
2273 5091 2593 5147 Coisliniani
2638 5095 3047 5167 subiungimus,

469 5177 605 5246 Cum
659 5197 789 5254 ergo
840 5188 990 5242 nulla
1044 5192 1316 5262 assignari
1355 5197 1530 5266 possit
1571 5199 1688 5254 veri
1741 5201 1956 5254 ordinis
1996 5203 2156 5268 ratio,
2208 5205 2276 5259 ad
2308 5205 2526 5261 libitum
2578 5219 2782 5279 putans
2831 5227 2916 5266 me
2955 5228 3115 5282 posse
3148 5227 3295 5277 eum,
3355 5213 3459 5280 qui
3497 5212 3664 5281 magis

400 5274 691 5344 arrideret,
741 5283 994 5338 ordinem
1027 5289 1215 5356 sequi;
1253 5291 1434 5360 primo
1462 5294 1624 5363 posui
1669 5296 1892 5367 triginta
1922 5306 1979 5352 et
2029 5315 2192 5355 unam
2239 5302 2496 5357 homilias
2537 5274 2658 5360 illas
2685 5314 2745 5360 ut
2771 5306 2824 5360 in
2866 5274 3186 5377 Moguntina
3216 5307 3421 5364 codice
3456 5310 3675 5364 baben-

397 5379 508 5469 tur,
558 5389 683 5429 cum
724 5377 1183 5450 interpretatione
1226 5388 1416 5446 Etzelii
1454 5402 1509 5447 et
1561 5393 1794 5450 aliorum
1841 5397 1933 5467 qui
1984 5397 2041 5452 in
2081 5401 2258 5456 titulis
2309 5414 2706 5469 memorantur,
2761 5407 3072 5461 emendatis.
3109 5408 3285 5462 titulis
3340 5407 3672 5461 secundum.

400 5468 734 5572 §avilianam
798 5477 1120 5549 editionem,
1173 5486 1559 5562 adjunctisque
1605 5493 1660 5547 in
1706 5495 2037 5564 quibusdam
2089 5497 2334 5554 homiliis
2379 5499 2468 5566 iis,
2509 5517 2635 5570 quas
2678 5501 2733 5555 in
2771 5503 3091 5572 Moguntino
3143 5505 3333 5561 codice
3395 5505 3659 5558 deerant.

398 5565 709 5641 Posteaque
741 5587 832 5632 .eas
869 5590 1003 5648 quas
1031 5580 1272 5639 Savilius
1306 5589 1390 5642 vel
1423 5589 1836 5649 inserueratvel
1882 5595 2258 5666 subjunxcrat.
2293 5598 2748 5668 interpretatione
2775 5599 2968 5656 Latina
2999 5616 3028 5655 a
3061 5616 3148 5656 me
3173 5601 3424 5656 donatas
3442 5600 3663 5663 addidi;
