3966 6160
290 290 387 346 $5!
1083 288 1457 349 Pllghl‘ATlO
1497 288 1565 341 ιλ
1606 288 1855 343 ECLOG.
1916 288 2003 343 ET
2041 289 2314 344 FLORIL.
2357 289 2771 356 δερυωᾰτω.
3452 293 3560 349 559

287 416 354 462 ut
395 406 513 478 jam
557 405 628 459 48
668 417 960 458 numerum
995 404 1327 473 compleant.
1364 401 1506 457 Illud
1549 403 1717 457 etiam
1768 402 2001 468 tentavi,
2058 403 2207 473 quod
2251 404 2490 460 Savilius
2537 420 2596 459 se
2635 404 2830 460 ausiun
2881 419 2993 459 non
3035 405 3205 460 fuisse
3244 404 3557 476 proﬁtetur.

288 508 352 555 ut
385 513 588 568 nempe
622 497 743 552 loca
779 511 1009 566 operum
1055 495 1436 568 Cbrysostomi
1481 497 1549 552 ad
1583 497 1890 571 marginem
1927 498 1996 557 ab
2040 499 2362 570 eclogarum
2412 501 2739 556 auctoribus
2792 509 3095 554 memorata
3130 502 3448 570 reperirem,
3501 510 3555 556 el

288 598 474 650 locum
509 593 605 649 ubi
646 593 703 647 in
749 593 854 648 hac
899 591 1144 648 editione
1194 602 1435 660 exstant,
1493 594 1853 665 assignarent.
1891 596 1963 649 At
2006 605 2302 666 postquam
2341 610 2405 650 ea
2440 597 2496 651 in
2536 612 2595 651 re
2645 612 2755 651 non
2797 612 2992 666 parum
3050 598 3470 660 desudaveram.
3501 609 3553 653 et

283 696 407 751 loca
440 708 551 748 non
583 706 758 761 pauca
795 691 1202 761 assignaveram
1251 705 1375 760 quae
1406 691 1463 744 in
1507 690 1747 745 decursu
1777 691 1957 747 lector
1986 691 2284 746 observare
2311 692 2541 761 poterit,
2576 691 2943 746 animadverti
2980 708 3097 748 rem
3135 701 3244 746 tam
3270 707 3556 761 operosam

293 803 409 844 esse
455 794 518 842 ut
560 786 649 841 vix
693 784 884 856 perﬁci
933 785 1131 856 possit.
1182 786 1474 854 Quomodo
1522 786 1693 852 enim,
1740 787 1835 842 ubi
1884 786 1942 840 in
1986 788 2235 858 margine
2290 789 2521 853 dicitur,
2557 788 2642 842 Ex
2689 786 2987 843 Comment.
3030 790 3087 842 in
3135 786 3449 842 Matthazum
3504 792 3558 841 in

293 884 574 949 Joannem,
617 885 676 938 in
729 882 905 953 Epist.
954 883 1026 937 ad
1077 882 1365 948 Romanos,
1407 885 1476 936 ad
1515 882 1836 949 Corinthios,
1871 883 1945 940 ad
1986 883 2258 949 Hebraea,
2307 899 2433 939 cum
2483 899 2626 953 saepe
2664 884 2757 936 vix
2797 899 2908 937 una
2935 883 3202 953 periodus
3232 882 3442 952 integra
3493 897 3557 935 ex

292 978 387 1033 illo
418 979 820 1034 commentario
850 978 1148 1045 aﬂeratur;
1194 980 1282 1035 vel
1317 980 1363 1034 si
1414 981 1606 1049 plures
1648 979 1862 1049 periodi
1905 981 2076 1036 variis
2108 996 2178 1035 ex
2221 981 2361 1035 locis
2392 988 2668 1050 excerpta:
2720 979 2858 1044 sint,
2901 994 3158 1048 saepeque
3186 995 3217 1033 a
3241 978 3558 1042 collectore,

292 1081 353 1131 ut
379 1090 504 1133 cum
542 1074 997 1144 praecedentibus
1025 1074 1324 1145 quadrent,
1349 1090 1461 1135 non
1496 1090 1693 1150 parum
1728 1084 2015 1135 mutentur
2045 1075 2384 1147 :quomodo,
2417 1076 2665 1145 inquam,
2707 1074 2760 1128 in
2805 1083 2910 1129 tam
2936 1075 3133 1144 amplis
3155 1071 3563 1128 commentariis

288 1169 609 1241 bujusmodi
648 1169 954 1240 particulas
983 1169 1307 1240 expisceris,
1352 1178 1410 1226 et
1452 1171 1589 1243 quid
1634 1171 1856 1233 demum
1901 1172 1968 1227 ad
2007 1171 2262 1228 Lectoris
2301 1170 2653 1227 commodum
2707 1170 2940 1226 afferant
2987 1168 3307 1240 hujusmodi
3355 1168 3564 1223 indica—

292 1263 474 1324 tiones
520 1277 644 1332 quae
694 1262 763 1320 ad
808 1271 889 1318 tot
937 1271 995 1319 et
1048 1271 1201 1324 tanta
1237 1263 1523 1319 volumina
1572 1264 1844 1336 legentem
1891 1265 2234 1321 amandant?
2264 1264 2614 1335 Quapropter
2640 1263 2709 1318 ab
2748 1263 3093 1319 infructuoso
3139 1246 3327 1316 labore
3373 1274 3562 1331 perse-

287 1356 518 1426 quendo
564 1356 830 1422 abstinui.

365 1471 449 1529 Ex
498 1472 567 1526 iis
608 1485 741 1527 vero
769 1471 1033 1527 omnibus
1070 1487 1193 1547 qua:
1238 1471 1387 1527 dicta
1417 1478 1568 1535 sunt,
1612 1470 1807 1525 inferri
1853 1477 2035 1539 potest
2066 1483 2262 1539 parum
2293 1469 2436 1524 lucri
2476 1485 2542 1524 ex
2572 1469 2770 1523 barum
2816 1466 3132 1538 eclogarum
3162 1467 3402 1562 lectione
3438 1480 3569 1535 per-

291 1566 405 1635 cipi
453 1581 638 1637 posse.
667 1581 795 1622 cum
832 1564 1071 1626 maxime
1114 1566 1257 1631 loca,
1289 1565 1494 1635 quibus
1536 1563 1643 1619 illae
1679 1562 2084 1619 consarcinatae
2112 1562 2360 1627 fuerunt,
2406 1562 2463 1617 in
2494 1562 2632 1633 ipsis
2660 1559 3042 1634 Chrysostomi
3070 1557 3336 1629 operibus
3368 1566 3426 1611 et
3460 1557 3563 1610 bo-

295 1663 469 1718 miliis
520 1671 578 1717 et
611 1664 842 1732 puriora
871 1662 1283 1735 sincerioraque
1328 1662 1462 1725 sint,
1496 1668 1554 1715 et
1592 1676 1719 1715 cum
1772 1658 2222 1729 praecedentibus
2261 1667 2317 1714 et
2361 1659 2722 1730 sequentibus
2764 1657 2949 1728 aptius
2995 1656 3331 1712 cohaereant.
3379 1653 3563 1708 Unum

295 1757 533 1821 fortasse
563 1757 756 1823 fuerit,
815 1758 873 1819 in
913 1772 1025 1837 quo
1061 1757 1268 1828 aliquid
1300 1756 1432 1812 boni
1459 1755 1732 1825 expiscarl
1754 1754 1975 1826 possis;
2008 1770 2077 1809 ex
2119 1754 2260 1809 locis
2292 1769 2493 1824 nempe
2533 1753 2677 1821 illis,
2708 1769 2833 1823 quae
2870 1768 2937 1807 ex
2972 1750 3236 1822 operibus
3265 1748 3566 1821 Chysosto-

295 1857 398 1920 mi,
448 1870 570 1926 quae
603 1854 845 1925 periere.
882 1862 1144 1925 excerpta
1180 1862 1327 1910 sunt.
1370 1854 1574 1909 Verum
1602 1861 1972 1923 praeterquam
1999 1849 2148 1921 quod
2188 1850 2523 1921 paucissima
2563 1850 2656 1905 illa
2700 1849 2820 1905 loca
2858 1857 3007 1916 sunt,
3040 1849 3114 1903 ita
3144 1845 3391 1903 breviter
3423 1842 3560 1900 affe-

296 1957 521 2015 runtur,
562 1956 627 2010 ut.
657 1950 750 2003 vix
780 1949 1164 2013 internoscere
1197 1948 1376 2018 possis
1407 1961 1473 2005 ex
1510 1945 1865 2018 germanisne
1896 1959 1967 2001 an
2002 1959 2071 2001 ex
2111 1943 2254 2003 falso
2284 1943 2545 2014 ascriptis
2583 1942 2979 2015 Cbrysostomo
3009 1937 3275 2010 cperibus
3306 1943 3559 2004 excerpta

296 2043 529 2109 fuerint.
565 2041 650 2097 Ad
692 2042 811 2101 hac
845 2047 1029 2103 autem
1080 2039 1273 2095 isthaec
1304 2038 1535 2095 moralia
1579 2038 1829 2108 quaedam
1863 2037 2043 2092 solum
2073 2043 2350 2108 praecepta
2377 2035 2661 2102 exhibent,
2701 2050 2826 2107 qua;
2866 2035 2923 2089 in
2971 2042 3121 2088 tanta
3153 2044 3382 2100 operum
3424 2026 3561 2081 silva
3629 2072 3637 2097 ,

293 2141 613 2198 sexcenties
644 2155 677 2194 ι
702 2147 895 2203 sancto
919 2137 1155 2197 Doctore
1202 2142 1553 2208 repetuntur.
1586 2134 1670 2193 Nc
1697 2133 1832 2205 quid
1857 2142 2042 2193 tamen
2072 2133 2380 2197 desiderari
2406 2132 2683 2202 videatur,
2714 2129 3109 2204 amplissimam
3136 2124 3407 2189 omnium,
3441 2136 3564 2192 quae

254 2246 261 2251 '
296 2239 408 2305 iam
447 2238 745 2310 habentur,
791 2238 1110 2311 eclogarum
1146 2236 1526 2294 collectionem
1567 2232 1922 2307 proferimus.
