3916 6132
330 398 434 454 9ι5

330 510 572 584 membra
617 507 889 584 suppliciis
931 513 985 584 et
1020 502 1306 584 doloribus
1344 499 1574 584 obuosia
1618 511 1795 584 sonu.
1821 498 1910 584 ille

333 598 460 636 vero
488 583 539 635 in
570 596 629 636 se
657 572 874 635 dolores
895 579 1107 632 admisit
1137 584 1193 631 et
1223 583 1484 628 tormenta
1515 588 1653 642 qua}.
1683 572 1905 642 perinde

332 662 492 726 atque
521 651 592 705 illi
617 652 706 722 qui
735 651 975 726 corporis
995 657 1120 726 sunt
1153 653 1425 726 expertes,
1458 644 1692 726 pertulit.

452 717 669 776 t-mterea
697 730 752 775 et
774 721 874 774 alia
903 719 1066 772 multa
1093 724 1218 771 sunt
1240 717 1290 770 in
1316 729 1382 768 eo
1407 730 1600 781 genera
1627 717 1903 768 virtutum.

332 792 573 847 Similem
617 792 759 846 enim
803 791 953 843 illum
993 789 1149 842 Petro
1191 797 1245 842 et
1293 785 1456 840 Paulo
1491 785 1670 840 dicere
1711 788 1904 840 ausim.

334 861 574 932 Namque
595 862 733 916 sicut
757 861 830 914 illi
846 861 1058 932 magnis
1073 857 1379 932 countibus,
1399 869 1692 926 magnaque
1713 855 1908 932 virtute

337 924 518 1002 plagas
554 924 1028 1002 Occidentales'ab
1072 927 1377 1002 idololatria
1412 924 1800 1002 revocaverunt
1839 924 1907 978 ad

335 994 475 1056 viain
505 1017 625 1074 qua:
650 1001 715 1055 ad
743 1000 1100 1074 cognitionem
1133 999 1221 1052 Dei
1252 997 1523 1074 perducit:
1546 997 1697 1074 itaet
1725 994 1908 1074 beatus

335 1067 632 1144 Gregorius
659 1067 969 1144 Orientales
987 1079 1161 1144 partes
1197 1067 1569 1144 przedieatione
1605 1067 1906 1144 illustravit.

338 1135 527 1198 Docuit
554 1143 694 1198 enim
737 1142 854 1196 illas
890 1135 1170 1194 colendum
1199 1135 1332 1192 esse
1376 1137 1608 1202 Patrem,
1640 1135 1829 1190 Filium
1856 1144 1910 1190 et

335 1214 590 1282 Spiritum
635 1221 876 1266 sanctum
914 1228 926 1261 :
958 1207 1188 1282 verbum
1215 1222 1244 1260 a
1272 1206 1430 1282 Patre
1461 1206 1790 1282 individuum
1821 1219 1908 1282 as-

336 1274 860 1356 sutnpsisserorpus
898 1295 961 1335 ex
1005 1278 1254 1356 Virgine:
1285 1276 1577 1347 perfectum
1626 1274 1908 1356 Detun‘fa-

337 1348 481 1408 ctnni
503 1369 622 1408 esse
650 1348 914 1406 hominem
941 1349 1248 1419 perfectum.
1277 1358 1436 1418 atque
1463 1361 1556 1414 per
1581 1348 1910 1419 nativitatem

335 1424 539 1478 doloris
565 1432 838 1491 estiertem
873 1417 1506 1491 incorruptibile_co:'pns_
1531 1417 1907 1491 assumpsisse.

414 1486 652 1548 Verbum
689 1493 801 1556 Dei,
845 1486 1134 1568 inquiebat,
1160 1486 1301 1557 quod
1341 1497 1423 1541 est
1459 1487 1673 1568 eloquio
1715 1486 1907 1568 majus,

337 1577 564 1629 corpore
591 1578 711 1617 cum
739 1555 1017 1622 crevisset,
1047 1555 1424 1614 conversatum
1455 1569 1537 1612 εει
1564 1555 1702 1611 inter
1733 1555 1910 1629 homi-

339 1627 466 1698 nes';
515 1642 570 1687 et
606 1632 1066 1686 circutncisioncm
1087 1670 1102 1694 ,
1133 1643 1290 1698 quam
1327 1629 1581 1690 subierat,
1614 1642 1708 1698 per
1735 1627 1910 1698 bapti-

337 1697 511 1757 smum
553 1703 846 1772 abrogavit.
888 1697 1394 1772 r’fraditus’cstpro
1427 1698 1579 1752 nobis
1619 1697 1730 1761 ille,
1761 1697 1848 1766 qui
1879 1712 1910 1751 a

338 1775 458 1827 sinu
488 1773 659 1827 Patris
689 1769 1024 1826 indivisibilis
1057 1777 1210 1825 erat:
1237 1769 1434 1821 clatum
1456 1777 1540 1822 est
1567 1783 1727 1835 super
1751 1782 1912 1822 cruce

344 1845 572 1898 \‘erhnm
608 1853 661 1898 et
695 1853 959 1897 mortuum
986 1852 1069 1894 est
1105 1839 1316 1909 quidem
1360 1847 1610 1907 quantum
1639 1837 1704 1909 ad
1728 1837 1908 1890 huma-

341 1929 462 1967 nam
491 1925 752 1974 naturam,
782 1912 875 1966 sed
903 1908 1203 1966 immortale
1245 1909 1393 1962 stetit
1427 1917 1482 1962 et
1516 1908 1708 1960 mansit
1746 1923 1905 1975 quan-

343 1993 451 2036 lttm
483 1985 548 2038 ad
575 1983 904 2038 divinitatem
933 1996 1048 2050 quae
1079 1981 1130 2034 in
1158 1981 1408 2050 illo_erat.
1455 1978 1588 2050 Quia
1627 1986 1804 2030 autem
1844 1992 1907 2030 ex

340 2054 538 2123 duplici
581 2063 765 2107 natura
805 2047 1207 2123 unus—efficitur
1235 2048 1496 2123 Christus,
1534 2047 1653 2123 ideo
1684 2056 1908 2123 mortem

342 2117 628 2198 perpessus
665 2133 748 2178 est
780 2135 1028 2190 corpore,
1055 2119 1194 2190 quod
1234 2130 1344 2198 erut
1391 2118 1651 2198 divinitati
1691 2117 1912 2198 conjnnf

338 2188 507 2250 ctum.
548 2194 686 2249 Caro
719 2188 1139 2264 qu:e_iorr_netita
1187 2188 1483 2264 sustinuit,_
1506 2189 1642 2264 Dens
1681 2196 1826 2264 erat,
1856 2197 1911 2264 et

342 2264 659 2322 immortalis
687 2257 801 2318 er'at
830 2262 1078 2317 divinitas
1104 2275 1220 2330 qua:
1247 2273 1440 2327 corpus
1471 2257 1737 2330 induerat.
1773 2259 1912 2311 Divi-

343 2341 480 2388 nitas
504 2349 720 2389 carnem
753 2333 918 2388 Deum
949 2329 1158 2394 eil‘ecit’,
1202 2340 1360 2398 atque
1397 2330 1465 2382 ita
1497 2329 1828 2397 aequabiliter
1857 2337 1912 2383 et

341 2408 498 2474 plane
531 2419 652 2460 cum
682 2403 860 2458 Verbo
886 2403 1029 2456 unita
1060 2400 1272 2474 fuit,_ut
1303 2398 1429 2453 illttd
1463 2399 1618 2474 quod
1636 2412 1732 2465 pro
1757 2400 1910 2453 nobis

341 2469 607 2529 inortutnn
647 2484 701 2529 et
738 2474 1001 2538 sepultum
1034 2481 1137 2535 est,
1170 2469 1308 2523 idem
1337 2484 1432 2538 per
1457 2470 1786 2523 divinitatem
1826 2484 1912 2524 re-

339 2547 641 2600 surrexerit
683 2553 737 2598 et
779 2538 1102 2598 destruxerit
1149 2540 1367 2594 inferos.
1415 2538 1548 2594 Illud
1578 2541 1910 2608 cognoscite,

339 2614 468 2669 illud
501 2615 740 2680 adorate,
761 2614 881 2686 quia
906 2612 1034 2668 illud
1061 2612 1206 2682 (cum
1231 2608 1406 2665 Verbo
1436 2608 1802 2681 conjunetum)
1827 2620 1912 2665 est

338 2687 574 2739 omnium
608 2686 764 2740 Deus.

409 2755 485 2809 Ea
515 2765 692 2809 autem
725 2762 808 2810 est
833 2751 1097 2813 doctrina,
1129 2764 1232 2820 qua
1259 2748 1545 2821 superbam
1569 2749 1716 2806 illam
1743 2757 1798 2806 et
1823 2764 1913 2806 su-

338 2825 679 2894 percilio~am
702 2833 916 2894 gentem
943 2821 1240 2894 erudiebat2

410 2889 730 2949 Praedicatio
747 2893 908 2948 sancti
931 2891 1182 2962 Gregorii.
1206 2890 1363 2945 Fides
1382 2891 1491 2959 eius
1511 2891 1564 2944 in
1585 2889 1714 2945 Deo.
1743 2889 1839 2944 Sol
1858 2891 1912 2944 in

343 2965 567 3021 tenebris
592 2966 986 3034 ['ulgensqadix
1010 2965 1134 3034 ﬁdei
1153 2974 1203 3018 et
1223 2967 1444 3018 uelutis
1470 2965 1703 3032 agricola
1722 2964 1916 3033 Grego-

342 3037 454 3089 rius
474 3034 872 3102 est.-—Talenta
907 3034 1010 3088 sibi
1032 3034 1238 3088 credita
1273 3035 1360 3088 hic
1393 3035 1709 3103 multiplicia
1737 3035 1916 3090 reddi-

342 3104 443 3170 dit,
459 3118 564 3158 non
585 3103 800 3172 quidem
823 3103 935 3157 duo.
952 3119 1048 3172 pro
1072 3104 1260 3174 unico,
1276 3111 1369 3157 ant
1396 3115 1631 3172 quatuor
1661 3119 1758 3174 pro
1783 3105 1918 3160 duo-

342 3175 466 3234 bus.
490 3184 582 3227 aut
603 3174 786 3228 decem
810 3187 906 3242 pro
926 3174 1166 3242 quinque
1188 3173 1446 3236 referens,
1471 3174 1564 3229 sed
1587 3173 1916 3230 talentorum

342 3243 621 3314 myriadag
638 3243 881 3296 lucratus
900 3251 1003 3314 est,
1029 3250 1082 3296 et
1102 3242 1306 3314 idcirco
1328 3257 1356 3295 a
1383 3243 1607 3314 Omnino
1625 3245 1786 3299 verba
1807 3244 1920 3298 haec

343 3311 513 3367 audiit
539 3311 736 3381 :Euge,
755 3328 896 3366 serve
917 3312 1044 3365 bone
1069 3321 1118 3365 et
1147 3311 1341 3379 ﬁdelis,
1360 3313 1482 3380 quia
1512 3312 1566 3366 in
1595 3328 1764 3375 pauca
1791 3314 1920 3366 huc-

342 3397 506 3451 usque
534 3383 681 3450 fuisti
707 3381 901 3451 fidelis,
932 3396 1107 3451 supra
1123 3382 1297 3451 multa
1319 3390 1374 3451 te
1409 3385 1746 3448 constituam,
1777 3383 1918 3436 intra

341 3451 398 3505 in
424 3449 682 3518 gaudium
707 3449 923 3504 Domini
953 3452 1032 3506 tui
1060 3449 1276 3519 (Matth.
1305 3450 1398 3506 25.
1430 3451 1516 3506 ll.
1547 3462 1597 3506 et
1618 3453 1735 3521 23).

407 3523 627 3576 Beatum
658 3522 799 3578 hunc
825 3523 1294 3593 apostolinomine
1321 3524 1568 3592 insignio.
1599 3525 1647 3593 ls
1676 3536 1908 3592 namque

334 3600 648 3647 caeterorum
677 3593 842 3648 instar
863 3591 1250 3660 apostolorum,
1285 3591 1588 3660 prtedicavit
1616 3592 1782 3646 Deum
1814 3591 1909 3646 ve-

335 3676 475 3727 rum,
507 3663 646 3718 idola
673 3671 729 3718 et
755 3663 1016 3719 idolorum
1043 3663 1235 3730 templa
1262 3661 1526 3717 destruxit
1549 3702 1563 3723 .
1599 3663 1762 3717 Deum
1791 3662 1909 3717 caeli

335 3731 560 3787 adorare
586 3734 788 3799 docuit,
824 3743 880 3788 et
919 3734 1338 3800 superstitiosam
1367 3748 1490 3802 erga
1515 3741 1790 3788 creaturas
1815 3732 1909 3786 ab-

336 3803 573 3874 rogando
603 3804 933 3874 religionem,
960 3803 1162 3857 cultum
1178 3802 1478 3858 Conditoris
1497 3812 1796 3859 creaturam
1823 3803 1910 3856 in-

335 3872 525 3926 stituit.

409 3943 457 3995 ls
485 3942 690 3998 ardenti
719 3959 842 3998 cum
878 3942 993 3997 zelo
1032 3943 1198 3998 libros
1236 3941 1628 4012 Scripturarum
1657 3943 1910 3998 divinitus

337 4010 710 4086 inspiuatarnm
759 4015 971 4068 edocuit
1001 4013 1304 4086 :_h0tnilias
1337 4010 1652 4081 conscripsit
1697 4014 1772 4086 (α)
1819 4029 1910 4086 sa-

337 4083 536 4150 pientia
587 4085 813 4152 plenas,
868 4083 1199 4154 populosque
1256 4083 1909 4153 quamplurimas—crtum

339 4154 415 4205 vit
442 4154 537 4216 (ιι).

573 4222 806 4278 Danielis
833 4238 1025 4278 nomen
1055 4222 1195 4292 apud
1212 4235 1321 4279 une
1358 4222 1653 4291 Gregorius
1682 4224 1908 4280 obtinet.

337 4293 485 4346 Sicut
528 4294 688 4366 enim,
717 4296 975 4366 propheta
1022 4306 1238 4366 sanctus
1267 4309 1296 4347 a
1325 4309 1449 4363 rege
1499 4295 1910 4366 Babyloniorum

339 4377 524 4430 ptenas
543 4365 739 4432 exegit,
767 4365 1022 4433 illumque
1045 4363 1189 4418 velut
1214 4365 1401 4418 bovem
1430 4373 1485 4418 et
1511 4363 1802 4419 sub'fortna
1828 4367 1915 4420 bo-

337 4435 416 4503 εἰς
446 4444 651 4500 pastum
679 4435 854 4503 abegit
887 4437 937 4488 in
965 4435 1174 4488 deserta
1205 4451 1218 4486 :
1249 4435 1317 4488 ita
1348 4445 1401 4488 et
1426 4436 1678 4489 rebellem
1702 4438 1909 4490 veritati

337 4501 626 4576 Tiridatem
673 4501 906 4575 apt-tigna
949 4505 1115 4557 forma
1157 4504 1398 4576 indutum
1445 4504 1683 4574 Gregorii
1729 4523 1914 4576 preces

338 4571 584 4628 humana:
623 4571 822 4629 formae
847 4576 1207 4629 restituerunt.
1245 4575 1425 4628 Fidem
1453 4571 1698 4644 equidem
1730 4571 1916 4631 habuit

337 4659 433 4709 spe
476 4645 673 4710 nixam,
715 4656 768 4698 et
813 4646 1066 4715 integrant
1101 4656 1157 4698 ut
1198 4661 1418 4715 granum
1464 4648 1682 4714 sinapis,
1716 4648 1766 4700 in
1809 4663 1914 4716 quo

339 4728 444 4764 tton
479 4725 653 4785 potest
675 4727 926 4785 corrupto
949 4716 1146 4785 vermis
1173 4717 1322 4778 oriri,
1351 4732 1520 4785 neque
1554 4718 1701 4785 gt'ani
1744 4717 1910 4772 virtu-

339 4792 444 4836 tent
479 4783 790 4839 imminuere
823 4783 848 4840 εὴ
866 4801 1045 4838 verum
1071 4784 1226 4839 fidem
1260 4787 1328 4838 ita
1361 4783 1575 4838 lirt'natn'
1599 4785 1813 4850 ltahuit,
1858 4797 1917 4842 ut

339 4852 388 4925 id
424 4855 797 4920 perlicit-udum
827 4856 1140 4915 confideret.
1173 4856 1543 4925 quodcumque
1570 4858 1862 4924 postularet
1883 4873 1912 4911 a

339 4923 481 4997 Deo;
531 4934 688 4997 atque
717 4926 760 4977 si
790 4925 992 4997 diceret
1020 4927 1207 4991 monti,
1241 4923 1494 4980 Transfer
1533 4923 1582 4981 te
1619 4927 1761 4989 illuc,
1795 4944 1916 4997 pro-

336 4995 423 5065 cul
453 4996 615 5048 dubio
642 4993 1068 5050 transferendum
1094 4997 1204 5048 fore
1235 5011 1328 5065 pro
1357 5007 1505 5050 certo
1537 5006 1758 5051 teneret.
1795 4993 1915 5051 Ἀυ-

336 5063 589 5136 ξίιριιευ,
622 5074 676 5117 ιιι
707 5079 814 5136 non
847 5065 1130 5119 crediderit
1167 5063 1436 5120 hominem
1473 5083 1708 5136 aprugna
1746 5067 1918 5124 forma.

337 5132 579 5186 indutum
608 5136 765 5202 pricri
797 5135 981 5189 formae
1006 5150 1164 5204 pusse
1191 5137 1420 5190 restitui.

406 5206 504 5257 Ast
548 5221 645 5274 ego
681 5206 860 5278 _virunt
907 5205 1046 5278 hunc
1080 5207 1446 5260 admirandum
1483 5208 1637 5262 valde
1679 5210 1913 5278 StISpicio

336 5287 634 5342 sponteqne
674 5275 816 5329 feror
844 5278 895 5329 itt
923 5275 1040 5344 ejus
1064 5279 1363 5331 encontium
1398 5295 1410 5330 :
1443 5295 1625 5332 verum
1659 5275 1820 5334 titneo
1848 5298 1916 5335 ne

338 5346 468 5396 tanti
503 5347 597 5398 viri
639 5345 881 5400 laudibus
925 5347 1096 5414 impar
1115 5348 1192 5406 sit
1233 5349 1405 5401 oratio
1448 5364 1598 5412 mea;
1646 5367 1750 5403 non
1793 5350 1916 5404 ideo

339 5423 516 5474 tamen
542 5432 570 5467 a
603 5418 875 5485 proposito
903 5418 1154 5470 recedere
1196 5432 1347 5470 mens
1373 5428 1455 5472 est
1482 5435 1496 5472 :
1526 5422 1736 5473 contido
1770 5423 1912 5473 enim

400 5552 472 5617 (ᾳ)
501 5551 682 5617 Viginti
707 5559 757 5617 et
781 5559 883 5617 tres
910 5553 1129 5617 homilias
1152 5555 1438 5617 composuit,
1462 5567 1585 5617 quas
1609 5556 1844 5605 habemus
1866 5561 1912 5605 In

337 5612 512 5675 (latice
539 5615 597 5662 Ο.
624 5613 943 5662 Bibliotheca:
968 5614 1156 5675 Regia).

402 5674 473 5734 τὺ)
501 5675 660 5724 lnnuit
699 5674 1132 5724 institutionetn’ad
1168 5676 1312 5724 (idem
1335 5689 1477 5738 quam
1512 5680 1694 5738 scripsit
1722 5687 1916 5729 sanctus

336 5735 602 5796 Gregorius
632 5738 680 5784 itt
712 5739 914 5796 gratiam
949 5739 1082 5799 regis
1115 5746 1165 5786 et
1196 5739 1337 5798 regni
1355 5735 1633 5787 'Annen'ue'.
1662 5740 1776 5788 llaec
1800 5741 1912 5790 titlei

337 5802 577 5856 expositio
602 5799 845 5858 reperitur
869 5812 1065 5864 quoque
1097 5800 1141 5864 in
1166 5813 1308 5864 supra
1333 5800 1458 5864 dicto
1478 5801 1672 5858 tltxtice,
1690 5806 1772 5864 qui
1795 5806 1913 5856 scrt-

334 5869 444 5923 ptus
471 5864 556 5911 tutt
579 5873 702 5911 anno
726 5872 836 5910 serae
860 5861 1086 5912 Armenta
1109 5862 1225 5927 illi,
1252 5870 1301 5911 et
1326 5861 1498 5915 Clu‘isti
1528 5865 1663 5916 ηδε.

1322 378 1636 441 Al’C'l‘OltE
1673 386 1734 442 s.
1772 381 2034 445 JOANNE
2069 365 2584 437 CllllYSOSTOMO.

3488 386 3589 436 ξιτιῆ

2021 495 2324 550 tenuitatem
2357 497 2548 552 virium
2577 513 2812 553 mearum
2841 499 3001 553 animi
3036 500 3448 568 promptitndine
3477 502 3590 558 fore

2014 569 2390 640 superandam.
2440 569 2511 640 Ea
2560 570 2735 637 igitur.
2763 587 2880 640 qum
2908 572 3059 623 valeo
3085 571 3403 640 depromere
3430 587 3494 626 ex
3528 575 3591 628 iis

2015 637 2068 691 in
2094 639 2287 704 quibus
2313 639 2643 693 manifestata
2675 650 2758 694 est
2783 637 3004 696 dextera
3039 637 3166 701 Dei,
3196 642 3484 708 proferant.

2085 709 2130 761 υ
2160 724 2354 762 novum
2387 719 2684 768 portentum
2707 711 2720 763 !
2750 711 2828 764 sol
2853 713 2904 764 in
2931 727 3091 766 aereo
3111 712 3244 766 caelo
3272 727 3301 764 a
3333 714 3440 766 Deo
3461 730 3590 768 con-

2014 777 2214 840 clusus,
2245 782 2313 832 ab
2353 777 2464 832 alto
2502 781 2553 835 itt
2597 791 2768 836 terras
2802 783 2995 835 emittit
3029 783 3205 837 radios
3236 799 3249 835 :
3281 799 3461 837 verum
3507 785 3591 838 hic

2014 857 2228 920 sanctus
2270 865 2335 904 ex
2377 849 2658 920 profunda,
2692 853 2742 904 in
2785 867 2887 920 qua
2927 853 3174 906 detentus
3220 862 3378 919 erat,
3415 855 3590 919 fovea,

2017 919 2194 973 radios
2221 935 2345 974 suos
2379 919 2429 974 in
2459 923 2674 976 excelsa
2702 919 2952 976 calorum
2984 924 3180 991 dirigit.
3214 925 3346 978 Eum
3379 924 3593 979 intuen-

2017 991 2298 1064 _tes_angeli_
2327 1000 2382 1045 et
2408 991 2723 1064 archangeli
2740 993 2945 1048 felicem
2973 995 3401 1061 pronuntiabant.
3436 995 3592 1064 eique

2017 1058 2068 1132 in
2102 1058 2242 1132 fossa
2281 1061 2475 1129 jacenti
2515 1058 2923 1117 fatn'ulabantnr.
2969 1058 3173 1132 Corpus
3201 1065 3316 1132 ejus
3341 1058 3591 1122 videbant

2016 1129 2068 1182 in
2098 1130 2235 1206 lacu,
2259 1133 2382 1206 dum
2412 1132 2463 1186 in
2491 1133 2635 1206 cadis
2666 1132 2896 1206 fulgebat
2925 1135 3040 1203 ejus
3065 1129 3319 1206 sanctitas
3347 1153 3362 1189 :
3393 1151 3592 1206 corpo-

2017 1215 2141 1254 reus
2167 1200 2217 1254 in
2244 1202 2396 1263 εωΙο,
2425 1205 2646 1271 angelus
2682 1200 2915 1258 initerra
2945 1200 2966 1256 τ’
2987 1219 3185 1274 corpus
3217 1205 3444 1270 habens,
3476 1200 3591 1260 sine

2016 1284 2240 1338 corpore
2283 1287 2404 1326 esse
2447 1274 2724 1328 videbatur
2755 1292 2769 1327 :
2797 1275 3026 1329 caelestis
3071 1280 3269 1341 homo,
3321 1279 3590 1332 terrestris

2016 1342 2237 1422 angelus
2261 1355 2291 1395 e
2310 1343 2442 1422 caelo
2460 1343 2703 1422 columna
2724 1346 2872 1422 ignis
2900 1353 3058 1422 caput
3083 1345 3199 1413 ejus
3230 1348 3280 1399 in
3309 1355 3594 1422 terra‘pcr-

2019 1411 2160 1480 tigit:
2186 1411 2509 1466 illnntinator
2523 1411 2806 1478 Armeniae,
2823 1411 3222 1470 fundamentum
3241 1416 3428 1470 stabile
3444 1411 3593 1472 Grai-

2015 1494 2198 1535 Corutn
2225 1483 2518 1552 (Armenia:
2561 1483 2826 1555 Minoris),
2853 1486 3123 1555 apostolus
3157 1484 3390 1551 Christi,
3422 1488 3591 1541 viam-

2015 1565 2119 1620 que
2152 1564 2565 1617 praemonsuans
2595 1553 2914 1609 hominibus.

2085 1619 2316 1698 Felicem
2335 1632 2401 1698 ⁸ιε
2428 1623 2818 1698 dieoprimatn,
2841 1640 2875 1679 o
2901 1623 3142 1680 C:esarea
3173 1626 3548 1698 Cappadocum
3577 1647 3590 1682 :

2015 1705 2044 1744 a
2075 1701 2125 1745 te
2150 1692 2289 1746 enim
2334 1693 2726 1766 impositiunem
2769 1692 3265 1766 mannumiaccepit'
3291 1692 3593 1754 multorum

2012 1771 2196 1840 pastou
2217 1764 2552 1840 populorum.
2577 1763 2728 1819 Tunc
2745 1776 2920 1818 autem
2941 1765 3130 1820 eodem
3153 1763 3406 1824 virtutum
3425 1772 3598 1840 splen-

2010 1832 2146 1886 dore
2174 1832 2444 1900 fulgebant
2467 1844 2810 1889 consecratus
2837 1846 2890 1889 et
2916 1850 3279 1893 consecratur.

2086 1902 2148 1956 lli
2194 1903 2580 1974 (Cappadoces)
2616 1905 2800 1960 validis
2833 1906 2944 1974 jam
2986 1906 3184 1961 fundati
3213 1919 3366 1964 erant
3395 1911 3592 1965 radici-

2017 1971 2146 2049 bus;
2189 1982 2244 2049 et
2285 1974 2381 2049 ille
2421 1974 2532 2042 ipse
2562 1971 2727 2029 solus
2768 1971 2999 2031 radicem
3031 1980 3278 2047 sumpsit,
3310 1982 3449 2036 umle
3478 1982 3590 2049 alii,

2014 2043 2104 2108 qui
2135 2041 2330 2117 radicis
2358 2041 2606 2117 expertes
2634 2055 2805 2111 erant,
2829 2063 2979 2101 suam
3002 2041 3324 2117 acciperent.
3358 2051 3430 2105 lbi
3459 2041 3596 2107 mulL

2021 2123 2088 2166 tte
2110 2113 2494 2187 colligebantur
2519 2115 2696 2184 fruges
2716 2117 2782 2170 ab
2809 2118 3088 2186 operariis,
3118 2113 3210 2187 qui
3239 2123 3365 2176 olim
3398 2124 3592 2177 inculta

2015 2181 2510 2239 excoluerant:ille
2554 2181 2679 2257 vero
2724 2181 2870 2242 solus
2919 2188 3030 2257 ipse
3075 2181 3390 2257 operarius,
3437 2195 3593 2249 unica

2015 2268 2175 2330 mauu
2203 2264 2390 2330 tenens
2407 2256 2573 2330 aratri
2599 2256 3014 2330 stivamhterras
3031 2256 3337 2330 complures
3369 2256 3594 2319 incultas

2021 2323 2184 2378 verbo
2211 2326 2448 2379 veritatis
2472 2327 2794 2382 emolliebat.
2828 2327 2994 2382 Unico
3020 2323 3242 2386 vomere
3267 2333 3445 2389 sulcos
3472 2349 3593 2391 cum

2013 2394 2313 2470 aperuisset
2359 2396 2688 2470 innumeros,
2721 2413 2905 2452 semen
2944 2400 3255 2470 quintuplex
3299 2414 3355 2457 et
3399 2407 3594 2459 multos

2017 2462 2221 2544 fructus
2251 2467 2431 2544 retulit
2447 2485 2474 2544 _:
2500 2477 2662 2544 atque
2689 2470 2884 2537 pugillo
2917 2462 3101 2526 semen
3131 2462 3370 2544 divinum
3397 2490 3590 2544 appre-

2016 2533 2280 2613 hendens,
2310 2535 2489 2613 digitis
2517 2533 2723 2613 iniinit'a
2749 2533 2914 2613 grana
2945 2542 3316 2613 spargentibus
3337 2586 3350 2610 ,
3375 2533 3591 2613 ca'n'tpos

2015 2605 2316 2677 sentiuabat
2358 2605 2634 2675 plurimos.
2681 2605 2831 2662 Tunc
2871 2611 2922 2662 in
2965 2605 3147 2677 sulcis,
3191 2605 3348 2668 unico
3393 2605 3594 2670 lacerto

2015 2675 2212 2752 excisis
2235 2688 2409 2752 ,_sat:e
2437 2679 2589 2732 unica
2616 2694 2776 2732 manu
2805 2679 2984 2750 fruges
3007 2675 3163 2735 simul
3202 2686 3592 2752 gerntinabant.

2088 2745 2203 2799 Illic
2221 2747 2405 2802 videre
2424 2759 2538 2800 erat
2562 2757 2874 2804 autumnum
2894 2745 2954 2804 et
2975 2767 3088 2818 ver,
3121 2745 3351 2808 messem
3378 2767 3433 2810 et
3453 2772 3594 2811 area:

2017 2823 2262 2896 tempus;
2297 2827 2352 2871 et
2375 2819 2588 2887 quando
2613 2819 2934 2896 adventabat
2962 2820 3174 2896 hyems,
3200 2826 3414 2896 unicum
3444 2842 3595 2896 spar-

2015 2885 2174 2958 gebat
2214 2885 2434 2953 semen‘,
2465 2904 2657 2958 nempe
2696 2892 2918 2946 verbum
2967 2885 3080 2948 D'ei.
3110 2885 3181 2948 At
3202 2909 3328 2950 ecce
3352 2885 3595 2953 diversas

2015 2972 2136 3035 qua:
2165 2957 2286 3012 inde
2307 2957 2620 3035 oriebantur
2642 2959 2819 3035 fruges
2847 2962 3151 3030 advertens,
3175 2975 3410 3020 maturas
3436 2968 3593 3035 alias,

2015 3028 2147 3081 alias
2185 3029 2489 3109 maturitate
2530 3028 2754 3109 pingues
2797 3032 2848 3085 in
2890 3048 3072 3088 aream
3119 3028 3310 3109 messis
3356 3028 3596 3108 tempore

2013 3099 2424 3178 componebat,
2477 3099 2792 3166 triturabat,
2841 3119 3018 3178 vanno
3049 3106 3345 3178 mandabat
3372 3149 3389 3175 ,
3434 3099 3596 3178 aiqne

2011 3171 2371 3294 surrupOuebat
2399 3171 2452 3224 itt
2483 3185 2724 3240 acervos,
2755 3181 2812 3227 ut
2846 3188 2939 3229 eas
2975 3176 3098 3232 inde
3137 3177 3191 3232 in
3235 3171 3427 3234 horrea
3462 3171 3611 3236 lucis.

2051 3254 2082 3294 e
2104 3255 2224 3294 erre
2251 3279 2270 3294 .

2051 3248 2270 3296 eterret.

2083 3308 2164 3386 De
2198 3319 2371 3366 sancto
2401 3311 2644 3386 Gregorio
2680 3314 2732 3368 in
2773 3323 2975 3385 puteum
3019 3320 3330 3386 serpentibus
3371 3329 3424 3374 et
3466 3322 3593 3375 dra-

2013 3381 2219 3461 conilfus
2261 3381 2518 3451 refertum
2541 3384 2744 3452 injecto.
2769 3381 2844 3424 ἐ·-
2863 3386 3001 3461 Quid
3041 3381 3182 3461 quod
3209 3389 3416 3461 ‘hyems
3458 3392 3608 3461 (Ab-

2013 3450 2252 3529 monia),
2279 3450 2398 3529 qua;
2437 3450 2823 3529 acceperate;
2864 3450 3158 3529 seminibus
3200 3450 3389 3514 ilo'rum
3432 3450 3594 3529 fidei,

2011 3519 2214 3602 quibus
2231 3519 2328 3602 per
2349 3519 2581 3591 glaciem
2611 3523 2936 3602 inﬁdelitatis
2972 3542 3076 3602 nun
3103 3527 3339 3602 licuerat
3374 3519 3601 3602 progeni.

2014 3593 2240 3658 minare,
2287 3593 2458 3667 ipsum
2476 3594 2875 3667 _seminatorem
2916 3597 3142 3667 projecit
3187 3598 3328 3656 inter
3365 3593 3596 3658 exitiosa

2012 3677 2221 3718 veneno
2248 3663 2455 3732 reptilia
2473 3664 2498 3716 ἲ

2084 3733 2362 3799 Haunines,
2383 3734 2473 3803 qui
2499 3749 2620 3788 cum
2648 3743 2834 3790 sancto
2864 3737 2954 3791 illo
2978 3751 3282 3796 sermonem
3307 3750 3363 3798 et
3385 3742 3591 3798 vultum

2013 3817 2325 3861 communes
2349 3805 2666 3882 habebant,
2694 3821 2881 3882 mores
2921 3807 3202 3882 induerant
3239 3824 3550 3882 serpentum
3575 3832 3593 3868 :-

2015 3885 2066 3949 at
2092 3885 2302 3949 contra,
2329 3874 2589 3930 dracones
2616 3876 2809 3949 letiferi
2835 3878 3132 3949 armatique
3158 3874 3364 3936 veneno
3387 3885 3592 3938 mitium

2016 3945 2289 4000 hominum
2340 3959 2526 4020 mores
2566 3946 2837 4011 referunt,
2870 3945 3153 4020 pedesque
3191 3954 3360 4006 sancti
3404 3955 3594 4010 eodem

2015 4025 2396 4140 qnpbrenolrtem
2445 4016 2679 4073 inferunt
2722 4031 2819 4072 ore
2865 4016 3152 4088 liitgctttes,
3183 4023 3496 4094 obsequium
3543 4029 3594 4081 ei

2015 4101 2078 4140 ex
2123 4104 2136 4140 ι
2209 4104 2239 4140 n
2269 4123 2284 4140 .

2015 4087 2284 4141 exhibent.

2087 4159 2223 4224 Quid
2247 4157 2397 4234 tnm?_
2424 4157 2519 4211 Diti
2544 4161 2902 4234 perseveravit
2931 4168 3144 4234 tempus
3174 4163 3399 4234 hyemis,
3429 4174 3485 4222 et
3509 4180 3594 4221 sc-

2019 4231 2358 4304 minaturem,
2385 4229 2552 4304 instar
2571 4230 2794 4304 seminis
2823 4233 2963 4301 quod
2993 4229 3198 4302 rigente
3212 4229 3392 4304 glacie
3416 4246 3591 4291 satum

2017 4311 2118 4366 est,
2149 4299 2370 4374 periisse
2405 4299 2646 4353 arbitrati
2683 4309 2809 4374 sunt
2840 4299 3087 4374 Armeni.
3121 4299 3374 4374 Aperitur
3401 4308 3551 4362 fovea
3579 4326 3596 4363 :

2019 4371 2330 4439 quaerebant
2357 4379 2642 4438 Corruptos
2672 4371 2832 4425 totius
2863 4372 3094 4428 hominis
3119 4371 3294 4442 artus;
3323 4387 3378 4430 at
3403 4379 3597 4432 multa-

2022 4456 2138 4494 rum
2167 4457 2358 4495 vocum
2397 4451 2692 4496 concentus
2719 4443 2941 4499 audiunt
2974 4464 2987 4500 :
3021 4455 3213 4500 tetrum
3243 4463 3307 4502 ex
3345 4448 3594 4502 diaconi-

2019 4513 2120 4567 bus
2153 4513 2582 4584 etserpentibns
2615 4512 2844 4584 odorem
2889 4531 3044 4570 nares
3082 4531 3207 4571 suas
3252 4533 3596 4584 pervasurtnn

2021 4581 2465 4646 rciortnidabant;
2513 4590 2568 4634 at
2613 4582 2736 4638 inde
2769 4588 2947 4639 suavis
2977 4587 3128 4651 odor,
3154 4581 3297 4640 velut
3334 4603 3398 4640 ex
3441 4587 3601 4643 horto

2021 4653 2628 4725 voluptatis,_exhalatnr
2651 4673 2665 4707 :
2689 4669 2811 4709 ossa
2832 4658 2974 4710 carie
2994 4667 3262 4725 assumpta
3285 4657 3600 4724 qttzerebaut

2020 4725 2220 4787 oculis;
2251 4722 2345 4777 sed
2376 4724 2748 4794 Splendentem
2777 4726 2826 4777 in
2855 4728 2971 4794 ejus
3003 4727 3134 4780 facie
3161 4722 3330 4779 solent
3356 4737 3598 4783 content-
3686 4725 3690 4730 ’

2023 4795 2233 4863 plattlttt'
2261 4811 2275 4848 :
2305 4794 2356 4847 in
2404 4793 2554 4848 fovea
2593 4793 2894 4848 exanimem
2941 4797 3282 4864 reputabant;
3329 4808 3413 4850 ast
3447 4813 3594 4862 eum,

2023 4865 2167 4918 velut.
2195 4865 2246 4918 itt
2275 4865 2648 4933 augustissimo
2679 4867 2896 4932 templo,
2925 4865 3355 4919 deambulantent
3388 4871 3599 4922 intuen-

2022 4943 2144 4988 tur:
2177 4945 2324 4988 artus
2371 4935 2508 4989 fame
2551 4944 2896 5003 consumptos
2941 4937 3356 5004 investigabant;
3407 4954 3594 4994 sanum

2022 5021 2150 5059 vero
2179 5015 2233 5058 et
2259 5005 2456 5058 ca-lesti
2480 5004 2601 5058 cibo
2627 5007 2922 5073 saginatum
2949 5007 3230 5060 advertunt
3256 5025 3268 5060 :
3299 5012 3598 5062 comminu-

2025 5085 2134 5128 tum
2161 5075 2406 5147 deutibns
2427 5075 2719 5128 draconum
2745 5091 2940 5144 corpus
2971 5078 3316 5147 indagabant;
3347 5079 3440 5133 sed
3463 5082 3599 5132 cicu-

2023 5157 2164 5200 ratos
2213 5145 2280 5197 ab
2326 5145 2440 5213 ipso
2475 5154 2770 5219 serpentes
2797 5145 3159 5214 admirantur,
3202 5159 3600 5219 contemptores

2021 5223 2356 5284 contemptus
2379 5229 2500 5287 sese
2519 5217 2699 5287 vident
2723 5216 2794 5270 ab
2815 5233 2881 5270 eo
2906 5233 3065 5287 quem
3087 5216 3462 5286 desperet-ant.

2098 5283 2306 5359 Pudore
2322 5283 2504 5338 suffusi
2529 5283 2938 5359 erubescebant,
2958 5283 3434 5359 exclamabantqnc
3455 5299 3599 5344 atto-

2025 5360 2117 5414 niti
2149 5374 2161 5410 :
2191 5356 2410 5428 Magnus
2441 5366 2524 5408 est
2558 5356 2700 5410 Deus
2729 5373 2888 5424 quem
2932 5359 3184 5428 pnedicat
3212 5356 3434 5428 magnus
3464 5361 3600 5415 Gre-

2021 5430 2220 5500 gorius.
2256 5425 2552 5500 infirmata
2573 5435 2698 5500 sunt
2723 5443 2870 5500 arma
2901 5425 3078 5483 nostra
3115 5430 3184 5482 ab
3223 5425 3348 5495 illo,
3379 5447 3599 5500 quem-tt

2023 5496 2298 5554 venenatis
2319 5496 2638 5550 draconibus
2665 5497 2994 5568 inﬁrmatam
3010 5496 3422 5555 arbitrabantur.
3441 5503 3600 5568 Quin-

2023 5572 2220 5633 etiam,
2263 5569 2306 5623 si
2351 5568 2646 5622 defuissent
2690 5567 3097 5637 dracones,per
3149 5571 3317 5625 solam
3370 5567 3594 5632 lanient.

2025 5644 2258 5695 futurum
2291 5647 2407 5693 erat
2437 5639 2894 5710 utiabsumeretur
2916 5654 3132 5710 corpus,
3163 5641 3303 5710 quod
3334 5643 3458 5696 inde
3485 5645 3601 5695 nul.

2027 5715 2110 5766 lus
2158 5711 2401 5764 mortalis
2446 5709 2655 5777 eripere
2707 5720 2936 5779 poterat.
2987 5709 3192 5765 Verum
3225 5713 3484 5768 mirabilis
3521 5721 3603 5766 est

2028 5785 2165 5838 Deus
2197 5783 2248 5833 iit
2278 5780 2478 5835 sanctis
2508 5781 2638 5845 suis,
2666 5779 2997 5852 inquiebant,
3025 5781 3090 5836 ad
3120 5795 3353 5838 tuentem
3386 5784 3602 5838 Davidis

2027 5853 2334 5928 prophetat;
2366 5852 2750 5925 gloriﬁcatores
2778 5854 2921 5913 enim
2953 5869 3077 5912 suos
3107 5853 3387 5926 gloriﬁcat.
3420 5855 3603 5914 Admi-
