3916 6132
345 273 445 330 051

354 400 476 441 sum
511 382 662 437 nobis
692 389 795 437 est.
847 380 942 437 Abi
964 423 978 446 ,
1008 380 1207 437 nemini
1234 379 1435 437 dictum
1461 381 1594 437 velis
1618 421 1632 444 ,
1664 394 1730 434 ne
1762 377 1928 433 risum

348 468 626 512 Sermones
652 452 724 506 ttti
751 461 1022 505 moveant.

420 523 560 594 Quid
589 522 738 594 tum!
760 522 941 594 verbis
982 522 1194 594 illorum
1222 521 1449 577 credidit
1471 562 1486 583 ,
1514 521 1643 594 abiit
1669 521 1887 575 domum
1911 561 1926 584 ,

349 591 629 676 siluitque.
643 592 780 660 Quin
807 601 863 647 ct
883 591 1194 676 jamdudum
1218 592 1926 676 neglexeratfidqapanem

349 662 757 734 subministrare
795 677 952 731 quem
995 664 1145 734 jussa
1185 662 1337 731 erat,
1363 662 1606 733 quOtidie
1653 662 1928 732 injiciebat

355 735 371 805 [
391 736 469 790 sic
488 736 502 787 ι
524 734 539 805 ]
567 734 618 805 in
646 731 877 789 foveam.

440 801 538 877 llix'
557 804 765 877 aliquot
780 803 943 877 elapsi
966 811 1119 877 erant
1137 803 1270 870 dies,
1294 818 1421 877 cum
1450 819 1557 877 non
1579 804 1747 877 modo
1759 801 1926 858 semel

353 885 409 929 et
438 874 660 943 iterum,
676 874 767 957 sed
789 874 1071 955 qttinquies
1089 875 1332 999 ﬂtparuit
1348 877 1397 930 ei
1420 875 1574 937 visio.
1599 874 1926 946 angelusque

353 960 542 999 manna
573 955 628 999 ot
665 959 857 999 minaci
884 959 1050 999 voce.
1141 946 1200 999 tsi
1242 946 1673 999 quamprimum.
1718 944 1920 999 inquit.

353 960 542 1017 magna
573 955 628 1000 ot
665 945 857 1000 minaci
880 959 1050 1017 voce.
1091 945 1200 999 Nisi
1242 946 1638 1017 quamprimum
1658 945 1691 1008 ,ί
1718 945 1920 1017 inquit,

351 1013 773 1073 nuntiuvcris....
801 1014 907 1069 noli
936 1013 1124 1070 limere
1150 1032 1216 1068 ne
1245 1013 1296 1071 te
1325 1013 1600 1072 cachinnis
1629 1015 1918 1083 excipiant,

351 1101 485 1142 neve
516 1085 843 1154 impossibile
872 1095 1139 1152 reputent,
1186 1086 1332 1142 illum
1365 1100 1459 1155 per
1487 1085 1793 1152 quindecim
1821 1100 1921 1140 an-

351 1171 451 1210 nos
480 1157 655 1212 vit-um
685 1155 1040 1218 remansisse;
1069 1156 1291 1225 angelus
1318 1158 1458 1211 enim
1491 1156 1584 1211 Dei
1615 1157 1812 1212 missus
1837 1164 1922 1213 ut

344 1226 439 1292 qui
481 1228 531 1282 ei
576 1227 946 1296 famularetur.
980 1225 1090 1296 Ego
1134 1241 1322 1295 panem
1352 1227 1680 1296 accipiebam
1721 1241 1915 1295 quem,

344 1300 486 1351 sicut
514 1297 664 1363 Elian,
693 1297 772 1352 sic
799 1303 855 1350 et
891 1295 1153 1365 Gregorio
1179 1297 1550 1366 porrigebam:
1581 1297 1658 1352 illi
1699 1297 1916 1363 quidem

346 1367 401 1421 in
439 1367 676 1429 deserto.
708 1367 832 1437 huic
872 1377 1050 1420 autem
1098 1366 1150 1420 in
1180 1366 1403 1437 abyssis
1447 1375 1638 1437 terrm,
1665 1368 1753 1435 qui
1798 1368 1917 1423 loco

343 1438 476 1491 solis
522 1437 679 1492 lucidi
721 1436 968 1507 virtutem
1009 1438 1059 1491 in
1089 1451 1149 1491 se
1176 1435 1422 1507 habebat.
1461 1435 1644 1492 Priora
1671 1454 1790 1507 quae
1820 1439 1913 1493 tibi

346 1507 711 1562 uuntiaveram
743 1509 793 1561 in
821 1506 1043 1560 dubium
1081 1506 1349 1563 revocasti
1383 1517 1603 1576 propter
1634 1506 1910 1564 hominum

346 1577 799 1641 incredulitatem;
845 1586 899 1631 at
946 1591 1087 1631 nunc
1131 1578 1309 1632 verbis
1355 1577 1490 1631 meis
1532 1576 1690 1632 [idem
1735 1578 1911 1635 habe:

344 1647 477 1718 nihil
507 1648 650 1703 enim
678 1645 1006 1718 impossibile
1027 1655 1109 1702 est
1128 1646 1267 1717 apud
1290 1648 1479 1702 Deum.
1507 1644 1772 1718 Numquid
1806 1666 1910 1706 non

342 1716 530 1773 cdocta
560 1734 619 1773 es
646 1716 915 1786 quomodo
943 1717 1011 1773 de
1036 1716 1235 1774 lacu'et
1260 1732 1292 1772 e
1317 1718 1494 1774 medio
1523 1716 1739 1772 leonum
1774 1718 1913 1776 fume

344 1786 631 1843 furentium
663 1787 918 1844 liberatus
946 1786 1103 1843 fuerit
1131 1788 1351 1842 Daniel?
1377 1797 1469 1841 aut
1498 1788 1768 1857 quomodo
1800 1802 1910 1846 tres

344 1859 493 1924 pueri
525 1859 817 1914 incolumes
843 1859 1199 1913 remanserint
1224 1860 1277 1912 in
1308 1858 1515 1912 ardenti
1548 1857 1784 1924 ﬂamma,
1812 1875 1910 1913 cu-

334 1925 423 1996 jus
454 1929 679 2000 altitudo
703 1928 1051 2000 quadraginta
1092 1943 1285 1984 novem
1328 1939 1637 1984 sanctorum
1671 1929 1908 2000 jejunio-

338 2012 457 2052 rum
487 1999 600 2053 dies
625 1999 1004 2054 adumbrabat?

406 2070 489 2123 An
521 2079 571 2124 te
602 2070 732 2125 latet
759 2066 1033 2141 quomodo
1057 2067 1204 2124 arida
1231 2083 1351 2141 ossa
1377 2068 1679 2141 perqdivina
1709 2069 1896 2126 obser-

339 2148 546 2194 vantctn
570 2139 818 2196 mandata
841 2139 1203 2206 Ezechielem,
1224 2139 1446 2210 iubente
1470 2139 1600 2202 Deo,
1627 2156 1657 2194 a
1677 2151 1907 2210 quatuor

338 2218 618 2264 ventorum
650 2210 885 2279 partibus
914 2212 965 2265 in
993 2225 1184 2280 campo
1210 2221 1352 2264 mota
1384 2209 1611 2274 fuerint,
1643 2209 1905 2267 etacccs-

336 2280 506 2334 serint
531 2296 693 2335 unum
720 2282 787 2336 ad
811 2282 1038 2336 alterum
1059 2321 1076 2348 ,
1119 2294 1225 2335 non
1270 2280 1488 2335 fortuito
1525 2281 1774 2351 quidem,
1809 2282 1903 2339 sed

336 2351 749 2422 unumquodque
774 2350 840 2405 ad
864 2351 1167 2420 juncturam
1198 2365 1348 2405 suam
1361 2351 1389 2422 ?ﬁ
1418 2350 1647 2422 Desuper
1675 2369 1733 2406 ea
1762 2356 1903 2408 nervi

337 2426 385 2471 et
404 2420 562 2493 pellis
586 2422 795 2493 adducti
819 2432 935 2476 sunt
964 2422 1253 2493 inm/ﬂatus
1274 2431 1347 2476 est
1374 2421 1427 2475 in
1456 2420 1578 2475 istos
1608 2424 1901 2493 interfectos

333 2489 544 2562 spiritus
556 2492 708 2562 eine:
726 2500 962 2562 steterunt
980 2489 1133 2562 super
1156 2492 1306 2562 pedes
1331 2508 1451 2562 suos
1471 2493 1719 2562 exercitus
1742 2489 1901 2562 gran-

337 2558 417 2630 dis
445 2558 594 2614 valde
621 2561 812 2627 (Ezeclt
852 2561 939 2617 37.
960 2562 1013 2617 8.
1039 2560 1152 2630 10).
1172 2560 1262 2630 illc
1277 2561 1491 2630 quidem
1507 2569 1586 2615 est
1607 2558 1898 2617 etiamnum

335 2628 479 2709 .lteus
498 2646 699 2709 ,_quem
737 2632 1025 2700 Gregorius
1054 2628 1338 2709 pta-dicat,
1369 2631 1566 2701 quique
1598 2640 1786 2709 potens
1816 2643 1899 2709 est

335 2698 483 2770 illum
524 2698 575 2754 in
624 2712 782 2770 puteo
824 2698 1164 2757 sérvareITu
1210 2716 1337 2756 vero
1379 2698 1718 2758 sermonibus
1762 2705 1898 2762 meis

337 2767 495 2844 fidem
528 2767 684 2839 habe,
717 2785 915 2840 eaeque
940 2771 1136 2844 populo
1161 2771 1435 2844 annuntio.

409 2840 714 2914 Extrahitur
751 2859 801 2914 et
820 2840 1310 2914 pttIeoGregot-ins;
1348 2842 1543 2896 obviam
1582 2842 1628 2896 ei
1667 2845 1893 2914 procedit

332 2907 604 2983 Tiridates.
626 2944 698 2954 —
726 2907 1283 2968 Admiratione'simul
1324 2920 1380 2967 et
1417 2922 1621 2969 terrore
1652 2907 1895 2983 perculsa

333 2981 527 3057 femina
554 2997 676 3038 cum
703 2983 1039 3057 festinatione
1071 2984 1273 3038 intrans
1299 2993 1482 3038 narrat
1508 2984 1574 3038 ad
1614 2981 1890 3057 satrapas,

332 3051 422 3117 qui
443 3050 652 3127 Adnmus
678 3056 837 3124 regia:
877 3053 1193 3127 przefectum
1225 3061 1541 3127 accersunt,
1571 3050 1894 3127 mittuntque

331 3119 613 3193 confestim
655 3119 986 3178 Artaxatam.
1024 3124 1138 3187 lto,
1182 3123 1459 3193 inquiunt,
1500 3132 1556 3178 et
1602 3119 1893 3193 deprecare

333 3189 479 3244 illum
528 3191 698 3265 ipsum
747 3194 839 3250 Dei
882 3194 1072 3259 virum,
1103 3189 1269 3263 quem
1288 3208 1355 3248 ne
1380 3193 1649 3265 hominem
1675 3189 1890 3265 quidem

331 3263 694 3336 reputavimus
736 3282 751 3318 :
800 3262 1172 3336 proficiscere,
1216 3278 1341 3333 roga
1394 3262 1660 3318 medicum
1679 3262 1708 3329 ,⁷
1740 3266 1892 3336 cujus

333 3331 511 3405 verbis
534 3348 640 3388 non
669 3331 1080 3405 auscultavimus
1106 3351 1120 3388 :
1155 3331 1334 3403 perge,
1364 3347 1493 3387 voca
1523 3348 1646 3388 eum
1672 3336 1760 3405 qui
1792 3331 1891 3392 nos

331 3399 400 3452 de
424 3404 788 3484 ventrejnfcri
818 3413 1102 3461 vocaturos
1128 3399 1211 3459 cst
1236 3399 1527 3484 (propera,
1558 3399 1892 3484 supplexque

330 3472 539 3539 pustula
579 3474 648 3530 ab
684 3490 784 3541 eo,
813 3492 973 3546 quem
999 3472 1387 3531 contumeliose
1414 3472 1757 3532 tractavimus
1776 3472 1892 3542 ,‘ut

334 3546 757 3614 persecutoribus
784 3548 1038 3614 ignoscat.

404 3611 721 3688 llgccomnia
743 3611 823 3672 vel
851 3619 1010 3673 etiam
1041 3616 1125 3671 his
1149 3616 1353 3686 potiora
1379 3613 1602 3670 forsitan
1629 3616 1683 3671 in
1712 3631 1892 3688 prom-

332 3688 439 3759 ptu_
453 3683 749 3759 habuerunt
772 3703 891 3759 qua:
915 3683 1176 3759 dicerent.

405 3751 764 3828 Proiiciscitur
790 3751 968 3828 'regiae
1009 3758 1203 3828 domus
1240 3754 1555 3828 prafectus,
1596 3755 1891 3828 urbemque

331 3836 455 3877 cum
486 3824 823 3890 advenisset,
849 3824 1065 3883 causam
1096 3824 1303 3882 itineris
1338 3826 1408 3880 ab
1446 3839 1513 3880 eo
1549 3824 1892 3884 sciscitantur

331 3894 475 3948 cives
504 3911 651 3968 :qua
677 3898 884 3968 cognita
914 3897 1281 3953 admirabundi
1324 3905 1395 3968 et_
1416 3896 1704 3965 stupefacti
1751 3899 1890 3956 intra

334 3977 395 4038 se
435 3965 776 4034 cogitabant}
799 3968 1044 4035 Quonam
1088 3976 1244 4037 pacto
1287 3965 1400 4022 fieri
1437 3973 1651 4038 potest,
1680 3968 1890 4038 inquie-

336 4033 483 4108 ltant,
516 4033 573 4090 ut
597 4039 775 4092 vivum
805 4033 1009 4108 quierat
1031 4033 1184 4107 cujus
1208 4033 1664 4108 ossaquiudecim
1694 4033 1891 4094 abhinc

333 4103 488 4177 annis
532 4103 1166 4177 putredine'eonsumpta
1202 4103 1667 4176 sunt?'quomodo
1694 4111 1890 4177 quaeris

335 4173 601 4231 incolume
625 4193 840 4249 corpus,
870 4178 1010 4249 quod
1042 4173 1094 4249 in
1127 4173 1429 4249 visceribus
1443 4173 1736 4233 draconum
1762 4193 1891 4234 cono

332 4255 602 4312 sumptum
628 4248 949 4317 computruit
974 4248 1104 4303 etin
1134 4248 1406 4317 pulverem
1431 4260 1746 4302 conversum
1771 4250 1892 4305 est?

332 4327 440 4386 quo
481 4326 635 4382 pacto
675 4318 728 4372 iit
773 4319 1091 4372 medicamen
1117 4326 1363 4386 ιιιιειιινιιηι
1385 4331 1583 4385 corpus
1609 4320 1660 4372 in
1692 4328 1888 4374 terram

333 4383 625 4458 redactum,
640 4387 780 4454 quod
796 4387 899 4458 rsibi
926 4389 1021 4458 ipsi
1043 4383 1268 4441 salutem
1287 4383 1659 4458 priesmrenou
1684 4390 1892 4458 potuit?

403 4452 539 4527 Quid
564 4452 712 4524 plura
729 4458 753 4511 τ
772 4452 989 4521 densos,
1011 4457 1195 4527 longus
1210 4452 1516 4524 validosque
1538 4452 1893 4527 funcs'aptant

331 4533 385 4579 et
410 4525 459 4597 in
487 4537 701 4596 puteum
722 4528 1028 4583 demittunt.
1049 4525 1192 4582 vece
1214 4542 1398 4597 magna
1419 4528 1681 4597 exclamat
1700 4525 1892 4584 dotnus

333 4595 499 4667 regite
524 4597 837 4665 prmfectus:
871 4597 1156 4667 Egredere,
1185 4595 1340 4651 serve
1373 4596 1481 4660 Dei,
1518 4608 1570 4652 et
1600 4598 1763 4652 libera
1796 4614 1893 4653 nos

331 4665 401 4737 de
439 4669 684 4721 manibus
721 4665 941 4724 deorum
986 4683 1123 4737 quos
1160 4667 1386 4721 colimus
1417 4684 1431 4721 :
1485 4667 1775 4736 egredere,
1819 4669 1891 4724 lili

331 4735 487 4807 lucis,
518 4739 664 4793 etab
691 4739 892 4795 umbris
914 4735 1252 4793 tenebrarum
1281 4752 1412 4791 erue
1437 4735 1537 4790 nos
1553 4754 1564 4789 :
1585 4752 1649 4807 ex
1675 4737 1894 4807 profun-

329 4805 414 4880 dis
455 4808 662 4879 abyssis
704 4811 990 4880 egredere,
1036 4809 1154 4875 sol,
1184 4809 1462 4880 majusque
1510 4805 1893 4880 “(ti)i$_—ttr:t3l)e

332 4874 711 4946 lumen'quam
739 4874 833 4935 sol
872 4880 961 4949 qui
978 4874 1147 4948 'super
1173 4874 1296 4949 aera
1325 4874 1551 4931 volvitur
1581 4896 1594 4931 :
1623 4874 1722 4949 ille
1744 4877 1891 4933 enim

329 4949 603 5015 corporeis
644 4951 813 5005 oculis
855 4947 1029 5004 lucem
1057 4947 1305 5018 ’praihet;
1337 4955 1392 5000 tu
1432 4960 1559 5018 vero
1595 4947 1891 5018 animarum

331 5027 635 5074 nostrarum
669 5020 854 5075 oculos
892 5021 1011 5075 luce
1040 5016 1312 5087 perfundis
1330 5058 1346 5079 ,
1373 5027 1424 5073 et
1451 5017 1671 5072 deducis
1696 5016 1750 5071 in
1779 5026 1891 5072 ter-

331 5100 443 5160 ratn
475 5098 694 5160 rectam,
725 5107 843 5160 quae
869 5101 951 5145 est
980 5090 1159 5144 lumen
1190 5087 1575 5144 indelicienset
1603 5088 1893 5144 inaccessi-

329 5157 454 5231 hile.
485 5158 609 5231 H_a:c
630 5157 985 5231 eloquebatur
1008 5160 1245 5231 satrapa.

400 5230 467 5282 At
484 5228 644 5284 simul
665 5240 722 5285 ut
742 5227 891 5286 motu
910 5229 1112 5284 funium
1134 5227 1349 5283 funibus
1365 5227 1626 5282 insedisse
1646 5234 1891 5282 sanctum

327 5296 740 5363 intellexerunt,
793 5301 1027 5356 educunt
1075 5315 1198 5354 eum
1248 5297 1409 5351 foras.
1460 5299 1609 5352 Tunc
1663 5298 1891 5353 nubibus

326 5377 610 5437 coopertus
650 5371 733 5425 sol
777 5371 868 5425 ille
912 5371 1190 5439 apparuit.
1219 5367 1646 5437 quandoquidem
1691 5382 1891 5439 corpus

326 5439 479 5508 cjus,
524 5439 669 5494 velut
706 5450 818 5494 atra
865 5437 1061 5507 fuligo,
1111 5439 1320 5508 nigrum
1363 5449 1510 5502 erat;
1558 5448 1719 5506 atque
1766 5437 1891 5491 inde

328 5504 703 5577 intellexerunt
743 5509 873 5564 illud
912 5504 1032 5563 esse
1057 5504 1274 5577 corpus,
1299 5510 1438 5577 quod
1468 5504 1732 5562 tormenta
1767 5522 1890 5575 per-

332 5576 624 5647 tulerat,_et
649 5595 754 5644 quo
780 5579 924 5633 velut
950 5580 1065 5633 sine
1091 5576 1340 5647 corpore,
1376 5578 1676 5645 patiebatur
1704 5589 1759 5633 et
1787 5577 1889 5632 ful-

329 5642 505 5713 gebat.
543 5642 786 5713 vestibus
811 5648 1004 5701 deinde
1034 5649 1132 5713 ipsi
1163 5642 1358 5703 oblatis
1379 5642 1532 5703 illum
1557 5649 1798 5702 inluuut.

328 5768 335 5774 ,
386 5708 517 5764 Tum
539 5712 924 5780 obstupesccns
943 5708 1303 5773 admirabatur
1322 5736 1444 5774 eum
1464 5722 1709 5790 pepulus,
1729 5735 1887 5789 quem

812 266 1161 325 ENCOMIUM
1198 266 1257 325 S.
1297 264 1624 324 GREGORII
1664 262 1899 322 ιιιυιιιῖ

2005 262 2078 332 Ι“.,
2126 250 2446 325 ΑΠΩΤΟΒΕ
2510 262 2572 322 8.
2613 264 2804 322 JOAN.
2844 262 3221 323 CHRYSOST.

3497 269 3610 326 952

2035 377 2274 446 oportuit
2320 385 2375 432 et
2420 376 2598 434 decuit
2640 394 2762 434 eum
2805 379 3049 449 sapiente
3098 379 3399 439 acclamare
3423 403 3437 440 :
3464 387 3614 447 Tum:

2031 448 2191 530 stabit
2197 449 2376 530 justus
2402 463 2519 530 cum
2547 450 2711 530 multa
2740 448 2933 530 Musio
2961 466 3024 505 ea:
3051 453 3262 530 aduerso
3293 471 3487 530 eorum,
3517 466 3613 530 qui

2030 533 2084 589 se
2106 518 2388 588 afﬂixerant
2415 528 2465 572 et
2501 520 2588 587 qni
2633 520 3036 589 aspernabantur
3073 521 3267 577 labores
3307 518 3484 582 illius.
3515 518 3612 586 Vi-

2030 588 2204 670 dentes
2249 606 2387 670 eunt
2412 588 2765 670 turbabuntur,
2796 601 2861 670 let
2899 593 3451 670 super‘attiitifandam
3493 603 3611 670 ejus

2029 660 2242 735 salutem
2269 660 2415 735 valde
2431 660 2950 735 terrebuntnr_(_qu.
2968 660 3027 717 ⁷5.
3053 661 3102 735 l‘.
3126 662 3204 733 2).
3229 664 3366 732 Quid
3401 660 3614 735 profuit.

2029 729 2185 785 nobis
2227 729 2523 798 superbia?
2565 739 2657 785 aut
2697 731 2821 801 quid
2864 729 3121 800 jactantia
3163 729 3436 792 contulit-1’
3474 742 3606 801 Hac

2025 806 2179 855 erant
2204 800 2268 855 ad
2296 815 2657 872 manumquze
2681 800 2784 857 dici
2818 812 3082 872 poterant.

2097 872 2167 926 At
2194 885 2293 926 nos
2317 871 2547 927 eucomii
2572 872 2713 942 stylo
2735 871 2830 940 ea,
2850 887 2973 944 qua:
2997 872 3255 945 deinceps
3279 890 3609 949 evenerunt.

2025 954 2429 1012 prosequamur.
2506 978 2507 981 η

2094 1011 2399 1086 l-igredienti
2424 1027 2495 1066 ex
2522 1021 2683 1086 puteo
2710 1027 2803 1086 rex
2828 1019 2883 1086 ct
2908 1027 3099 1070 omnes
3120 1055 3135 1079 ,
3156 1016 3252 1086 qui
3277 1031 3397 1073 cum
3434 1036 3504 1075 eo
3545 1025 3604 1079 in

2022 1079 2389 1159 furoremacti
2415 1079 2589 1159 erant,
2614 1083 2825 1138 obviam
2855 1079 3194 1159 ierunt_nudi
3217 1095 3274 1141 et
3300 1089 3593 1159 deformes,

2020 1160 2076 1224 et
2104 1152 2288 1221 procul
2313 1152 2386 1224 ab
2408 1152 2541 1207 urbe
2560 1163 2764 1210 stantes
2786 1155 3188 1224 exspectabant.
3229 1159 3298 1211 At
3333 1174 3454 1215 cum
3495 1152 3597 1219 ve;

2020 1223 2256 1293 nientem
2280 1238 2308 1276 a
2332 1221 2488 1291 lo‘uge
2509 1221 2928 1293 prospexisseiti,
2951 1240 3144 1280 carnes
3169 1240 3294 1281 snas
3318 1227 3595 1289 furibundi

2019 1291 2298 1373 devorare,
2330 1291 2565 1373 clamare
2591 1291 2649 1349 et
2669 1293 2850 1350 dicere
2866 1305 3198 1373 crepet-unt;
3228 1297 3378 1373 Veni,
3401 1306 3596 1373 angele

2017 1362 2070 1435 in
2113 1378 2339 1435 corpore
2384 1362 2618 1435 degens,
2657 1373 2712 1418 et
2738 1380 2840 1434 ope
2866 1365 3080 1421 luminis
3108 1366 3181 1421 tui
3209 1368 3409 1424 amicos
3438 1362 3593 1430 tgna-

2017 1432 2233 1489 brarum
2259 1435 2358 1513 qui
2376 1432 2489 1513 nos
2507 1432 2787 1513 infestant,
2807 1436 3017 1504 expelle
3046 1452 3061 1490 :
3083 1438 3210 1513 yeni
3230 1479 3245 1503 ,
3277 1441 3594 1513 proﬂigator

2015 1518 2239 1578 eorum,
2268 1504 2359 1575 qui
2402 1505 2558 1560 nobis
2601 1504 2968 1571 dominantur,
3010 1505 3210 1577 quique
3246 1504 3477 1578 superb'a
3500 1530 3598 1578 ex.

2014 1574 2337 1630 accrbabant
2359 1583 2574 1651 pectora
2596 1583 2798 1651 nostra,
2818 1584 2873 1629 ut
2888 1574 3145 1651 eum;_q_t_fi
3165 1593 3260 1651 eos
3286 1574 3591 1651 torquebat,

2015 1653 2389 1715 torqueremus
2415 1663 2429 1699 :
2457 1647 2599 1711 veni,
2632 1645 2722 1715 qui
2747 1660 2976 1714 corpore
3003 1645 3227 1703 visibilis
3252 1664 3333 1709 es.
3364 1645 3417 1705 ut
3448 1645 3592 1708 invi;

2011 1714 2193 1793 sibilos
2221 1715 2481 1793 mentium
2508 1714 2812 1793 nostrarum
2845 1717 3092 1771 tenebras
3118 1720 3387 1793 propellas
3405 1740 3418 1774 :
3438 1727 3588 1793 veni,

2012 1786 2106 1856 qui
2130 1793 2277 1856 veste
2304 1784 2519 1839 indutus
2544 1801 2603 1840 es
2627 1786 2869 1841 coriacea
2895 1796 2951 1842 et
2972 1784 3233 1843 materiali
3252 1828 3268 1856 ,
3303 1800 3361 1845 ut
3389 1784 3586 1848 imula;

2012 1855 2225 1910 teriales
2249 1865 2305 1911 et
2334 1855 2683 1924 incorporeas
2711 1856 2895 1912 hostes
2922 1867 3157 1925 nostros,
3188 1861 3276 1925 qui
3311 1877 3409 1916 nos
3437 1865 3587 1919 inse-

2008 1935 2263 1994 quuntur,
2293 1926 2594 1996 insequeris
2618 1942 2633 1978 :
2661 1926 2806 1992 veni,
2839 1927 2941 1991 sol,
2966 1937 3022 1983 et
3050 1926 3255 1984 fervido
3278 1938 3370 1986 tuo
3398 1934 3586 1991 calore

2008 1996 2370 2051 exundantem
2420 1996 2708 2065 impietatis
2753 2005 2953 2053 nostra:
3000 2007 3291 2053 torrentem
3343 2005 3581 2061 exsicea.

2010 2065 2209 2120 Divina:
2232 2067 2407 2139 igni-n1
2427 2066 2684 2122 doctrinae
2707 2077 2810 2139 ture
2833 2069 2987 2122 nobis
3011 2069 3316 2132 admoveas,
3341 2074 3430 2138 qui
3456 2091 3578 2139 nos,

2006 2144 2195 2206 stagno
2239 2138 2358 2204 gelu
2411 2144 2667 2206 concreto
2714 2138 3038 2205 immersos,
3088 2139 3253 2195 calori
3306 2138 3577 2202 restituat.

2005 2204 2138 2281 Veni
2159 2249 2174 2273 ,
2202 2206 2398 2281 flumen
2441 2205 2716 2281 divinum,
2746 2204 3063 2278 sterilesque
3105 2223 3324 2281 campos
3362 2223 3585 2270 nostros

2005 2274 2185 2353 irriga,
2218 2286 2276 2333 ut
2305 2277 2486 2353 virens
2510 2276 2826 2353 reﬂotescat
2848 2274 3035 2335 semen
3058 2274 3406 2353 exsiccatum,
3429 2287 3578 2353 quod

2002 2361 2032 2401 a
2063 2346 2123 2402 te
2144 2348 2195 2400 in
2234 2346 2589 2420 noqs_deci_dit.
2637 2348 2859 2420 segetes
2880 2389 2897 2416 ,
2941 2363 3079 2420 quas
3124 2350 3312 2406 feceris
3355 2362 3413 2407 ut
3448 2346 3580 2408 'tur.

2000 2425 2255 2487 gescant,
2287 2417 2422 2473 falce
2463 2416 2643 2472 divina
2683 2416 2899 2475 demete
2926 2416 3175 2484 :bobus,
3203 2421 3291 2487 qui
3323 2434 3452 2477 sunt
3481 2426 3577 2483 filii

2003 2488 2101 2550 tui,
2126 2489 2530 2560 velllagellum,
2559 2490 2700 2557 quod
2724 2501 2807 2543 est
2831 2489 3010 2560 lingua
3042 2499 3151 2556 tua,
3175 2491 3397 2557 tritura;
3429 2496 3577 2551 illas-

1997 2571 2105 2626 que
2131 2558 2321 2613 eadem
2349 2559 2524 2627 lingua
2554 2567 2640 2612 tua
2670 2560 2865 2614 ventila
2890 2558 3152 2623 {brachio
3180 2570 3273 2614 tuo
3303 2563 3490 2618 divino
3517 2569 3571 2621 in

1997 2640 2553 2698 acervumcompone,
2576 2643 2711 2698 quas
2730 2630 2890 2685 etiam
2921 2630 2974 2686 in
3002 2630 3190 2685 horrea
3218 2630 3404 2688 divina
3423 2650 3573 2691 com-

1998 2706 2202 2776 portes.
2236 2696 2366 2754 Veni
2392 2696 2409 2765 ,
2435 2701 2527 2769 qui
2555 2696 2963 2776 e'_c:elo_elfusus
2988 2716 3048 2776 es
3068 2742 3083 2766 ,
3110 2703 3573 2776 candentibusquc

1993 2766 2257 2843 doctrinm
2304 2777 2408 2823 tute
2455 2766 2640 2839 prunis
2682 2770 2864 2843 spinas
2901 2770 3225 2843 carduorum
3254 2766 3569 2843 cancri-ma,

1995 2839 2374 2913 qu:e_lahor_um
2401 2847 2610 2894 tuorum
2632 2839 2814 2913 semen
2834 2841 3250 2913 sutl'ocaverunt.
3272 2839 3569 2913 Egredere,

1995 2909 2246 2965 minister
2269 2909 2379 2981 Dei,
2405 2923 2470 2981 ex
2504 2917 2664 2979 puteo
2690 2910 2972 2979 profundo,
2994 2912 3082 2981 qui
3106 2913 3283 2967 lumen
3304 2909 3571 2971 doctrinas

1996 2986 2210 3052 tuzeex
2252 2979 2460 3052 abyssis
2501 2994 2715 3036 sursum
2763 2979 3046 3051 sparsisti:
3079 2983 3375 3052 egredere,
3423 2994 3480 3040 ct
3513 2988 3570 3043 in

1993 3050 2219 3122 stygiam
2245 3049 2734 3122 glacientaustrum
2768 3049 2885 3107 lene
2911 3049 3203 3122 Spinonem
3226 3055 3421 3110 excita.
3442 3056 3568 3112 Jatn

1993 3119 2131 3194 inte
2156 3119 2315 3174 situm
2345 3129 2430 3175 est
2452 3119 2636 3194 divino
2660 3129 2854 3177 terram
2881 3119 3144 3178 exercere
3173 3132 3374 3188 aratro,
3400 3142 3566 3194 quam

1989 3190 2170 3246 colere
2189 3199 2346 3261 antea
2376 3206 2479 3245 non
2505 3191 2834 3258 sitiebamus,
2856 3208 2977 3261 cum
3001 3194 3298 3261 praesertim
3326 3190 3566 3254 lucidum

1990 3260 2241 3332 soletnin
2271 3262 2541 3332 tenebras,
2575 3263 2720 3317 velut
2746 3264 2798 3317 iit
2829 3260 3100 3319 murderem
3122 3305 3141 3332 ,
3173 3264 3565 3322 immisericor-

1990 3330 2129 3387 diter
2155 3330 2560 3387 detruserimus.

2132 3400 2326 3456 κει-σεε
2351 3411 2522 3456 sancto
2539 3400 2879 3457 lllnminatori
2894 3420 2926 3457 η
2946 3403 3161 3459 Domino
3176 3404 3396 3460 reddita.
3422 3401 3558 3460 Per.

1989 3473 2275 3544 oratio._—
2296 3470 2416 3526 Jam
2441 3486 2569 3544 vero
2598 3472 2737 3529 beati
2768 3472 2973 3539 laudes,
3005 3488 3102 3543 pro
3131 3474 3296 3543 ipsius
3325 3478 3559 3544 meritis,

1989 3542 2235 3624 eucomio
2278 3540 2736 3624 prosatuiupenes
2780 3540 3021 3624 menon
3053 3540 3165 3611 est,
3188 3545 3313 3624 licet
3340 3544 3392 3624 id
3424 3540 3561 3624 mihi

1989 3613 2222 3668 maxime
2256 3611 2325 3666 sit
2369 3611 2422 3666 in
2459 3611 2619 3685 votis.
2665 3615 2844 3669 Dicam
2877 3615 3034 3684 igitur
3054 3629 3214 3685 quam
3238 3616 3569 3673 brevissime

1989 3698 2051 3740 ea
2070 3698 2201 3752 qum
2232 3691 2411 3752 postea
2439 3682 2678 3751 profecto
2701 3682 3019 3741 consecutus
3041 3682 3147 3740 est.

2060 3750 2299 3809 Fidelem
2327 3750 2541 3807 servum
2581 3768 2735 3808 suum
2778 3755 2857 3809 sic
2892 3756 3154 3810 allocutus
3182 3765 3260 3810 est
3290 3755 3562 3814 Greater:

1992 3823 2162 3893 Euge,
2194 3837 2356 3894 serve
2375 3822 2514 3877 bone
2539 3832 2594 3879 et
2623 3824 2814 3894 tidelis,
2846 3840 2914 3879 ne
2938 3825 3063 3894 quid
3092 3826 3354 3881 sollicitus
3383 3829 3463 3882 sis
3490 3829 3569 3885 de

1991 3892 2321 3949 tua’seminis
2347 3892 2398 3945 in
2425 3901 2595 3963 terras
2626 3892 2991 3963 proiectione:
3017 3903 3071 3949 tu
3098 3897 3368 3963 p'autaSti,
3396 3896 3567 3954 Paule

1990 3965 2492 4034 alterzogoqautem
2534 3962 2920 4034 incrementum
2958 3965 3049 4020 do.
3095 3962 3259 4029 chi,
3307 3967 3452 4022 intra
3508 3970 3565 4022 in

1990 4032 2244 4107 gaudium
2264 4032 2491 4107 Domini
2535 4034 2633 4088 tui.
2664 4033 2748 4107 lfie
2770 4035 2991 4100 timeas,
3019 4034 3194 4107 Moses
3217 4035 3374 4107 alter.
3408 4039 3560 4107 quod

1946 4148 1953 4155 .
1991 4102 2085 4159 tibi
2117 4102 2324 4158 nonnisi
2355 4117 2543 4159 recens
2568 4102 2892 4159 crediderint
2923 4105 3099 4174 populi
3132 4124 3145 4157 :
3179 4115 3235 4160 tu
3275 4102 3440 4162 cuim'
3466 4123 3563 4165 me

1992 4175 2160 4244 magis
2184 4187 2342 4245 quam
2371 4188 2564 4245 corpus
2605 4182 2752 4245 tuum
2792 4174 3046 4229 dilexisti.
3080 4174 3209 4233 chi
3231 4215 3245 4241 ,
3275 4179 3564 4245 requiesce

1992 4260 2030 4317 a_
2051 4242 2322 4317 laboribus
2351 4242 2476 4307 tuis,
2509 4258 2648 4317 nove
2680 4244 2862 4299 Daniel
2895 4261 2909 4297 :
2938 4246 3236 4317 nuptialem
3271 4242 3567 4317 ingredere

1994 4314 2282 4368 thalamum
2313 4354 2326 4374 .
2354 4327 2513 4382 quem
2545 4314 2637 4369 tibi
2667 4323 2823 4370 antea
2870 4314 3137 4383 pollicitus
3178 4314 3352 4371 erant:
3383 4315 3524 4371 Veni
3546 4360 3566 4383 ,

1991 4385 2173 4456 sedem
2219 4384 2402 4456 accipe
2447 4383 2585 4456 inter
2628 4384 2936 4456 apostolos.
2981 4385 3223 4454 apostole
3268 4386 3445 4448 alter,
3473 4390 3570 4456 qui

1993 4455 2213 4511 verbum
2258 4453 2500 4508 veritatis
2544 4455 2691 4524 genti
2738 4455 2984 4522 superbze
3022 4453 3347 4510 annuntiasti
3379 4474 3393 4510 :
3427 4453 3574 4510 inter

1992 4525 2301 4592 angelorum
2329 4524 2537 4592 agmina
2567 4524 2849 4594 tioiloceris
2870 4565 2884 4588 ,
2915 4525 3005 4594 qui
3046 4526 3209 4579 vitam
3253 4527 3466 4579 illorum
3517 4529 3573 4581 in

1996 4595 2152 4650 terris
2168 4594 2444 4676 temnlams
2466 4608 2544 4648 es.
2564 4592 2719 4676 Veni,
2741 4603 2795 4648 et
2816 4592 2948 4648 cum
2969 4595 3283 4676 patqiarchis
3315 4598 3579 4676 princeps

1993 4674 2112 4719 esto
2133 4663 2440 4735 :Aplanterkis
2471 4672 2526 4716 ιιι
2555 4664 2735 4735 palma
2759 4673 2942 4719 sancta
2971 4663 3022 4717 in
3054 4664 3215 4717 domo
3247 4666 3481 4724 Domini.
3515 4663 3577 4723 et

1996 4735 2048 4807 in
2073 4732 2226 4807 atriis
2257 4734 2345 4807 Dei
2368 4732 2587 4807 ﬂoreas.
2610 4732 2765 4807 Vetti,
2784 4735 3130 4807 coronaberis
3154 4749 3277 4788 cum
3312 4739 3578 4807 martyri-

1998 4803 2115 4866 bus,
2145 4804 2514 4874 laetaberisque
2534 4819 2655 4857 cum
2684 4804 2770 4868 iis,
2794 4804 2885 4872 qui
2907 4819 3005 4873 pro
3026 4820 3112 4857 me
3133 4814 3401 4874 tormenta
3429 4803 3577 4874 pa~si

1995 4883 2120 4945 sunt
2148 4893 2161 4929 :
2187 4875 2307 4926 veni
2338 4873 2389 4926 in
2420 4873 2594 4945 aulam
2627 4873 2929 4945 nuptiarum
2961 4873 3577 4945 mearum.\'eni,gau-

1994 4944 2086 4998 dio
2130 4945 2269 4999 inter
2306 4943 2694 5013 cmnobitarum
2736 4944 2934 4998 choros
2978 4943 3308 5010 exsultabis,
3339 4943 3579 5013 qltiﬁlsmt

1996 5014 2157 5069 modo
2203 5012 2432 5069 dilexisti
2481 5023 2693 5067 montes
2733 5021 2788 5067 et
2829 5014 3038 5073 deserta
3060 5054 3078 5081 ,
3106 5014 3200 5069 sed
3230 5016 3375 5069 Cruci
3408 5017 3579 5071 etiam

1991 5085 2187 5154 jugiter
2230 5082 2487 5154 conlisus
2519 5083 2663 5137 fuisti
2706 5100 2954 5148 mecum;
3000 5083 3199 5139 idcirco
3249 5086 3578 5151 angelorum

1998 5152 2237 5208 ineorum
2259 5152 2325 5207 ad
2350 5162 2402 5206 te
2422 5153 2625 5224 mittam
2649 5154 2882 5223 agmina,
2909 5163 3066 5223 teque
3086 5156 3152 5207 ad
3183 5168 3269 5208 me
3291 5157 3580 5224 recipiant.

1998 5224 2061 5279 Et
2086 5225 2209 5295 quia
2243 5223 2465 5295 portasti
2499 5223 3109 5295 jugiterqcrucemttuam
3136 5233 3195 5279 et
3223 5223 3420 5279 venisti
3451 5236 3580 5294 post

1997 5292 2593 5365 me,'ego'introducatn
2622 5302 2673 5347 te
2701 5292 2752 5365 in
2786 5293 3091 5365 paradisum
3112 5334 3129 5360 ,
3161 5295 3215 5347 in
3239 5310 3402 5363 quem
3435 5292 3580 5349 latro

1996 5379 2093 5434 per
2129 5362 2344 5419 crucem
2384 5377 2536 5434 suam
2569 5362 2830 5418 introivit.
2860 5363 3054 5418 Beatus
3083 5378 3143 5417 es
3169 5373 3223 5417 tu
3243 5362 3267 5427 ,7
3293 5366 3440 5419 inter
3472 5366 3583 5420 Ec-

1996 5435 2171 5489 clesia:
2216 5433 2576 5505 patriarchas,
2620 5443 2771 5504 pater
2808 5443 3015 5505 sancte.
3062 5434 3202 5488 Olim
3249 5436 3477 5505 angelus
3527 5435 3585 5489 in

1997 5520 2259 5576 corpore,
2291 5518 2434 5559 nunc
2460 5507 2810 5576 incorporeus
2840 5504 2981 5576 inter
3009 5504 3357 5576 incorporeos
3381 5521 3582 5559 versa-

1998 5573 2108 5631 ris;
2128 5575 2350 5638 Beatus,
2380 5574 2580 5643 optime
2606 5573 2803 5642 prtesul
2830 5616 2845 5638 ,
2873 5573 2965 5641 qui
2992 5589 3118 5628 oves
3148 5573 3310 5644 Regis
3341 5576 3420 5629 tui
3455 5591 3582 5644 per-

2000 5645 2140 5699 ditas
2160 5687 2174 5708 ,
2202 5656 2259 5701 ct
2282 5660 2400 5716 qua:
2430 5645 2547 5700 sine
2561 5645 2695 5716 ovili
2722 5658 2876 5700 erant
2895 5686 2910 5711 ,
2939 5645 3193 5714 repetiisti
3218 5685 3234 5710 ,
3266 5645 3582 5711 adduxisti,

2002 5724 2058 5773 ct
2086 5716 2141 5773 iu
2166 5718 2299 5774 atria
2329 5715 2446 5788 ejus
2471 5715 2749 5787 collegisti.
2786 5716 2981 5774 Beatus
3011 5731 3070 5774 cs
3101 5725 3178 5784 tu,
3207 5715 3296 5787 qui
3329 5717 3588 5788 luporum
