4146 6260
403 458 632 467 ν.-.-.-.σ“
647 461 727 467 ρ-υ.
747 461 834 466 -.
859 461 1110 468 .—.————
1133 463 1634 472 —-——-__7~——_..___—
1658 467 1726 473 —_
1743 468 1800 473 ν-
1823 468 2040 476 -ν--νη
2057 470 2378 477 -—--.___-__-.
2419 471 2662 478 ...κ-.--κφ-

389 490 416 496 ,ν
442 490 516 493 .ν,..
539 489 648 494 _.-.-_-
668 490 718 493 ——.
823 490 827 493 -
855 490 862 494 .
896 491 907 496 -
963 492 970 493 κ
1323 494 1330 497 .
1359 494 1388 504 ν
1455 495 1464 499 -
2155 499 2162 503 .
2247 501 2254 503 μ
2287 501 2314 504 -.
2389 502 2396 504 μ
2429 501 2448 504 ν-
2475 502 2483 504 ν
2503 501 2570 505 -..-
2649 502 2690 507 -σ
2723 502 2746 505 —-
2833 503 2870 506 »α
2891 503 2930 508 ι-
2953 504 3341 514 --η--ορι
3528 517 3532 520 ⁴

1645 647 1811 688 ANNO
1848 647 2071 691 DOMINI
2106 650 2267 693 DXXI

329 774 1379 991 MAGNUS
1424 781 2194 998 FELIX
2244 789 3587 1058 ENNODIUS,

1272 1103 1913 1187 EPISCOPUS
1972 1105 2646 1196 TICINENSIS.

1828 1265 2137 1278 .—__

1521 1354 2251 1434 PROLEGOMEN
2253 1360 2393 1436 ON
2401 1407 2427 1433 .

1760 1490 1776 1550 (
1792 1488 1861 1536 Ex
1889 1484 2133 1550 Galland.)

398 1598 437 1651 Ι.
478 1595 698 1664 Magnus
732 1594 877 1650 Felix
908 1594 1183 1649 Ennodius
1209 1591 1417 1648 Gallum
1450 1595 1694 1663 prosapia
1725 1592 1824 1664 (α),
1856 1601 1908 1645 et
1938 1593 1985 1650 A
2016 1601 2222 1693 perstes
2245 1600 2467 1655 exstitit.
2494 1602 2623 1658 Nam
2646 1615 2710 1661 ex
2734 1607 2849 1675 ejus
2872 1608 3139 1681 epitapliio
3160 1629 3186 1666 a
3212 1613 3498 1676 Sirmondo
3517 1624 3593 1693 (ο)

321 1690 540 1759 quidem
566 1688 761 1742 illustri
784 1686 1093 1750 admodum,
1121 1695 1408 1755 natumque
1429 1684 1641 1739 Arelate
1662 1700 1719 1738 se
1741 1684 1906 1737 fuisse

324 1791 551 1836 testatur
578 1779 655 1849 (ὁ)
683 1799 695 1832 :
729 1795 847 1848 qua:
879 1790 963 1833 est
994 1780 1259 1833 sententia
1290 1778 1523 1832 virorum
1550 1776 1903 1839 eruditorum,

321 1876 517 1941 quibus
550 1875 813 1930 Gallicam
854 1873 1131 1927 historiam
1173 1872 1483 1926 litterariam
1515 1880 1784 1937 acceptam
1821 1882 1907 1923 re-

319 1966 542 2021 ferimus
570 1966 669 2036 (c),
701 1965 824 2018 licet
848 1962 1166 2018 Sirmondus
1192 1962 1291 2030 (ά),
1318 1962 1576 2016 Sollerius
1608 1960 1681 2030 (ρ)
1709 1958 1906 2027 aliique

320 2056 423 2110 hac
442 2056 511 2111 de
534 2072 592 2110 re
614 2055 885 2123 ambigere
914 2052 1217 2108 videantur.
1253 2053 1379 2123 Ejus
1410 2060 1561 2106 ortus
1591 2065 1731 2105 anno
1753 2050 1906 2104 Citri-

319 2148 393 2201 sti
431 2146 538 2202 475
568 2146 849 2215 illigandus
878 2147 1225 2213 comperitur,
1254 2147 1450 2214 quippe
1479 2144 1566 2212 qui
1599 2159 1741 2198 anno
1771 2144 1899 2209 52!,

317 2239 495 2293 etatis
514 2239 608 2303 48,
631 2253 663 2292 e
686 2238 818 2291 vivis
846 2236 1154 2301 excesserit,
1180 2244 1237 2290 ut
1264 2236 1398 2291 infra
1426 2238 1763 2291 manifestum
1789 2235 1899 2289 ﬁet.

321 2330 541 2385 Litteris
590 2330 818 2399 primum
867 2329 1271 2383 humanioribus
1328 2329 1608 2383 Mediolani
1662 2343 1690 2380 a
1737 2342 1902 2396 puero

316 2424 566 2477 excultus
597 2418 689 2492 (Ῑ),
729 2420 983 2490 deinceps
1012 2420 1095 2476 vel
1128 2422 1244 2487 ipsa
1282 2421 1578 2475 studiorum
1610 2420 1904 2475 liberalium

316 2511 538 2568 nomina
568 2526 628 2566 se
659 2511 825 2566 fuisse
857 2512 1180 2566 detestatum
1209 2512 1489 2579 profitetur
1522 2510 1622 2581 (g).
1667 2511 1907 2564 Postmo-

314 2588 446 2655 dum
488 2616 632 2655 anno
657 2601 794 2669 489,
840 2604 1015 2656 aetatis
1066 2617 1179 2656 sute
1206 2602 1295 2667 16,
1345 2603 1523 2656 amita:
1566 2617 1686 2671 qua:
1730 2602 1904 2670 ipsum

314 2699 528 2754 aluerat
563 2698 756 2754 solatio
784 2697 1106 2765 destitutus,
1138 2698 1521 2754 nobilissimam
1562 2712 1623 2750 ac
1652 2695 1906 2767 praedivi-

2012 1685 2239 1757 aliisque
2261 1688 2449 1760 relato,
2470 1692 2643 1762 ipsum
2669 1712 2735 1753 ex
2761 1702 2858 1756 hac
2880 1704 2985 1756 vita
3012 1705 3064 1758 in
3086 1708 3281 1764 ctelum
3303 1685 3594 1783 emigrasse

2015 1773 2361 1871 intelligimus
2400 1797 2491 1839 xvi
2530 1788 2630 1842 cal.
2675 1790 2893 1859 Augusti
2927 1792 3129 1849 Valerio
3172 1797 3232 1853 V.
3263 1800 3323 1854 C.
3365 1773 3591 1871 consule,

2013 1876 2118 1932 quo
2146 1867 2232 1923 die
2274 1870 2324 1924 in
2360 1872 2617 1930 Ecclesiae
2648 1879 2843 1933 tabulis
2874 1880 2990 1950 ejus
3021 1890 3278 1943 memoria
3310 1867 3595 1959 quotannis

2014 1956 2294 2023 recolitur;
2339 1961 2579 2034 adeoque
2622 1983 2763 2022 anno
2795 1968 3002 2027 Domini
3043 1973 3170 2040 521,
3202 1956 3398 2035 annum
3428 1998 3593 2053 agen-

2015 2052 2119 2099 tem
2150 2047 2239 2103 48.
2288 2051 2600 2122 Ilujtismodi
2647 2067 2826 2115 autem
2875 2064 3128 2120 chronica
3180 2075 3383 2125 notatio
3425 2047 3491 2129 ea
3528 2092 3594 2131 eo

2010 2135 2329 2208 desumitur,
2374 2148 2511 2214 quod
2553 2160 2769 2205 sanctus
2814 2159 3008 2222 prrnsul
3049 2175 3303 2214 annorum
3344 2166 3504 2231 fet-nte
3530 2170 3593 2223 i6

2009 2239 2172 2297 esset,
2198 2242 2255 2287 ut
2280 2235 2504 2304 ipsemet
2534 2248 2758 2297 testatur
2783 2246 2883 2316 (p),
2908 2263 3013 2317 quo
3041 2261 3277 2320 tempore
3307 2257 3360 2309 in
3390 2258 3590 2314 Italiam

2008 2320 2279 2391 ingressus
2326 2337 2410 2382 est
2445 2329 2841 2401 Theodericus,
2887 2352 3028 2393 anno
3075 2342 3283 2397 scilicet
3324 2344 3449 2414 689,
3500 2352 3590 2418 qui

2009 2413 2221 2481 quidem
2250 2419 2422 2474 aetatis
2462 2436 2637 2479 annus
2669 2426 2714 2480 si
2745 2440 2865 2481 cum
2898 2429 3097 2486 Valerii
3129 2440 3408 2493 consulatu
3436 2413 3589 2495 corn-

2012 2514 2259 2573 ponatur,
2304 2525 2411 2580 quo
2459 2526 2709 2571 currente
2738 2519 2997 2590 depositus
3039 2524 3202 2581 fuisse
3239 2528 3587 2601 describitur;

2008 2609 2179 2652 anuus
2204 2598 2430 2657 Ennodii
2459 2614 2761 2672 postremus
2804 2611 2963 2667 fuerit
2990 2615 3088 2683 48,
3125 2616 3322 2675 Chriiti
3372 2623 3498 2690 521,
3534 2598 3589 2684 ut

2010 2698 2155 2742 recte
2187 2693 2361 2761 arguit
2386 2694 2703 2754 Sirmondus
2732 2700 2830 2773 (ᾳ).

313 2797 426 2843 tem
457 2803 679 2843 uxorem
709 2788 864 2843 duxit
892 2789 995 2859 (Ii).
1047 2790 1111 2843 At
1142 2788 1324 2857 paucis
1363 2796 1484 2856 post
1516 2787 1671 2841 annis
1708 2785 1907 2841 saecqu
1936 2788 1985 2850 Β
2082 2779 2149 2836 ΙΙ.
2194 2782 2266 2838 De
2296 2789 2465 2841 sancti
2499 2789 2655 2860 hujus
2686 2797 2931 2862 praesulis
2956 2795 3257 2859 Τίεῑηεηεῖε
3288 2805 3586 2865 “ueram”,

313 2879 560 2932 nuntium
577 2878 873 2946 remittens,
895 2878 1271 2934 ecclesiasticre
1286 2878 1486 2931 militiae
1509 2891 1701 2931 nomen
1724 2875 1897 2930 dedit:

310 2976 477 3035 atque
500 2969 568 3020 ab
588 2967 888 3036 Epiphanio
908 2967 1178 3022 Ticinen~i
1205 2968 1443 3022 antistite
1473 2967 1729 3021 diaconus
1756 2966 1901 3020 ordi-

310 3066 475 3111 natus
503 3056 588 3128 (ὅ),
615 3058 849 3127 religiosi
875 3056 1130 3127 propositi
1160 3066 1463 3112 consortem
1486 3072 1697 3127 quoque
1717 3056 1901 3110 habuit

312 3162 538 3202 uxorem
563 3149 659 3219 (j).
687 3148 845 3204 Clero
871 3149 1133 3214 addictus,
1167 3148 1467 3204 Servilione
1491 3149 1745 3218 magistro
1771 3161 1899 3201 usus

308 3246 429 3302 est,
459 3253 487 3291 a
515 3254 622 3307 quo
650 3239 816 3293 sacris
848 3240 1103 3294 institutis
1143 3241 1241 3294 fuit
1277 3240 1510 3294 imbutus
1543 3240 1618 3310 (k)
1641 3256 1654 3291 :
1681 3248 1740 3292 ut
1775 3252 1897 3306 pro-

311 3318 495 3396 pterea
526 3329 699 3383 minus
725 3340 870 3385 recte
899 3331 1169 3386 censuerit
1193 3330 1449 3386 Sollerius
1471 3328 1560 3400 (ι),
1593 3327 1895 3382 Ermodinm

310 3418 413 3471 sub
437 3418 736 3473 Servilione
760 3418 1073 3473 liberalibus
1096 3419 1393 3489 disciplinis
1422 3433 1638 3488 operam
1660 3416 1894 3473 dedisse.

308 3506 518 3562 Interea
550 3508 602 3562 in
635 3509 904 3577 legatione
932 3509 1267 3577 Burgiindica
1296 3524 1415 3579 qua:
1446 3510 1496 3563 iit
1536 3524 1736 3562 annum
1767 3508 1898 3563 inci-

306 3600 388 3652 dit
408 3600 513 3655 491
536 3615 717 3654 comes
747 3600 962 3677 additus
990 3601 1244 3670 episc0po
1274 3614 1371 3654 suo
1397 3600 1693 3669 Epiphanio
1718 3599 1897 3653 Erino-

303 3687 435 3742 dius
466 3688 776 3757 perhibetur
804 3689 920 3759 (m);
954 3699 1008 3745 et
1035 3690 1250 3760 quidem
1281 3689 1405 3743 dum
1440 3690 1645 3744 diaconi
1672 3705 1896 3745 munere

302 3778 619 3848 fungeretur
649 3797 663 3834 :
709 3796 774 3835 eo
801 3782 943 3836 enim
974 3782 1027 3835 in
1056 3781 1224 3852 gradu
1253 3780 1345 3836 diu
1387 3784 1557 3851 ipsum
1587 3782 1895 3837 constitisse

302 3869 441 3922 iiltid
470 3869 679 3929 suadet.
711 3870 851 3934 qni-id
880 3885 1025 3924 anno
1055 3869 1160 3924 515
1189 3871 1457 3940 egregium
1492 3872 1892 3942 Apologeticum

299 3975 407 4027 pro
446 3960 653 4030 synodo
695 3960 923 4015 Palmari
968 3959 1141 4016 adhuc
1185 3961 1443 4016 diaconus
1480 3963 1891 4031 conscripserit:

300 4068 410 4119 qua
436 4050 503 4104 de
525 4068 583 4105 re
602 4051 818 4120 Pagium
842 4052 1092 4105 causulas
1113 4051 1270 4105 velim
1292 4052 1396 4123 (ii).
1420 4051 1558 4119 Qti'n
1580 4054 1739 4107 etiam
1762 4053 1896 4109 forte

300 4141 451 4195 haud
478 4141 611 4195 ultra
642 4156 764 4195 eum
794 4141 1019 4211 gradum
1054 4142 1374 4211 processerit
1406 4158 1571 4212 usque
1594 4144 1659 4197 ad
1692 4159 1887 4197 annum

301 4231 414 4287 510
444 4240 536 4286 aut
558 4231 698 4297 511,
732 4247 867 4301 quo,
908 4230 1190 4300 Epiphatiii
1239 4245 1552 4285 successore
1584 4233 1812 4287 Maximo
1850 4232 1891 4287 ll

299 4324 417 4374 vita
449 4321 661 4389 iuncto,
692 4321 757 4376 ad
793 4320 1044 4376 Ecclesia:
1073 4322 1371 4377 Ticincusis
1400 4324 1764 4392 episcopatum
1797 4324 1894 4378 fuit

296 4421 547 4466 evectus.
601 4411 761 4465 Multa
813 4412 1073 4481 praeclare
1116 4414 1281 4483 gessit
1327 4414 1379 4468 in
1423 4414 1716 4469 catiiedrali
1763 4416 1894 4471 sede

296 4501 656 4566 constitutus;
686 4501 913 4571 ejusque
944 4502 1206 4573 imprimis
1236 4506 1431 4559 enituit
1455 4514 1689 4573 spectata
1720 4506 1890 4561 virtus

294 4601 355 4647 et
382 4592 628 4647 doctrina
672 4594 723 4647 in
760 4592 975 4663 gemina
1022 4595 1115 4649 illa
1154 4596 1419 4666 legatione
1454 4598 1518 4651 ad
1548 4598 1887 4652 Anastasitim

296 4683 707 4754 impera'urem,
750 4700 909 4755 quam
951 4686 1053 4740 sub
1081 4686 1359 4741 iiormisda
1408 4703 1539 4756 papa
1576 4688 1889 4743 orthodoxa:

297 4775 431 4829 ﬁdei
470 4788 632 4829 causa
668 4777 906 4847 suscepit
946 4779 1101 4833 annis
1143 4777 1244 4835 515
1275 4788 1329 4834 et
1358 4780 1482 4845 517,
1517 4781 1639 4836 licet
1668 4794 1894 4853 utraque

290 4864 625 4919 veteratoris
650 4867 905 4935 principis
929 4868 1132 4923 artibus
1154 4869 1219 4924 ad
1245 4870 1452 4925 irritum
1475 4873 1715 4937 cesserit,
1748 4884 1803 4927 tit
1824 4890 1887 4928 ex

290 4954 682 5009 ecclesiasticis
702 4955 915 5010 Baronii
936 4958 1227 5013 Annalibus
1247 4970 1476 5015 constat.
1498 4962 1577 5015 Ad
1598 4963 1886 5019 Ecclesiam

287 5060 451 5100 suam
484 5061 729 5101 reversus
757 5047 947 5103 beatus
970 5051 1224 5117 antistes,
1258 5052 1400 5107 haud
1432 5055 1603 5109 ntulto
1635 5065 1756 5125 post
1794 5074 1883 5111 sii-

364 5178 453 5307 ἔα)
497 5178 705 5232 Eunoni.
733 5180 827 5233 lib.
862 5197 899 5241 t.
925 5183 1086 5262 epist.
1118 5186 1172 5238 2.

390 5249 446 5307 b)
491 5248 567 5300 Id.
604 5249 693 5302 lib.
733 5266 823 5307 vri.
851 5263 1011 5307 epist.
1045 5254 1100 5307 8.

390 5249 446 5314 ὸ)
491 5248 567 5318 lii.
604 5249 693 5302 lib.
733 5266 823 5308 vn.
851 5253 1011 5318 epist.
1045 5254 1100 5308 8.

488 5317 621 5401 Inlist.
654 5317 912 5401 litterajre
940 5322 1017 5401 de
1037 5325 1082 5376 Ia
1112 5324 1335 5401 Fiance,
1366 5338 1496 5386 tom.
1526 5328 1614 5397 III,
1646 5346 1762 5401 pag.
1788 5333 1877 5388 96.

359 5387 451 5464 (dp)
483 5387 653 5464 _Sir_in.
688 5389 792 5443 Vit.
829 5389 1037 5464 Eiitiod.
1069 5409 1194 5464 opp.
1226 5387 1343 5459 ejus
1381 5414 1565 5462 praeui.

361 5462 441 5577 se.)
479 5457 675 5579 gener.
724 5464 845 5514 Act.
905 5462 1005 5519 SS.
1058 5457 1185 5517 tom.
1242 5457 1303 5519 iV
1357 5457 1514 5536 Aug,
1582 5484 1701 5541 pag.
1752 5472 1878 5537 271,

287 5542 426 5582 ιἸΙΙΙΙΙ
437 5564 452 5580 ο
480 5542 538 5579 θ.

359 5599 443 5673 (Δι’)-
479 5596 687 5673 granted.
725 5596 959 5673 Bttcher.
986 5597 1141 5673 infra,
1171 5617 1291 5673 pag.
1321 5604 1440 5670 159,
1475 5622 1523 5659 ε,

367 5668 454 5735 (g)
496 5665 572 5737 Id.
602 5667 696 5737 lib.
725 5681 799 5727 tit.
828 5670 988 5737 epist.
1014 5671 1064 5723 1.

366 5737 451 5805 (ι)
490 5736 569 5790 Id.
599 5735 1005 5807 Eucharn‘pag.
1035 5740 1152 5802 160,
1185 5760 1231 5804 ι,
1259 5760 1309 5796 a.

358 5808 441 5877 (ὄλ
489 5807 568 5860 Id.
606 5805 708 5858 Vit.
739 5806 930 5874 Epipli.
962 5805 1079 5876 pag.
1107 5810 1231 5877 196,
1260 5813 1288 5864 b

363 5864 441 5945 Ui
496 5878 569 5929 ld.
604 5864 856 5937 Euclith
887 5864 1004 5944 pag.
1032 5864 1156 5944 ⁷160,
1187 5864 1242 5933 δ’.

543 5970 815 6029 Ρηιιοι..
870 5971 1069 6030 LXIII

2010 2876 2368 2931 monumentis
2391 2878 2538 2947 plura
2569 2885 2776 2940 erildite
2801 2888 3089 2945 obsert’ant
3113 2898 3347 2951 accurati
3371 2897 3587 2956 Gallicae

2008 2960 2258 3018 Historiae
2290 2966 2564 3025 litterariae
2590 2975 2883 3044 scriptores
2915 2979 3008 3048 (ν),
3042 2997 3177 3049 quos
3205 2988 3429 3053 proinde
3454 3004 3586 3044 con-

2005 3056 2181 3110 sulere
2207 3073 2385 3127 operte
2414 3064 2643 3130 pretium
2674 3065 2853 3120 fuerit.
2897 3069 2975 3122 Ne
3006 3086 3130 3125 vero
3165 3076 3374 3141 penitus
3403 3080 3583 3134 cilicio

2004 3155 2189 3199 nostro
2225 3146 2415 3202 deesse
2447 3151 2742 3218 rideamur,
2788 3155 2890 3210 ltuc
2929 3158 3119 3214 ail‘erre
3142 3162 3270 3218 libet
3296 3165 3363 3220 de
3393 3167 3583 3225 iisdem

2002 3233 2294 3293 doctissimi
2324 3240 2593 3298 Sirmondi
2615 3244 2872 3313 judicium
2903 3249 2973 3321 (δ)
3000 3264 3012 3303 :
3040 3270 3058 3303 t
3092 3252 3147 3309 Si
3180 3257 3305 3325 quid
3330 3258 3463 3325 limi,
3486 3263 3582 3327 ait,

2003 3327 2246 3383 Ennodio
2284 3346 2380 3385 sua
2420 3343 2548 3389 aetas
2578 3340 2834 3406 aspersit,
2868 3356 2972 3397 non
3012 3342 3215 3401 idcirco
3244 3348 3497 3406 liuentem
3529 3354 3580 3407 iri

1999 3420 2117 3489 ejus
2143 3422 2355 3492 scriptis
2385 3426 2579 3496 ingenii
2608 3428 3036 3504 eloquentiazque
3062 3434 3262 3492 fontem
3297 3456 3582 3508 possumus

2004 3526 2110 3566 non
2140 3527 2352 3577 amare;
2384 3526 2473 3569 aut
2500 3514 2621 3587 quia
2652 3518 2705 3573 in
2747 3521 2864 3589 ejus
2892 3526 3151 3591 poematis
3196 3527 3460 3585 claudicat
3497 3534 3582 3587 in-

2005 3606 2212 3660 terdum
2239 3623 2447 3674 versus,
2475 3622 2674 3665 rectam
2703 3615 2901 3684 ubique
2926 3621 3247 3673 sententiam
3278 3631 3332 3676 et
3356 3639 3582 3681 acumen

2004 3708 2109 3748 non
2136 3696 2410 3764 amplecti.
2439 3697 2576 3764 Quid
2596 3701 2707 3768 illa,
2732 3712 2949 3775 propter
2970 3719 3128 3775 quam
3156 3710 3350 3767 inﬁma:
3371 3730 3583 3784 quoque

2003 3793 2143 3838 notas
2164 3795 2412 3842 auctores
2437 3791 2612 3859 expeti
2634 3793 2829 3859 solent,
2856 3805 3153 3866 temporum
3180 3802 3362 3857 notitia
3387 3816 3441 3858 et
3465 3806 3584 3860 illu-

2002 3877 2228 3931 stratio?
2276 3880 2407 3946 Quis
2460 3884 2603 3937 enim
2651 3892 2736 3939 est
2786 3888 2875 3956 qtti
2933 3876 2999 3943 in'
3040 3892 3284 3959 epistolis
3328 3894 3579 3959 Ennodii.

2005 3965 2375 4037 Symmachos,
2406 3971 2738 4040 Hormisdas,
2763 3976 3043 4046 Caesarios,
3069 3980 3313 4053 Faustos,
3342 3985 3578 4055 Boetios,

2005 4058 2266 4126 Libertos,
2311 4062 2587 4134 Aratores,
2638 4065 2877 4136 Eipidios
2922 4082 2975 4125 et
3006 4072 3211 4141 reliqua
3250 4078 3366 4146 ejus
3410 4088 3581 4139 :etat's

2004 4148 2206 4203 lumina
2248 4166 2350 4205 non
2392 4153 2621 4210 libenter
2659 4162 3041 4227 recognoscat?
3078 4174 3170 4219 aut
3199 4184 3356 4235 quem
3393 4171 3443 4224 in
3475 4188 3581 4227 uno

2001 4239 2314 4297 Theoderici
2344 4244 2798 4318 Panegyrico,vel
2829 4251 2879 4305 in
2911 4269 3010 4305 una
3032 4254 3151 4310 Vita
3184 4257 3465 4329 Epiphanii
3492 4262 3581 4316 Ti-

2000 4329 2254 4395 cincnsis,
2302 4336 2445 4388 varia
2492 4353 2667 4391 rerum
2716 4340 2806 4393 illo
2851 4346 3047 4397 stocqu
3091 4346 3141 4399 in
3183 4348 3349 4416 Italia,
3384 4351 3578 4417 Gallia,

2000 4418 2312 4490 Germania,
2343 4424 2547 4478 Graecia
2584 4436 2853 4495 gestarum
2884 4439 3326 4493 commemoratio
3358 4456 3462 4495 non
3493 4445 3573 4495 af-

2001 4511 2186 4566 iiciat?
2238 4512 2510 4570 Dictiones
2545 4519 2744 4589 quippe
2794 4520 3317 4596 declamationesque
3358 4544 3577 4601 praster-

1997 4602 2179 4669 mitto;
2211 4621 2329 4673 quae
2360 4622 2475 4662 mea
2506 4610 2718 4678 quidem
2751 4616 3011 4669 sententia
3041 4626 3167 4672 sunt
3190 4619 3483 4690 ejusmodi,
3520 4638 3575 4681 ut

1995 4708 2115 4748 cum
2141 4705 2425 4763 postrema:
2448 4702 2688 4757 omnium
2710 4705 2849 4773 apud
2873 4706 3091 4763 Latinos
3114 4725 3251 4765 natae
3274 4713 3575 4784 videantur,

1997 4800 2119 4839 cum
2149 4787 2333 4856 primis
2372 4791 2665 4860 mediisque
2699 4795 2931 4850 conferri
2962 4800 3196 4865 possint,
3227 4811 3281 4856 et
3316 4812 3569 4876 tauquam

1998 4891 2135 4930 rosae
2164 4878 2356 4932 alienis
2383 4883 2656 4935 mensibus‘
2686 4893 2818 4937 orta:
2846 4887 3079 4941 cariores
3105 4904 3226 4945 esse
3256 4893 3506 4951 debeant.
3550 4918 3567 4949 ι

1997 4964 2064 5020 Et
2091 4966 2213 5020 alibi
2247 4968 2351 5037 (t):
2403 4988 2419 5019 r
2453 4969 2727 5025 Ennodius
2772 4987 2835 5027 ea
2882 4974 3078 5043 ingenii
3126 4980 3262 5034 iaitia
3303 4982 3481 5039 ﬂoruit
3521 4999 3575 5040 et

1994 5055 2274 5123 doctrinm,
2328 5069 2383 5112 ut
2432 5075 2537 5113 non
2586 5060 2759 5115 solum
2809 5063 2862 5117 in
2900 5067 3072 5133 pretio
3108 5081 3290 5126 essent
3327 5087 3447 5144 qua:
3476 5092 3570 5130 sua

1917 5182 1969 5242 D
2064 5192 2139 5260 (Ir)
2184 5193 2256 5247 Id.
2290 5194 2381 5248 lib.
2414 5209 2467 5258 ν,
2499 5195 2652 5263 epist.
2683 5195 2768 5249 14.

2066 5263 2128 5333 (ι)
2169 5264 2363 5335 Soller.
2397 5264 2537 5335 l.7c.,
2571 5280 2691 5335 pag.
2722 5267 2848 5334 272,
2882 5283 3029 5323 nttm.
3063 5270 3120 5326 2.

2062 5335 2160 5408 (ut)
2185 5334 2402 5408 limited.
2431 5334 2533 5389 Vit.
2567 5334 2780 5408 Eptttlh,
2818 5353 2935 5408 pag.
2972 5344 3095 5407 I55,
3129 5361 3171 5396 ρ.

2061 5406 2140 5478 (η)
2184 5403 2305 5478 Pagi
2337 5404 2572 5478 adﬂatur.
2596 5405 2721 5468 502,
2756 5403 2831 5478 ἐς
2852 5403 3035 5465 5⁷814.

2062 5475 2142 5541 (υ)
2181 5472 2343 5526 Sirnt.
2374 5473 2481 5530 Vit.
2512 5478 2718 5529 Eniiod.

2060 5546 2133 5615 (η)
2178 5542 2385 5615 linund.
2422 5544 2674 5611 Eucliar.,
2709 5563 2826 5615 pag,
2862 5550 2985 5613 160,
3014 5567 3059 5603 ε,

2056 5611 2132 5685 (q)
2173 5612 2430 5685 _S_irni.gad
2466 5615 2673 5671 Eunod.
2709 5611 3026 5685 Euciiar.,'l.
3059 5633 3107 5671 c.

1997 5683 2131 5806 mg)
2174 5681 2307 5733 llist.
2353 5682 2609 5742 Iittéraire
2652 5687 2717 5739 de
2746 5688 2792 5741 la
2825 5681 3065 5754 France,
3102 5696 3229 5743 tom.
3273 5688 3357 5759 lli,
3406 5709 3563 5769 pagg.

2117 5767 2267 5806 seua.

2117 5768 2267 5804 θεοῦ.

2060 5767 2092 5805 υ
2117 5767 2267 5819 seqq.

2060 5822 2128 5889 (δ)
2170 5821 2332 5893 Sirm.
2363 5823 2520 5892 cpiti.
2552 5826 2614 5877 ad
2646 5840 2768 5893 opp.
2805 5827 3009 5883 Eonod.

2060 5893 2135 5960 tt)
2178 5891 2251 5944 Id.
2286 5891 2623 5947 Υἰιέηιιιιηᾱ.
2684 5891 2729 5893 Η
2872 5958 2890 6013 1
