  <div class='ocr_page' id='page_1' title='image "/cluster/home/n/w/nwhite01/storage/ocr_20150623/63/hvd.32044073498792/011.png"; bbox 0 0 4186 6252; ppageno 0'>
   <div class='ocr_carea' id='block_1_1' title="bbox 565 411 3831 482">
    <p class='ocr_par' dir='ltr' id='par_1_1' title="bbox 565 411 3831 482">
     <span class='ocr_line' id='line_1_1' title="bbox 565 411 3831 482; baseline 0.001 -12"><span class='ocrx_word' id='word_1_1' title='bbox 565 424 632 482; x_wconf 71' lang='lat' dir='ltr'>ﬂ</span> <span class='ocrx_word' id='word_1_2' title='bbox 1295 416 1631 474; x_wconf 77' lang='lat' dir='ltr'><strong>ENNODlUS</strong></span> <span class='ocrx_word' id='word_1_3' title='bbox 1673 415 2040 471; x_wconf 75' lang='lat' dir='ltr'><strong>EPiSCOPUS</strong></span> <span class='ocrx_word' id='word_1_4' title='bbox 2079 413 2469 469; x_wconf 80' lang='lat' dir='ltr'><strong>&#39;HClNENSlS.</strong></span> <span class='ocrx_word' id='word_1_5' title='bbox 2517 411 3087 469; x_wconf 74' lang='lat' dir='ltr'><strong>PliOLEGOMENON.</strong></span> <span class='ocrx_word' id='word_1_6' title='bbox 3752 411 3831 473; x_wconf 66' lang='lat'><strong>{‘2</strong></span> 
     </span>
    </p>
   </div>
   <div class='ocr_carea' id='block_1_2' title="bbox 565 526 3828 609">
    <p class='ocr_par' dir='ltr' id='par_1_2' title="bbox 565 526 3828 609">
     <span class='ocr_line' id='line_1_2' title="bbox 565 526 3828 609; baseline -0.002 -18"><span class='ocrx_word' id='word_1_7' title='bbox 565 544 759 609; x_wconf 88' lang='lat' dir='ltr'><strong>sponte</strong></span> <span class='ocrx_word' id='word_1_8' title='bbox 789 535 1069 599; x_wconf 87' lang='lat' dir='ltr'><strong>scrtberet,</strong></span> <span class='ocrx_word' id='word_1_9' title='bbox 1098 530 1188 585; x_wconf 72' lang='lat' dir='ltr'><strong>sed</strong></span> <span class='ocrx_word' id='word_1_10' title='bbox 1222 530 1511 582; x_wconf 91' lang='lat' dir='ltr'><strong>amicorum</strong></span> <span class='ocrx_word' id='word_1_11' title='bbox 1537 544 1748 597; x_wconf 90' lang='lat' dir='ltr'><strong>quoque</strong></span> <span class='ocrx_word' id='word_1_12' title='bbox 1772 542 1903 597; x_wconf 88' lang='lat' dir='ltr'><strong>quos</strong></span> <span class='ocrx_word' id='word_1_13' title='bbox 1936 529 2135 595; x_wconf 45' lang='lat' dir='ltr'><strong>impeu’</strong></span> <span class='ocrx_word' id='word_1_14' title='bbox 2171 531 2221 586; x_wconf 78' lang='grc' dir='ltr'><strong>Α</strong></span> <span class='ocrx_word' id='word_1_15' title='bbox 2247 539 2434 581; x_wconf 74' lang='lat' dir='ltr'><strong>etenus</strong></span> <span class='ocrx_word' id='word_1_16' title='bbox 2462 527 2571 581; x_wconf 92' lang='lat' dir='ltr'><strong>ille.</strong></span> <span class='ocrx_word' id='word_1_17' title='bbox 2638 528 2731 581; x_wconf 89' lang='lat' dir='ltr'><strong>llic</strong></span> <span class='ocrx_word' id='word_1_18' title='bbox 2761 542 2885 582; x_wconf 77' lang='lat' dir='ltr'><strong>ve-o</strong></span> <span class='ocrx_word' id='word_1_19' title='bbox 2916 528 3193 581; x_wconf 75' lang='lat' dir='ltr'><strong>recensitis</strong></span> <span class='ocrx_word' id='word_1_20' title='bbox 3223 526 3396 580; x_wconf 83' lang='lat' dir='ltr'><strong>obiter</strong></span> <span class='ocrx_word' id='word_1_21' title='bbox 3445 542 3472 578; x_wconf 90' lang='lat' dir='ltr'><strong>a</strong></span> <span class='ocrx_word' id='word_1_22' title='bbox 3504 526 3705 582; x_wconf 82' lang='lat' dir='ltr'><strong>Baunio</strong></span> <span class='ocrx_word' id='word_1_23' title='bbox 3734 542 3828 584; x_wconf 72' lang='grc' dir='ltr'><strong>νει</strong></span> 
     </span>
    </p>
   </div>
   <div class='ocr_carea' id='block_1_3' title="bbox 565 620 2139 690">
    <p class='ocr_par' dir='ltr' id='par_1_3' title="bbox 565 620 2139 690">
     <span class='ocr_line' id='line_1_3' title="bbox 565 620 2139 690; baseline -0.008 -7"><span class='ocrx_word' id='word_1_24' title='bbox 565 629 778 683; x_wconf 84' lang='lat' dir='ltr'><strong>sissime</strong></span> <span class='ocrx_word' id='word_1_25' title='bbox 807 625 1000 688; x_wconf 90' lang='lat' dir='ltr'><strong>coluit,</strong></span> <span class='ocrx_word' id='word_1_26' title='bbox 1046 630 1230 690; x_wconf 89' lang='lat' dir='ltr'><strong>rogatu</strong></span> <span class='ocrx_word' id='word_1_27' title='bbox 1275 620 1326 673; x_wconf 88' lang='lat' dir='ltr'><strong>in</strong></span> <span class='ocrx_word' id='word_1_28' title='bbox 1365 620 1629 674; x_wconf 86' lang='lat' dir='ltr'><strong>dictandis</strong></span> <span class='ocrx_word' id='word_1_29' title='bbox 1666 621 1891 673; x_wconf 87' lang='lat' dir='ltr'><strong>aliorum</strong></span> <span class='ocrx_word' id='word_1_30' title='bbox 1924 620 2139 672; x_wconf 91' lang='lat' dir='ltr'><strong>nomine</strong></span> 
     </span>
    </p>
   </div>
   <div class='ocr_carea' id='block_1_4' title="bbox 564 710 2139 781">
    <p class='ocr_par' dir='ltr' id='par_1_4' title="bbox 564 710 2139 781">
     <span class='ocr_line' id='line_1_4' title="bbox 564 710 2139 781; baseline -0.007 -7"><span class='ocrx_word' id='word_1_31' title='bbox 564 717 916 781; x_wconf 85' lang='lat' dir='ltr'><strong>orationibus,</strong></span> <span class='ocrx_word' id='word_1_32' title='bbox 934 714 1200 781; x_wconf 78' lang='lat' dir='ltr'><strong>epistolis,</strong></span> <span class='ocrx_word' id='word_1_33' title='bbox 1222 711 1505 780; x_wconf 85' lang='lat' dir='ltr'><strong>epitapltiis</strong></span> <span class='ocrx_word' id='word_1_34' title='bbox 1525 726 1589 764; x_wconf 89' lang='lat' dir='ltr'><strong>ac</strong></span> <span class='ocrx_word' id='word_1_35' title='bbox 1606 710 1938 765; x_wconf 85' lang='lat' dir='ltr'><strong>diversarum</strong></span> <span class='ocrx_word' id='word_1_36' title='bbox 1961 724 2139 763; x_wconf 87' lang='lat' dir='ltr'><strong>rerum</strong></span> 
     </span>
    </p>
   </div>
   <div class='ocr_carea' id='block_1_5' title="bbox 566 799 2137 878">
    <p class='ocr_par' dir='ltr' id='par_1_5' title="bbox 566 799 2137 878">
     <span class='ocr_line' id='line_1_5' title="bbox 566 799 2137 878; baseline -0.008 -15"><span class='ocrx_word' id='word_1_37' title='bbox 566 804 992 878; x_wconf 70' lang='lat' dir='ltr'><strong>epigrammatis,</strong></span> <span class='ocrx_word' id='word_1_38' title='bbox 1054 802 1323 856; x_wconf 77' lang='lat' dir='ltr'><strong>assiduam</strong></span> <span class='ocrx_word' id='word_1_39' title='bbox 1376 812 1595 868; x_wconf 79' lang='lat' dir='ltr'><strong>operam</strong></span> <span class='ocrx_word' id='word_1_40' title='bbox 1652 799 1784 853; x_wconf 88' lang='lat' dir='ltr'><strong>dare</strong></span> <span class='ocrx_word' id='word_1_41' title='bbox 1834 807 2137 867; x_wconf 72' lang='lat' dir='ltr'><strong>cogeretur.</strong></span> 
     </span>
    </p>
   </div>
   <div class='ocr_carea' id='block_1_6' title="bbox 564 886 2141 966">
    <p class='ocr_par' dir='ltr' id='par_1_6' title="bbox 564 886 2141 966">
     <span class='ocr_line' id='line_1_6' title="bbox 564 886 2141 966; baseline -0.008 -13"><span class='ocrx_word' id='word_1_42' title='bbox 564 902 681 966; x_wconf 76' lang='lat' dir='ltr'><strong>Quo</strong></span> <span class='ocrx_word' id='word_1_43' title='bbox 722 899 773 951; x_wconf 91' lang='lat' dir='ltr'><strong>in</strong></span> <span class='ocrx_word' id='word_1_44' title='bbox 802 909 998 965; x_wconf 77' lang='lat' dir='ltr'><strong>genere</strong></span> <span class='ocrx_word' id='word_1_45' title='bbox 1024 893 1192 948; x_wconf 81' lang='lat' dir='ltr'><strong>multa</strong></span> <span class='ocrx_word' id='word_1_46' title='bbox 1220 906 1350 946; x_wconf 83' lang='lat' dir='ltr'><strong>sane</strong></span> <span class='ocrx_word' id='word_1_47' title='bbox 1387 891 1452 944; x_wconf 91' lang='lat' dir='ltr'><strong>ad</strong></span> <span class='ocrx_word' id='word_1_48' title='bbox 1490 889 1712 959; x_wconf 77' lang='lat' dir='ltr'><strong>gloriam</strong></span> <span class='ocrx_word' id='word_1_49' title='bbox 1746 890 1990 944; x_wconf 82' lang='lat' dir='ltr'><strong>Euttodio</strong></span> <span class='ocrx_word' id='word_1_50' title='bbox 2020 886 2141 941; x_wconf 82' lang='lat' dir='ltr'><strong>illu-</strong></span> 
     </span>
    </p>
   </div>
   <div class='ocr_carea' id='block_1_7' title="bbox 563 980 2142 1051">
    <p class='ocr_par' dir='ltr' id='par_1_7' title="bbox 563 980 2142 1051">
     <span class='ocr_line' id='line_1_7' title="bbox 563 980 2142 1051; baseline -0.008 -8"><span class='ocrx_word' id='word_1_51' title='bbox 563 990 694 1043; x_wconf 84' lang='lat' dir='ltr'><strong>stria</strong></span> <span class='ocrx_word' id='word_1_52' title='bbox 729 988 973 1050; x_wconf 89' lang='lat' dir='ltr'><strong>fuerunt;</strong></span> <span class='ocrx_word' id='word_1_53' title='bbox 1018 986 1111 1039; x_wconf 89' lang='lat' dir='ltr'><strong>sed</strong></span> <span class='ocrx_word' id='word_1_54' title='bbox 1142 984 1273 1037; x_wconf 83' lang='lat' dir='ltr'><strong>nihil</strong></span> <span class='ocrx_word' id='word_1_55' title='bbox 1304 983 1559 1038; x_wconf 74' lang='lat' dir='ltr'><strong>illustrius</strong></span> <span class='ocrx_word' id='word_1_56' title='bbox 1580 981 1928 1051; x_wconf 76' lang='lat' dir='ltr'><strong>Apologetico</strong></span> <span class='ocrx_word' id='word_1_57' title='bbox 1963 991 2017 1035; x_wconf 92' lang='lat' dir='ltr'><strong>et</strong></span> <span class='ocrx_word' id='word_1_58' title='bbox 2045 980 2142 1032; x_wconf 90' lang='lat' dir='ltr'><strong>Pa-</strong></span> 
     </span>
    </p>
   </div>
   <div class='ocr_carea' id='block_1_8' title="bbox 565 1070 2143 1149">
    <p class='ocr_par' dir='ltr' id='par_1_8' title="bbox 565 1070 2143 1149">
     <span class='ocr_line' id='line_1_8' title="bbox 565 1070 2143 1149; baseline -0.006 -17"><span class='ocrx_word' id='word_1_59' title='bbox 565 1078 834 1149; x_wconf 79' lang='lat' dir='ltr'><strong>negyrico,</strong></span> <span class='ocrx_word' id='word_1_60' title='bbox 863 1092 1086 1146; x_wconf 90' lang='lat' dir='ltr'><strong>quorum</strong></span> <span class='ocrx_word' id='word_1_61' title='bbox 1115 1075 1281 1129; x_wconf 88' lang='lat' dir='ltr'><strong>altero</strong></span> <span class='ocrx_word' id='word_1_62' title='bbox 1306 1074 1696 1128; x_wconf 86' lang='lat' dir='ltr'><strong>Theodericum</strong></span> <span class='ocrx_word' id='word_1_63' title='bbox 1720 1087 1901 1139; x_wconf 85' lang='lat' dir='ltr'><strong>regem</strong></span> <span class='ocrx_word' id='word_1_64' title='bbox 1934 1070 2143 1139; x_wconf 85' lang='lat' dir='ltr'><strong>publice</strong></span> 
     </span>
    </p>
   </div>
   <div class='ocr_carea' id='block_1_9' title="bbox 566 1162 2143 1236">
    <p class='ocr_par' dir='ltr' id='par_1_9' title="bbox 566 1162 2143 1236">
     <span class='ocr_line' id='line_1_9' title="bbox 566 1162 2143 1236; baseline -0.007 -13"><span class='ocrx_word' id='word_1_65' title='bbox 566 1171 829 1232; x_wconf 83' lang='lat' dir='ltr'><strong>laudavit;</strong></span> <span class='ocrx_word' id='word_1_66' title='bbox 861 1169 1030 1221; x_wconf 83' lang='lat' dir='ltr'><strong>altero</strong></span> <span class='ocrx_word' id='word_1_67' title='bbox 1056 1163 1363 1236; x_wconf 86' lang='lat' dir='ltr'><strong>Symmachi</strong></span> <span class='ocrx_word' id='word_1_68' title='bbox 1385 1179 1534 1233; x_wconf 75' lang='lat' dir='ltr'><strong>papae</strong></span> <span class='ocrx_word' id='word_1_69' title='bbox 1563 1162 1861 1232; x_wconf 85' lang='lat' dir='ltr'><strong>synodique</strong></span> <span class='ocrx_word' id='word_1_70' title='bbox 1890 1162 2143 1214; x_wconf 69' lang='lat' dir='ltr'><strong>Romana:</strong></span> 
     </span>
    </p>
   </div>
   <div class='ocr_carea' id='block_1_10' title="bbox 567 1250 2143 1324">
    <p class='ocr_par' dir='ltr' id='par_1_10' title="bbox 567 1250 2143 1324">
     <span class='ocr_line' id='line_1_10' title="bbox 567 1250 2143 1324; baseline -0.008 -10"><span class='ocrx_word' id='word_1_71' title='bbox 567 1276 785 1314; x_wconf 81' lang='lat' dir='ltr'><strong>causam</strong></span> <span class='ocrx_word' id='word_1_72' title='bbox 808 1268 951 1311; x_wconf 89' lang='lat' dir='ltr'><strong>tanta</strong></span> <span class='ocrx_word' id='word_1_73' title='bbox 975 1271 1094 1310; x_wconf 89' lang='lat' dir='ltr'><strong>cum</strong></span> <span class='ocrx_word' id='word_1_74' title='bbox 1117 1253 1505 1324; x_wconf 79' lang='lat' dir='ltr'><strong>approbatione</strong></span> <span class='ocrx_word' id='word_1_75' title='bbox 1526 1251 1784 1315; x_wconf 84' lang='lat' dir='ltr'><strong>defendit,</strong></span> <span class='ocrx_word' id='word_1_76' title='bbox 1808 1261 1914 1303; x_wconf 91' lang='lat' dir='ltr'><strong>uta</strong></span> <span class='ocrx_word' id='word_1_77' title='bbox 1937 1250 2143 1319; x_wconf 88' lang='lat' dir='ltr'><strong>synodo</strong></span> 
     </span>
    </p>
   </div>
   <div class='ocr_carea' id='block_1_11' title="bbox 566 1342 2141 1410">
    <p class='ocr_par' dir='ltr' id='par_1_11' title="bbox 566 1342 2141 1410">
     <span class='ocr_line' id='line_1_11' title="bbox 566 1342 2141 1410; baseline -0.007 -8"><span class='ocrx_word' id='word_1_78' title='bbox 566 1356 807 1405; x_wconf 87' lang='lat' dir='ltr'><strong>universa</strong></span> <span class='ocrx_word' id='word_1_79' title='bbox 829 1344 1366 1401; x_wconf 75' lang='lat' dir='ltr'><strong>honoriﬁcentissime</strong></span> <span class='ocrx_word' id='word_1_80' title='bbox 1386 1342 1562 1410; x_wconf 85' lang='lat' dir='ltr'><strong>elogio</strong></span> <span class='ocrx_word' id='word_1_81' title='bbox 1578 1342 1901 1410; x_wconf 89' lang='lat' dir='ltr'><strong>decretoque</strong></span> <span class='ocrx_word' id='word_1_82' title='bbox 1921 1348 2141 1394; x_wconf 79' lang='lat' dir='ltr'><strong>ornatus</strong></span> 
     </span>
    </p>
   </div>
   <div class='ocr_carea' id='block_1_12' title="bbox 565 1437 1715 1496">
    <p class='ocr_par' dir='ltr' id='par_1_12' title="bbox 565 1437 1715 1496">
     <span class='ocr_line' id='line_1_12' title="bbox 565 1437 1715 1496; baseline -0.01 0"><span class='ocrx_word' id='word_1_83' title='bbox 565 1446 653 1496; x_wconf 89' lang='lat' dir='ltr'><strong>sit.</strong></span> <span class='ocrx_word' id='word_1_84' title='bbox 692 1462 707 1492; x_wconf 74' lang='grc' dir='ltr'><strong><em>ι</em></strong></span> <span class='ocrx_word' id='word_1_85' title='bbox 747 1442 1014 1495; x_wconf 83' lang='lat' dir='ltr'><strong>llactenus</strong></span> <span class='ocrx_word' id='word_1_86' title='bbox 1047 1438 1111 1491; x_wconf 93' lang='lat' dir='ltr'><strong>V.</strong></span> <span class='ocrx_word' id='word_1_87' title='bbox 1143 1437 1202 1491; x_wconf 76' lang='grc' dir='ltr'><strong>Ο.</strong></span> <span class='ocrx_word' id='word_1_88' title='bbox 1710 1482 1715 1485; x_wconf 72' lang='grc'>,</span> 
     </span>
    </p>
   </div>
   <div class='ocr_carea' id='block_1_13' title="bbox 636 1523 2139 1595">
    <p class='ocr_par' dir='ltr' id='par_1_13' title="bbox 636 1523 2139 1595">
     <span class='ocr_line' id='line_1_13' title="bbox 636 1523 2139 1595; baseline -0.006 -12"><span class='ocrx_word' id='word_1_89' title='bbox 636 1534 722 1586; x_wconf 90' lang='lat' dir='ltr'><strong>lll.</strong></span> <span class='ocrx_word' id='word_1_90' title='bbox 768 1533 936 1584; x_wconf 78' lang='lat' dir='ltr'><strong>Porro</strong></span> <span class='ocrx_word' id='word_1_91' title='bbox 966 1529 1048 1583; x_wconf 85' lang='lat' dir='ltr'><strong>his</strong></span> <span class='ocrx_word' id='word_1_92' title='bbox 1080 1528 1146 1582; x_wconf 89' lang='lat' dir='ltr'><strong>de</strong></span> <span class='ocrx_word' id='word_1_93' title='bbox 1176 1526 1551 1595; x_wconf 86' lang='lat' dir='ltr'><strong>opusculorum</strong></span> <span class='ocrx_word' id='word_1_94' title='bbox 1584 1523 1810 1580; x_wconf 87' lang='lat' dir='ltr'><strong>Ennodii</strong></span> <span class='ocrx_word' id='word_1_95' title='bbox 1833 1523 2139 1592; x_wconf 74' lang='lat' dir='ltr'><strong>prtestantia</strong></span> 
     </span>
    </p>
   </div>
   <div class='ocr_carea' id='block_1_14' title="bbox 565 1618 2143 1687">
    <p class='ocr_par' dir='ltr' id='par_1_14' title="bbox 565 1618 2143 1687">
     <span class='ocr_line' id='line_1_14' title="bbox 565 1618 2143 1687; baseline -0.005 -12"><span class='ocrx_word' id='word_1_96' title='bbox 565 1624 841 1687; x_wconf 69' lang='lat' dir='ltr'><strong>tlclittatis,</strong></span> <span class='ocrx_word' id='word_1_97' title='bbox 885 1621 1012 1675; x_wconf 89' lang='lat' dir='ltr'><strong>illud</strong></span> <span class='ocrx_word' id='word_1_98' title='bbox 1051 1620 1384 1687; x_wconf 86' lang='lat' dir='ltr'><strong>potissimum</strong></span> <span class='ocrx_word' id='word_1_99' title='bbox 1427 1618 1853 1673; x_wconf 85' lang='lat' dir='ltr'><strong>animadvertere</strong></span> <span class='ocrx_word' id='word_1_100' title='bbox 1902 1624 2143 1683; x_wconf 73' lang='lat' dir='ltr'><strong>prtcstat,</strong></span> 
     </span>
    </p>
   </div>
   <div class='ocr_carea' id='block_1_15' title="bbox 2257 617 3829 686">
    <p class='ocr_par' dir='ltr' id='par_1_15' title="bbox 2257 617 3829 686">
     <span class='ocr_line' id='line_1_15' title="bbox 2257 617 3829 686; baseline 0.003 -15"><span class='ocrx_word' id='word_1_101' title='bbox 2257 631 2431 673; x_wconf 90' lang='lat' dir='ltr'><strong>terum</strong></span> <span class='ocrx_word' id='word_1_102' title='bbox 2477 620 2783 686; x_wconf 68' lang='lat' dir='ltr'><strong>pontificum</strong></span> <span class='ocrx_word' id='word_1_103' title='bbox 2823 620 2889 673; x_wconf 90' lang='lat' dir='ltr'><strong>de</strong></span> <span class='ocrx_word' id='word_1_104' title='bbox 2929 619 3173 672; x_wconf 82' lang='lat' dir='ltr'><strong>Ennodio</strong></span> <span class='ocrx_word' id='word_1_105' title='bbox 3214 620 3528 672; x_wconf 83' lang='lat' dir='ltr'><strong>testimoniis</strong></span> <span class='ocrx_word' id='word_1_106' title='bbox 3556 617 3829 676; x_wconf 80' lang='lat' dir='ltr'><strong>Sirmondi</strong></span> 
     </span>
    </p>
   </div>
   <div class='ocr_carea' id='block_1_16' title="bbox 2249 709 3829 778">
    <p class='ocr_par' dir='ltr' id='par_1_16' title="bbox 2249 709 3829 778">
     <span class='ocr_line' id='line_1_16' title="bbox 2249 709 3829 778; baseline 0.002 -17"><span class='ocrx_word' id='word_1_107' title='bbox 2249 725 2407 778; x_wconf 88' lang='lat' dir='ltr'><strong>opera</strong></span> <span class='ocrx_word' id='word_1_108' title='bbox 2431 710 2655 778; x_wconf 88' lang='lat' dir='ltr'><strong>primum</strong></span> <span class='ocrx_word' id='word_1_109' title='bbox 2678 710 2940 774; x_wconf 54' lang='lat' dir='ltr'><strong>collectie,</strong></span> <span class='ocrx_word' id='word_1_110' title='bbox 2961 710 3155 763; x_wconf 88' lang='lat' dir='ltr'><strong>addere</strong></span> <span class='ocrx_word' id='word_1_111' title='bbox 3181 709 3309 763; x_wconf 88' lang='lat' dir='ltr'><strong>libet</strong></span> <span class='ocrx_word' id='word_1_112' title='bbox 3328 726 3389 763; x_wconf 80' lang='lat' dir='ltr'><strong>ex</strong></span> <span class='ocrx_word' id='word_1_113' title='bbox 3413 713 3600 763; x_wconf 76' lang='lat' dir='ltr'><strong>eodem</strong></span> <span class='ocrx_word' id='word_1_114' title='bbox 3628 710 3829 764; x_wconf 85' lang='lat' dir='ltr'><strong>Baunio</strong></span> 
     </span>
    </p>
   </div>
   <div class='ocr_carea' id='block_1_17' title="bbox 2246 801 3820 870">
    <p class='ocr_par' dir='ltr' id='par_1_17' title="bbox 2246 801 3820 870">
     <span class='ocr_line' id='line_1_17' title="bbox 2246 801 3820 870; baseline -0.001 -16"><span class='ocrx_word' id='word_1_115' title='bbox 2246 810 2300 854; x_wconf 88' lang='lat' dir='ltr'><strong>et</strong></span> <span class='ocrx_word' id='word_1_116' title='bbox 2323 802 2461 855; x_wconf 87' lang='lat' dir='ltr'><strong>istud</strong></span> <span class='ocrx_word' id='word_1_117' title='bbox 2487 802 2692 870; x_wconf 85' lang='lat' dir='ltr'><strong>insigne</strong></span> <span class='ocrx_word' id='word_1_118' title='bbox 2712 801 2968 865; x_wconf 73' lang='lat' dir='ltr'><strong>auctoris,</strong></span> <span class='ocrx_word' id='word_1_119' title='bbox 2992 801 3188 854; x_wconf 78' lang='lat' dir='ltr'><strong>szrculo</strong></span> <span class='ocrx_word' id='word_1_120' title='bbox 3208 810 3359 855; x_wconf 77' lang='lat' dir='ltr'><strong>sexto</strong></span> <span class='ocrx_word' id='word_1_121' title='bbox 3385 802 3599 856; x_wconf 85' lang='lat' dir='ltr'><strong>circiter</strong></span> <span class='ocrx_word' id='word_1_122' title='bbox 3622 801 3820 863; x_wconf 83' lang='lat' dir='ltr'><strong>medio,</strong></span> 
     </span>
    </p>
   </div>
   <div class='ocr_carea' id='block_1_18' title="bbox 2250 892 3817 959">
    <p class='ocr_par' dir='ltr' id='par_1_18' title="bbox 2250 892 3817 959">
     <span class='ocr_line' id='line_1_18' title="bbox 2250 892 3817 959; baseline -0.001 -12"><span class='ocrx_word' id='word_1_123' title='bbox 2250 893 2481 947; x_wconf 76' lang='lat' dir='ltr'><strong>Floriani</strong></span> <span class='ocrx_word' id='word_1_124' title='bbox 2519 895 2725 948; x_wconf 84' lang='lat' dir='ltr'><strong>scilicet</strong></span> <span class='ocrx_word' id='word_1_125' title='bbox 2764 907 2831 947; x_wconf 84' lang='lat' dir='ltr'><strong>ex</strong></span> <span class='ocrx_word' id='word_1_126' title='bbox 2869 894 3195 947; x_wconf 89' lang='lat' dir='ltr'><strong>monasterio</strong></span> <span class='ocrx_word' id='word_1_127' title='bbox 3224 892 3463 947; x_wconf 83' lang='lat' dir='ltr'><strong>Romano</strong></span> <span class='ocrx_word' id='word_1_128' title='bbox 3505 894 3555 947; x_wconf 92' lang='lat' dir='ltr'><strong>itt</strong></span> <span class='ocrx_word' id='word_1_129' title='bbox 3594 893 3817 959; x_wconf 86' lang='lat' dir='ltr'><strong>epistola</strong></span> 
     </span>
    </p>
   </div>
   <div class='ocr_carea' id='block_1_19' title="bbox 2248 984 3825 1055">
    <p class='ocr_par' dir='ltr' id='par_1_19' title="bbox 2248 984 3825 1055">
     <span class='ocr_line' id='line_1_19' title="bbox 2248 984 3825 1055; baseline 0.003 -19"><span class='ocrx_word' id='word_1_130' title='bbox 2248 984 2313 1036; x_wconf 90' lang='lat' dir='ltr'><strong>ad</strong></span> <span class='ocrx_word' id='word_1_131' title='bbox 2356 985 2615 1038; x_wconf 77' lang='lat' dir='ltr'><strong>Nicetium</strong></span> <span class='ocrx_word' id='word_1_132' title='bbox 2645 984 3016 1039; x_wconf 86' lang='lat' dir='ltr'><strong>Trevirensem</strong></span> <span class='ocrx_word' id='word_1_133' title='bbox 3066 985 3398 1054; x_wconf 59' lang='lat' dir='ltr'><strong>episcopum,</strong></span> <span class='ocrx_word' id='word_1_134' title='bbox 3450 985 3590 1055; x_wconf 86' lang='lat' dir='ltr'><strong>quod</strong></span> <span class='ocrx_word' id='word_1_135' title='bbox 3639 986 3716 1040; x_wconf 90' lang='lat' dir='ltr'><strong>sic</strong></span> <span class='ocrx_word' id='word_1_136' title='bbox 3766 1001 3825 1040; x_wconf 88' lang='lat' dir='ltr'><strong>se</strong></span> 
     </span>
    </p>
   </div>
   <div class='ocr_carea' id='block_1_20' title="bbox 2249 1074 3821 1144">
    <p class='ocr_par' dir='ltr' id='par_1_20' title="bbox 2249 1074 3821 1144">
     <span class='ocr_line' id='line_1_20' title="bbox 2249 1074 3821 1144; baseline 0 -16"><span class='ocrx_word' id='word_1_137' title='bbox 2249 1075 2429 1129; x_wconf 84' lang='lat' dir='ltr'><strong>habet.</strong></span> <span class='ocrx_word' id='word_1_138' title='bbox 2486 1094 2505 1127; x_wconf 75' lang='grc' dir='ltr'>ι</span> <span class='ocrx_word' id='word_1_139' title='bbox 2542 1074 2675 1130; x_wconf 86' lang='lat' dir='ltr'><strong>Vide</strong></span> <span class='ocrx_word' id='word_1_140' title='bbox 2703 1091 2829 1143; x_wconf 85' lang='lat' dir='ltr'><strong>ergo</strong></span> <span class='ocrx_word' id='word_1_141' title='bbox 2859 1076 3070 1144; x_wconf 88' lang='lat' dir='ltr'><strong>quantis</strong></span> <span class='ocrx_word' id='word_1_142' title='bbox 3098 1075 3430 1143; x_wconf 87' lang='lat' dir='ltr'><strong>adjutoribus</strong></span> <span class='ocrx_word' id='word_1_143' title='bbox 3464 1076 3651 1143; x_wconf 89' lang='lat' dir='ltr'><strong>uteris,</strong></span> <span class='ocrx_word' id='word_1_144' title='bbox 3702 1093 3821 1131; x_wconf 89' lang='lat' dir='ltr'><strong>cmn</strong></span> 
     </span>
    </p>
   </div>
   <div class='ocr_carea' id='block_1_21' title="bbox 2246 1166 3821 1238">
    <p class='ocr_par' dir='ltr' id='par_1_21' title="bbox 2246 1166 3821 1238">
     <span class='ocr_line' id='line_1_21' title="bbox 2246 1166 3821 1238; baseline -0.001 -16"><span class='ocrx_word' id='word_1_145' title='bbox 2246 1185 2344 1238; x_wconf 89' lang='lat' dir='ltr'><strong>pro</strong></span> <span class='ocrx_word' id='word_1_146' title='bbox 2364 1184 2450 1223; x_wconf 90' lang='lat' dir='ltr'><strong>me</strong></span> <span class='ocrx_word' id='word_1_147' title='bbox 2471 1170 2699 1238; x_wconf 73' lang='lat' dir='ltr'><strong>cmperis</strong></span> <span class='ocrx_word' id='word_1_148' title='bbox 2721 1170 3005 1223; x_wconf 87' lang='lat' dir='ltr'><strong>obsecrare</strong></span> <span class='ocrx_word' id='word_1_149' title='bbox 3030 1177 3231 1220; x_wconf 77' lang='lat' dir='ltr'><strong>sanctze</strong></span> <span class='ocrx_word' id='word_1_150' title='bbox 3254 1167 3526 1221; x_wconf 73' lang='lat' dir='ltr'><strong>memoria:</strong></span> <span class='ocrx_word' id='word_1_151' title='bbox 3545 1166 3821 1221; x_wconf 90' lang='lat' dir='ltr'><strong>dominum</strong></span> 
     </span>
    </p>
   </div>
   <div class='ocr_carea' id='block_1_22' title="bbox 2247 1257 3823 1327">
    <p class='ocr_par' dir='ltr' id='par_1_22' title="bbox 2247 1257 3823 1327">
     <span class='ocr_line' id='line_1_22' title="bbox 2247 1257 3823 1327; baseline -0.002 -14"><span class='ocrx_word' id='word_1_152' title='bbox 2247 1260 2547 1313; x_wconf 86' lang='lat' dir='ltr'><strong>Ennodium</strong></span> <span class='ocrx_word' id='word_1_153' title='bbox 2582 1258 2886 1327; x_wconf 83' lang='lat' dir='ltr'><strong>pontiﬁcem</strong></span> <span class='ocrx_word' id='word_1_154' title='bbox 2912 1258 3209 1312; x_wconf 87' lang='lat' dir='ltr'><strong>Ticinensis</strong></span> <span class='ocrx_word' id='word_1_155' title='bbox 3232 1257 3508 1321; x_wconf 62' lang='lat' dir='ltr'><strong>Ecclesiae,</strong></span> <span class='ocrx_word' id='word_1_156' title='bbox 3540 1257 3627 1325; x_wconf 92' lang='lat' dir='ltr'><strong>qui</strong></span> <span class='ocrx_word' id='word_1_157' title='bbox 3659 1272 3823 1322; x_wconf 85' lang='lat' dir='ltr'><strong>gene-</strong></span> 
     </span>
    </p>
   </div>
   <div class='ocr_carea' id='block_1_23' title="bbox 2246 1345 3821 1418">
    <p class='ocr_par' dir='ltr' id='par_1_23' title="bbox 2246 1345 3821 1418">
     <span class='ocr_line' id='line_1_23' title="bbox 2246 1345 3821 1418; baseline -0.003 -16"><span class='ocrx_word' id='word_1_158' title='bbox 2246 1351 2355 1403; x_wconf 83' lang='lat' dir='ltr'><strong>rosi</strong></span> <span class='ocrx_word' id='word_1_159' title='bbox 2409 1350 2685 1418; x_wconf 79' lang='lat' dir='ltr'><strong>sanguinis</strong></span> <span class='ocrx_word' id='word_1_160' title='bbox 2729 1349 3062 1402; x_wconf 83' lang='lat' dir='ltr'><strong>nobilitatem</strong></span> <span class='ocrx_word' id='word_1_161' title='bbox 3110 1348 3406 1401; x_wconf 81' lang='lat' dir='ltr'><strong>humilitate</strong></span> <span class='ocrx_word' id='word_1_162' title='bbox 3450 1345 3705 1415; x_wconf 73' lang='lat' dir='ltr'><strong>pmvexit</strong></span> <span class='ocrx_word' id='word_1_163' title='bbox 3757 1348 3821 1399; x_wconf 89' lang='lat' dir='ltr'><strong>ad</strong></span> 
     </span>
    </p>
   </div>
   <div class='ocr_carea' id='block_1_24' title="bbox 2247 1436 3822 1507">
    <p class='ocr_par' dir='ltr' id='par_1_24' title="bbox 2247 1436 3822 1507">
     <span class='ocr_line' id='line_1_24' title="bbox 2247 1436 3822 1507; baseline -0.003 -15"><span class='ocrx_word' id='word_1_164' title='bbox 2247 1440 2492 1507; x_wconf 79' lang='lat' dir='ltr'><strong>gloriam,</strong></span> <span class='ocrx_word' id='word_1_165' title='bbox 2517 1448 2573 1491; x_wconf 89' lang='lat' dir='ltr'><strong>ttt</strong></span> <span class='ocrx_word' id='word_1_166' title='bbox 2605 1440 2654 1490; x_wconf 92' lang='lat' dir='ltr'><strong>in</strong></span> <span class='ocrx_word' id='word_1_167' title='bbox 2685 1438 2919 1492; x_wconf 72' lang='lat' dir='ltr'><strong>rmlestis</strong></span> <span class='ocrx_word' id='word_1_168' title='bbox 2944 1438 3126 1506; x_wconf 74' lang='lat' dir='ltr'><strong>patrim</strong></span> <span class='ocrx_word' id='word_1_169' title='bbox 3156 1447 3343 1490; x_wconf 78' lang='lat' dir='ltr'><strong>senatu</strong></span> <span class='ocrx_word' id='word_1_170' title='bbox 3379 1436 3529 1489; x_wconf 83' lang='lat' dir='ltr'><strong>fieret</strong></span> <span class='ocrx_word' id='word_1_171' title='bbox 3555 1446 3609 1489; x_wconf 88' lang='lat' dir='ltr'><strong>et</strong></span> <span class='ocrx_word' id='word_1_172' title='bbox 3638 1436 3706 1490; x_wconf 90' lang='lat' dir='ltr'><strong>ibi</strong></span> <span class='ocrx_word' id='word_1_173' title='bbox 3735 1452 3822 1490; x_wconf 79' lang='lat' dir='ltr'><strong>se.-</strong></span> 
     </span>
    </p>
   </div>
   <div class='ocr_carea' id='block_1_25' title="bbox 2247 1527 3821 1597">
    <p class='ocr_par' dir='ltr' id='par_1_25' title="bbox 2247 1527 3821 1597">
     <span class='ocr_line' id='line_1_25' title="bbox 2247 1527 3821 1597; baseline -0.001 -15"><span class='ocrx_word' id='word_1_174' title='bbox 2247 1541 2429 1593; x_wconf 89' lang='lat' dir='ltr'><strong>nator;</strong></span> <span class='ocrx_word' id='word_1_175' title='bbox 2456 1530 2605 1597; x_wconf 83' lang='lat' dir='ltr'><strong>cujus</strong></span> <span class='ocrx_word' id='word_1_176' title='bbox 2628 1529 3094 1596; x_wconf 84' lang='lat' dir='ltr'><strong>incomparabilem</strong></span> <span class='ocrx_word' id='word_1_177' title='bbox 3117 1528 3376 1581; x_wconf 70' lang='lat' dir='ltr'><strong>doctrina:</strong></span> <span class='ocrx_word' id='word_1_178' title='bbox 3399 1527 3693 1581; x_wconf 82' lang='lat' dir='ltr'><strong>facundiam</strong></span> <span class='ocrx_word' id='word_1_179' title='bbox 3719 1543 3821 1581; x_wconf 89' lang='lat' dir='ltr'><strong>non</strong></span> 
     </span>
    </p>
   </div>
   <div class='ocr_carea' id='block_1_26' title="bbox 2245 1618 3821 1685">
    <p class='ocr_par' dir='ltr' id='par_1_26' title="bbox 2245 1618 3821 1685">
     <span class='ocr_line' id='line_1_26' title="bbox 2245 1618 3821 1685; baseline -0.004 -8"><span class='ocrx_word' id='word_1_180' title='bbox 2245 1623 2417 1677; x_wconf 81' lang='lat' dir='ltr'><strong>Solum</strong></span> <span class='ocrx_word' id='word_1_181' title='bbox 2450 1630 2673 1675; x_wconf 85' lang='lat' dir='ltr'><strong>testatur</strong></span> <span class='ocrx_word' id='word_1_182' title='bbox 2698 1620 2982 1685; x_wconf 90' lang='lat' dir='ltr'><strong>Occidens,</strong></span> <span class='ocrx_word' id='word_1_183' title='bbox 3016 1620 3109 1673; x_wconf 89' lang='lat' dir='ltr'><strong>sed</strong></span> <span class='ocrx_word' id='word_1_184' title='bbox 3139 1630 3194 1673; x_wconf 90' lang='lat' dir='ltr'><strong>et</strong></span> <span class='ocrx_word' id='word_1_185' title='bbox 3215 1619 3407 1673; x_wconf 89' lang='lat' dir='ltr'><strong>Oriens</strong></span> <span class='ocrx_word' id='word_1_186' title='bbox 3441 1619 3696 1672; x_wconf 79' lang='lat' dir='ltr'><strong>instructa</strong></span> <span class='ocrx_word' id='word_1_187' title='bbox 3727 1618 3821 1671; x_wconf 84' lang='lat' dir='ltr'><strong>tui-</strong></span> 
     </span>
    </p>
   </div>
   <div class='ocr_carea' id='block_1_27' title="bbox 565 1708 3820 1781">
    <p class='ocr_par' dir='ltr' id='par_1_27' title="bbox 565 1708 3820 1781">
     <span class='ocr_line' id='line_1_27' title="bbox 565 1708 3820 1781; baseline -0.002 -15"><span class='ocrx_word' id='word_1_188' title='bbox 565 1732 668 1770; x_wconf 88' lang='lat' dir='ltr'><strong>uon</strong></span> <span class='ocrx_word' id='word_1_189' title='bbox 711 1716 977 1770; x_wconf 89' lang='lat' dir='ltr'><strong>nemiuem</strong></span> <span class='ocrx_word' id='word_1_190' title='bbox 1017 1712 1287 1767; x_wconf 84' lang='lat' dir='ltr'><strong>exstitisse</strong></span> <span class='ocrx_word' id='word_1_191' title='bbox 1327 1714 1413 1781; x_wconf 91' lang='lat' dir='ltr'><strong>qui</strong></span> <span class='ocrx_word' id='word_1_192' title='bbox 1456 1722 1698 1764; x_wconf 76' lang='lat' dir='ltr'><strong>sanctum</strong></span> <span class='ocrx_word' id='word_1_193' title='bbox 1739 1708 2035 1763; x_wconf 83' lang='lat' dir='ltr'><strong>Etmodium</strong></span> <span class='ocrx_word' id='word_1_194' title='bbox 2075 1708 2142 1761; x_wconf 90' lang='lat' dir='ltr'><strong>de</strong></span> <span class='ocrx_word' id='word_1_195' title='bbox 2171 1718 2217 1777; x_wconf 83' lang='grc' dir='ltr'>Β</span> <span class='ocrx_word' id='word_1_196' title='bbox 2246 1727 2413 1767; x_wconf 90' lang='lat' dir='ltr'><strong>ratur.</strong></span> <span class='ocrx_word' id='word_1_197' title='bbox 2439 1712 2669 1767; x_wconf 85' lang='lat' dir='ltr'><strong>Nestorii</strong></span> <span class='ocrx_word' id='word_1_198' title='bbox 2694 1712 2913 1774; x_wconf 79' lang='lat' dir='ltr'><strong>fulmen,</strong></span> <span class='ocrx_word' id='word_1_199' title='bbox 2942 1711 3194 1781; x_wconf 82' lang='lat' dir='ltr'><strong>Eutycltis</strong></span> <span class='ocrx_word' id='word_1_200' title='bbox 3219 1711 3513 1764; x_wconf 75' lang='lat' dir='ltr'><strong>cxstinctor</strong></span> <span class='ocrx_word' id='word_1_201' title='bbox 3537 1710 3820 1779; x_wconf 65' lang='lat' dir='ltr'><strong>gloriosnn</strong></span> 
     </span>
    </p>
   </div>
   <div class='ocr_carea' id='block_1_28' title="bbox 564 1798 2140 1874">
    <p class='ocr_par' dir='ltr' id='par_1_28' title="bbox 564 1798 2140 1874">
     <span class='ocr_line' id='line_1_28' title="bbox 564 1798 2140 1874; baseline -0.006 -13"><span class='ocrx_word' id='word_1_202' title='bbox 564 1808 729 1874; x_wconf 70' lang='lat' dir='ltr'><strong>gratia</strong></span> <span class='ocrx_word' id='word_1_203' title='bbox 756 1817 808 1861; x_wconf 88' lang='lat' dir='ltr'><strong>et</strong></span> <span class='ocrx_word' id='word_1_204' title='bbox 831 1805 999 1859; x_wconf 89' lang='lat' dir='ltr'><strong>libero</strong></span> <span class='ocrx_word' id='word_1_205' title='bbox 1023 1802 1241 1857; x_wconf 86' lang='lat' dir='ltr'><strong>arbitrio</strong></span> <span class='ocrx_word' id='word_1_206' title='bbox 1262 1802 1611 1857; x_wconf 79' lang='lat' dir='ltr'><strong>disserentem</strong></span> <span class='ocrx_word' id='word_1_207' title='bbox 1628 1798 1824 1854; x_wconf 81' lang='lat' dir='ltr'><strong>Fausto</strong></span> <span class='ocrx_word' id='word_1_208' title='bbox 1842 1799 2050 1852; x_wconf 82' lang='lat' dir='ltr'><strong>Reiensi</strong></span> <span class='ocrx_word' id='word_1_209' title='bbox 2079 1812 2140 1852; x_wconf 87' lang='lat' dir='ltr'><strong>ac</strong></span> 
     </span>
    </p>
   </div>
   <div class='ocr_carea' id='block_1_29' title="bbox 565 1888 2138 1959">
    <p class='ocr_par' dir='ltr' id='par_1_29' title="bbox 565 1888 2138 1959">
     <span class='ocr_line' id='line_1_29' title="bbox 565 1888 2138 1959; baseline -0.004 -7"><span class='ocrx_word' id='word_1_210' title='bbox 565 1897 982 1952; x_wconf 79' lang='lat' dir='ltr'><strong>Massiliensibus</strong></span> <span class='ocrx_word' id='word_1_211' title='bbox 1004 1907 1290 1948; x_wconf 89' lang='lat' dir='ltr'><strong>accensere</strong></span> <span class='ocrx_word' id='word_1_212' title='bbox 1316 1908 1475 1947; x_wconf 90' lang='lat' dir='ltr'><strong>ausus</strong></span> <span class='ocrx_word' id='word_1_213' title='bbox 1509 1891 1665 1946; x_wconf 81' lang='lat' dir='ltr'><strong>fuerit</strong></span> <span class='ocrx_word' id='word_1_214' title='bbox 1686 1890 1787 1959; x_wconf 89' lang='lat' dir='ltr'><strong>(a).</strong></span> <span class='ocrx_word' id='word_1_215' title='bbox 1813 1892 1881 1943; x_wconf 84' lang='lat' dir='ltr'><strong>At</strong></span> <span class='ocrx_word' id='word_1_216' title='bbox 1905 1888 2138 1957; x_wconf 91' lang='lat' dir='ltr'><strong>iniquam</strong></span> 
     </span>
    </p>
   </div>
   <div class='ocr_carea' id='block_1_30' title="bbox 564 1980 2135 2051">
    <p class='ocr_par' dir='ltr' id='par_1_30' title="bbox 564 1980 2135 2051">
     <span class='ocr_line' id='line_1_30' title="bbox 564 1980 2135 2051; baseline -0.009 -6"><span class='ocrx_word' id='word_1_217' title='bbox 564 1989 988 2044; x_wconf 90' lang='lat' dir='ltr'><strong>criminationem</strong></span> <span class='ocrx_word' id='word_1_218' title='bbox 1051 1986 1149 2038; x_wconf 86' lang='lat' dir='ltr'><strong>viri</strong></span> <span class='ocrx_word' id='word_1_219' title='bbox 1202 1985 1341 2038; x_wconf 86' lang='lat' dir='ltr'><strong>docti</strong></span> <span class='ocrx_word' id='word_1_220' title='bbox 1402 1983 1572 2038; x_wconf 88' lang='lat' dir='ltr'><strong>solide</strong></span> <span class='ocrx_word' id='word_1_221' title='bbox 1634 1980 2135 2051; x_wconf 84' lang='lat' dir='ltr'><strong>propulsarunt(b).</strong></span> 
     </span>
    </p>
   </div>
   <div class='ocr_carea' id='block_1_31' title="bbox 569 2073 2137 2147">
    <p class='ocr_par' dir='ltr' id='par_1_31' title="bbox 569 2073 2137 2147">
     <span class='ocr_line' id='line_1_31' title="bbox 569 2073 2137 2147; baseline -0.001 -18"><span class='ocrx_word' id='word_1_222' title='bbox 569 2101 587 2129; x_wconf 70' lang='grc' dir='ltr'>ι</span> <span class='ocrx_word' id='word_1_223' title='bbox 628 2081 787 2135; x_wconf 87' lang='lat' dir='ltr'><strong>Certe</strong></span> <span class='ocrx_word' id='word_1_224' title='bbox 832 2079 1075 2147; x_wconf 80' lang='lat' dir='ltr'><strong>quidem,</strong></span> <span class='ocrx_word' id='word_1_225' title='bbox 1125 2079 1295 2147; x_wconf 82' lang='lat' dir='ltr'><strong>inquit</strong></span> <span class='ocrx_word' id='word_1_226' title='bbox 1351 2076 1591 2130; x_wconf 90' lang='lat' dir='ltr'><strong>eruditus</strong></span> <span class='ocrx_word' id='word_1_227' title='bbox 1641 2073 2137 2129; x_wconf 88' lang='lat' dir='ltr'><strong>Sirmondianorum</strong></span> 
     </span>
    </p>
   </div>
   <div class='ocr_carea' id='block_1_32' title="bbox 562 2166 2140 2243">
    <p class='ocr_par' dir='ltr' id='par_1_32' title="bbox 562 2166 2140 2243">
     <span class='ocr_line' id='line_1_32' title="bbox 562 2166 2140 2243; baseline -0.004 -21"><span class='ocrx_word' id='word_1_228' title='bbox 562 2175 735 2227; x_wconf 65' lang='lat' dir='ltr'><strong>t-ditor</strong></span> <span class='ocrx_word' id='word_1_229' title='bbox 763 2173 856 2243; x_wconf 80' lang='grc' dir='ltr'><strong>(ε),</strong></span> <span class='ocrx_word' id='word_1_230' title='bbox 899 2172 1161 2225; x_wconf 77' lang='lat' dir='ltr'><strong>sententia</strong></span> <span class='ocrx_word' id='word_1_231' title='bbox 1207 2169 1442 2238; x_wconf 89' lang='lat' dir='ltr'><strong>episcopi</strong></span> <span class='ocrx_word' id='word_1_232' title='bbox 1484 2166 1776 2221; x_wconf 83' lang='lat' dir='ltr'><strong>doctissimi</strong></span> <span class='ocrx_word' id='word_1_233' title='bbox 1818 2181 1880 2220; x_wconf 88' lang='lat' dir='ltr'><strong>ac</strong></span> <span class='ocrx_word' id='word_1_234' title='bbox 1916 2166 2140 2218; x_wconf 89' lang='lat' dir='ltr'><strong>sanctis-</strong></span> 
     </span>
    </p>
   </div>
   <div class='ocr_carea' id='block_1_33' title="bbox 562 2257 2136 2331">
    <p class='ocr_par' dir='ltr' id='par_1_33' title="bbox 562 2257 2136 2331">
     <span class='ocr_line' id='line_1_33' title="bbox 562 2257 2136 2331; baseline -0.007 -13"><span class='ocrx_word' id='word_1_235' title='bbox 562 2264 706 2329; x_wconf 77' lang='lat' dir='ltr'><strong>simi,</strong></span> <span class='ocrx_word' id='word_1_236' title='bbox 729 2274 781 2316; x_wconf 91' lang='lat' dir='ltr'><strong>ct</strong></span> <span class='ocrx_word' id='word_1_237' title='bbox 804 2263 1107 2331; x_wconf 80' lang='lat' dir='ltr'><strong>ingentibus</strong></span> <span class='ocrx_word' id='word_1_238' title='bbox 1129 2276 1254 2330; x_wconf 86' lang='lat' dir='ltr'><strong>erga</strong></span> <span class='ocrx_word' id='word_1_239' title='bbox 1279 2259 1576 2313; x_wconf 86' lang='lat' dir='ltr'><strong>Ecclesiam</strong></span> <span class='ocrx_word' id='word_1_240' title='bbox 1608 2258 1813 2312; x_wconf 89' lang='lat' dir='ltr'><strong>meritis</strong></span> <span class='ocrx_word' id='word_1_241' title='bbox 1836 2257 2136 2318; x_wconf 82' lang='lat' dir='ltr'><strong>clarissimi,</strong></span> 
     </span>
    </p>
   </div>
   <div class='ocr_carea' id='block_1_34' title="bbox 563 2347 2140 2419">
    <p class='ocr_par' dir='ltr' id='par_1_34' title="bbox 563 2347 2140 2419">
     <span class='ocr_line' id='line_1_34' title="bbox 563 2347 2140 2419; baseline -0.003 -16"><span class='ocrx_word' id='word_1_242' title='bbox 563 2355 650 2419; x_wconf 88' lang='lat' dir='ltr'><strong>qtti</strong></span> <span class='ocrx_word' id='word_1_243' title='bbox 671 2352 827 2405; x_wconf 85' lang='lat' dir='ltr'><strong>fidem</strong></span> <span class='ocrx_word' id='word_1_244' title='bbox 847 2351 1197 2405; x_wconf 82' lang='lat' dir='ltr'><strong>orthodoxam</strong></span> <span class='ocrx_word' id='word_1_245' title='bbox 1221 2360 1330 2403; x_wconf 89' lang='lat' dir='ltr'><strong>tum</strong></span> <span class='ocrx_word' id='word_1_246' title='bbox 1354 2349 1406 2402; x_wconf 90' lang='lat' dir='ltr'><strong>in</strong></span> <span class='ocrx_word' id='word_1_247' title='bbox 1421 2347 1709 2402; x_wconf 85' lang='lat' dir='ltr'><strong>Occidente</strong></span> <span class='ocrx_word' id='word_1_248' title='bbox 1724 2356 1834 2400; x_wconf 90' lang='lat' dir='ltr'><strong>tum</strong></span> <span class='ocrx_word' id='word_1_249' title='bbox 1859 2347 1909 2400; x_wconf 91' lang='lat' dir='ltr'><strong>in</strong></span> <span class='ocrx_word' id='word_1_250' title='bbox 1926 2347 2140 2400; x_wconf 84' lang='lat' dir='ltr'><strong>Oriente</strong></span> 
     </span>
    </p>
   </div>
   <div class='ocr_carea' id='block_1_35' title="bbox 562 2437 2141 2510">
    <p class='ocr_par' dir='ltr' id='par_1_35' title="bbox 562 2437 2141 2510">
     <span class='ocr_line' id='line_1_35' title="bbox 562 2437 2141 2510; baseline -0.003 -16"><span class='ocrx_word' id='word_1_251' title='bbox 562 2452 779 2496; x_wconf 77' lang='lat' dir='ltr'><strong>strenue</strong></span> <span class='ocrx_word' id='word_1_252' title='bbox 810 2441 1179 2510; x_wconf 86' lang='lat' dir='ltr'><strong>propugnavit,</strong></span> <span class='ocrx_word' id='word_1_253' title='bbox 1221 2454 1375 2507; x_wconf 87' lang='lat' dir='ltr'><strong>quem</strong></span> <span class='ocrx_word' id='word_1_254' title='bbox 1409 2437 1601 2492; x_wconf 54' lang='lat' dir='ltr'><strong>illustri</strong></span> <span class='ocrx_word' id='word_1_255' title='bbox 1628 2438 1797 2506; x_wconf 88' lang='lat' dir='ltr'><strong>elegio</strong></span> <span class='ocrx_word' id='word_1_256' title='bbox 1834 2452 1897 2491; x_wconf 91' lang='lat' dir='ltr'><strong>ac</strong></span> <span class='ocrx_word' id='word_1_257' title='bbox 1923 2437 2141 2491; x_wconf 78' lang='lat' dir='ltr'><strong>decreto</strong></span> 
     </span>
    </p>
   </div>
   <div class='ocr_carea' id='block_1_36' title="bbox 568 2530 2137 2603">
    <p class='ocr_par' dir='ltr' id='par_1_36' title="bbox 568 2530 2137 2603">
     <span class='ocr_line' id='line_1_36' title="bbox 568 2530 2137 2603; baseline -0.004 -18"><span class='ocrx_word' id='word_1_258' title='bbox 568 2536 802 2586; x_wconf 74' lang='lat' dir='ltr'><strong>ltomana</strong></span> <span class='ocrx_word' id='word_1_259' title='bbox 826 2532 1060 2603; x_wconf 80' lang='lat' dir='ltr'><strong>synodus</strong></span> <span class='ocrx_word' id='word_1_260' title='bbox 1084 2532 1292 2585; x_wconf 88' lang='lat' dir='ltr'><strong>ornavit</strong></span> <span class='ocrx_word' id='word_1_261' title='bbox 1313 2532 1422 2601; x_wconf 77' lang='grc' dir='ltr'><strong>(ιι),</strong></span> <span class='ocrx_word' id='word_1_262' title='bbox 1445 2545 1601 2599; x_wconf 91' lang='lat' dir='ltr'><strong>quem</strong></span> <span class='ocrx_word' id='word_1_263' title='bbox 1620 2531 1897 2599; x_wconf 89' lang='lat' dir='ltr'><strong>pontilices</strong></span> <span class='ocrx_word' id='word_1_264' title='bbox 1920 2530 2137 2594; x_wconf 90' lang='lat' dir='ltr'><strong>summi,</strong></span> 
     </span>
    </p>
   </div>
   <div class='ocr_carea' id='block_1_37' title="bbox 563 2618 2138 2695">
    <p class='ocr_par' dir='ltr' id='par_1_37' title="bbox 563 2618 2138 2695">
     <span class='ocr_line' id='line_1_37' title="bbox 563 2618 2138 2695; baseline -0.003 -18"><span class='ocrx_word' id='word_1_265' title='bbox 563 2624 842 2678; x_wconf 87' lang='lat' dir='ltr'><strong>llormisda</strong></span> <span class='ocrx_word' id='word_1_266' title='bbox 871 2626 941 2695; x_wconf 81' lang='grc' dir='ltr'><strong>(ε)</strong></span> <span class='ocrx_word' id='word_1_267' title='bbox 968 2665 981 2688; x_wconf 88' lang='grc'><strong><em>,</em></strong></span> <span class='ocrx_word' id='word_1_268' title='bbox 1013 2622 1260 2677; x_wconf 86' lang='lat' dir='ltr'><strong>Nicolaus</strong></span> <span class='ocrx_word' id='word_1_269' title='bbox 1290 2623 1309 2676; x_wconf 88' lang='lat' dir='ltr'><strong>l</strong></span> <span class='ocrx_word' id='word_1_270' title='bbox 1346 2624 1435 2693; x_wconf 77' lang='lat' dir='ltr'><strong>(f),</strong></span> <span class='ocrx_word' id='word_1_271' title='bbox 1472 2624 1703 2676; x_wconf 85' lang='lat' dir='ltr'><strong>Joannes</strong></span> <span class='ocrx_word' id='word_1_272' title='bbox 1734 2620 1844 2674; x_wconf 77' lang='lat' dir='ltr'><strong>Vlll</strong></span> <span class='ocrx_word' id='word_1_273' title='bbox 1876 2625 1977 2690; x_wconf 85' lang='lat' dir='ltr'><strong>(g),</strong></span> <span class='ocrx_word' id='word_1_274' title='bbox 2008 2618 2138 2673; x_wconf 81' lang='lat' dir='ltr'><strong>Gre—</strong></span> 
     </span>
    </p>
   </div>
   <div class='ocr_carea' id='block_1_38' title="bbox 560 2714 2137 2787">
    <p class='ocr_par' dir='ltr' id='par_1_38' title="bbox 560 2714 2137 2787">
     <span class='ocr_line' id='line_1_38' title="bbox 560 2714 2137 2787; baseline -0.005 -16"><span class='ocrx_word' id='word_1_275' title='bbox 560 2718 740 2787; x_wconf 82' lang='lat' dir='ltr'><strong>gorius</strong></span> <span class='ocrx_word' id='word_1_276' title='bbox 764 2717 851 2771; x_wconf 90' lang='lat' dir='ltr'><strong>VII</strong></span> <span class='ocrx_word' id='word_1_277' title='bbox 885 2716 964 2787; x_wconf 81' lang='lat' dir='ltr'><strong>(It)</strong></span> <span class='ocrx_word' id='word_1_278' title='bbox 999 2716 1202 2785; x_wconf 87' lang='lat' dir='ltr'><strong>tuagnis</strong></span> <span class='ocrx_word' id='word_1_279' title='bbox 1239 2714 1523 2784; x_wconf 60' lang='lat' dir='ltr'><strong>praeconiis</strong></span> <span class='ocrx_word' id='word_1_280' title='bbox 1553 2714 1813 2777; x_wconf 79' lang='lat' dir='ltr'><strong>extulere,</strong></span> <span class='ocrx_word' id='word_1_281' title='bbox 1845 2728 2002 2781; x_wconf 88' lang='lat' dir='ltr'><strong>quem</strong></span> <span class='ocrx_word' id='word_1_282' title='bbox 2038 2716 2137 2764; x_wconf 92' lang='lat' dir='ltr'><strong>lc-</strong></span> 
     </span>
    </p>
   </div>
   <div class='ocr_carea' id='block_1_39' title="bbox 563 2803 2139 2873">
    <p class='ocr_par' dir='ltr' id='par_1_39' title="bbox 563 2803 2139 2873">
     <span class='ocr_line' id='line_1_39' title="bbox 563 2803 2139 2873; baseline -0.005 -10"><span class='ocrx_word' id='word_1_283' title='bbox 563 2810 725 2864; x_wconf 86' lang='lat' dir='ltr'><strong>clesia</strong></span> <span class='ocrx_word' id='word_1_284' title='bbox 768 2809 970 2863; x_wconf 87' lang='lat' dir='ltr'><strong>sanctis</strong></span> <span class='ocrx_word' id='word_1_285' title='bbox 1014 2806 1412 2861; x_wconf 83' lang='lat' dir='ltr'><strong>confessoribus</strong></span> <span class='ocrx_word' id='word_1_286' title='bbox 1449 2808 1737 2873; x_wconf 88' lang='lat' dir='ltr'><strong>ascriptum</strong></span> <span class='ocrx_word' id='word_1_287' title='bbox 1779 2818 1957 2858; x_wconf 91' lang='lat' dir='ltr'><strong>annuo</strong></span> <span class='ocrx_word' id='word_1_288' title='bbox 1994 2803 2139 2856; x_wconf 92' lang='lat' dir='ltr'><strong>cultu</strong></span> 
     </span>
    </p>
   </div>
   <div class='ocr_carea' id='block_1_40' title="bbox 2248 1802 3820 1872">
    <p class='ocr_par' dir='ltr' id='par_1_40' title="bbox 2248 1802 3820 1872">
     <span class='ocr_line' id='line_1_40' title="bbox 2248 1802 3820 1872; baseline -0.004 -13"><span class='ocrx_word' id='word_1_289' title='bbox 2248 1807 2516 1861; x_wconf 87' lang='lat' dir='ltr'><strong>dominam</strong></span> <span class='ocrx_word' id='word_1_290' title='bbox 2538 1820 2706 1858; x_wconf 90' lang='lat' dir='ltr'><strong>meatu</strong></span> <span class='ocrx_word' id='word_1_291' title='bbox 2733 1804 3196 1872; x_wconf 79' lang='lat' dir='ltr'><strong>iuviolabilemqne</strong></span> <span class='ocrx_word' id='word_1_292' title='bbox 3216 1802 3428 1856; x_wconf 78' lang='lat' dir='ltr'><strong>Mariam</strong></span> <span class='ocrx_word' id='word_1_293' title='bbox 3448 1802 3820 1855; x_wconf 77' lang='lat' dir='ltr'><strong>Cltri~totocon</strong></span> 
     </span>
    </p>
   </div>
   <div class='ocr_carea' id='block_1_41' title="bbox 2248 1893 3822 1964">
    <p class='ocr_par' dir='ltr' id='par_1_41' title="bbox 2248 1893 3822 1964">
     <span class='ocr_line' id='line_1_41' title="bbox 2248 1893 3822 1964; baseline -0.004 -13"><span class='ocrx_word' id='word_1_294' title='bbox 2248 1906 2303 1951; x_wconf 90' lang='lat' dir='ltr'><strong>ct</strong></span> <span class='ocrx_word' id='word_1_295' title='bbox 2328 1898 2634 1951; x_wconf 86' lang='lat' dir='ltr'><strong>&#39;l&#39;heotocon</strong></span> <span class='ocrx_word' id='word_1_296' title='bbox 2654 1936 2668 1959; x_wconf 94' lang='lat'><strong>,</strong></span> <span class='ocrx_word' id='word_1_297' title='bbox 2699 1896 2987 1964; x_wconf 88' lang='lat' dir='ltr'><strong>apostolica</strong></span> <span class='ocrx_word' id='word_1_298' title='bbox 3018 1899 3331 1948; x_wconf 91' lang='lat' dir='ltr'><strong>auctoritate</strong></span> <span class='ocrx_word' id='word_1_299' title='bbox 3362 1893 3656 1962; x_wconf 89' lang='lat' dir='ltr'><strong>perdocuit.</strong></span> <span class='ocrx_word' id='word_1_300' title='bbox 3709 1893 3822 1961; x_wconf 88' lang='lat' dir='ltr'><strong>lpse</strong></span> 
     </span>
    </p>
   </div>
   <div class='ocr_carea' id='block_1_42' title="bbox 2246 1985 3821 2055">
    <p class='ocr_par' dir='ltr' id='par_1_42' title="bbox 2246 1985 3821 2055">
     <span class='ocr_line' id='line_1_42' title="bbox 2246 1985 3821 2055; baseline -0.003 -14"><span class='ocrx_word' id='word_1_301' title='bbox 2246 2004 2373 2055; x_wconf 84' lang='lat' dir='ltr'><strong>ergo</strong></span> <span class='ocrx_word' id='word_1_302' title='bbox 2419 2003 2569 2042; x_wconf 69' lang='lat' dir='ltr'><strong>meus</strong></span> <span class='ocrx_word' id='word_1_303' title='bbox 2616 1997 2697 2042; x_wconf 90' lang='lat' dir='ltr'><strong>est</strong></span> <span class='ocrx_word' id='word_1_304' title='bbox 2743 1999 2891 2055; x_wconf 91' lang='lat' dir='ltr'><strong>pater</strong></span> <span class='ocrx_word' id='word_1_305' title='bbox 2933 2003 2996 2041; x_wconf 81' lang='lat' dir='ltr'><strong>ex</strong></span> <span class='ocrx_word' id='word_1_306' title='bbox 3037 1986 3264 2050; x_wconf 88' lang='lat' dir='ltr'><strong>lavacro,</strong></span> <span class='ocrx_word' id='word_1_307' title='bbox 3296 2000 3452 2054; x_wconf 90' lang='lat' dir='ltr'><strong>quem</strong></span> <span class='ocrx_word' id='word_1_308' title='bbox 3495 1985 3654 2038; x_wconf 82' lang='lat' dir='ltr'><strong>credo</strong></span> <span class='ocrx_word' id='word_1_309' title='bbox 3684 1985 3821 2054; x_wconf 88' lang='lat' dir='ltr'><strong>apud</strong></span> 
     </span>
    </p>
   </div>
   <div class='ocr_carea' id='block_1_43' title="bbox 2245 2078 3796 2147">
    <p class='ocr_par' dir='ltr' id='par_1_43' title="bbox 2245 2078 3796 2147">
     <span class='ocr_line' id='line_1_43' title="bbox 2245 2078 3796 2147; baseline -0.004 -13"><span class='ocrx_word' id='word_1_310' title='bbox 2245 2090 2502 2135; x_wconf 65' lang='lat' dir='ltr'><strong>aeternum</strong></span> <span class='ocrx_word' id='word_1_311' title='bbox 2536 2082 2742 2136; x_wconf 86' lang='lat' dir='ltr'><strong>Patrem</strong></span> <span class='ocrx_word' id='word_1_312' title='bbox 2774 2096 2870 2147; x_wconf 90' lang='lat' dir='ltr'><strong>per</strong></span> <span class='ocrx_word' id='word_1_313' title='bbox 2901 2080 3090 2134; x_wconf 88' lang='lat' dir='ltr'><strong>Filium</strong></span> <span class='ocrx_word' id='word_1_314' title='bbox 3132 2078 3456 2133; x_wconf 89' lang='lat' dir='ltr'><strong>intervenire</strong></span> <span class='ocrx_word' id='word_1_315' title='bbox 3487 2092 3583 2146; x_wconf 91' lang='lat' dir='ltr'><strong>pro</strong></span> <span class='ocrx_word' id='word_1_316' title='bbox 3614 2078 3740 2130; x_wconf 89' lang='lat' dir='ltr'><strong>lilio.</strong></span> <span class='ocrx_word' id='word_1_317' title='bbox 3778 2096 3796 2128; x_wconf 73' lang='grc' dir='ltr'><strong><em>ι</em></strong></span> 
     </span>
    </p>
   </div>
   <div class='ocr_carea' id='block_1_44' title="bbox 2320 2168 3819 2238">
    <p class='ocr_par' dir='ltr' id='par_1_44' title="bbox 2320 2168 3819 2238">
     <span class='ocr_line' id='line_1_44' title="bbox 2320 2168 3819 2238; baseline -0.003 -15"><span class='ocrx_word' id='word_1_318' title='bbox 2320 2172 2407 2223; x_wconf 87' lang='lat' dir='ltr'><strong>IV.</strong></span> <span class='ocrx_word' id='word_1_319' title='bbox 2453 2171 2626 2225; x_wconf 70' lang='lat' dir='ltr'><strong>Varia:</strong></span> <span class='ocrx_word' id='word_1_320' title='bbox 2654 2172 3103 2225; x_wconf 82' lang='lat' dir='ltr'><strong>circumferuntur</strong></span> <span class='ocrx_word' id='word_1_321' title='bbox 3135 2170 3453 2238; x_wconf 88' lang='lat' dir='ltr'><strong>scriptorum</strong></span> <span class='ocrx_word' id='word_1_322' title='bbox 3483 2168 3819 2222; x_wconf 80' lang='lat' dir='ltr'><strong>Ennodiano-</strong></span> 
     </span>
    </p>
   </div>
   <div class='ocr_carea' id='block_1_45' title="bbox 2250 2259 3820 2330">
    <p class='ocr_par' dir='ltr' id='par_1_45' title="bbox 2250 2259 3820 2330">
     <span class='ocr_line' id='line_1_45' title="bbox 2250 2259 3820 2330; baseline -0.002 -16"><span class='ocrx_word' id='word_1_323' title='bbox 2250 2278 2366 2315; x_wconf 91' lang='lat' dir='ltr'><strong>rtnn</strong></span> <span class='ocrx_word' id='word_1_324' title='bbox 2395 2264 2679 2316; x_wconf 85' lang='lat' dir='ltr'><strong>editiones.</strong></span> <span class='ocrx_word' id='word_1_325' title='bbox 2717 2263 2914 2315; x_wconf 80' lang='lat' dir='ltr'><strong>Earum</strong></span> <span class='ocrx_word' id='word_1_326' title='bbox 2941 2264 3165 2330; x_wconf 89' lang='lat' dir='ltr'><strong>primam</strong></span> <span class='ocrx_word' id='word_1_327' title='bbox 3196 2261 3486 2315; x_wconf 78' lang='lat' dir='ltr'><strong>exhibuere</strong></span> <span class='ocrx_word' id='word_1_328' title='bbox 3515 2274 3655 2313; x_wconf 91' lang='lat' dir='ltr'><strong>anno</strong></span> <span class='ocrx_word' id='word_1_329' title='bbox 3685 2259 3820 2311; x_wconf 80' lang='grc'><strong>1569</strong></span> 
     </span>
    </p>
   </div>
   <div class='ocr_carea' id='block_1_46' title="bbox 2247 2352 3819 2423">
    <p class='ocr_par' dir='ltr' id='par_1_46' title="bbox 2247 2352 3819 2423">
     <span class='ocr_line' id='line_1_46' title="bbox 2247 2352 3819 2423; baseline -0.004 -14"><span class='ocrx_word' id='word_1_330' title='bbox 2247 2356 2759 2423; x_wconf 78' lang='lat' dir='ltr'><strong>Ortltodoxograplta</strong></span> <span class='ocrx_word' id='word_1_331' title='bbox 2788 2354 3119 2417; x_wconf 77' lang='lat' dir='ltr'><strong>Basiliensia,</strong></span> <span class='ocrx_word' id='word_1_332' title='bbox 3146 2368 3247 2422; x_wconf 88' lang='lat' dir='ltr'><strong>qua</strong></span> <span class='ocrx_word' id='word_1_333' title='bbox 3278 2362 3451 2405; x_wconf 90' lang='lat' dir='ltr'><strong>tamen</strong></span> <span class='ocrx_word' id='word_1_334' title='bbox 3482 2352 3608 2405; x_wconf 90' lang='lat' dir='ltr'><strong>nihil</strong></span> <span class='ocrx_word' id='word_1_335' title='bbox 3634 2352 3819 2419; x_wconf 87' lang='lat' dir='ltr'><strong>depra-</strong></span> 
     </span>
    </p>
   </div>
   <div class='ocr_carea' id='block_1_47' title="bbox 2247 2442 3819 2515">
    <p class='ocr_par' dir='ltr' id='par_1_47' title="bbox 2247 2442 3819 2515">
     <span class='ocr_line' id='line_1_47' title="bbox 2247 2442 3819 2515; baseline -0.001 -16"><span class='ocrx_word' id='word_1_336' title='bbox 2247 2448 2445 2511; x_wconf 84' lang='lat' dir='ltr'><strong>vatins,</strong></span> <span class='ocrx_word' id='word_1_337' title='bbox 2492 2447 2621 2500; x_wconf 90' lang='lat' dir='ltr'><strong>nihil</strong></span> <span class='ocrx_word' id='word_1_338' title='bbox 2671 2447 2994 2515; x_wconf 88' lang='lat' dir='ltr'><strong>inquinatius</strong></span> <span class='ocrx_word' id='word_1_339' title='bbox 3044 2447 3094 2499; x_wconf 89' lang='lat' dir='ltr'><strong>itt</strong></span> <span class='ocrx_word' id='word_1_340' title='bbox 3146 2445 3317 2499; x_wconf 89' lang='lat' dir='ltr'><strong>lucem</strong></span> <span class='ocrx_word' id='word_1_341' title='bbox 3359 2442 3554 2498; x_wconf 75' lang='lat' dir='ltr'><strong>esiisse</strong></span> <span class='ocrx_word' id='word_1_342' title='bbox 3602 2454 3819 2497; x_wconf 87' lang='lat' dir='ltr'><strong>censent</strong></span> 
     </span>
    </p>
   </div>
   <div class='ocr_carea' id='block_1_48' title="bbox 2241 2533 3814 2604">
    <p class='ocr_par' dir='ltr' id='par_1_48' title="bbox 2241 2533 3814 2604">
     <span class='ocr_line' id='line_1_48' title="bbox 2241 2533 3814 2604; baseline -0.006 -12"><span class='ocrx_word' id='word_1_343' title='bbox 2241 2538 2454 2592; x_wconf 90' lang='lat' dir='ltr'><strong>eruditi.</strong></span> <span class='ocrx_word' id='word_1_344' title='bbox 2490 2538 2675 2601; x_wconf 85' lang='lat' dir='ltr'><strong>Porro,</strong></span> <span class='ocrx_word' id='word_1_345' title='bbox 2710 2547 2767 2591; x_wconf 91' lang='lat' dir='ltr'><strong>ut</strong></span> <span class='ocrx_word' id='word_1_346' title='bbox 2791 2551 2883 2591; x_wconf 86' lang='lat' dir='ltr'><strong>eas</strong></span> <span class='ocrx_word' id='word_1_347' title='bbox 2911 2536 3379 2604; x_wconf 67' lang='lat' dir='ltr'><strong>praetermittamus</strong></span> <span class='ocrx_word' id='word_1_348' title='bbox 3408 2548 3528 2603; x_wconf 72' lang='lat' dir='ltr'><strong>qua:</strong></span> <span class='ocrx_word' id='word_1_349' title='bbox 3558 2533 3814 2598; x_wconf 74' lang='lat' dir='ltr'><strong>deinceps</strong></span> 
     </span>
    </p>
   </div>
   <div class='ocr_carea' id='block_1_49' title="bbox 2244 2624 3871 2694">
    <p class='ocr_par' dir='ltr' id='par_1_49' title="bbox 2244 2624 3871 2694">
     <span class='ocr_line' id='line_1_49' title="bbox 2244 2624 3871 2694; baseline -0.004 -11"><span class='ocrx_word' id='word_1_350' title='bbox 2244 2630 2582 2684; x_wconf 89' lang='lat' dir='ltr'><strong>bibliothecis</strong></span> <span class='ocrx_word' id='word_1_351' title='bbox 2628 2631 2865 2694; x_wconf 80' lang='lat' dir='ltr'><strong>Patrum,</strong></span> <span class='ocrx_word' id='word_1_352' title='bbox 2909 2626 3239 2691; x_wconf 87' lang='lat' dir='ltr'><strong>Coloniensi,</strong></span> <span class='ocrx_word' id='word_1_353' title='bbox 3273 2625 3561 2681; x_wconf 88' lang='lat' dir='ltr'><strong>Parisiensi</strong></span> <span class='ocrx_word' id='word_1_354' title='bbox 3607 2636 3661 2679; x_wconf 90' lang='lat' dir='ltr'><strong>et</strong></span> <span class='ocrx_word' id='word_1_355' title='bbox 3710 2624 3818 2677; x_wconf 87' lang='lat' dir='ltr'><strong>Ln-</strong></span> <span class='ocrx_word' id='word_1_356' title='bbox 3858 2626 3871 2632; x_wconf 71' lang='grc'><em>’</em></span> 
     </span>
    </p>
   </div>
   <div class='ocr_carea' id='block_1_50' title="bbox 2241 2715 3817 2793">
    <p class='ocr_par' dir='ltr' id='par_1_50' title="bbox 2241 2715 3817 2793">
     <span class='ocr_line' id='line_1_50' title="bbox 2241 2715 3817 2793; baseline -0.003 -19"><span class='ocrx_word' id='word_1_357' title='bbox 2241 2722 2501 2793; x_wconf 86' lang='lat' dir='ltr'><strong>gdunensi</strong></span> <span class='ocrx_word' id='word_1_358' title='bbox 2548 2722 2763 2776; x_wconf 62' lang='lat' dir='ltr'><strong>flerunt</strong></span> <span class='ocrx_word' id='word_1_359' title='bbox 2809 2723 3042 2782; x_wconf 67' lang='lat' dir='ltr'><strong>intextm,</strong></span> <span class='ocrx_word' id='word_1_360' title='bbox 3071 2718 3170 2773; x_wconf 86' lang='lat' dir='ltr'><strong>sub</strong></span> <span class='ocrx_word' id='word_1_361' title='bbox 3207 2718 3412 2772; x_wconf 89' lang='lat' dir='ltr'><strong>initiunt</strong></span> <span class='ocrx_word' id='word_1_362' title='bbox 3453 2715 3634 2770; x_wconf 65' lang='lat' dir='ltr'><strong>saeculi</strong></span> <span class='ocrx_word' id='word_1_363' title='bbox 3665 2730 3817 2784; x_wconf 84' lang='lat' dir='ltr'><strong>snpe-</strong></span> 
     </span>
    </p>
   </div>
   <div class='ocr_carea' id='block_1_51' title="bbox 2243 2808 3817 2880">
    <p class='ocr_par' dir='ltr' id='par_1_51' title="bbox 2243 2808 3817 2880">
     <span class='ocr_line' id='line_1_51' title="bbox 2243 2808 3817 2880; baseline -0.004 -13"><span class='ocrx_word' id='word_1_364' title='bbox 2243 2814 2420 2879; x_wconf 91' lang='lat' dir='ltr'><strong>rioris,</strong></span> <span class='ocrx_word' id='word_1_365' title='bbox 2454 2830 2559 2868; x_wconf 88' lang='lat' dir='ltr'><strong>uno</strong></span> <span class='ocrx_word' id='word_1_366' title='bbox 2588 2822 2641 2867; x_wconf 90' lang='lat' dir='ltr'><strong>et</strong></span> <span class='ocrx_word' id='word_1_367' title='bbox 2668 2813 2855 2868; x_wconf 89' lang='lat' dir='ltr'><strong>eodem</strong></span> <span class='ocrx_word' id='word_1_368' title='bbox 2888 2826 3031 2865; x_wconf 89' lang='lat' dir='ltr'><strong>anno</strong></span> <span class='ocrx_word' id='word_1_369' title='bbox 3062 2812 3189 2867; x_wconf 85' lang='grc'><strong>1611</strong></span> <span class='ocrx_word' id='word_1_370' title='bbox 3225 2808 3434 2880; x_wconf 81' lang='lat' dir='ltr'><strong>gemina</strong></span> <span class='ocrx_word' id='word_1_371' title='bbox 3490 2811 3686 2878; x_wconf 88' lang='lat' dir='ltr'><strong>prodiit</strong></span> <span class='ocrx_word' id='word_1_372' title='bbox 3718 2810 3817 2861; x_wconf 73' lang='lat' dir='ltr'><strong>lin-</strong></span> 
     </span>
    </p>
   </div>
   <div class='ocr_carea' id='block_1_52' title="bbox 563 2894 2137 2972">
    <p class='ocr_par' dir='ltr' id='par_1_52' title="bbox 563 2894 2137 2969">
     <span class='ocr_line' id='line_1_52' title="bbox 563 2894 2137 2969; baseline -0.004 -18"><span class='ocrx_word' id='word_1_373' title='bbox 563 2900 929 2969; x_wconf 88' lang='lat' dir='ltr'><strong>ptosequitur;</strong></span> <span class='ocrx_word' id='word_1_374' title='bbox 962 2899 1123 2963; x_wconf 89' lang='lat' dir='ltr'><strong>tanti,</strong></span> <span class='ocrx_word' id='word_1_375' title='bbox 1174 2898 1409 2966; x_wconf 89' lang='lat' dir='ltr'><strong>inquam,</strong></span> <span class='ocrx_word' id='word_1_376' title='bbox 1458 2895 1710 2950; x_wconf 87' lang='lat' dir='ltr'><strong>antistitis</strong></span> <span class='ocrx_word' id='word_1_377' title='bbox 1753 2894 2014 2950; x_wconf 83' lang='lat' dir='ltr'><strong>sententia</strong></span> <span class='ocrx_word' id='word_1_378' title='bbox 2047 2894 2137 2963; x_wconf 80' lang='lat' dir='ltr'><strong>(tle</strong></span> 
     </span>
    </p>
   </div>
   <div class='ocr_carea' id='block_1_53' title="bbox 2244 2894 3814 2972">
    <p class='ocr_par' dir='ltr' id='par_1_53' title="bbox 2244 2902 3814 2972">
     <span class='ocr_line' id='line_1_53' title="bbox 2244 2902 3814 2972; baseline -0.005 -13"><span class='ocrx_word' id='word_1_379' title='bbox 2244 2906 2386 2959; x_wconf 88' lang='lat' dir='ltr'><strong>nodii</strong></span> <span class='ocrx_word' id='word_1_380' title='bbox 2410 2905 2634 2972; x_wconf 69' lang='grc' dir='ltr'><strong>ἔκδυσις,</strong></span> <span class='ocrx_word' id='word_1_381' title='bbox 2657 2907 2824 2959; x_wconf 89' lang='lat' dir='ltr'><strong>altera</strong></span> <span class='ocrx_word' id='word_1_382' title='bbox 2848 2905 3070 2959; x_wconf 91' lang='lat' dir='ltr'><strong>Tornaci</strong></span> <span class='ocrx_word' id='word_1_383' title='bbox 3097 2912 3316 2958; x_wconf 90' lang='lat' dir='ltr'><strong>curante</strong></span> <span class='ocrx_word' id='word_1_384' title='bbox 3339 2903 3550 2957; x_wconf 82' lang='lat' dir='ltr'><strong>Andrea</strong></span> <span class='ocrx_word' id='word_1_385' title='bbox 3573 2902 3814 2967; x_wconf 85' lang='lat' dir='ltr'><strong>Scltotto,</strong></span> 
     </span>
    </p>
   </div>
   <div class='ocr_carea' id='block_1_54' title="bbox 561 2985 2141 3057">
    <p class='ocr_par' dir='ltr' id='par_1_54' title="bbox 561 2985 2141 3057">
     <span class='ocr_line' id='line_1_54' title="bbox 561 2985 2141 3057; baseline -0.004 -17"><span class='ocrx_word' id='word_1_386' title='bbox 561 2990 767 3044; x_wconf 88' lang='lat' dir='ltr'><strong>atbitrii</strong></span> <span class='ocrx_word' id='word_1_387' title='bbox 808 2989 1071 3057; x_wconf 88' lang='lat' dir='ltr'><strong>libertate)</strong></span> <span class='ocrx_word' id='word_1_388' title='bbox 1108 3002 1211 3041; x_wconf 93' lang='lat' dir='ltr'><strong>non</strong></span> <span class='ocrx_word' id='word_1_389' title='bbox 1238 2996 1413 3055; x_wconf 86' lang='lat' dir='ltr'><strong>potest</strong></span> <span class='ocrx_word' id='word_1_390' title='bbox 1450 2986 1624 3054; x_wconf 89' lang='lat' dir='ltr'><strong>magni</strong></span> <span class='ocrx_word' id='word_1_391' title='bbox 1655 2985 1792 3055; x_wconf 88' lang='lat' dir='ltr'><strong>apud</strong></span> <span class='ocrx_word' id='word_1_392' title='bbox 1834 2997 2019 3037; x_wconf 88' lang='lat' dir='ltr'><strong>omnes</strong></span> <span class='ocrx_word' id='word_1_393' title='bbox 2052 2996 2141 3037; x_wconf 86' lang='lat' dir='ltr'><strong>ca-</strong></span> 
     </span>
    </p>
   </div>
   <div class='ocr_carea' id='block_1_55' title="bbox 561 3062 2137 3150">
    <p class='ocr_par' dir='ltr' id='par_1_55' title="bbox 561 3062 2137 3150">
     <span class='ocr_line' id='line_1_55' title="bbox 561 3062 2137 3150; baseline -0.004 -17"><span class='ocrx_word' id='word_1_394' title='bbox 561 3080 785 3136; x_wconf 88' lang='lat' dir='ltr'><strong>tholicos</strong></span> <span class='ocrx_word' id='word_1_395' title='bbox 808 3062 1060 3150; x_wconf 89' lang='lat' dir='ltr'><strong>ponderis</strong></span> <span class='ocrx_word' id='word_1_396' title='bbox 1081 3092 1186 3132; x_wconf 90' lang='lat' dir='ltr'><strong>non</strong></span> <span class='ocrx_word' id='word_1_397' title='bbox 1210 3092 1328 3130; x_wconf 80' lang='lat' dir='ltr'><strong>esse</strong></span> <span class='ocrx_word' id='word_1_398' title='bbox 1363 3093 1376 3129; x_wconf 92' lang='lat'><strong>:</strong></span> <span class='ocrx_word' id='word_1_399' title='bbox 1420 3085 1477 3130; x_wconf 90' lang='lat' dir='ltr'><strong>ut</strong></span> <span class='ocrx_word' id='word_1_400' title='bbox 1499 3078 1711 3139; x_wconf 88' lang='lat' dir='ltr'><strong>mirum,</strong></span> <span class='ocrx_word' id='word_1_401' title='bbox 1738 3074 1842 3128; x_wconf 93' lang='lat' dir='ltr'><strong>imo</strong></span> <span class='ocrx_word' id='word_1_402' title='bbox 1866 3074 2137 3143; x_wconf 73' lang='lat' dir='ltr'><strong>indignum</strong></span> 
     </span>
    </p>
   </div>
   <div class='ocr_carea' id='block_1_56' title="bbox 564 3163 2133 3237">
    <p class='ocr_par' dir='ltr' id='par_1_56' title="bbox 564 3163 2133 3237">
     <span class='ocr_line' id='line_1_56' title="bbox 564 3163 2133 3237; baseline -0.003 -16"><span class='ocrx_word' id='word_1_403' title='bbox 564 3184 784 3237; x_wconf 87' lang='lat' dir='ltr'><strong>prorsus</strong></span> <span class='ocrx_word' id='word_1_404' title='bbox 818 3185 880 3221; x_wconf 89' lang='lat' dir='ltr'><strong>ac</strong></span> <span class='ocrx_word' id='word_1_405' title='bbox 919 3168 1137 3221; x_wconf 87' lang='lat' dir='ltr'><strong>minime</strong></span> <span class='ocrx_word' id='word_1_406' title='bbox 1168 3166 1443 3221; x_wconf 71' lang='lat' dir='ltr'><strong>ferendum</strong></span> <span class='ocrx_word' id='word_1_407' title='bbox 1477 3167 1575 3229; x_wconf 91' lang='lat' dir='ltr'><strong>sit,</strong></span> <span class='ocrx_word' id='word_1_408' title='bbox 1612 3163 1909 3216; x_wconf 87' lang='lat' dir='ltr'><strong>Eunodium</strong></span> <span class='ocrx_word' id='word_1_409' title='bbox 1942 3165 2007 3216; x_wconf 89' lang='lat' dir='ltr'><strong>ad</strong></span> <span class='ocrx_word' id='word_1_410' title='bbox 2034 3163 2133 3217; x_wconf 90' lang='lat' dir='ltr'><strong>Sc-</strong></span> 
     </span>
    </p>
   </div>
   <div class='ocr_carea' id='block_1_57' title="bbox 566 3255 2137 3327">
    <p class='ocr_par' dir='ltr' id='par_1_57' title="bbox 566 3255 2137 3327">
     <span class='ocr_line' id='line_1_57' title="bbox 566 3255 2137 3327; baseline -0.004 -14"><span class='ocrx_word' id='word_1_411' title='bbox 566 3257 949 3327; x_wconf 84' lang='lat' dir='ltr'><strong>tnipelagianos</strong></span> <span class='ocrx_word' id='word_1_412' title='bbox 994 3267 1155 3325; x_wconf 87' lang='lat' dir='ltr'><strong>atque</strong></span> <span class='ocrx_word' id='word_1_413' title='bbox 1196 3255 1260 3309; x_wconf 90' lang='lat' dir='ltr'><strong>ad</strong></span> <span class='ocrx_word' id='word_1_414' title='bbox 1290 3255 1600 3323; x_wconf 82' lang='lat' dir='ltr'><strong>Pelagianos</strong></span> <span class='ocrx_word' id='word_1_415' title='bbox 1644 3265 1825 3307; x_wconf 91' lang='lat' dir='ltr'><strong>nostro</strong></span> <span class='ocrx_word' id='word_1_416' title='bbox 1872 3256 2067 3307; x_wconf 85' lang='lat' dir='ltr'><strong>saeculo</strong></span> <span class='ocrx_word' id='word_1_417' title='bbox 2109 3269 2137 3306; x_wconf 92' lang='lat' dir='ltr'><strong>a</strong></span> 
     </span>
    </p>
   </div>
   <div class='ocr_carea' id='block_1_58' title="bbox 576 3343 2145 3414">
    <p class='ocr_par' dir='ltr' id='par_1_58' title="bbox 576 3343 2145 3414">
     <span class='ocr_line' id='line_1_58' title="bbox 576 3343 2145 3414; baseline -0.003 -14"><span class='ocrx_word' id='word_1_418' title='bbox 576 3347 845 3401; x_wconf 87' lang='lat' dir='ltr'><strong>nomtullis</strong></span> <span class='ocrx_word' id='word_1_419' title='bbox 887 3346 1143 3414; x_wconf 83' lang='lat' dir='ltr'><strong>ablegari.</strong></span> <span class='ocrx_word' id='word_1_420' title='bbox 1185 3344 1343 3411; x_wconf 85' lang='lat' dir='ltr'><strong>Quasi</strong></span> <span class='ocrx_word' id='word_1_421' title='bbox 1377 3360 1503 3397; x_wconf 90' lang='lat' dir='ltr'><strong>vero</strong></span> <span class='ocrx_word' id='word_1_422' title='bbox 1531 3344 1807 3412; x_wconf 86' lang='lat' dir='ltr'><strong>Pelagiana</strong></span> <span class='ocrx_word' id='word_1_423' title='bbox 1857 3354 1951 3396; x_wconf 89' lang='lat' dir='ltr'><strong>aut</strong></span> <span class='ocrx_word' id='word_1_424' title='bbox 1978 3343 2145 3395; x_wconf 87' lang='lat' dir='ltr'><strong>Senu-</strong></span> 
     </span>
    </p>
   </div>
   <div class='ocr_carea' id='block_1_59' title="bbox 564 3435 2144 3510">
    <p class='ocr_par' dir='ltr' id='par_1_59' title="bbox 564 3435 2144 3510">
     <span class='ocr_line' id='line_1_59' title="bbox 564 3435 2144 3510; baseline -0.006 -16"><span class='ocrx_word' id='word_1_425' title='bbox 564 3439 863 3510; x_wconf 82' lang='lat' dir='ltr'><strong>pelagiana,</strong></span> <span class='ocrx_word' id='word_1_426' title='bbox 917 3453 980 3491; x_wconf 89' lang='lat' dir='ltr'><strong>ac</strong></span> <span class='ocrx_word' id='word_1_427' title='bbox 1031 3452 1133 3489; x_wconf 92' lang='lat' dir='ltr'><strong>non</strong></span> <span class='ocrx_word' id='word_1_428' title='bbox 1182 3436 1358 3503; x_wconf 87' lang='lat' dir='ltr'><strong>potius</strong></span> <span class='ocrx_word' id='word_1_429' title='bbox 1402 3435 1483 3489; x_wconf 85' lang='lat' dir='ltr'><strong>Itis</strong></span> <span class='ocrx_word' id='word_1_430' title='bbox 1530 3436 1687 3503; x_wconf 87' lang='lat' dir='ltr'><strong>plane</strong></span> <span class='ocrx_word' id='word_1_431' title='bbox 1720 3435 2004 3497; x_wconf 88' lang='lat' dir='ltr'><strong>conttaria,</strong></span> <span class='ocrx_word' id='word_1_432' title='bbox 2038 3435 2144 3493; x_wconf 80' lang='lat' dir='ltr'><strong>sint</strong></span> 
     </span>
    </p>
   </div>
   <div class='ocr_carea' id='block_1_60' title="bbox 568 3526 2141 3599">
    <p class='ocr_par' dir='ltr' id='par_1_60' title="bbox 568 3526 2141 3599">
     <span class='ocr_line' id='line_1_60' title="bbox 568 3526 2141 3599; baseline -0.003 -16"><span class='ocrx_word' id='word_1_433' title='bbox 568 3530 667 3583; x_wconf 83' lang='lat' dir='ltr'><strong>ista</strong></span> <span class='ocrx_word' id='word_1_434' title='bbox 692 3546 705 3582; x_wconf 92' lang='lat'><strong>:</strong></span> <span class='ocrx_word' id='word_1_435' title='bbox 742 3530 802 3599; x_wconf 89' lang='lat' dir='ltr'><strong>(i)</strong></span> <span class='ocrx_word' id='word_1_436' title='bbox 828 3527 992 3581; x_wconf 82' lang='lat' dir='ltr'><strong>Nemo</strong></span> <span class='ocrx_word' id='word_1_437' title='bbox 1018 3526 1238 3590; x_wconf 81' lang='lat' dir='ltr'><strong>dubitat,</strong></span> <span class='ocrx_word' id='word_1_438' title='bbox 1266 3542 1409 3579; x_wconf 84' lang='lat' dir='ltr'><strong>nemo</strong></span> <span class='ocrx_word' id='word_1_439' title='bbox 1431 3527 1752 3589; x_wconf 78' lang='lat' dir='ltr'><strong>condemnat,</strong></span> <span class='ocrx_word' id='word_1_440' title='bbox 1782 3526 1916 3593; x_wconf 87' lang='lat' dir='ltr'><strong>quod</strong></span> <span class='ocrx_word' id='word_1_441' title='bbox 1937 3536 2141 3578; x_wconf 83' lang='lat' dir='ltr'><strong>auctore</strong></span> 
     </span>
    </p>
   </div>
   <div class='ocr_carea' id='block_1_61' title="bbox 557 3616 2142 3691">
    <p class='ocr_par' dir='ltr' id='par_1_61' title="bbox 557 3616 2142 3691">
     <span class='ocr_line' id='line_1_61' title="bbox 557 3616 2142 3691; baseline -0.003 -18"><span class='ocrx_word' id='word_1_442' title='bbox 557 3621 740 3691; x_wconf 74' lang='lat' dir='ltr'><strong>gratia:</strong></span> <span class='ocrx_word' id='word_1_443' title='bbox 793 3627 1092 3689; x_wconf 74' lang='lat' dir='ltr'><strong>prcestante,</strong></span> <span class='ocrx_word' id='word_1_444' title='bbox 1131 3628 1176 3669; x_wconf 82' lang='lat' dir='ltr'><strong>et</strong></span> <span class='ocrx_word' id='word_1_445' title='bbox 1213 3617 1321 3683; x_wconf 80' lang='lat' dir='ltr'><strong>ipse</strong></span> <span class='ocrx_word' id='word_1_446' title='bbox 1370 3617 1622 3686; x_wconf 62' lang='lat' dir='ltr'><strong>aequitatis</strong></span> <span class='ocrx_word' id='word_1_447' title='bbox 1672 3618 1959 3669; x_wconf 81' lang='lat' dir='ltr'><strong>hominibus</strong></span> <span class='ocrx_word' id='word_1_448' title='bbox 1994 3616 2142 3669; x_wconf 75' lang='lat' dir='ltr'><strong>ra’lis</strong></span> 
     </span>
    </p>
   </div>
   <div class='ocr_carea' id='block_1_62' title="bbox 556 3708 2138 3777">
    <p class='ocr_par' dir='ltr' id='par_1_62' title="bbox 556 3708 2138 3777">
     <span class='ocr_line' id='line_1_62' title="bbox 556 3708 2138 3777; baseline -0.001 -14"><span class='ocrx_word' id='word_1_449' title='bbox 556 3712 806 3777; x_wconf 83' lang='lat' dir='ltr'><strong>operitur.</strong></span> <span class='ocrx_word' id='word_1_450' title='bbox 853 3708 971 3763; x_wconf 71' lang='lat' dir='ltr'><strong>Dux</strong></span> <span class='ocrx_word' id='word_1_451' title='bbox 991 3709 1123 3762; x_wconf 82' lang='lat' dir='ltr'><strong>enim</strong></span> <span class='ocrx_word' id='word_1_452' title='bbox 1148 3709 1391 3760; x_wconf 82' lang='lat' dir='ltr'><strong>bonorum</strong></span> <span class='ocrx_word' id='word_1_453' title='bbox 1418 3719 1463 3761; x_wconf 86' lang='lat' dir='ltr'><strong>et</strong></span> <span class='ocrx_word' id='word_1_454' title='bbox 1485 3723 1775 3776; x_wconf 55' lang='lat' dir='ltr'><strong>praeesset&quot;,</strong></span> <span class='ocrx_word' id='word_1_455' title='bbox 1798 3710 1982 3776; x_wconf 80' lang='lat' dir='ltr'><strong>gratia.</strong></span> <span class='ocrx_word' id='word_1_456' title='bbox 2005 3708 2138 3777; x_wconf 84' lang='lat' dir='ltr'><strong>Ergo</strong></span> 
     </span>
    </p>
   </div>
   <div class='ocr_carea' id='block_1_63' title="bbox 556 3798 2132 3868">
    <p class='ocr_par' dir='ltr' id='par_1_63' title="bbox 556 3798 2132 3868">
     <span class='ocr_line' id='line_1_63' title="bbox 556 3798 2132 3868; baseline -0.002 -14"><span class='ocrx_word' id='word_1_457' title='bbox 556 3804 787 3855; x_wconf 72' lang='lat' dir='ltr'><strong>debemus</strong></span> <span class='ocrx_word' id='word_1_458' title='bbox 812 3800 992 3868; x_wconf 79' lang='lat' dir='ltr'><strong>gratia:</strong></span> <span class='ocrx_word' id='word_1_459' title='bbox 1016 3798 1151 3868; x_wconf 83' lang='lat' dir='ltr'><strong>quod</strong></span> <span class='ocrx_word' id='word_1_460' title='bbox 1173 3814 1431 3864; x_wconf 79' lang='lat' dir='ltr'><strong>vocamur,</strong></span> <span class='ocrx_word' id='word_1_461' title='bbox 1450 3798 1585 3866; x_wconf 84' lang='lat' dir='ltr'><strong>quod</strong></span> <span class='ocrx_word' id='word_1_462' title='bbox 1611 3800 1823 3851; x_wconf 77' lang='lat' dir='ltr'><strong>occultis</strong></span> <span class='ocrx_word' id='word_1_463' title='bbox 1851 3798 2132 3862; x_wconf 82' lang='lat' dir='ltr'><strong>itineribus,</strong></span> 
     </span>
    </p>
   </div>
   <div class='ocr_carea' id='block_1_64' title="bbox 555 3887 2131 3958">
    <p class='ocr_par' dir='ltr' id='par_1_64' title="bbox 555 3887 2131 3958">
     <span class='ocr_line' id='line_1_64' title="bbox 555 3887 2131 3958; baseline -0.001 -15"><span class='ocrx_word' id='word_1_464' title='bbox 555 3892 651 3943; x_wconf 79' lang='lat' dir='ltr'><strong>nisi</strong></span> <span class='ocrx_word' id='word_1_465' title='bbox 688 3892 1004 3952; x_wconf 78' lang='lat' dir='ltr'><strong>resistamus,</strong></span> <span class='ocrx_word' id='word_1_466' title='bbox 1045 3904 1195 3957; x_wconf 84' lang='lat' dir='ltr'><strong>sapor</strong></span> <span class='ocrx_word' id='word_1_467' title='bbox 1224 3887 1366 3940; x_wconf 80' lang='lat' dir='ltr'><strong>nobis</strong></span> <span class='ocrx_word' id='word_1_468' title='bbox 1404 3887 1568 3940; x_wconf 81' lang='lat' dir='ltr'><strong>vitalis</strong></span> <span class='ocrx_word' id='word_1_469' title='bbox 1607 3889 1915 3958; x_wconf 81' lang='lat' dir='ltr'><strong>infunditur.</strong></span> <span class='ocrx_word' id='word_1_470' title='bbox 1963 3888 2131 3953; x_wconf 82' lang='lat' dir='ltr'><strong>Quam</strong></span> 
     </span>
    </p>
   </div>
   <div class='ocr_carea' id='block_1_65' title="bbox 553 3978 2133 4048">
    <p class='ocr_par' dir='ltr' id='par_1_65' title="bbox 553 3978 2133 4048">
     <span class='ocr_line' id='line_1_65' title="bbox 553 3978 2133 4048; baseline -0.001 -12"><span class='ocrx_word' id='word_1_471' title='bbox 553 3983 753 4036; x_wconf 84' lang='lat' dir='ltr'><strong>diserte</strong></span> <span class='ocrx_word' id='word_1_472' title='bbox 791 3980 862 4034; x_wconf 91' lang='lat' dir='ltr'><strong>ibi</strong></span> <span class='ocrx_word' id='word_1_473' title='bbox 899 3978 1085 4048; x_wconf 77' lang='lat' dir='ltr'><strong>gratia:</strong></span> <span class='ocrx_word' id='word_1_474' title='bbox 1111 4018 1127 4045; x_wconf 91' lang='lat'><strong>,</strong></span> <span class='ocrx_word' id='word_1_475' title='bbox 1160 3987 1216 4032; x_wconf 91' lang='lat' dir='ltr'><strong>et</strong></span> <span class='ocrx_word' id='word_1_476' title='bbox 1250 3978 1465 4047; x_wconf 88' lang='lat' dir='ltr'><strong>quidem</strong></span> <span class='ocrx_word' id='word_1_477' title='bbox 1510 3979 1811 4044; x_wconf 84' lang='lat' dir='ltr'><strong>interioris,</strong></span> <span class='ocrx_word' id='word_1_478' title='bbox 1844 3981 2133 4034; x_wconf 86' lang='lat' dir='ltr'><strong>necessitas</strong></span> 
     </span>
    </p>
   </div>
   <div class='ocr_carea' id='block_1_66' title="bbox 2249 2990 3817 3067">
    <p class='ocr_par' dir='ltr' id='par_1_66' title="bbox 2249 2990 3817 3067">
     <span class='ocr_line' id='line_1_66' title="bbox 2249 2990 3817 3067; baseline -0.006 -13"><span class='ocrx_word' id='word_1_479' title='bbox 2249 2998 2472 3054; x_wconf 56' lang='lat' dir='ltr'><strong>Lutetiae</strong></span> <span class='ocrx_word' id='word_1_480' title='bbox 2498 3001 2661 3052; x_wconf 84' lang='lat' dir='ltr'><strong>a‘tera</strong></span> <span class='ocrx_word' id='word_1_481' title='bbox 2693 3012 2852 3067; x_wconf 90' lang='lat' dir='ltr'><strong>quam</strong></span> <span class='ocrx_word' id='word_1_482' title='bbox 2876 2990 3105 3051; x_wconf 85' lang='lat' dir='ltr'><strong>Jacobus</strong></span> <span class='ocrx_word' id='word_1_483' title='bbox 3128 2994 3441 3049; x_wconf 85' lang='lat' dir='ltr'><strong>Sirmontlus</strong></span> <span class='ocrx_word' id='word_1_484' title='bbox 3470 2993 3534 3045; x_wconf 90' lang='lat' dir='ltr'><strong>ad</strong></span> <span class='ocrx_word' id='word_1_485' title='bbox 3567 2994 3672 3046; x_wconf 93' lang='lat' dir='ltr'><strong>duo</strong></span> <span class='ocrx_word' id='word_1_486' title='bbox 3702 3008 3817 3059; x_wconf 73' lang='lat' dir='ltr'><strong>spe-</strong></span> 
     </span>
    </p>
   </div>
   <div class='ocr_carea' id='block_1_67' title="bbox 2246 3085 3815 3159">
    <p class='ocr_par' dir='ltr' id='par_1_67' title="bbox 2246 3085 3815 3159">
     <span class='ocr_line' id='line_1_67' title="bbox 2246 3085 3815 3159; baseline -0.004 -15"><span class='ocrx_word' id='word_1_487' title='bbox 2246 3101 2400 3144; x_wconf 59' lang='lat' dir='ltr'><strong>ctata!</strong></span> <span class='ocrx_word' id='word_1_488' title='bbox 2430 3090 2552 3144; x_wconf 81' lang='lat' dir='ltr'><strong>fidei</strong></span> <span class='ocrx_word' id='word_1_489' title='bbox 2587 3090 2943 3159; x_wconf 79' lang='lat' dir='ltr'><strong>exemplaria,</strong></span> <span class='ocrx_word' id='word_1_490' title='bbox 2993 3088 3295 3143; x_wconf 83' lang='lat' dir='ltr'><strong>Vaticanum</strong></span> <span class='ocrx_word' id='word_1_491' title='bbox 3328 3095 3382 3140; x_wconf 90' lang='lat' dir='ltr'><strong>et</strong></span> <span class='ocrx_word' id='word_1_492' title='bbox 3409 3085 3609 3139; x_wconf 81' lang='lat' dir='ltr'><strong>Nicolai</strong></span> <span class='ocrx_word' id='word_1_493' title='bbox 3640 3085 3815 3152; x_wconf 86' lang='lat' dir='ltr'><strong>Fabri,</strong></span> 
     </span>
    </p>
   </div>
   <div class='ocr_carea' id='block_1_68' title="bbox 2245 3176 3816 3250">
    <p class='ocr_par' dir='ltr' id='par_1_68' title="bbox 2245 3176 3816 3250">
     <span class='ocr_line' id='line_1_68' title="bbox 2245 3176 3816 3250; baseline -0.004 -17"><span class='ocrx_word' id='word_1_494' title='bbox 2245 3180 2531 3250; x_wconf 84' lang='lat' dir='ltr'><strong>diligenter</strong></span> <span class='ocrx_word' id='word_1_495' title='bbox 2558 3180 2753 3248; x_wconf 83' lang='lat' dir='ltr'><strong>exegit,</strong></span> <span class='ocrx_word' id='word_1_496' title='bbox 2790 3192 3082 3247; x_wconf 90' lang='lat' dir='ltr'><strong>eorumque</strong></span> <span class='ocrx_word' id='word_1_497' title='bbox 3118 3191 3218 3245; x_wconf 86' lang='lat' dir='ltr'><strong>ope</strong></span> <span class='ocrx_word' id='word_1_498' title='bbox 3252 3176 3466 3230; x_wconf 83' lang='lat' dir='ltr'><strong>lacunas</strong></span> <span class='ocrx_word' id='word_1_499' title='bbox 3493 3190 3612 3243; x_wconf 73' lang='lat' dir='ltr'><strong>quae</strong></span> <span class='ocrx_word' id='word_1_500' title='bbox 3641 3177 3816 3228; x_wconf 78' lang='lat' dir='ltr'><strong>multm</strong></span> 
     </span>
    </p>
   </div>
   <div class='ocr_carea' id='block_1_69' title="bbox 2248 3256 3817 3341">
    <p class='ocr_par' dir='ltr' id='par_1_69' title="bbox 2248 3256 3817 3341">
     <span class='ocr_line' id='line_1_69' title="bbox 2248 3256 3817 3341; baseline -0.007 -11"><span class='ocrx_word' id='word_1_501' title='bbox 2248 3285 2301 3330; x_wconf 88' lang='lat' dir='ltr'><strong>et</strong></span> <span class='ocrx_word' id='word_1_502' title='bbox 2329 3276 2572 3329; x_wconf 70' lang='lat' dir='ltr'><strong>maximae</strong></span> <span class='ocrx_word' id='word_1_503' title='bbox 2602 3282 2762 3328; x_wconf 88' lang='lat' dir='ltr'><strong>erant</strong></span> <span class='ocrx_word' id='word_1_504' title='bbox 2794 3272 3035 3341; x_wconf 89' lang='lat' dir='ltr'><strong>implere,</strong></span> <span class='ocrx_word' id='word_1_505' title='bbox 3066 3286 3130 3325; x_wconf 91' lang='lat' dir='ltr'><strong>ac</strong></span> <span class='ocrx_word' id='word_1_506' title='bbox 3158 3284 3317 3339; x_wconf 84' lang='lat' dir='ltr'><strong>prave</strong></span> <span class='ocrx_word' id='word_1_507' title='bbox 3342 3268 3549 3322; x_wconf 75' lang='lat' dir='ltr'><strong>detorta</strong></span> <span class='ocrx_word' id='word_1_508' title='bbox 3581 3279 3632 3319; x_wconf 92' lang='lat' dir='ltr'><strong>et</strong></span> <span class='ocrx_word' id='word_1_509' title='bbox 3660 3256 3817 3333; x_wconf 57' lang='lat' dir='ltr'><strong>trajré</strong></span> 
     </span>
    </p>
   </div>
   <div class='ocr_carea' id='block_1_70' title="bbox 2248 3358 3815 3435">
    <p class='ocr_par' dir='ltr' id='par_1_70' title="bbox 2248 3358 3815 3435">
     <span class='ocr_line' id='line_1_70' title="bbox 2248 3358 3815 3435; baseline -0.005 -17"><span class='ocrx_word' id='word_1_510' title='bbox 2248 3377 2332 3419; x_wconf 75' lang='lat' dir='ltr'><strong>cla</strong></span> <span class='ocrx_word' id='word_1_511' title='bbox 2376 3368 2487 3419; x_wconf 75' lang='lat' dir='ltr'><strong>suEs</strong></span> <span class='ocrx_word' id='word_1_512' title='bbox 2534 3366 2667 3418; x_wconf 93' lang='lat' dir='ltr'><strong>locis</strong></span> <span class='ocrx_word' id='word_1_513' title='bbox 2708 3379 2966 3432; x_wconf 87' lang='lat' dir='ltr'><strong>reponere</strong></span> <span class='ocrx_word' id='word_1_514' title='bbox 3010 3363 3243 3425; x_wconf 88' lang='lat' dir='ltr'><strong>studuit;</strong></span> <span class='ocrx_word' id='word_1_515' title='bbox 3284 3361 3566 3429; x_wconf 78' lang='lat' dir='ltr'><strong>omnirque</strong></span> <span class='ocrx_word' id='word_1_516' title='bbox 3604 3358 3815 3435; x_wconf 78' lang='lat' dir='ltr'><strong>demunt</strong></span> 
     </span>
    </p>
   </div>
   <div class='ocr_carea' id='block_1_71' title="bbox 2247 3449 3817 3520">
    <p class='ocr_par' dir='ltr' id='par_1_71' title="bbox 2247 3449 3817 3520">
     <span class='ocr_line' id='line_1_71' title="bbox 2247 3449 3817 3520; baseline -0.003 -15"><span class='ocrx_word' id='word_1_517' title='bbox 2247 3468 2408 3520; x_wconf 82' lang='lat' dir='ltr'><strong>opera</strong></span> <span class='ocrx_word' id='word_1_518' title='bbox 2441 3468 2503 3506; x_wconf 77' lang='lat' dir='ltr'><strong>ex</strong></span> <span class='ocrx_word' id='word_1_519' title='bbox 2538 3452 2759 3519; x_wconf 73' lang='lat' dir='ltr'><strong>pristina</strong></span> <span class='ocrx_word' id='word_1_520' title='bbox 2792 3450 3194 3518; x_wconf 89' lang='lat' dir='ltr'><strong>perturbatione</strong></span> <span class='ocrx_word' id='word_1_521' title='bbox 3223 3450 3275 3503; x_wconf 90' lang='lat' dir='ltr'><strong>in</strong></span> <span class='ocrx_word' id='word_1_522' title='bbox 3315 3460 3490 3501; x_wconf 75' lang='lat' dir='ltr'><strong>certos</strong></span> <span class='ocrx_word' id='word_1_523' title='bbox 3520 3449 3733 3500; x_wconf 89' lang='lat' dir='ltr'><strong>ordines</strong></span> <span class='ocrx_word' id='word_1_524' title='bbox 3765 3456 3817 3501; x_wconf 91' lang='lat' dir='ltr'><strong>et</strong></span> 
     </span>
    </p>
   </div>
   <div class='ocr_carea' id='block_1_72' title="bbox 2245 3537 3817 3612">
    <p class='ocr_par' dir='ltr' id='par_1_72' title="bbox 2245 3537 3817 3612">
     <span class='ocr_line' id='line_1_72' title="bbox 2245 3537 3817 3612; baseline -0.005 -17"><span class='ocrx_word' id='word_1_525' title='bbox 2245 3544 2395 3612; x_wconf 88' lang='lat' dir='ltr'><strong>quasi</strong></span> <span class='ocrx_word' id='word_1_526' title='bbox 2424 3543 2625 3596; x_wconf 87' lang='lat' dir='ltr'><strong>classes</strong></span> <span class='ocrx_word' id='word_1_527' title='bbox 2653 3541 2879 3610; x_wconf 87' lang='lat' dir='ltr'><strong>digesta,</strong></span> <span class='ocrx_word' id='word_1_528' title='bbox 2909 3550 2963 3592; x_wconf 88' lang='lat' dir='ltr'><strong>ut</strong></span> <span class='ocrx_word' id='word_1_529' title='bbox 2991 3556 3052 3593; x_wconf 81' lang='lat' dir='ltr'><strong>ex</strong></span> <span class='ocrx_word' id='word_1_530' title='bbox 3083 3541 3197 3607; x_wconf 88' lang='lat' dir='ltr'><strong>ipso</strong></span> <span class='ocrx_word' id='word_1_531' title='bbox 3234 3538 3601 3605; x_wconf 87' lang='lat' dir='ltr'><strong>intelligimus,</strong></span> <span class='ocrx_word' id='word_1_532' title='bbox 3634 3537 3817 3603; x_wconf 76' lang='lat' dir='ltr'><strong>exqui-</strong></span> 
     </span>
    </p>
   </div>
   <div class='ocr_carea' id='block_1_73' title="bbox 2246 3613 3817 3689">
    <p class='ocr_par' dir='ltr' id='par_1_73' title="bbox 2246 3613 3817 3689">
     <span class='ocr_line' id='line_1_73' title="bbox 2246 3613 3817 3689; baseline -0.007 0"><span class='ocrx_word' id='word_1_533' title='bbox 2246 3636 2361 3689; x_wconf 89' lang='lat' dir='ltr'><strong>sitis</strong></span> <span class='ocrx_word' id='word_1_534' title='bbox 2392 3632 2827 3687; x_wconf 69' lang='lat' dir='ltr'><strong>adnotationibus</strong></span> <span class='ocrx_word' id='word_1_535' title='bbox 2856 3630 3158 3685; x_wconf 72' lang='lat' dir='ltr'><strong>illustravit.</strong></span> <span class='ocrx_word' id='word_1_536' title='bbox 3197 3613 3271 3681; x_wconf 82' lang='lat' dir='ltr'><strong>De</strong></span> <span class='ocrx_word' id='word_1_537' title='bbox 3300 3628 3383 3681; x_wconf 90' lang='lat' dir='ltr'><strong>ltis</strong></span> <span class='ocrx_word' id='word_1_538' title='bbox 3411 3637 3583 3681; x_wconf 87' lang='lat' dir='ltr'><strong>autem</strong></span> <span class='ocrx_word' id='word_1_539' title='bbox 3612 3616 3817 3679; x_wconf 85' lang='lat' dir='ltr'><strong>duabus</strong></span> 
     </span>
    </p>
   </div>
   <div class='ocr_carea' id='block_1_74' title="bbox 2245 3716 3815 3779">
    <p class='ocr_par' dir='ltr' id='par_1_74' title="bbox 2245 3716 3815 3779">
     <span class='ocr_line' id='line_1_74' title="bbox 2245 3716 3815 3779; baseline -0.006 -1"><span class='ocrx_word' id='word_1_540' title='bbox 2245 3724 2572 3779; x_wconf 86' lang='lat' dir='ltr'><strong>editionibus</strong></span> <span class='ocrx_word' id='word_1_541' title='bbox 2627 3724 2790 3776; x_wconf 86' lang='lat' dir='ltr'><strong>atlisis</strong></span> <span class='ocrx_word' id='word_1_542' title='bbox 2842 3722 2989 3774; x_wconf 89' lang='lat' dir='ltr'><strong>viros</strong></span> <span class='ocrx_word' id='word_1_543' title='bbox 3051 3720 3289 3773; x_wconf 84' lang='lat' dir='ltr'><strong>eruditos</strong></span> <span class='ocrx_word' id='word_1_544' title='bbox 3341 3716 3565 3770; x_wconf 82' lang='lat' dir='ltr'><strong>subinde</strong></span> <span class='ocrx_word' id='word_1_545' title='bbox 3637 3716 3815 3769; x_wconf 89' lang='lat' dir='ltr'><strong>lauda-</strong></span> 
     </span>
    </p>
   </div>
   <div class='ocr_carea' id='block_1_75' title="bbox 2246 3808 3812 3887">
    <p class='ocr_par' dir='ltr' id='par_1_75' title="bbox 2246 3808 3812 3887">
     <span class='ocr_line' id='line_1_75' title="bbox 2246 3808 3812 3887; baseline -0.006 -18"><span class='ocrx_word' id='word_1_546' title='bbox 2246 3825 2326 3869; x_wconf 88' lang='lat' dir='ltr'><strong>tos</strong></span> <span class='ocrx_word' id='word_1_547' title='bbox 2352 3813 2449 3887; x_wconf 90' lang='lat' dir='ltr'><strong>(j).</strong></span> <span class='ocrx_word' id='word_1_548' title='bbox 2498 3811 2812 3868; x_wconf 65' lang='lat' dir='ltr'><strong>Prwclaram</strong></span> <span class='ocrx_word' id='word_1_549' title='bbox 2844 3812 3023 3879; x_wconf 88' lang='lat' dir='ltr'><strong>itaque</strong></span> <span class='ocrx_word' id='word_1_550' title='bbox 3051 3810 3186 3863; x_wconf 89' lang='lat' dir='ltr'><strong>hanc</strong></span> <span class='ocrx_word' id='word_1_551' title='bbox 3210 3808 3482 3864; x_wconf 88' lang='lat' dir='ltr'><strong>Sirmondi</strong></span> <span class='ocrx_word' id='word_1_552' title='bbox 3525 3808 3812 3861; x_wconf 75' lang='lat' dir='ltr'><strong>editioni-tn</strong></span> 
     </span>
    </p>
   </div>
   <div class='ocr_carea' id='block_1_76' title="bbox 2244 3899 3814 3977">
    <p class='ocr_par' dir='ltr' id='par_1_76' title="bbox 2244 3899 3814 3977">
     <span class='ocr_line' id='line_1_76' title="bbox 2244 3899 3814 3977; baseline -0.006 -17"><span class='ocrx_word' id='word_1_553' title='bbox 2244 3909 2393 3977; x_wconf 90' lang='lat' dir='ltr'><strong>prelo</strong></span> <span class='ocrx_word' id='word_1_554' title='bbox 2418 3904 2848 3963; x_wconf 67' lang='lat' dir='ltr'><strong>comtnittvndam</strong></span> <span class='ocrx_word' id='word_1_555' title='bbox 2876 3901 3182 3971; x_wconf 83' lang='lat' dir='ltr'><strong>consignavi</strong></span> <span class='ocrx_word' id='word_1_556' title='bbox 3211 3915 3327 3954; x_wconf 78' lang='lat' dir='ltr'><strong>ius.</strong></span> <span class='ocrx_word' id='word_1_557' title='bbox 3353 3899 3501 3953; x_wconf 81' lang='lat' dir='ltr'><strong>Notis</strong></span> <span class='ocrx_word' id='word_1_558' title='bbox 3531 3899 3588 3952; x_wconf 93' lang='lat' dir='ltr'><strong>V.</strong></span> <span class='ocrx_word' id='word_1_559' title='bbox 3615 3899 3675 3953; x_wconf 91' lang='lat' dir='ltr'><strong>C.</strong></span> <span class='ocrx_word' id='word_1_560' title='bbox 3700 3899 3814 3951; x_wconf 83' lang='lat' dir='ltr'><strong>ani-</strong></span> 
     </span>
    </p>
   </div>
   <div class='ocr_carea' id='block_1_77' title="bbox 2240 3988 3811 4060">
    <p class='ocr_par' dir='ltr' id='par_1_77' title="bbox 2240 3988 3811 4060">
     <span class='ocr_line' id='line_1_77' title="bbox 2240 3988 3811 4060; baseline -0.006 -9"><span class='ocrx_word' id='word_1_561' title='bbox 2240 3998 2644 4052; x_wconf 77' lang='lat' dir='ltr'><strong>madversiones</strong></span> <span class='ocrx_word' id='word_1_562' title='bbox 2674 3993 2873 4047; x_wconf 81' lang='lat' dir='ltr'><strong>Bartltii</strong></span> <span class='ocrx_word' id='word_1_563' title='bbox 2923 3992 3247 4060; x_wconf 84' lang='lat' dir='ltr'><strong>subjecimus</strong></span> <span class='ocrx_word' id='word_1_564' title='bbox 3283 4005 3416 4059; x_wconf 86' lang='lat' dir='ltr'><strong>quas</strong></span> <span class='ocrx_word' id='word_1_565' title='bbox 3462 4005 3529 4042; x_wconf 75' lang='lat' dir='ltr'><strong>ex</strong></span> <span class='ocrx_word' id='word_1_566' title='bbox 3572 3988 3811 4056; x_wconf 86' lang='lat' dir='ltr'><strong>ejusdem</strong></span> 
     </span>
    </p>
   </div>
   <div class='ocr_carea' id='block_1_78' title="bbox 553 4069 2137 4155">
    <p class='ocr_par' dir='ltr' id='par_1_78' title="bbox 553 4069 2128 4138">
     <span class='ocr_line' id='line_1_78' title="bbox 553 4069 2128 4138; baseline -0.001 -14"><span class='ocrx_word' id='word_1_567' title='bbox 553 4069 947 4125; x_wconf 75' lang='lat' dir='ltr'><strong>asscriturL...</strong></span> <span class='ocrx_word' id='word_1_568' title='bbox 997 4075 1247 4123; x_wconf 85' lang='lat' dir='ltr'><strong>Attamen</strong></span> <span class='ocrx_word' id='word_1_569' title='bbox 1296 4070 1377 4121; x_wconf 90' lang='lat' dir='ltr'><strong>vir</strong></span> <span class='ocrx_word' id='word_1_570' title='bbox 1426 4070 1690 4122; x_wconf 76' lang='lat' dir='ltr'><strong>maximus</strong></span> <span class='ocrx_word' id='word_1_571' title='bbox 1738 4086 1765 4120; x_wconf 92' lang='lat' dir='ltr'><strong>a</strong></span> <span class='ocrx_word' id='word_1_572' title='bbox 1815 4070 2128 4138; x_wconf 88' lang='lat' dir='ltr'><strong>quibusdam</strong></span> 
     </span>
    </p>
   </div>
   <div class='ocr_carea' id='block_1_79' title="bbox 2244 4069 3808 4155">
    <p class='ocr_par' dir='ltr' id='par_1_79' title="bbox 2244 4080 3808 4152">
     <span class='ocr_line' id='line_1_79' title="bbox 2244 4080 3808 4152; baseline -0.006 -9"><span class='ocrx_word' id='word_1_573' title='bbox 2244 4088 2679 4143; x_wconf 85' lang='lat' dir='ltr'><strong>Adversariorum</strong></span> <span class='ocrx_word' id='word_1_574' title='bbox 2707 4086 2855 4138; x_wconf 78' lang='lat' dir='ltr'><strong>libris</strong></span> <span class='ocrx_word' id='word_1_575' title='bbox 2877 4093 3157 4152; x_wconf 83' lang='lat' dir='ltr'><strong>excerptas</strong></span> <span class='ocrx_word' id='word_1_576' title='bbox 3187 4082 3253 4135; x_wconf 90' lang='lat' dir='ltr'><strong>ad</strong></span> <span class='ocrx_word' id='word_1_577' title='bbox 3280 4082 3481 4136; x_wconf 88' lang='lat' dir='ltr'><strong>calcem</strong></span> <span class='ocrx_word' id='word_1_578' title='bbox 3530 4080 3808 4134; x_wconf 82' lang='lat' dir='ltr'><strong>voluminis</strong></span> 
     </span>
    </p>
   </div>
   <div class='ocr_carea' id='block_1_80' title="bbox 553 4160 2125 4217">
    <p class='ocr_par' dir='ltr' id='par_1_80' title="bbox 553 4160 2125 4217">
     <span class='ocr_line' id='line_1_80' title="bbox 553 4160 2125 4217; baseline 0 -3"><span class='ocrx_word' id='word_1_579' title='bbox 553 4167 694 4217; x_wconf 76' lang='lat' dir='ltr'><strong>velut</strong></span> <span class='ocrx_word' id='word_1_580' title='bbox 733 4162 996 4216; x_wconf 73' lang='lat' dir='ltr'><strong>haeretica:</strong></span> <span class='ocrx_word' id='word_1_581' title='bbox 1030 4160 1288 4215; x_wconf 80' lang='lat' dir='ltr'><strong>doctrinae</strong></span> <span class='ocrx_word' id='word_1_582' title='bbox 1326 4160 1577 4215; x_wconf 86' lang='lat' dir='ltr'><strong>defensor</strong></span> <span class='ocrx_word' id='word_1_583' title='bbox 1624 4161 1916 4215; x_wconf 87' lang='lat' dir='ltr'><strong>traducitur</strong></span> <span class='ocrx_word' id='word_1_584' title='bbox 1947 4177 1963 4214; x_wconf 86' lang='lat'>:</span> <span class='ocrx_word' id='word_1_585' title='bbox 2004 4176 2125 4215; x_wconf 92' lang='lat' dir='ltr'><strong>cunt</strong></span> 
     </span>
    </p>
   </div>
   <div class='ocr_carea' id='block_1_81' title="bbox 551 4252 2128 4322">
    <p class='ocr_par' dir='ltr' id='par_1_81' title="bbox 551 4252 2128 4322">
     <span class='ocr_line' id='line_1_81' title="bbox 551 4252 2128 4322; baseline -0.001 -13"><span class='ocrx_word' id='word_1_586' title='bbox 551 4267 735 4310; x_wconf 81' lang='lat' dir='ltr'><strong>contra</strong></span> <span class='ocrx_word' id='word_1_587' title='bbox 765 4253 834 4307; x_wconf 91' lang='lat' dir='ltr'><strong>ob</strong></span> <span class='ocrx_word' id='word_1_588' title='bbox 866 4253 1010 4307; x_wconf 85' lang='lat' dir='ltr'><strong>illaut</strong></span> <span class='ocrx_word' id='word_1_589' title='bbox 1057 4254 1225 4322; x_wconf 83' lang='lat' dir='ltr'><strong>ipsam</strong></span> <span class='ocrx_word' id='word_1_590' title='bbox 1270 4268 1485 4308; x_wconf 91' lang='lat' dir='ltr'><strong>causam</strong></span> <span class='ocrx_word' id='word_1_591' title='bbox 1529 4253 1841 4307; x_wconf 77' lang='lat' dir='ltr'><strong>orthodoxis</strong></span> <span class='ocrx_word' id='word_1_592' title='bbox 1879 4252 2128 4307; x_wconf 79' lang='lat' dir='ltr'><strong>omnibus</strong></span> 
     </span>
    </p>
   </div>
   <div class='ocr_carea' id='block_1_82' title="bbox 553 4343 2127 4413">
    <p class='ocr_par' dir='ltr' id='par_1_82' title="bbox 553 4343 2127 4413">
     <span class='ocr_line' id='line_1_82' title="bbox 553 4343 2127 4413; baseline 0.001 -18"><span class='ocrx_word' id='word_1_593' title='bbox 553 4349 739 4399; x_wconf 71' lang='grc' dir='ltr'><strong>οιυὺυειι</strong></span> <span class='ocrx_word' id='word_1_594' title='bbox 769 4359 889 4399; x_wconf 88' lang='lat' dir='ltr'><strong>esse</strong></span> <span class='ocrx_word' id='word_1_595' title='bbox 920 4343 1185 4413; x_wconf 65' lang='lat' dir='ltr'><strong>praecipuo</strong></span> <span class='ocrx_word' id='word_1_596' title='bbox 1220 4343 1341 4413; x_wconf 85' lang='lat' dir='ltr'><strong>jure</strong></span> <span class='ocrx_word' id='word_1_597' title='bbox 1386 4344 1815 4407; x_wconf 88' lang='lat' dir='ltr'><strong>commendatus;</strong></span> <span class='ocrx_word' id='word_1_598' title='bbox 1864 4345 1952 4413; x_wconf 92' lang='lat' dir='ltr'><strong>qui</strong></span> <span class='ocrx_word' id='word_1_599' title='bbox 2001 4359 2127 4397; x_wconf 62' lang='lat' dir='ltr'><strong>cono</strong></span> 
     </span>
    </p>
   </div>
   <div class='ocr_carea' id='block_1_83' title="bbox 552 4434 2127 4504">
    <p class='ocr_par' dir='ltr' id='par_1_83' title="bbox 552 4434 2127 4504">
     <span class='ocr_line' id='line_1_83' title="bbox 552 4434 2127 4504; baseline -0.004 -13"><span class='ocrx_word' id='word_1_600' title='bbox 552 4436 798 4491; x_wconf 75' lang='lat' dir='ltr'><strong>i’utaverit</strong></span> <span class='ocrx_word' id='word_1_601' title='bbox 829 4434 1134 4504; x_wconf 79' lang='lat' dir='ltr'><strong>pestifcrtnu</strong></span> <span class='ocrx_word' id='word_1_602' title='bbox 1166 4436 1388 4503; x_wconf 89' lang='lat' dir='ltr'><strong>dogma,</strong></span> <span class='ocrx_word' id='word_1_603' title='bbox 1420 4450 1525 4503; x_wconf 90' lang='lat' dir='ltr'><strong>quo</strong></span> <span class='ocrx_word' id='word_1_604' title='bbox 1558 4435 1832 4504; x_wconf 81' lang='lat' dir='ltr'><strong>religionis</strong></span> <span class='ocrx_word' id='word_1_605' title='bbox 1861 4434 2035 4486; x_wconf 90' lang='lat' dir='ltr'><strong>omnis</strong></span> <span class='ocrx_word' id='word_1_606' title='bbox 2065 4446 2127 4485; x_wconf 89' lang='lat' dir='ltr'><strong>ac</strong></span> 
     </span>
    </p>
   </div>
   <div class='ocr_carea' id='block_1_84' title="bbox 554 4524 2127 4593">
    <p class='ocr_par' dir='ltr' id='par_1_84' title="bbox 554 4524 2127 4593">
     <span class='ocr_line' id='line_1_84' title="bbox 554 4524 2127 4593; baseline -0.002 -14"><span class='ocrx_word' id='word_1_607' title='bbox 554 4544 759 4581; x_wconf 87' lang='lat' dir='ltr'><strong>tuorum</strong></span> <span class='ocrx_word' id='word_1_608' title='bbox 802 4526 1094 4593; x_wconf 72' lang='lat' dir='ltr'><strong>tli~ciplinze</strong></span> <span class='ocrx_word' id='word_1_609' title='bbox 1142 4524 1483 4577; x_wconf 80' lang='lat' dir='ltr'><strong>fundamenta</strong></span> <span class='ocrx_word' id='word_1_610' title='bbox 1526 4525 1921 4578; x_wconf 84' lang='lat' dir='ltr'><strong>convelluntur.</strong></span> <span class='ocrx_word' id='word_1_611' title='bbox 1964 4542 1981 4575; x_wconf 71' lang='grc' dir='ltr'><strong><em>ι</em></strong></span> <span class='ocrx_word' id='word_1_612' title='bbox 2024 4524 2127 4576; x_wconf 89' lang='lat' dir='ltr'><strong>lla-</strong></span> 
     </span>
    </p>
   </div>
   <div class='ocr_carea' id='block_1_85' title="bbox 616 4681 1649 4753">
    <p class='ocr_par' dir='ltr' id='par_1_85' title="bbox 616 4681 1649 4753">
     <span class='ocr_line' id='line_1_85' title="bbox 616 4681 1649 4753; baseline 0.002 -18"><span class='ocrx_word' id='word_1_613' title='bbox 616 4686 693 4753; x_wconf 85' lang='lat' dir='ltr'><strong>(a)</strong></span> <span class='ocrx_word' id='word_1_614' title='bbox 731 4684 810 4737; x_wconf 90' lang='lat' dir='ltr'><strong>Du</strong></span> <span class='ocrx_word' id='word_1_615' title='bbox 843 4683 932 4735; x_wconf 87' lang='lat' dir='ltr'><strong>I&#39;in</strong></span> <span class='ocrx_word' id='word_1_616' title='bbox 960 4681 1100 4753; x_wconf 83' lang='lat' dir='ltr'><strong>Bibl.</strong></span> <span class='ocrx_word' id='word_1_617' title='bbox 1133 4681 1380 4753; x_wconf 27' lang='lat' dir='ltr'><strong>tomaVl,</strong></span> <span class='ocrx_word' id='word_1_618' title='bbox 1413 4698 1531 4751; x_wconf 85' lang='lat' dir='ltr'><strong>pag.</strong></span> <span class='ocrx_word' id='word_1_619' title='bbox 1563 4685 1649 4738; x_wconf 75' lang='grc'><strong>27.</strong></span> 
     </span>
    </p>
   </div>
   <div class='ocr_carea' id='block_1_86' title="bbox 620 4751 1801 4823">
    <p class='ocr_par' dir='ltr' id='par_1_86' title="bbox 620 4751 1801 4823">
     <span class='ocr_line' id='line_1_86' title="bbox 620 4751 1801 4823; baseline 0.001 -18"><span class='ocrx_word' id='word_1_620' title='bbox 620 4751 696 4823; x_wconf 74' lang='lat' dir='ltr'><strong>(li)</strong></span> <span class='ocrx_word' id='word_1_621' title='bbox 735 4753 929 4805; x_wconf 73' lang='lat' dir='ltr'><strong>Soller.</strong></span> <span class='ocrx_word' id='word_1_622' title='bbox 958 4752 994 4804; x_wconf 93' lang='grc' dir='ltr'><strong>Ι.</strong></span> <span class='ocrx_word' id='word_1_623' title='bbox 1021 4766 1095 4823; x_wconf 74' lang='lat' dir='ltr'><strong>c_.,</strong></span> <span class='ocrx_word' id='word_1_624' title='bbox 1121 4766 1238 4823; x_wconf 10' lang='lat' dir='ltr'><strong>pagi.</strong></span> <span class='ocrx_word' id='word_1_625' title='bbox 1268 4751 1393 4815; x_wconf 69' lang='lat'><strong>275,</strong></span> <span class='ocrx_word' id='word_1_626' title='bbox 1425 4768 1572 4823; x_wconf 86' lang='lat' dir='ltr'><strong>num.</strong></span> <span class='ocrx_word' id='word_1_627' title='bbox 1607 4756 1688 4815; x_wconf 79' lang='grc'><strong>15.</strong></span> <span class='ocrx_word' id='word_1_628' title='bbox 1716 4753 1801 4806; x_wconf 71' lang='grc'><strong>11.</strong></span> 
     </span>
    </p>
   </div>
   <div class='ocr_carea' id='block_1_87' title="bbox 615 4821 1940 4895">
    <p class='ocr_par' dir='ltr' id='par_1_87' title="bbox 615 4821 1940 4895">
     <span class='ocr_line' id='line_1_87' title="bbox 615 4821 1940 4895; baseline 0.001 -20"><span class='ocrx_word' id='word_1_629' title='bbox 615 4821 703 4895; x_wconf 61' lang='grc' dir='ltr'><strong>ις)Δ</strong></span> <span class='ocrx_word' id='word_1_630' title='bbox 742 4821 1229 4895; x_wconf 53' lang='lat' dir='ltr'><strong>Bgtuit._|irtefat._ad</strong></span> <span class='ocrx_word' id='word_1_631' title='bbox 1264 4822 1451 4895; x_wconf 8' lang='lat' dir='ltr'><strong>tom._lg</strong></span> <span class='ocrx_word' id='word_1_632' title='bbox 1473 4822 1766 4895; x_wconf 79' lang='lat' dir='ltr'><strong>_Sirtnontl..</strong></span> <span class='ocrx_word' id='word_1_633' title='bbox 1801 4825 1825 4895; x_wconf 85' lang='lat'>§</span> <span class='ocrx_word' id='word_1_634' title='bbox 1858 4824 1940 4877; x_wconf 72' lang='lat' dir='ltr'><strong>l2.</strong></span> 
     </span>
    </p>
   </div>
   <div class='ocr_carea' id='block_1_88' title="bbox 613 4889 2077 4961">
    <p class='ocr_par' dir='ltr' id='par_1_88' title="bbox 613 4889 2077 4961">
     <span class='ocr_line' id='line_1_88' title="bbox 613 4889 2077 4961; baseline 0.003 -17"><span class='ocrx_word' id='word_1_635' title='bbox 613 4892 712 4961; x_wconf 82' lang='lat' dir='ltr'><strong>(tl)</strong></span> <span class='ocrx_word' id='word_1_636' title='bbox 750 4889 1117 4961; x_wconf 41' lang='grc' dir='ltr'><strong>(ὶυηςίιηιοιιι.</strong></span> <span class='ocrx_word' id='word_1_637' title='bbox 1153 4891 1216 4956; x_wconf 91' lang='lat' dir='ltr'><strong>V,</strong></span> <span class='ocrx_word' id='word_1_638' title='bbox 1250 4908 1364 4960; x_wconf 82' lang='lat' dir='ltr'><strong>pag.</strong></span> <span class='ocrx_word' id='word_1_639' title='bbox 1395 4891 1493 4946; x_wconf 78' lang='grc'><strong>501</strong></span> <span class='ocrx_word' id='word_1_640' title='bbox 1526 4895 1655 4947; x_wconf 86' lang='lat' dir='ltr'><strong>etlit.</strong></span> <span class='ocrx_word' id='word_1_641' title='bbox 1694 4889 1994 4949; x_wconf 48' lang='lat' dir='ltr'><strong>Vettium!»</strong></span> <span class='ocrx_word' id='word_1_642' title='bbox 2037 4898 2077 4948; x_wconf 93' lang='grc' dir='ltr'><strong>Ι.</strong></span> 
     </span>
    </p>
   </div>
   <div class='ocr_carea' id='block_1_89' title="bbox 621 4958 1662 5033">
    <p class='ocr_par' dir='ltr' id='par_1_89' title="bbox 621 4958 1662 5033">
     <span class='ocr_line' id='line_1_89' title="bbox 621 4958 1662 5033; baseline 0.01 -26"><span class='ocrx_word' id='word_1_643' title='bbox 621 4958 701 5033; x_wconf 54' lang='grc' dir='ltr'><strong>(ιτ)</strong></span> <span class='ocrx_word' id='word_1_644' title='bbox 733 4958 1002 5033; x_wconf 74' lang='lat' dir='ltr'><strong>llttrttti~_tl.</strong></span> <span class='ocrx_word' id='word_1_645' title='bbox 1033 4961 1116 5028; x_wconf 87' lang='lat' dir='ltr'><strong>epi</strong></span> <span class='ocrx_word' id='word_1_646' title='bbox 1151 4958 1499 5033; x_wconf 19' lang='lat' dir='ltr'><strong>Luadﬁnast.</strong></span> <span class='ocrx_word' id='word_1_647' title='bbox 1532 4963 1662 5033; x_wconf 90' lang='lat' dir='ltr'><strong>imp.</strong></span> 
     </span>
    </p>
   </div>
   <div class='ocr_carea' id='block_1_90' title="bbox 613 5028 1747 5103">
    <p class='ocr_par' dir='ltr' id='par_1_90' title="bbox 613 5028 1747 5103">
     <span class='ocr_line' id='line_1_90' title="bbox 613 5028 1747 5103; baseline -0.005 -12"><span class='ocrx_word' id='word_1_648' title='bbox 613 5028 680 5100; x_wconf 77' lang='lat' dir='ltr'><strong>Ui</strong></span> <span class='ocrx_word' id='word_1_649' title='bbox 732 5029 900 5084; x_wconf 82' lang='lat' dir='ltr'><strong>Nicol.</strong></span> <span class='ocrx_word' id='word_1_650' title='bbox 934 5028 971 5093; x_wconf 90' lang='lat' dir='ltr'><strong>l,</strong></span> <span class='ocrx_word' id='word_1_651' title='bbox 1001 5039 1155 5097; x_wconf 83' lang='lat' dir='ltr'><strong>eptst.</strong></span> <span class='ocrx_word' id='word_1_652' title='bbox 1190 5031 1223 5083; x_wconf 91' lang='lat'><strong>8</strong></span> <span class='ocrx_word' id='word_1_653' title='bbox 1247 5031 1313 5085; x_wconf 85' lang='lat' dir='ltr'><strong>ad</strong></span> <span class='ocrx_word' id='word_1_654' title='bbox 1342 5031 1582 5085; x_wconf 77' lang='lat' dir='ltr'><strong>Michael.</strong></span> <span class='ocrx_word' id='word_1_655' title='bbox 1609 5028 1747 5103; x_wconf 51' lang='lat' dir='ltr'><strong>&#39;Aug.</strong></span> 
     </span>
    </p>
   </div>
   <div class='ocr_carea' id='block_1_91' title="bbox 2234 4171 3809 4245">
    <p class='ocr_par' dir='ltr' id='par_1_91' title="bbox 2234 4171 3809 4245">
     <span class='ocr_line' id='line_1_91' title="bbox 2234 4171 3809 4245; baseline -0.006 -16"><span class='ocrx_word' id='word_1_656' title='bbox 2234 4178 2388 4245; x_wconf 90' lang='lat' dir='ltr'><strong>primi</strong></span> <span class='ocrx_word' id='word_1_657' title='bbox 2431 4175 2924 4231; x_wconf 88' lang='lat' dir='ltr'><strong>Sirmondianurum</strong></span> <span class='ocrx_word' id='word_1_658' title='bbox 2976 4173 3161 4239; x_wconf 88' lang='lat' dir='ltr'><strong>rejecit</strong></span> <span class='ocrx_word' id='word_1_659' title='bbox 3198 4171 3429 4225; x_wconf 82' lang='lat' dir='ltr'><strong>Baunius</strong></span> <span class='ocrx_word' id='word_1_660' title='bbox 3462 4188 3474 4222; x_wconf 86' lang='lat'>:</span> <span class='ocrx_word' id='word_1_661' title='bbox 3524 4180 3681 4238; x_wconf 89' lang='lat' dir='ltr'><strong>atque</strong></span> <span class='ocrx_word' id='word_1_662' title='bbox 3713 4186 3809 4236; x_wconf 85' lang='lat' dir='ltr'><strong>ap-</strong></span> 
     </span>
    </p>
   </div>
   <div class='ocr_carea' id='block_1_92' title="bbox 2232 4260 3806 4334">
    <p class='ocr_par' dir='ltr' id='par_1_92' title="bbox 2232 4260 3806 4334">
     <span class='ocr_line' id='line_1_92' title="bbox 2232 4260 3806 4334; baseline -0.006 -15"><span class='ocrx_word' id='word_1_663' title='bbox 2232 4264 2509 4334; x_wconf 87' lang='lat' dir='ltr'><strong>pendicem</strong></span> <span class='ocrx_word' id='word_1_664' title='bbox 2538 4264 2829 4332; x_wconf 87' lang='lat' dir='ltr'><strong>adjecimus</strong></span> <span class='ocrx_word' id='word_1_665' title='bbox 2856 4278 2919 4317; x_wconf 79' lang='lat' dir='ltr'><strong>ex</strong></span> <span class='ocrx_word' id='word_1_666' title='bbox 2950 4277 3087 4316; x_wconf 89' lang='lat' dir='ltr'><strong>novo</strong></span> <span class='ocrx_word' id='word_1_667' title='bbox 3108 4261 3386 4315; x_wconf 83' lang='lat' dir='ltr'><strong>Thesauro</strong></span> <span class='ocrx_word' id='word_1_668' title='bbox 3410 4260 3806 4327; x_wconf 87' lang='lat' dir='ltr'><strong>Auecdotortuu</strong></span> 
     </span>
    </p>
   </div>
   <div class='ocr_carea' id='block_1_93' title="bbox 2228 4349 3805 4425">
    <p class='ocr_par' dir='ltr' id='par_1_93' title="bbox 2228 4349 3805 4425">
     <span class='ocr_line' id='line_1_93' title="bbox 2228 4349 3805 4425; baseline -0.008 -14"><span class='ocrx_word' id='word_1_669' title='bbox 2228 4355 2562 4413; x_wconf 81' lang='lat' dir='ltr'><strong>Marteniano</strong></span> <span class='ocrx_word' id='word_1_670' title='bbox 2593 4354 2690 4425; x_wconf 73' lang='grc' dir='ltr'><strong>(Ιί),</strong></span> <span class='ocrx_word' id='word_1_671' title='bbox 2725 4354 2949 4408; x_wconf 75' lang='lat' dir='ltr'><strong>Eunodii</strong></span> <span class='ocrx_word' id='word_1_672' title='bbox 2981 4354 3184 4407; x_wconf 87' lang='lat' dir='ltr'><strong>scilicet</strong></span> <span class='ocrx_word' id='word_1_673' title='bbox 3214 4353 3507 4405; x_wconf 87' lang='lat' dir='ltr'><strong>Dictionem</strong></span> <span class='ocrx_word' id='word_1_674' title='bbox 3551 4350 3601 4404; x_wconf 93' lang='lat' dir='ltr'><strong>itt</strong></span> <span class='ocrx_word' id='word_1_675' title='bbox 3650 4349 3805 4402; x_wconf 72' lang='lat' dir='ltr'><strong>natali</strong></span> 
     </span>
    </p>
   </div>
   <div class='ocr_carea' id='block_1_94' title="bbox 2235 4441 3803 4509">
    <p class='ocr_par' dir='ltr' id='par_1_94' title="bbox 2235 4441 3803 4509">
     <span class='ocr_line' id='line_1_94' title="bbox 2235 4441 3803 4509; baseline -0.006 -8"><span class='ocrx_word' id='word_1_676' title='bbox 2235 4446 2504 4501; x_wconf 81' lang='lat' dir='ltr'><strong>Laurentii</strong></span> <span class='ocrx_word' id='word_1_677' title='bbox 2536 4445 2943 4499; x_wconf 80' lang='lat' dir='ltr'><strong>Mediolauensis</strong></span> <span class='ocrx_word' id='word_1_678' title='bbox 2974 4444 3232 4509; x_wconf 83' lang='lat' dir='ltr'><strong>episcopi,</strong></span> <span class='ocrx_word' id='word_1_679' title='bbox 3276 4457 3377 4495; x_wconf 85' lang='lat' dir='ltr'><strong>una</strong></span> <span class='ocrx_word' id='word_1_680' title='bbox 3403 4456 3521 4495; x_wconf 90' lang='lat' dir='ltr'><strong>cum</strong></span> <span class='ocrx_word' id='word_1_681' title='bbox 3566 4441 3803 4508; x_wconf 83' lang='lat' dir='ltr'><strong>ejusdett.</strong></span> 
     </span>
    </p>
   </div>
   <div class='ocr_carea' id='block_1_95' title="bbox 2237 4533 3299 4606">
    <p class='ocr_par' dir='ltr' id='par_1_95' title="bbox 2237 4533 3299 4606">
     <span class='ocr_line' id='line_1_95' title="bbox 2237 4533 3299 4606; baseline -0.006 -14"><span class='ocrx_word' id='word_1_682' title='bbox 2237 4537 2472 4606; x_wconf 83' lang='lat' dir='ltr'><strong>Epistula</strong></span> <span class='ocrx_word' id='word_1_683' title='bbox 2503 4536 2762 4589; x_wconf 90' lang='lat' dir='ltr'><strong>Venautio</strong></span> <span class='ocrx_word' id='word_1_684' title='bbox 2791 4534 2998 4587; x_wconf 87' lang='lat' dir='ltr'><strong>cuidam</strong></span> <span class='ocrx_word' id='word_1_685' title='bbox 3030 4533 3299 4601; x_wconf 85' lang='lat' dir='ltr'><strong>inscripta.</strong></span> 
     </span>
    </p>
   </div>
   <div class='ocr_carea' id='block_1_96' title="bbox 2302 4683 3384 4754">
    <p class='ocr_par' dir='ltr' id='par_1_96' title="bbox 2302 4683 3384 4754">
     <span class='ocr_line' id='line_1_96' title="bbox 2302 4683 3384 4754; baseline -0.005 -15"><span class='ocrx_word' id='word_1_686' title='bbox 2302 4684 2375 4754; x_wconf 70' lang='grc' dir='ltr'><strong>(ῃ)</strong></span> <span class='ocrx_word' id='word_1_687' title='bbox 2400 4685 2551 4739; x_wconf 79' lang='lat' dir='ltr'><strong>Joun.</strong></span> <span class='ocrx_word' id='word_1_688' title='bbox 2585 4699 2697 4748; x_wconf 89' lang='lat' dir='ltr'><strong>vut,</strong></span> <span class='ocrx_word' id='word_1_689' title='bbox 2730 4684 2882 4754; x_wconf 88' lang='lat' dir='ltr'><strong>epist.</strong></span> <span class='ocrx_word' id='word_1_690' title='bbox 2916 4683 2978 4735; x_wconf 88' lang='lat' dir='ltr'><strong>ad</strong></span> <span class='ocrx_word' id='word_1_691' title='bbox 3015 4683 3226 4738; x_wconf 83' lang='lat' dir='ltr'><strong>Bercar.</strong></span> <span class='ocrx_word' id='word_1_692' title='bbox 3263 4683 3384 4735; x_wconf 90' lang='lat' dir='ltr'><strong>abb.</strong></span> 
     </span>
    </p>
   </div>
   <div class='ocr_carea' id='block_1_97' title="bbox 2298 4753 3041 4822">
    <p class='ocr_par' dir='ltr' id='par_1_97' title="bbox 2298 4753 3041 4822">
     <span class='ocr_line' id='line_1_97' title="bbox 2298 4753 3041 4822; baseline -0.003 -15"><span class='ocrx_word' id='word_1_693' title='bbox 2298 4758 2374 4822; x_wconf 77' lang='lat' dir='ltr'><strong>(It)</strong></span> <span class='ocrx_word' id='word_1_694' title='bbox 2418 4755 2575 4822; x_wconf 62' lang='grc' dir='ltr'><strong>(ἴε-οδε.</strong></span> <span class='ocrx_word' id='word_1_695' title='bbox 2608 4770 2696 4813; x_wconf 78' lang='lat' dir='ltr'><strong>\‘ll,</strong></span> <span class='ocrx_word' id='word_1_696' title='bbox 2732 4757 2778 4805; x_wconf 88' lang='lat' dir='ltr'><strong>itt</strong></span> <span class='ocrx_word' id='word_1_697' title='bbox 2815 4753 3041 4806; x_wconf 83' lang='lat' dir='ltr'><strong>D.ct:tttt.</strong></span> 
     </span>
    </p>
   </div>
   <div class='ocr_carea' id='block_1_98' title="bbox 2294 4822 3135 4892">
    <p class='ocr_par' dir='ltr' id='par_1_98' title="bbox 2294 4822 3135 4892">
     <span class='ocr_line' id='line_1_98' title="bbox 2294 4822 3135 4892; baseline -0.005 -15"><span class='ocrx_word' id='word_1_698' title='bbox 2294 4831 2359 4892; x_wconf 85' lang='lat' dir='ltr'><strong>&#39;(t)</strong></span> <span class='ocrx_word' id='word_1_699' title='bbox 2406 4826 2616 4878; x_wconf 75' lang='lat' dir='ltr'><strong>Euttutl.</strong></span> <span class='ocrx_word' id='word_1_700' title='bbox 2651 4825 2739 4876; x_wconf 69' lang='lat' dir='ltr'><strong>lib.</strong></span> <span class='ocrx_word' id='word_1_701' title='bbox 2774 4838 2831 4885; x_wconf 70' lang='lat' dir='ltr'><strong>It,</strong></span> <span class='ocrx_word' id='word_1_702' title='bbox 2864 4828 3017 4888; x_wconf 68' lang='lat' dir='ltr'><strong>tapiSt.</strong></span> <span class='ocrx_word' id='word_1_703' title='bbox 3051 4822 3135 4876; x_wconf 78' lang='grc'><strong>19.</strong></span> 
     </span>
    </p>
   </div>
   <div class='ocr_carea' id='block_1_99' title="bbox 2299 4887 3798 4964">
    <p class='ocr_par' dir='ltr' id='par_1_99' title="bbox 2299 4887 3798 4964">
     <span class='ocr_line' id='line_1_99' title="bbox 2299 4887 3798 4964; baseline -0.007 -16"><span class='ocrx_word' id='word_1_704' title='bbox 2299 4887 2367 4964; x_wconf 61' lang='grc' dir='ltr'><strong>(ί)</strong></span> <span class='ocrx_word' id='word_1_705' title='bbox 2406 4896 2539 4948; x_wconf 84' lang='lat' dir='ltr'><strong>llist.</strong></span> <span class='ocrx_word' id='word_1_706' title='bbox 2570 4894 2826 4947; x_wconf 77' lang='lat' dir='ltr'><strong>littérait&#39;e</strong></span> <span class='ocrx_word' id='word_1_707' title='bbox 2849 4887 2913 4947; x_wconf 89' lang='lat' dir='ltr'><strong>de</strong></span> <span class='ocrx_word' id='word_1_708' title='bbox 2938 4896 2982 4947; x_wconf 90' lang='lat' dir='ltr'><strong>la</strong></span> <span class='ocrx_word' id='word_1_709' title='bbox 3010 4892 3232 4959; x_wconf 78' lang='lat' dir='ltr'><strong>France,</strong></span> <span class='ocrx_word' id='word_1_710' title='bbox 3260 4903 3389 4946; x_wconf 89' lang='lat' dir='ltr'><strong>tom.</strong></span> <span class='ocrx_word' id='word_1_711' title='bbox 3416 4888 3501 4955; x_wconf 91' lang='lat' dir='ltr'><strong>Ill,</strong></span> <span class='ocrx_word' id='word_1_712' title='bbox 3528 4903 3644 4956; x_wconf 78' lang='lat' dir='ltr'><strong>pag.</strong></span> <span class='ocrx_word' id='word_1_713' title='bbox 3678 4887 3763 4939; x_wconf 91' lang='grc'><strong>101</strong></span> <span class='ocrx_word' id='word_1_714' title='bbox 3784 4926 3798 4950; x_wconf 89' lang='grc'><em>,</em></span> 
     </span>
    </p>
   </div>
   <div class='ocr_carea' id='block_1_100' title="bbox 2227 4967 2419 5018">
    <p class='ocr_par' dir='ltr' id='par_1_100' title="bbox 2227 4967 2419 5018">
     <span class='ocr_line' id='line_1_100' title="bbox 2227 4967 2419 5018; baseline -0.01 0"><span class='ocrx_word' id='word_1_715' title='bbox 2227 4980 2336 5018; x_wconf 87' lang='lat' dir='ltr'><strong>not.</strong></span> <span class='ocrx_word' id='word_1_716' title='bbox 2374 4967 2419 5017; x_wconf 89' lang='grc'><strong>1.</strong></span> 
     </span>
    </p>
   </div>
   <div class='ocr_carea' id='block_1_101' title="bbox 2298 5028 3578 5105">
    <p class='ocr_par' dir='ltr' id='par_1_101' title="bbox 2298 5028 3578 5105">
     <span class='ocr_line' id='line_1_101' title="bbox 2298 5028 3578 5105; baseline -0.004 -20"><span class='ocrx_word' id='word_1_717' title='bbox 2298 5035 2369 5105; x_wconf 73' lang='grc' dir='ltr'><strong>(Ιί)</strong></span> <span class='ocrx_word' id='word_1_718' title='bbox 2413 5034 2632 5088; x_wconf 85' lang='lat' dir='ltr'><strong>Marten.</strong></span> <span class='ocrx_word' id='word_1_719' title='bbox 2661 5032 2820 5086; x_wconf 85' lang='lat' dir='ltr'><strong>Thes.</strong></span> <span class='ocrx_word' id='word_1_720' title='bbox 2852 5031 3050 5085; x_wconf 80' lang='lat' dir='ltr'><strong>Anccd.</strong></span> <span class='ocrx_word' id='word_1_721' title='bbox 3084 5043 3209 5084; x_wconf 91' lang='lat' dir='ltr'><strong>tom.</strong></span> <span class='ocrx_word' id='word_1_722' title='bbox 3246 5029 3307 5093; x_wconf 85' lang='lat' dir='ltr'><strong>V,</strong></span> <span class='ocrx_word' id='word_1_723' title='bbox 3342 5045 3456 5099; x_wconf 74' lang='lat' dir='ltr'><strong>tag.</strong></span> <span class='ocrx_word' id='word_1_724' title='bbox 3490 5028 3578 5081; x_wconf 86' lang='grc'><strong>61.</strong></span> 
     </span>
    </p>
   </div>
  </div>
