4186 6252
338 436 409 489 15
1053 437 1323 494 ΕΝΝΟΠΙΙ
1364 438 1668 496 EPISCOPI
1709 444 2082 503 T.CINENSIS
2123 448 2596 508 EPISTOLARUM
2636 454 2833 509 LI'BElt
2876 455 2915 508 Ι⁸
3539 463 3603 515 Η

434 797 441 803 ~
500 666 1236 877 MAGN
1241 678 1335 877 Ι
1412 678 2396 891 FELICIS
2474 687 3535 899 ENNODII

1246 974 2672 1127 EPISTOLARUM

1730 1195 2041 1277 LIBRI
2091 1196 2258 1277 IX.

1459 1392 1836 1493 LIBER
1922 1394 2445 1496 PRIMUS.

827 1553 1158 1609 EPISTULA
1200 1552 1431 1607 PRIMA.

882 1670 1139 1710 ENNODIUS
1176 1670 1379 1709 ΙΟΔΝΧΙ.

417 1764 547 1817 Dum
578 1760 752 1814 snlum
784 1758 984 1827 qumris
1023 1756 1199 1809 verbis
1240 1757 1292 1808 in
1334 1756 1563 1810 statione
1591 1758 1923 1824 compositis,

340 1864 392 1908 et
423 1856 623 1908 incerta
655 1849 906 1919 liquentis
934 1849 1185 1902 elementi
1219 1848 1422 1914 placida
1456 1851 1698 1904 oratione
1726 1851 1926 1905 descri-

340 1946 424 1998 bis
450 1962 464 1998 :
496 1944 621 1995 dum
646 1955 956 1995 sermonum
981 1937 1226 2007 cymbam
1256 1939 1394 1991 inter
1426 1938 1651 2007 loquelte
1676 1941 1925 2009 scopulos

340 2043 518 2088 rector
543 2033 771 2102 diligens
802 2031 1000 2093 frenas,
1032 2041 1084 2083 et
1114 2044 1326 2082 cursum
1349 2030 1611 2083 artificem
1636 2032 1924 2085 fabricatus

339 2124 629 2178 trutinatur
651 2120 939 2190 expendis;
974 2121 1192 2190 pelagus
1219 2120 1390 2174 oculis
1413 2121 1568 2185 meis,
1598 2121 1735 2189 quod
1766 2136 1926 2188 aqua-

342 2231 461 2269 rum
496 2214 1018 2281 simulabas,eloquii
1044 2211 1441 2265 demonstrasti.
1462 2212 1602 2265 Deus
1629 2214 1787 2274 bone,
1817 2221 1842 2249 ε
1876 2216 1923 2265 In

339 2317 573 2375 quantos
596 2320 654 2359 se
678 2319 804 2357 usus
827 2305 972 2357 dives
999 2303 1174 2371 lingua
1200 2302 1494 2372 dispergit!
1521 2302 1651 2356 Cum
1676 2305 1924 2369 voluerit,

338 2396 497 2448 «erit
529 2404 586 2448 ut
617 2394 808 2455 bestia,
842 2393 1011 2446 currit
1037 2402 1093 2445 ut
1118 2391 1307 2445 fluvius
1328 2431 1342 2454 ,
1373 2393 1593 2445 fluctuat
1619 2402 1674 2444 ut
1707 2392 1925 2460 profun-

243 2518 258 2531 -
342 2476 472 2539 dum
504 2501 519 2539 :
552 2496 604 2537 et
645 2496 1015 2551 quamcunque
1056 2481 1243 2534 fucatis
1286 2482 1569 2535 verborum
1612 2482 1928 2550 imaginibus

344 2578 519 2647 pingit
539 2575 789 2643 speciem,
808 2573 919 2626 veri
943 2570 1315 2641 astipulatione
1335 2582 1701 2641 reprtesentat.
1720 2573 1929 2627 Timore

351 2676 405 2723 te
431 2667 797 2735 scriptionem,
824 2665 974 2732 quasi
1005 2665 1025 2716 f
1052 2674 1177 2717 oute
1201 2673 1368 2725 tener,
1401 2666 1664 2729 insinuas;
1689 2664 1812 2718 dum
1842 2667 1929 2720 de-

1942 1559 1993 1615 Α
2023 1565 2200 1610 menta
2231 1556 2470 1610 aemulari
2505 1574 2515 1607 :
2550 1556 2767 1612 vincere
2792 1572 2973 1627 posse.
3006 1573 3143 1615 sicut
3170 1578 3326 1618 nemo
3356 1567 3604 1631 credidit,

1970 1646 1971 1649 “
2037 1648 2107 1701 ita
2139 1648 2315 1701 nullus
2345 1651 2568 1713 aptavit.
2615 1650 2773 1705 Vides
2803 1662 3059 1720 quantttm
3092 1655 3156 1708 ad
3188 1672 3418 1726 unguem
3450 1659 3615 1727 polita

2034 1744 2371 1798 conversatio
2420 1743 2611 1811 pretiis
2654 1744 2789 1799 bene
2833 1749 3099 1802 nascentis
3136 1750 3422 1819 adjungat?
3460 1752 3621 1819 Quod

2030 1831 2188 1901 jubar
2222 1834 2495 1902 sanguinis
2544 1834 2810 1902 prmstitit,
2852 1840 3122 1902 superavit
3154 1840 3412 1895 industria
3451 1846 3621 1901 casti-.

2033 1924 2228 1988 gantis.
2254 1923 2467 1977 Credidi
2496 1936 2735 1978 votorum
2759 1941 3021 1980 summam
3054 1928 3283 1998 fatigari,
3312 1933 3354 1985 si
3381 1942 3431 1987 te
3463 1947 3619 1988 nata-

2033 2013 2169 2068 libus
2199 2012 2559 2079 reddidisses;
2586 2014 2711 2068 illud
2743 2031 2844 2068 non
2877 2018 3347 2088 eXpeudens,quid
3380 2022 3621 2079 claritati.

2029 2111 2132 2155 ture
2161 2103 2495 2156 cohabitator
2524 2102 2812 2158 infttdcret.
2840 2102 2865 2141 J
2897 2107 2974 2161 Sit
3006 2107 3143 2162 forte
3175 2110 3227 2165 in
3253 2114 3615 2175 :estimaaium:

2028 2196 2231 2250 arb'trii
2264 2197 2364 2249 mei
2396 2196 2707 2251 defraudata
2736 2202 2990 2267 cogn’t‘o.
3013 2202 3284 2259 Neminem
3312 2207 3511 2261 credidi
3542 2210 3615 2273 ad

2030 2287 2304 2355 Olybrium
2338 2289 2663 2356 perVenire:
2709 2307 2866 2359 quem
2912 2293 3103 2348 vicinis
3142 2298 3377 2353 calcibus
3425 2306 3617 2371 pernix

2031 2376 2301 2433 insecutor
2322 2379 2578 2448 adjunges
2604 2398 2616 2434 :
2649 2381 2861 2436 bratum
2894 2385 3131 2441 faeturus
3161 2403 3371 2459 nempe,
3399 2392 3442 2446 si
3471 2394 3608 2449 vice-

2031 2469 2126 2523 ris.
2168 2470 2330 2524 Denm
2361 2485 2568 2539 pt'ecnr,
2602 2482 2657 2525 ut
2686 2474 3044 2529 adulescentia
3075 2478 3124 2530 in
3159 2489 3233 2544 te,
3264 2498 3384 2549 quae
3412 2484 3608 2553 (perfe-

2031 2561 2286 2631 Clionetn)
2317 2564 2625 2631 primordiis
2656 2577 2975 2627 monstrant.
3004 2567 3156 2624 boote
3177 2574 3341 2641 frugis
3369 2579 3607 2643 germina

2032 2653 2425 2708 cunvalescant.
2474 2655 2624 2709 Domi
2658 2657 2846 2722 babes,
2884 2658 3025 2714 unde
3052 2662 3441 2721 exhortationis
3475 2684 3614 2723 mea:

340 2764 719 2817 elamationum
762 2777 1006 2828 ιοιιιῃιιιιι
1039 2763 1215 2829 refuga
1264 2760 1433 2815 laudis
1470 2761 1710 2828 deposcit
1747 2778 1918 2815 asser-

2031 2742 2147 2795 viva
2177 2759 2360 2798 sumas
2389 2746 2652 2814 exempla.
2679 2747 2753 2801 Te
2779 2758 2928 2816 pater
2964 2766 3170 2804 morum
3203 2758 3604 2823 tranquillitate.

342 2857 452 2921 tio;
478 2864 533 2907 et
556 2855 613 2906 fit
633 2869 787 2907 avara
811 2853 1014 2919 gloria),
1036 2852 1162 2903 dum
1194 2851 1381 2918 pudori
1415 2868 1635 2919 parcere
1665 2868 1720 2906 re
1745 2864 1925 2907 osten-

341 2947 445 3009 dit,
462 2945 794 3014 peregriuam
818 2944 1039 2998 mentita
1064 2942 1423 2996 formidinem.
1442 2945 1554 3011 Ago
1574 2954 1628 2997 at
1667 2961 1733 2998 uc
1755 2945 1926 2999 habeo

342 3039 566 3107 gratias,
618 3034 759 3104 quod
812 3036 1007 3087 nobilia
1062 3033 1359 3087 iudmcnta
1414 3036 1671 3089 iacuntliie
1721 3048 1823 3090 tum
1873 3038 1923 3090 in

341 3127 523 3191 amici,
556 3124 585 3163 ι’
620 3136 873 3195 quantum
902 3125 1157 3187 testimas,
1185 3125 1469 3192 pratcouiis
1491 3129 1835 3180 consecrasti.
1864 3128 1926 3181 Et

341 3220 468 3274 licet
497 3226 601 3271 neu
632 3231 916 3284 agnoscam
950 3230 1066 3269 mea
1097 3229 1217 3269 esse
1245 3230 1363 3283 qua:
1395 3216 1633 3284 loqueris
1659 3234 1672 3280 ;
1706 3217 1922 3285 religio-

343 3328 464 3363 nem
496 3320 672 3365 tamen
698 3310 967 3364 narrantis
994 3309 1306 3378 amplector,
1337 3308 1665 3375 diligentiam
1696 3310 1923 3377 pectoris

345 3402 539 3464 laudo,
569 3412 722 3470 quam
754 3401 939 3470 gratim
984 3415 1077 3469 per
1105 3399 1294 3453 sudum
1330 3400 1595 3454 rutilantis
1626 3400 1741 3453 luce
1770 3400 1920 3454 dedi-

342 3494 500 3547 casu.
539 3492 657 3546 Tibi
698 3492 783 3545 fax
837 3492 934 3545 ista
978 3491 1345 3560 praetenditur,
1380 3506 1538 3558 quam
1578 3491 1630 3543 in
1675 3491 1924 3560 opinione

342 3602 462 3641 mea
514 3586 743 3640 blandus
789 3586 1029 3641 elocutor
1070 3587 1321 3639 arcendis
1362 3602 1374 3639 :
1421 3601 1519 3654 ego
1557 3598 1762 3641 noctein
1795 3603 1922 3641 con-

336 3676 571 3729 scientia:
593 3692 745 3743 meze,
786 3677 883 3729 etsi
912 3691 1017 3730 non
1042 3676 1208 3745 fugio,
1235 3688 1257 3715 ο
1286 3679 1404 3731 novi
1432 3689 1606 3732 tamen
1631 3680 1915 3736 aestimare.

340 3762 544 3818 Graves
575 3768 751 3819 hiatus
778 3766 976 3833 patitur
1005 3765 1195 3819 alienae
1220 3768 1402 3835 gratia:
1423 3770 1704 3822 coonnissa
1728 3770 1919 3823 credu-

339 3858 465 3911 litas
496 3874 509 3909 :
543 3872 841 3925 quanquam
867 3873 1025 3910 omne
1057 3858 1259 3910 crimen
1289 3868 1544 3921 transeat,
1574 3859 1660 3929 qui
1691 3859 1803 3913 vult
1830 3860 1921 3916 de-

2029 2848 2184 2889 socer
2210 2835 2513 2906 eloquentia
2543 2839 2774 2893 similem
2803 2842 3082 2909 producat.
3116 2844 3171 2901 Si
3203 2861 3289 2902 me
3319 2850 3424 2903 voti
3458 2868 3606 2906 reum

2030 2924 2204 2980 facere
2247 2929 2485 2983 coelestia
2540 2944 2704 2998 regna
2748 2930 3049 3000 dignantur,
3096 2952 3259 2991 unum
3313 2954 3520 3007 precor,
3553 2957 3607 2996 ut

2029 3019 2132 3070 mei
2159 3018 2465 3072 meminisse
2485 3018 2720 3088 digneris
2745 3038 2757 3073 :
2784 3038 2848 3075 ne
2871 3023 3032 3088 illius,
3049 3026 3201 3092 cujus
3226 3030 3609 3093 perfectionem.

2030 3107 2171 3160 inter
2197 3108 2407 3160 dicendi
2437 3110 2722 3162 simulacra
2752 3112 3050 3176 meditaris,
3082 3115 3363 3170 oblivionis
3394 3134 3605 3187 quoque

2030 3213 2125 3267 par
2148 3214 2269 3251 esse
2295 3199 2606 3251 contendas.
2632 3198 2737 3252 Scd
2760 3201 2824 3252 ad
2848 3202 3087 3269 epistola:
3115 3219 3316 3260 morem
3345 3222 3601 3275 revertar.

2029 3307 2186 3359 quam
2216 3290 2425 3344 affectio
2456 3300 2541 3343 tua
2570 3290 2621 3343 in
2655 3292 2869 3360 longum
2902 3295 3174 3361 produxit.
3198 3298 3375 3366 Salve,
3409 3303 3479 3357 mi
3507 3304 3604 3359 do-

2028 3382 2190 3447 mine,
2220 3393 2271 3436 et
2300 3390 2564 3436 amantem
2590 3385 2661 3436 tui
2694 3384 3061 3453 frequentibus
3089 3388 3204 3443 cole
3234 3395 3428 3449 muniis
3456 3394 3605 3454 litte-=

2029 3490 2243 3535 rarum;
2273 3490 2339 3528 ne
2367 3474 2566 3528 amoris
2590 3479 2909 3531 contestatio
2936 3478 3048 3532 sola
3076 3480 3214 3535 sicut
3241 3486 3378 3542 solet
3404 3487 3458 3541 in
3488 3490 3604 3557 qni-

2029 3564 2127 3619 bus
2150 3567 2249 3617 Iam
2267 3581 2407 3628 esse,
2426 3575 2448 3601 °
2468 3566 2648 3633 praevii
2670 3566 2719 3619 in
2740 3576 2789 3620 te
2809 3577 3020 3636 putetur
3036 3572 3305 3628 exstitisse
3316 3580 3604 3637 sermonis.

2603 3679 2928 3735 EPISTOLA
2970 3682 3027 3736 ΙΙ.

2570 3786 2826 3825 ΕΝΝΟΜῦΒ
2866 3788 3052 3827 FLOR".

2099 3859 2228 3913 Novi
2259 3875 2345 3914 me
2370 3860 2555 3914 duram
2575 3862 2783 3927 cepisse
2806 3862 3154 3930 provinciam,
3179 3875 3228 3919 et
3249 3882 3467 3935 gravem
3492 3886 3605 3927 sar:

338 3949 525 4015 cipere
548 3946 927 4001 eoiil‘ideutcm.
955 3944 1158 4001 Gaudia
1191 3956 1366 4002 tamen
1400 3963 1516 4001 mea
1547 3949 1615 4003 de
1645 3959 1695 4003 te
1724 3952 1923 4018 episto-
1948 3936 1994 3998 C
2024 3947 2197 4002 cinam
2239 3948 2476 4003 humeris
2514 3949 2743 4004 inﬁrmis
2781 3952 3044 4015 attollere,
3089 3957 3175 4023 qui
3216 3958 3601 4016 sublimitatem

339 4037 470 4091 laris
495 4038 711 4105 alloquii
737 4035 952 4093 dotibus
978 4036 1311 4104 adimplt-Sti;
1337 4037 1460 4091 dum
1487 4039 1770 4093 novitatem
1796 4056 1920 4094 sea-

334 4144 493 4181 suum
514 4138 776 4182 monstras
794 4128 1082 4183 serenitate
1098 4144 1429 4191 sermonum,
1445 4139 1499 4183 et
1518 4132 1711 4185 veteris
1724 4131 1916 4186 decora

334 4219 603 4287 prosapiae
643 4219 835 4272 novelli
877 4208 1050 4273 vincis
1083 4220 1259 4272 nitore
1289 4220 1561 4288 colloquii.
1613 4222 1703 4273 Sat
1751 4221 1919 4275 fuerat

334 4319 618 4378 parentum
646 4320 855 4362 tuorum
883 4309 1186 4373 desideriis,
1219 4310 1430 4365 seniora
1456 4321 1503 4365 te
1526 4310 1740 4366 familia:
1757 4327 1918 4367 orna-

411 4468 429 4499 ⁸
473 4466 648 4533 Magni
681 4466 871 4522 Felicis
904 4468 1148 4538 Enuodii]
1188 4470 1310 4523 Tria
1344 4471 1458 4525 hare
1488 4474 1699 4524 nomina
1734 4473 1914 4526 Ennoo

333 4538 440 4609 (li.
468 4554 598 4609 qua;
618 4540 668 4591 in
698 4541 932 4607 antiquis
954 4542 1348 4607 exemplaribus
1373 4546 1633 4609 leguntur,
1670 4559 1772 4595 non
1800 4544 1918 4607 qni-

333 4608 463 4661 dem
498 4611 547 4659 in
577 4607 747 4661 fronte
772 4610 970 4676 operis,
1005 4626 1174 4678 neque
1223 4607 1542 4678 pass.nrper
1570 4629 1758 4665 omnes
1790 4618 1916 4665 titu-

332 4680 443 4737 los,
472 4678 564 4730 sed
612 4678 663 4730 in
709 4693 773 4730 eo
809 4680 1065 4732 duntaxat
1100 4684 1185 4745 qui
1227 4684 1473 4745 pra-titus
1501 4693 1580 4735 est
1610 4684 1738 4735 Vita:
1775 4683 1911 4737 beati

333 4748 579 4821 Antonii.
616 4747 926 4821 _lngc;eteris
955 4753 1084 4814 satis
1130 4751 1423 4802 habuerunt
1456 4753 1743 4818 antiquarii
1771 4757 1912 4821 prio-

333 4819 492 4869 ribus
520 4818 735 4870 omissis
762 4822 997 4881 tertium,
1031 4823 1169 4884 quod
1201 4835 1385 4872 verum
1418 4831 1470 4871 et
1496 4818 1915 4887 propr-inmane-

332 4888 473 4939 toris
507 4901 700 4959 nomen
731 4897 867 4951 erat,
892 4889 1169 4942 adnotare.
1210 4896 1220 4939 t
1250 4893 1486 4956 repriuut
1515 4895 1749 4959 inquam.
1782 4892 1911 4946 Nam

335 4958 567 5028 l-Lnuodii
616 4957 790 5010 adhuc
833 4973 949 5009 aevo
999 4975 1113 5011 nios
1160 4960 1408 5023 durabat,
1452 4963 1539 5028 qui
1572 4957 1706 5026 apud
1740 4962 1778 5014 L
1818 4965 1911 5016 tiui

330 5026 609 5095 quondam
636 5029 745 5079 oris
771 5037 976 5094 gentes,
1023 5038 1184 5096 atque
1235 5029 1370 5082 adeo
1405 5026 1479 5083 ini
1510 5030 1650 5086 Urbe
1699 5034 1909 5086 tandem

2024 4046 2188 4102 tuam,
2231 4050 2486 4107 quantum
2526 4040 2591 4094 ad
2624 4056 2728 4107 me,
2773 4044 3006 4110 quietam
3050 4047 3333 4102 verborum
3372 4054 3603 4109 stimulis

2024 4128 2270 4181 excitavi.
2305 4132 2393 4184 Sic
2416 4130 2654 4184 minaces
2681 4130 2870 4187 dentes
2900 4134 3097 4190 bestias
3128 4140 3354 4193 invalida
3388 4143 3603 4200 lacessit

2023 4224 2143 4275 adol
2179 4225 2378 4277 scentia
2415 4241 2427 4276 :
2460 4233 2515 4280 et
2536 4226 2659 4278 dum
2694 4227 2896 4295 majora
2922 4229 3124 4285 viribus
3156 4246 3429 4299 provocat,
3461 4239 3602 4306 qttod

2023 4316 2237 4368 evenire
2264 4323 2428 4381 optat,
2462 4317 2823 4382 spectaculum
2856 4328 3005 4387 putat
3023 4337 3165 4389 esse,
3192 4340 3295 4378 non
3329 4330 3593 4394 przelium.

2020 4462 2179 4517 modo
2219 4462 2289 4534 in,
2316 4460 2481 4514 titulis
2517 4460 2763 4515 omnibus
2800 4461 3078 4528 librorum,
3117 4465 3166 4516 in
3215 4471 3595 4534 marmoribus,

2017 4533 2241 4608 aliisque
2261 4533 2467 4608 illorum
2491 4539 2789 4608 temporum
2816 4535 3200 4608 monumentiS,
3216 4542 3430 4608 quando
3451 4533 3597 4608 [dum

2020 4604 2172 4657 unius
2221 4602 2454 4655 hominis
2500 4602 2713 4654 nomina
2758 4617 3062 4666 occurrunt,
3103 4605 3320 4659 dubium
3370 4602 3473 4661 non
3518 4625 3601 4666 est

2018 4675 2142 4740 quin
2167 4688 2349 4745 verum
2373 4687 2435 4724 ac
2461 4671 2730 4745 proprium
2762 4674 2810 4725 id
2836 4673 2951 4741 ejus
2981 4692 3172 4728 nomen
3197 4679 3286 4741 sit,
3311 4681 3449 4745 quod
3475 4682 3599 4735 ulti-

2020 4758 2161 4795 mum
2209 4742 2521 4798 collocatur.
2571 4741 2701 4807 Quae
2742 4759 2881 4795 nunc
2918 4760 3095 4808 panes
3144 4741 3487 4803 admonuisse
3531 4753 3600 4807 sit

2018 4813 2149 4865 sa:is
2178 4829 2190 4863 :
2223 4812 2344 4880 quia
2370 4811 2564 4878 justam
2598 4813 2721 4865 huic
2750 4814 2826 4866 rei
2859 4813 3140 4867 diatribam
3173 4817 3188 4835 ‘
3215 4818 3342 4882 alio,
3377 4820 3420 4872 si
3458 4822 3596 4877 Deus

2022 4884 2187 4947 volet,
2223 4882 2341 4933 lucu
2371 4882 2720 4933 destinamus.

2091 4960 2116 5022 μ
2158 4956 2216 5007 In
2238 4960 2453 5022 quantos
2481 4967 2532 5003 se
2562 4951 2702 5022 usus]
2729 4949 2856 5022 ch.
2880 4952 2933 5003 in
2961 4964 3178 5020 quantos
3198 4972 3250 5007 se
3279 4959 3433 5011 visus.
3469 4960 3598 5015 Nam

2020 5021 2164 5099 velut
2192 5020 2261 5074 ob
2300 5022 2488 5073 oculos
2522 5020 2645 5086 poni
2676 5034 2763 5073 res
2794 5021 2939 5088 ipsas
2966 5023 3266 5099 desetiptas
3305 5030 3380 5081 ait
3411 5047 3422 5082 :
3458 5035 3600 5099 quod

330 5092 451 5163 ipsa
487 5109 603 5161 post
630 5092 873 5177 eversam.
907 5113 1076 5164 remp.
1098 5092 1357 5180 obtinuit,
1386 5110 1442 5152 ιιι
1462 5116 1579 5153 cum
1606 5101 1775 5155 tribus
1803 5104 1912 5156 fere
1945 5124 1994 5181 Ι)
2018 5093 2487 5181 οιηηίεξίζμιννδοηιη
2512 5105 2632 5159 τιυω
2657 5100 2967 5158 δεψιυηίυνο
3006 5092 3293 5163 “Annuus:
3320 5092 3590 5153 Αάιέιίεανο

329 5181 643 5233 quatuorve
675 5167 980 5238 nominibus
1005 5169 1295 5223 nobiliores
1323 5180 1621 5233 uterentur,
1640 5173 1912 5238 proprium

332 5248 516 5287 tamen
542 5252 702 5309 unum
734 5237 988 5305 cujusque
1036 5254 1228 5291 nomen
1275 5248 1441 5302 esset,
1471 5242 1612 5309 quod
1642 5237 1914 5307 postremo

328 5319 555 5378 semper
593 5307 709 5359 loco
754 5316 875 5373 post
918 5319 1108 5378 eaut-ra
1135 5310 1459 5371 statuebant,
1492 5307 1547 5362 et
1578 5326 1684 5378 quo
1733 5315 1911 5376 unico,

330 5376 379 5428 si
407 5370 934 5447 pluribusabstineré
959 5370 1520 5445 placuisset,smgutos
1544 5370 1911 5447 designabant.

334 5445 717 5521 \erbLgratia,
768 5445 836 5498 M.
881 5446 1320 5521 {mandentur
1350 5449 1617 5521 (sie_enim
1650 5445 1913 5505 breviatu-

330 5529 447 5566 rein
480 5512 635 5579 Tregt
682 5516 919 5589 Pompeii
960 5517 1191 5583 appellat
1221 5512 1388 5589 codex
1434 5519 1743 5589 Vaticanus)
1793 5537 1914 5586 pro-

328 5600 510 5649 pmuu
541 5600 732 5638 nomen
765 5587 857 5637 fuit
882 5587 1145 5653 Justinus,
1175 5597 1229 5641 et
1258 5587 1402 5643 FABII
1436 5587 1731 5642 LAttnsNrtt
1756 5591 1912 5646 Manu

335 5653 635 5717 Vtcroutxt,
652 5656 837 5722 qumjn
865 5670 989 5723 egra
1013 5668 1095 5711 εει
1119 5660 1475 5711 nomenclatio
1495 5661 1773 5713 clarissimi
1794 5662 1906 5713 rbe-

328 5724 492 5783 toris,
515 5738 547 5791 q
572 5726 602 5777 si
632 5726 683 5777 in
728 5725 1004 5778 Ciceronis
1035 5727 1200 5780 libros
1228 5731 1291 5779 de
1331 5733 1460 5782 Arte
1489 5731 1749 5784 rhetorica
1782 5733 1914 5783 scri-

325 5794 457 5861 psit.
476 5796 748 5865 proprium
772 5796 897 5848 item
923 5811 1115 5849 nomen
1138 5813 1207 5865 qn
1232 5798 1276 5850 .d
1297 5809 1641 5865 postremum.
1661 5799 1711 5851 ld
1740 5801 1909 5865 ipsnut

329 5865 390 5915 in
417 5866 643 5936 {\vienu,
676 5863 912 5936 Liberio.
946 5863 1367 5935 Sytttttta'eliopc'.
1399 5870 1517 5921 aliis
1548 5869 1612 5921 ad
1642 5863 1775 5936 quos
1810 5872 1911 5921 lin-

326 5931 531 5986 nudius
577 5935 793 5997 scribit,
842 5937 955 5990 suis
987 5931 1131 5990 locis
1184 5940 1548 5991 ostenti-smus.
1606 5931 1908 6007 Eodemque

2058 5178 2141 5225 ag.
2173 5161 2301 5214 945.

2022 5176 2141 5229 pag.
2173 5176 2301 5214 tua.
2550 5230 2551 5233 η

2090 5230 2115 5267 δ
2145 5232 2410 5297 Quantum
2435 5227 2570 5298 msh]
2591 5229 2885 5298 Qusua’st.
2926 5229 3021 5291 lo.,
3044 5231 3173 5287 ibid.

2094 5311 2116 5339 ο
2150 5296 2284 5353 Novi
2313 5312 2478 5370 tamen
2507 5296 2777 5370 aestimare]
2819 5302 3047 5352 Omnino
3081 5302 3439 5357 reducendum
3475 5318 3550 5360 est
3575 5352 3588 5370 ,

2019 5372 2157 5439 quod
2193 5374 2243 5443 in
2274 5369 2439 5443 veteri
2468 5369 2705 5443 editione
2731 5378 2813 5443 est
2837 5372 3280 5443 extimare,.qttasi
3314 5369 3597 5443 sejttngere

2018 5432 2047 5493 ιι
2080 5440 2256 5493 nimiis
2283 5432 2585 5508 pfmcouiis,
2620 5454 2685 5492 ne
2715 5440 2881 5509 pluris
2912 5442 3011 5493 sibi
3044 5432 3285 5496 videatur
3314 5432 3595 5509 quamvsu.

2019 5511 2119 5571 10.,
2144 5510 2269 5561 ibid.

2089 5578 2114 5615 ά
2145 5578 2223 5633 Sit
2252 5578 2381 5644 forte
2406 5577 2458 5630 in
2488 5577 2841 5647 wstimatione]
2875 5578 2985 5631 Non
3017 5580 3198 5632 debuit
3224 5582 3414 5635 mutari
3446 5595 3593 5639 vete-

2018 5666 2132 5703 rum
2163 5648 2451 5702 editionum
2480 5647 2636 5701 leCIio
2664 5648 2852 5719 extima
2870 5650 3007 5719 ioue:
3045 5651 3143 5702 hoc
3173 5662 3249 5704 est
3282 5666 3591 5719 sequeStra-

2019 5721 2183 5773 tione.
2217 5720 2279 5770 l'lt
2306 5732 2429 5785 pttto
2461 5719 2561 5786 legi
2589 5718 2784 5771 debere
2815 5734 2826 5767 :
2857 5716 2957 5779 Sit,
2991 5717 3121 5782 fere,
3153 5720 3203 5773 in
3234 5716 3588 5789 extimatione,

2016 5801 2114 5843 etc.
2152 5789 2247 5848 11)..
2280 5790 2406 5840 ibid.

2089 5869 2111 5893 «³
2150 5858 2331 5909 l’rwtii
2363 5860 2410 5909 in
2443 5868 2488 5909 te
2516 5854 2738 5927 putetur]
2768 5855 2952 5907 Prwt'tt'
2979 5858 3086 5912 sine
3114 5877 3165 5913 re
3190 5870 3295 5933 put.
3337 5862 3438 5926 lu.,
3463 5863 3565 5916 ibid

2080 5953 2088 5965 '
2120 5948 2283 5997 Habes
2306 5948 2490 5996 incdit.
2517 5950 2547 5993 S
2568 5948 2695 5994 donii
2722 5953 2821 6006 post
2846 5948 3037 6007 pur/iu.
