4186 6252
612 441 679 494 15
1332 466 1335 471 -
1745 431 2010 487 ΕΝΝΟΒΙΙ
2052 431 2347 486 EPISCOf‘I
2388 428 2761 485 TICINENSI‘S
3815 428 3872 480 l'ﬁ

607 558 697 615 Sic
725 569 875 611 mens
905 550 1298 622 congressionis
1328 549 1507 617 ignara
1533 545 1914 601 certaminibus
1941 554 2067 600 ante
2088 559 2179 614 pe-
2205 549 2253 607 Α
2286 543 2532 610 stitistis,
2573 546 2733 599 etiam
2766 542 2962 597 illresns
2994 540 3263 609 incipiam.
3300 539 3644 594 Deleniﬁcam
3675 539 3861 608 allega-

606 653 834 705 riculum
874 647 1036 701 debet
1086 644 1356 698 affectum.
1407 639 1603 694 Leonis
1648 639 1882 706 rabiem,
1929 647 1997 691 et.
2020 652 2180 706 quam

607 743 770 810 Libya
794 740 888 792 alit
910 737 1156 798 bestiam,
1182 748 1339 805 quam
1371 740 1442 795 te,
1467 732 1643 801 lingua
1668 744 1865 785 censeo
1891 727 2177 782 mitiorem.

605 832 735 899 Qum
763 846 847 883 me
874 824 1223 898 prmcipitavit
1251 821 1495 878 inscitia?
1521 822 1608 889 qui
1639 820 1804 873 animi
1832 818 2006 873 fervor
2030 832 2060 871 a
2089 831 2182 871 co-

606 922 839 991 gnitione
862 918 934 972 tui
965 915 1392 986 peregrinantem
1419 912 1572 967 duxit
1596 912 1650 965 in
1671 910 1906 977 devium,
1930 918 1987 964 ut
2009 908 2187 966 nesci-

605 1026 719 1066 rem
763 1009 889 1079 quid
933 1007 1213 1063 intentioni
1256 1005 1537 1060 lacessitus
1576 1002 1817 1067 deberet,
1851 1003 1941 1072 qui
1970 1017 2184 1069 semper

606 1099 956 1157 contumelias
982 1099 1185 1168 primus
1213 1096 1419 1165 incipit,
1445 1097 1532 1165 qui
1556 1094 1867 1164 iniuriarum
1890 1095 2185 1164 gymnasiis

607 1208 875 1263 nunquam
906 1191 1101 1245 meruit
1124 1187 1463 1255 posthaberi‘l
1492 1185 1820 1240 Clericorum
1850 1194 1999 1240 certe
2024 1200 2188 1240 exer-

608 1285 953 1341 citatissimus
977 1282 1315 1346 maledictor;
1344 1279 1437 1349 qui
1461 1278 1527 1333 ad
1553 1293 1646 1334 eos
1676 1294 1892 1348 semper
1912 1279 2112 1334 novelli
2132 1290 2187 1334 et

617 1380 745 1434 acuti
772 1378 946 1433 dentis
978 1388 1189 1429 morsus
1218 1372 1459 1427 exhibuit
1484 1414 1498 1436 ,
1532 1386 1689 1440 quem
1718 1371 1952 1425 evadere
1982 1372 2048 1424 ad
2082 1387 2186 1424 un-

610 1489 765 1542 guem
794 1473 950 1527 ducta
977 1471 1084 1524 vita
1112 1482 1216 1522 non
1247 1466 1470 1525 meruit;
1504 1465 1588 1519 cui
1611 1465 1776 1519 cessit
1801 1464 1976 1519 omnis
2006 1463 2188 1518 erudi-

612 1569 718 1632 tio;
760 1573 816 1621 et
844 1564 993 1634 quasi
1024 1569 1287 1617 cometem
1319 1559 1466 1614 sidus
1493 1557 1866 1626 religiosorum
1900 1555 2032 1623 fugit
2061 1555 2188 1609 uni-

611 1657 857 1713 versiias.
904 1657 1053 1708 llnnc
1080 1666 1206 1721 ergo
1230 1650 1507 1719 improbus
1536 1658 1591 1703 et
1624 1646 1799 1702 fronte
1823 1646 2017 1701 debilis
2044 1646 2190 1700 excio

612 1758 738 1811 tavi.
776 1756 883 1809 llac
911 1752 1101 1806 ﬁducia
1130 1762 1501 1816 provocassem
1525 1748 1713 1799 ventos
1740 1744 1804 1797 ad
1833 1742 2084 1807 (landum,
2118 1741 2186 1795 ad

612 1862 826 1902 cursum
854 1843 1067 1898 ﬁumina
1089 1881 1103 1905 ,
1134 1840 1391 1894 Faustum
1421 1850 1595 1890 meum
1625 1835 1690 1888 ad
1720 1834 2016 1888 facundiam
2039 1873 2055 1898 ,
2083 1846 2186 1901 qua

2254 684 2257 685 ν
2288 637 2484 690 tionem
2515 635 2795 703 amplexus
2819 633 3122 701 epistolaris
3144 632 3363 700 eloquii,
3384 645 3489 700 'ago
3515 640 3673 700 atque
3697 632 3866 683 habeo

2283 726 2500 793 gratias,
2531 724 2670 793 quod
2701 738 2786 777 me
2812 723 2903 776 diu
2946 724 3175 776 tristium
3215 722 3464 776 noluistis
3489 734 3611 775 esse
3661 721 3866 788 partici-

2288 832 2413 885 pem
2443 834 2455 868 :
2492 817 2699 871 fecistis
2723 815 2824 869 hoc
2844 814 3067 870 forsitan
3093 822 3221 867 voto
3245 822 3299 867 et
3319 812 3498 866 studio
3521 798 3867 866 consulentis.

2246 980 2253 989 .
2285 907 2389 961 Sed
2416 906 2624 959 ascribo
2655 905 2886 974 peccatis
2910 904 3064 969 meis,
3088 903 3225 973 quod
3249 902 3561 971 maioribus,
3586 902 3711 954 dum
3738 912 3840 955 tem
3859 932 3872 940 -

2291 1000 2489 1064 peratis
2518 996 2774 1065 alloquio,
2799 1009 2918 1049 sum
2942 996 3173 1063 iactatus
3202 994 3511 1061 angoribus.
3548 993 3667 1044 Mihi
3703 993 3788 1043 uni
3822 992 3871 1045 in

2286 1085 2568 1139 adversum
2610 1084 2825 1152 provisa
2862 1081 3203 1151 contingunt,
3230 1082 3354 1135 dum
3386 1079 3628 1147 graviora
3666 1094 3875 1143 semper

2288 1177 2340 1228 in
2371 1190 2476 1228 mm
2507 1188 2599 1228 ore
2626 1172 2851 1237 aestimo,
2874 1187 2994 1240 qua:
3017 1182 3258 1225 tacentur
3282 1187 3295 1223 :
3321 1170 3442 1239 quia
3465 1169 3626 1221 credo
3647 1167 3786 1237 quod
3811 1168 3876 1220 de

2287 1264 2649 1318 mediocribus
2669 1277 2812 1331 smpe
2830 1261 3295 1317 communicentur
3321 1259 3478 1313 verba
3512 1255 3875 1325 languoribus,

2287 1372 2404 1410 cum
2457 1354 2770 1425 proximitas
2820 1355 3023 1409 funeris
3067 1353 3293 1422 imperet
3330 1352 3538 1404 silentia
3579 1352 3688 1403 cito
3729 1365 3875 1401 rum-
3925 1399 3930 1403 _

2289 1448 2481 1517 penda.
2515 1447 2623 1500 Deo
2646 1446 2862 1515 gratias,
2889 1444 2981 1514 qui
3003 1460 3063 1498 ea
3093 1459 3212 1511 qua!
3244 1444 3376 1495 dura
3401 1439 3878 1501 mstimantur,cle-

2293 1540 2491 1593 ruentia
2522 1541 2659 1591 bene
2689 1538 2867 1600 vertit,
2894 1546 2950 1590 et
2976 1551 3093 1605 qua:
3124 1551 3191 1589 ex
3217 1538 3409 1588 merito
3440 1545 3625 1586 nostro
3656 1541 3876 1585 ventura

2290 1632 2637 1700 collegimus,
2675 1644 2739 1687 ex
2773 1644 2868 1684 sua
2899 1628 3028 1682 facit
3058 1628 3406 1682 miseratione
3438 1624 3741 1679 transferri.
3774 1623 3878 1676 Vo-

2291 1722 2507 1775 luissem
2543 1731 2745 1784 tamen,
2782 1718 2941 1774 talem
2969 1718 3109 1771 circa
3134 1717 3453 1786 parvitatem
3483 1730 3654 1769 meam
3683 1714 3871 1783 digna-

2292 1808 2367 1863 tio
2390 1819 2567 1863 vestra
2599 1810 2859 1863 tenuisset
2887 1807 3157 1870 aliecunn,
3181 1818 3235 1859 ut
3259 1821 3417 1875 quem
3446 1806 3696 1860 comitem
3730 1820 3873 1873 sa'pe

612 1895 1147 2004 {cna—dngiirrulitatein
1177 1928 1426 1998 loquendi
1449 1941 1641 1997 parcus
1668 1926 1880 1980 ferratis
1903 1895 2185 1979 verborum
2222 1904 2270 1963 Β
2295 1900 2501 2002 ε³¹¹⁴ξίί⁵
2539 1898 2825 1953 ³ά¹¹ίδ¹¹ί⁸¹ί
2848 1938 2865 1964 ’
2900 1912 3020 2004 etim
3049 1911 3114 1951 eo
3145 1897 3438 1965 Elegisseﬁs
3468 1895 3627 1949 etiam
3656 1896 3879 1947 adversa

612 2027 849 2082 calcibus
875 2021 1126 2078 animavi.
1149 2020 1387 2090 Ignosce,
1404 2032 1609 2088 quaso,
1635 2026 1688 2071 et
1709 2016 1848 2086 quod
1880 2017 1930 2069 in
1962 2016 2080 2070 liis
2110 2016 2187 2069 vi-

614 2121 744 2174 tium
785 2128 961 2187 putas,
1008 2115 1422 2169 taciturnitatem
1454 2111 1681 2163 amantis
1710 2122 1906 2178 sperne
1935 2125 1949 2163 :
1980 2109 2187 2162 abstine

613 2230 642 2269 ι
670 2212 964 2282 responsis,
999 2214 1381 2279 provocantem
1410 2204 1603 2257 damna
1633 2210 1958 2270 contemptu.
1989 2200 2186 2254 Tecum

613 2305 853 2359 decertet
878 2300 945 2354 de
972 2299 1166 2353 mediis
1199 2298 1363 2351 curiae
1404 2293 1595 2348 ﬁnibus
1625 2292 1871 2354 eductus,
1893 2292 2035 2346 circa
2064 2291 2187 2346 Gal-

613 2395 723 2448 lum
769 2390 1013 2461 pri'sapia
1044 2388 1366 2449 conticesce,
1412 2385 1609 2438 silentii
1658 2382 1770 2449 tui,
1816 2382 1860 2436 si
1909 2381 2183 2449 prawales,

615 2485 813 2539 talione
843 2482 1157 2537 muleemur.
1191 2476 1351 2542 Cave,
1389 2477 1461 2531 mi
1487 2474 1722 2536 domine,
1748 2489 1815 2528 ne
1839 2472 2061 2542 incipias
2091 2473 2190 2526 mi-

616 2593 800 2634 norem
828 2574 1146 2645 loquacitate
1167 2569 1509 2642 provocando
1531 2567 1745 2623 humilis
1763 2566 2039 2620 :estimari.
2054 2563 2188 2630 Quid

586 2688 589 2691 ·
615 2671 757 2726 enim
786 2667 983 2723 lahoris
1021 2674 1127 2730 est,
1163 2664 1430 2733 iacentem
1462 2662 1513 2715 in
1543 2675 1605 2715 ea
1633 2666 1785 2729 parte
1828 2670 2105 2726 superare,
2138 2664 2193 2711 et

616 2764 939 2833 triumphum
967 2762 1033 2817 de
1053 2774 1119 2815 eo
1138 2758 1359 2821 ducere,
1401 2756 1489 2824 qui
1518 2770 1578 2809 se
1603 2762 1728 2807 ante
1758 2750 2063 2805 conﬂictum
2093 2750 2193 2802 im-

617 2873 797 2929 parem
828 2852 1154 2911 conﬁtetur?
1200 2851 1328 2905 Esto
1367 2848 1494 2903 mihi
1536 2857 1711 2899 tamen
1752 2843 1891 2913 apud
1920 2842 2192 2895 dominum

617 2928 866 3003 Faustum
894 2943 1092 2999 amoris
1115 2940 1217 2996 mei
1246 2939 1429 3002 fibula,
1455 2928 1500 2991 si
1530 2936 1794 3005 querelas,
1826 2932 2070 3002 quamvis
2098 2945 2195 2984 an-

618 3052 814 3112 gustas,
845 3047 894 3095 et
927 3036 1172 3100 rusticas,
1203 3031 1388 3086 studes
1417 3030 1663 3083 evndere.

1175 3118 1503 3178 EPISTOLA
1547 3119 1630 3174 Ill.

1112 3229 1365 3268 essemus
1405 3213 1421 3243 ¹
1470 3225 1691 3263 rausro.

688 3315 819 3366 Acta
841 3317 923 3362 est
946 3319 1107 3360 causa
1128 3302 1379 3356 desiderii
1405 3299 1508 3353 mei
1530 3297 1789 3352 beneflcio
1812 3297 2151 3364 querelarum
2179 3313 2192 3348 :

622 3400 817 3457 meruit
841 3392 1191 3466 impudentia,
1219 3389 1359 3459 quod
1386 3388 1613 3455 negabat
1634 3387 1932 3440 urbanitas.
1965 3386 2198 3453 Diligen-

621 3496 747 3550 tiam
777 3488 948 3546 sancti
977 3484 1207 3556 pectoris
1239 3496 1395 3551 quam
1427 3480 1618 3533 artifex
1654 3477 1924 3532 silentium
1966 3475 2197 3544 tegebat,

622 3585 820 3649 elicui',
867 3576 1280 3636 taciturnitatem
1321 3586 1440 3643 qua:
1465 3572 1531 3624 ad
1573 3569 1809 3624 fomenta
1840 3567 2049 3621 ardoris
2074 3566 2197 3636 ξηιθί

624 3685 807 3746 parata
834 3673 1025 3738 fuerat,
1056 3666 1338 3723 terminavi
1371 3682 1383 3717 :
1432 3661 1768 3732 prorogando
1797 3661 1930 3715 viles
1957 3659 2196 3729 paginas,

625 3767 854 3837 pretium
889 3761 1153 3817 vincentis
1180 3758 1379 3826 accepi.
1413 3755 1503 3811 Sic
1535 3768 1748 3808 usuram
1776 3753 1966 3807 cultori
1992 3751 2201 3805 vexatis

624 3859 803 3915 reddit
830 3866 969 3912 terra
993 3851 1307 3922 cespitibus,
1338 3858 1393 3905 et
1413 3848 1638 3903 feturam
1667 3847 1897 3901 nobilem
1927 3846 1994 3898 de
2021 3845 2204 3911 singu-

626 3949 827 4004 laribus
846 3944 1072 4016 parturit
1088 3942 1241 4013 gleba
1265 3938 1593 4010 germinibus
1612 3954 1626 3990 :
1648 3938 1726 3990 sic
1746 3936 1811 3989 ad
1836 3949 2019 3988 vocem
2046 3934 2203 3988 unius

628 4024 859 4093 hominis
886 4037 1148 4089 montium
1188 4040 1392 4086 secreta
1422 4028 1770 4095 respondent,
1803 4034 1859 4080 ct
1882 4025 2006 4079 dum
2039 4039 2204 4093 angu-

627 4138 743 4183 stus
788 4126 989 4182 clamor
1032 4122 1283 4187 vincitur,
1340 4118 1684 4173 valitudinem
1733 4131 1885 4170 suam
1939 4115 2201 4169 elementa

627 4217 989 4274 manifestant.
1022 4211 1355 4282 Evangelicis
1385 4209 1537 4279 (Luc.
1561 4224 1637 4274 xt,
1667 4207 1723 4277 9)
1755 4206 1847 4262 tali
1879 4206 2018 4261 facto
2044 4205 2201 4260 obse-

625 4319 784 4367 cutus
831 4306 1082 4371 oraculis,
1131 4305 1366 4359 fructum
1406 4302 1473 4355 de
1519 4298 1770 4369 praecepti
1819 4314 1940 4353 sum
1979 4299 2203 4353 veritate

626 4402 880 4465 sortitus;
903 4398 1052 4468 cuius
1067 4396 1303 4452 declarat
1323 4392 1622 4456 instructio,
1641 4389 1781 4460 quod
1807 4389 2036 4459 pulsanti
2058 4402 2203 4457 saepe

626 4502 807 4562 surgat
834 4490 997 4555 Deus,
1023 4495 1078 4541 et
1102 4486 1319 4546 tribuat,
1347 4484 1391 4536 si
1418 4497 1522 4535 non
1566 4489 1783 4550 prOpter
1814 4481 2085 4542 meritum,
2120 4477 2203 4531 vel

627 4592 845 4651 propter
874 4576 1348 4647 importunitatem.
1378 4572 1630 4626 Facessat
1662 4570 1883 4639 posthac
1912 4568 2202 4623 inﬁdelium

626 4671 767 4725 male
795 4676 947 4722 cauta
985 4664 1250 4720 discussio
1283 4680 1297 4714 :
1329 4661 1619 4730 integritati
1645 4659 1927 4714 sententia:
1956 4658 2205 4729 periculis

628 4758 980 4832 praesentibus
1010 4755 1237 4811 idoneus
1267 4751 1395 4805 mihi
1420 4750 1571 4805 testis
1605 4749 1866 4818 astipulor
1921 4748 2208 4818 Frequenti

625 4850 870 4906 oratione
917 4854 1097 4915 optata
1142 4842 1409 4913 promerui
1456 4859 1469 4895 :
1516 4854 1833 4894 concessum
1881 4848 1958 4893 est
1994 4850 2208 4908 precum

626 4938 931 4996 assiduitati
955 4936 1094 5007 quod
1117 4934 1409 5004 negabatur
1430 4931 1684 4988 examini.
1712 4930 1889 4985 Debeo
1911 4930 2063 4985 vobis
2085 4930 2212 4983 ami-

626 5032 827 5093 citiam,
859 5025 1207 5099 querimoniae
1236 5037 1370 5078 mea:
1399 5040 1414 5077 :
1445 5036 1598 5091 quas,
1628 5020 1754 5074 dum
1785 5020 1925 5075 voris
1957 5019 2207 5075 effectum

629 5122 878 5185 tribuitis,
903 5120 1020 5191 plus
1040 5118 1252 5173 amabo.
1278 5116 1459 5171 Fuerit
1485 5115 1610 5170 licet
1630 5114 1779 5184 origo
1806 5103 1984 5168 vestra
2008 5129 2036 5167 a
2061 5114 2208 5184 justo
2272 5118 2275 5123 ‘

629 5213 818 5267 do‘lore
842 5211 1091 5273 veniens;
1129 5211 1434 5278 frequenter
1464 5222 1494 5260 a
1526 5206 1679 5260 vobis
1699 5247 1713 5271 ,
1764 5214 2043 5274 postquam
2075 5220 2213 5276 pra:-

703 5322 719 5352 ¹
762 5318 979 5390 Fausto]
1010 5318 1211 5372 Nullius
1240 5332 1433 5390 nomen
1477 5316 1527 5369 in
1560 5315 1808 5390 operibus
1846 5315 2077 5390 _Enuodii
2114 5330 2215 5370 sre-

634 5392 750 5459 pius
794 5384 1025 5445 occurrit
1051 5403 1205 5456 quam
1239 5387 1455 5459 Fau~ti:_
1499 5388 1649 5459 mlius
1678 5384 2030 5459 consulem").
2070 5401 2217 5454 (λικε-

631 5454 853 5524 sturant,
883 5454 1276 5528 praefecturam,
1328 5457 1665 5528 patriciatum
1703 5456 1865 5508 variis
1893 5454 2025 5509 locis
2056 5469 2219 5528 pom-

632 5525 914 5584 memorat.
959 5529 1005 5583 Is
1040 5539 1124 5581 est
1154 5525 1377 5580 Faustus
1415 5526 1691 5587 excousul,
1724 5539 1884 5594 quem
1927 5539 2023 5592 pro
2049 5525 2204 5595 Sym-

634 5600 825 5654 macho
870 5614 998 5667 papa
1047 5598 1098 5651 in
1146 5596 1413 5650 Laurentii
1443 5597 1731 5649 schismate
1774 5596 2012 5658 stetisse,
2045 5607 2205 5667 atque

632 5664 892 5723 adversus
935 5664 1149 5722 Festum
1192 5674 1247 5721 et
1288 5667 1535 5720 Albinum
1566 5667 1705 5720 item
1747 5667 2082 5727 cxconsules,
2111 5664 2203 5733 qui

638 5743 919 5793 Laurentio
968 5736 1235 5801 favebant,
1293 5739 1498 5789 fortiter
1548 5749 1830 5801 pugnasse,
1886 5745 2071 5787 auctor
2119 5746 2204 5789 est

637 5809 969 5863 Anastasius.
999 5810 1104 5863 Sed
1138 5808 1315 5861 Fausti
1344 5805 1654 5861 consulares
1687 5807 1785 5857 hoc
1817 5815 2055 5869 tempore
2096 5804 2202 5859 dno

637 5881 869 5935 fuerunt.
920 5876 1065 5935 Unus
1108 5880 1386 5935 consulatu
1423 5876 1539 5930 sine
1567 5877 1772 5943 collega
1818 5875 2026 5927 functus
2063 5889 2202 5929 anno

2292 1991 2497 2059 pariri.
2546 1992 2624 2042 An
2658 1990 2852 2057 putatis
2881 1988 2986 2043 tale
3027 1988 3343 2044 beneficium
3389 1988 3440 2041 iu
3482 1996 3760 2054 aeeeptnm
3798 2002 3883 2040 me

2289 2094 2409 2133 esse
2432 2079 2748 2141 relaturum,
2766 2076 2812 2130 si
2833 2076 2903 2130 ab
2928 2078 3148 2130 testibus
3173 2077 3402 2145 pectoris
3419 2076 3607 2140 vestri,
3629 2088 3882 2145 tanquam

2291 2169 2427 2223 male
2468 2168 2639 2221 ﬁdelis
2667 2166 2964 2221 excludar?
3012 2165 3128 2221 Non
3168 2175 3277 2230 est,
3311 2175 3369 2219 ut
3397 2165 3583 2231 video,
3615 2167 3757 2234 apud
3791 2174 3884 2217 vos

2292 2258 2396 2312 mei
2440 2257 2574 2311 ratio
2617 2256 2925 2323 dispensata
2956 2254 3214 2309 consiliis.
3259 2253 3370 2324 Ego
3403 2253 3531 2306 mihi
3563 2253 3739 2319 perire
3765 2268 3884 2321 gra-

2292 2346 2417 2400 tiam
2457 2354 2605 2414 puto,
2643 2344 2743 2397 nisi
2773 2358 2890 2397 eam
2931 2358 3110 2396 rerum
3150 2343 3388 2395 omnium
3431 2343 3706 2395 vobiscum
3738 2357 3887 2396 com-

2292 2436 2651 2489 municatione
2698 2431 2964 2486 nutriatis.
2999 2430 3258 2496 Desinite,
3294 2446 3499 2499 quaeso,
3541 2431 3593 2485 in
3623 2431 3723 2483 hac
3754 2431 3887 2484 mihi

2296 2535 2445 2596 parte
2466 2525 2771 2588 consulere,
2802 2532 2979 2576 vestra
3008 2522 3278 2591 impendio
3307 2522 3467 2575 verba
3489 2521 3749 2591 cupienti.
3781 2521 3883 2574 Cui

2294 2618 2338 2671 si
2371 2614 2532 2669 votivi
2566 2621 2828 2683 negentur
2850 2610 3062 2676 affatus,
3092 2610 3355 2678 fatiscant,
3379 2619 3437 2664 ut
3470 2617 3610 2665 terra
3636 2612 3721 2664 cui
3748 2610 3889 2663 cn‘lo

2294 2705 2423 2759 nihil
2458 2704 2698 2773 liquitur,
2748 2717 2847 2755 nec
2894 2715 3057 2754 venas
3097 2712 3222 2755 suas
3252 2715 3412 2755 succo
3449 2700 3611 2754 bibuli
3643 2700 3889 2752 humoris

2296 2795 2547 2856 infundit.
2578 2792 2719 2847 unde
2744 2791 2940 2845 innatis
2964 2792 3212 2844 alimenta
3233 2792 3423 2844 culmis
3444 2791 3717 2853 exhibeat,
3738 2800 3796 2845 et
3816 2793 3883 2843 ad

2297 2886 2486 2940 falcem
2517 2883 2763 2953 gravidas
2792 2880 2980 2934 aristas
3008 2880 3260 2933 adducat.
3303 2880 3367 2935 Ut
3398 2881 3556 2946 piscis
3600 2865 3734 2945 aqua
3762 2880 3890 2932 abs-

2302 2985 2503 3030 tractus
2548 2972 2796 3025 vitalibus
2838 2970 3162 3023 indumentis
3217 2968 3455 3034 privatus
3500 2968 3891 3036 exsringuitur,

2300 3069 2380 3121 sic
2421 3080 2520 3133 ego
2545 3062 2827 3117 subductis
2856 3059 3073 3127 alloquii
3117 3060 3279 3112 vestri
3324 3058 3539 3112 fluentis
3583 3057 3891 3114 interimor.

2297 3157 2551 3225 Qumrant
2578 3153 2661 3206 alii
2690 3149 2827 3221 quod
2862 3148 3089 3203 dcleCtet
3121 3165 3135 3202 :
3167 3163 3267 3218 ego
3297 3163 3385 3202 res
3410 3148 3474 3200 ad
3502 3148 3738 3200 animam
3769 3164 3893 3217 per-

2221 3269 2266 3321 (ξ
2302 3251 2533 3302 ιὶηοηιιιε
2562 3242 2841 3313 expostulo
2872 3258 2886 3295 :
2922 3239 3050 3293 mihi
3075 3255 3177 3293 non
3212 3249 3316 3291 tam
3344 3239 3565 3293 delicias
3594 3239 3757 3293 verba
3797 3254 3896 3293 ve-

2302 3348 2411 3392 stra
2444 3336 2676 3406 pariunt,
2704 3349 2863 3404 quam
2892 3332 3146 3386 salutem.
3186 3330 3319 3383 Rem
3360 3329 3530 3383 fateor
3556 3329 3719 3382 nullis
3750 3331 3898 3382 co'o-

2302 3441 2469 3483 ratam
2510 3428 2665 3489 fucis,
2710 3427 2870 3479 nullis
2910 3425 3226 3478 nebularum
3270 3423 3535 3491 dep’ctain
3576 3420 3899 3486 mendaciis,

2302 3518 2424 3588 quia
2458 3534 2561 3569 non
2592 3532 2707 3569 sum
2748 3513 3035 3569 simulandi
3073 3513 3260 3567 artifex
3298 3529 3311 3565 :
3344 3513 3653 3578 decerptum
3689 3512 3901 3582 aliquid

2303 3614 2426 3665 vita:
2458 3626 2591 3664 mem
2622 3608 2829 3672 censui,
2854 3607 2979 3659 dum
3013 3606 3221 3659 tacetis.
3248 3604 3383 3658 Maie
3412 3619 3508 3656 vos
3538 3602 3728 3656 ﬁdeles
3753 3618 3907 3656 asse-

2312 3704 2450 3765 ritis,
2483 3704 2525 3755 si
2557 3702 2620 3754 ad
2649 3715 2806 3754 aures
2847 3713 2993 3752 meas
3033 3696 3355 3767 generaliter
3383 3694 3625 3748 deﬁenda
3675 3711 3775 3763 per
3808 3711 3905 3748 vos

2307 3792 2619 3847 deferantur
2657 3788 2992 3844 incommoda
3027 3804 3041 3840 :
3082 3787 3231 3855 quasi
3284 3785 3492 3839 nescire
3534 3785 3693 3838 alicui
3744 3786 3905 3839 (thri-

2308 3886 2483 3938 stiano
2508 3882 2704 3935 liceat’
2737 3879 2958 3945 malum,
2981 3878 3066 3933 cui
3094 3877 3259 3930 Roma
3281 3875 3598 3930 succumbit.
3630 3874 3908 3929 Barbaras

2309 3974 2581 4038 nationes,
2612 3979 2665 4023 et
2693 3985 2723 4023 a
2753 3971 2935 4023 no'stro
2974 3966 3146 4021 limite
3176 3975 3289 4019 toto
3332 3980 3469 4034 pene
3497 3966 3627 4018 orbe
3670 3965 3906 4028 divisas,

2305 4062 2570 4118 continuis
2594 4061 2706 4114 lucc
2728 4060 2955 4122 coniicio
2975 4056 3218 4111 lamentis
3241 4055 3614 4124 ingemiscere,
3643 4063 3700 4109 et
3722 4057 3790 4109 ad
3822 4071 3910 4109 so-

2309 4154 2491 4208 latium
2520 4163 2757 4205 uostruin
2786 4150 3051 4219 lacrymas
3071 4148 3437 4203 commodare.
3469 4147 3636 4216 Huius
3667 4150 3749 4200 rei
3790 4164 3906 4201 ma-

2306 4246 2525 4315 gnitudo
2556 4253 2731 4298 vestra
2760 4241 3019 4296 adhibere
3050 4256 3107 4295 se
3136 4240 3364 4294 indicem
3397 4239 3557 4308 fugit,
3593 4249 3650 4292 ut
3692 4241 3746 4292 iu
3784 4256 3911 4306 pcr-

2316 4337 2510 4392 niciem
2564 4349 2735 4389 meam
2787 4332 3053 4387 fallacium
3107 4332 3409 4385 nuntiorum
3461 4328 3727 4383 diabolica
3781 4346 3909 4385 eum

2310 4430 2598 4482 securitate
2627 4436 2747 4478 Vota
2781 4425 3107 4478 mentiantur
3138 4439 3151 4475 :
3179 4433 3233 4474 nt
3263 4436 3367 4475 non
3395 4421 3483 4482 sit,
3526 4420 3591 4472 ad
3620 4421 3784 4490 cuius
3818 4438 3913 4475 ve-

2310 4520 2523 4573 ritatem
2556 4527 2674 4585 post
2701 4514 2905 4568 fabulas
2934 4514 3170 4567 redeam.
3204 4527 3301 4564 nec
3327 4512 3414 4579 qui
3445 4511 3686 4564 animum
3723 4527 3911 4566 meum

2236 4634 2287 4693 Β
2312 4608 2421 4659 veri
2446 4604 2901 4658 demenstratione
2918 4608 3202 4654 sustentet.
3220 4601 3358 4653 Cave
3375 4599 3529 4664 faxis,
3546 4600 3617 4653 mi
3641 4600 3873 4655 domine
3896 4619 3908 4653 :

2314 4695 2586 4748 vobiscum
2619 4691 2748 4746 mihi
2775 4692 2876 4745 alia
2908 4705 2994 4745 res
3018 4699 3137 4744 est:
3170 4690 3314 4745 aliud
3347 4689 3445 4743 fori
3484 4690 3592 4759 ius,
3624 4692 3778 4746 aliud
3815 4696 3917 4746 tri-

2313 4785 2483 4839 clinii.
2521 4783 2719 4838 Audiat
2747 4791 2797 4837 te
2833 4798 2950 4850 qua:
2983 4782 3033 4834 in
3074 4782 3485 4835 conversatiOue
3517 4782 3731 4849 publica
3766 4784 3915 4837 ditii-

2314 4877 2485 4941 ceris,
2538 4874 2731 4929 familia
2777 4873 3067 4927 domestica
3115 4874 3467 4928 retexentem.
3516 4872 3911 4942 Subiectorum

2313 4966 2541 5027 animos,
2572 4972 2627 5017 et
2649 4963 2849 5025 ﬁdeles,
2874 4971 2929 5015 ut
2970 4964 3186 5031 putatis,
3220 4972 3426 5017 mentes
3455 4962 3784 5017 relationuin
3817 4982 3905 5018 ve-
3956 5012 3962 5021 .

2316 5067 2547 5111 strarum
2574 5054 2707 5107 cibis
2737 5053 2886 5115 alite,
2915 5068 2980 5105 ne
2998 5052 3177 5120 ieiuna
3199 5054 3490 5107 amicorum
3514 5053 3679 5106 cirda
3712 5056 3914 5109 tal.bu~

2314 5145 2529 5200 ferculis
2557 5143 2782 5212 impasta
2815 5141 3126 5195 moriantur.

2316 5316 2517 5371 Chr‘sti
2548 5314 2674 5369 483.
2699 5316 2797 5381 Qui
2823 5313 3118 5381 Aginautus
3146 5314 3371 5377 Faustus
3399 5313 3591 5365 dii-itur
3619 5312 3673 5366 iu
3700 5319 3916 5368 tmmilo

2318 5386 2633 5442 Mandrusm.
2668 5386 2816 5439 Alter
2850 5386 2931 5439 Fl.
2981 5384 3206 5436 Fatt~tus
3246 5384 3427 5449 iunior
3465 5400 3477 5434 :
3513 5382 3596 5435 hic
3644 5383 3915 5448 fortnase,

2318 5459 2384 5510 de
2415 5473 2517 5523 quo
2549 5458 2775 5522 agimus,
2818 5458 2905 5519 qui
2937 5457 3165 5521 septimo
3211 5465 3329 5521 poSt
3377 5455 3719 5521 superiorem
3762 5473 3914 5509 anni

2319 5529 2503 5581 consul
2538 5528 2633 5578 fuit
2657 5540 2776 5578 cum
2804 5524 3065 5591 Longino.

2381 5598 2401 5626 ³
2448 5595 2645 5647 Malum
2672 5596 2755 5646 cui
2792 5592 2947 5646 Roma
2990 5590 3289 5661 succumbit]
3319 5592 3399 5645 0b
3434 5590 3721 5644 factionem
3757 5594 3920 5649 vide-

2312 5666 2436 5720 licet
2485 5667 2789 5718 schismatis
2840 5662 3201 5726 Laurentiaui,
3243 5677 3538 5729 graveSquc
3586 5666 3914 5717 contentio-

2308 5753 2427 5797 nes,
2460 5749 2661 5802 pugnas
2684 5773 2697 5795 ,
2727 5735 2904 5786 confes
2931 5748 2992 5784 ex
3024 5748 3084 5784 ea
3116 5746 3265 5783 natas
3290 5771 3305 5793 ,
3339 5732 3406 5784 dc
3434 5732 3626 5802 quibus
3660 5731 3715 5783 in
3749 5733 3921 5802 Sym-

2307 5800 2477 5859 machi
2533 5806 2643 5858 Vita
2696 5804 2832 5855 idem
2888 5803 3218 5866 Anastasius,
3266 5812 3315 5852 et
3367 5800 3641 5852 Ennodius
3692 5800 3815 5868 ipse
3865 5806 3923 5857 in

2314 5875 2677 5945 Apologctico.
