4186 6252
612 373 675 427 i9
1745 372 2019 428 ENNUDIIA
2049 372 2347 428 EPISCOI‘I
2388 372 2755 430 'I‘ICINENSIS
3794 377 3865 430 ‘20

610 490 851 557 consilto,
884 504 1109 561 quorum
1138 490 1445 560 longtevitas
1472 498 1527 543 et
1547 498 1876 544 senectutem
1904 492 2097 545 refutat
2122 501 2177 547 et
2203 493 2247 548 Α
2279 489 2531 543 seetando
2563 493 2808 545 mascula:
2838 492 3086 547 dictionis
3116 492 3278 547 brach
3305 491 3348 545 is
3374 491 3609 562 mquales
3638 489 3702 543 ad
3734 506 3854 543 eer-

611 584 914 639 terminum.
945 584 1083 638 Deus
1100 583 1264 636 bone!
1291 591 1543 650 quantum
1568 592 1667 645 est,
1690 583 1841 636 unius
1860 582 2177 637 vocabulum

611 675 838 730 hominis
864 674 1160 743 impensum
1186 676 1201 703 ¹
1232 672 1282 726 in
1313 673 1576 726 dietamlis
1602 672 1801 739 legibus
1835 673 2069 727 laborem
2097 674 2176 728 vel

609 766 845 821 stabilire
891 779 1066 834 posse,
1100 763 1183 818 vel
1223 763 1466 817 solvere?
1505 763 1672 817 Macte
1718 763 2004 831 insignium
2045 762 2177 815 ado-

611 861 817 910 lescens
838 857 1113 922 virtutum,
1134 854 1223 923 qui
1242 853 1600 906 oblitteratum
1629 855 1852 906 materni
1882 852 2181 907 stemmatis

608 948 797 1002 callem
820 946 1007 1001 vitales
1037 945 1299 999 honorum
1331 957 1548 998 secures
1577 943 1823 1006 attulisti,
1856 943 2047 1009 quibus
2078 956 2178 995 an-

611 1056 787 1107 nosas,
826 1056 891 1095 ne
926 1039 1290 1109 posteritatem
1324 1047 1463 1091 tuam
1508 1037 1822 1097 retinerent,
1862 1034 2181 1102 splendidis-

608 1134 725 1188 simi
745 1133 947 1188 itineris
964 1131 1144 1186 obices
1168 1138 1487 1196 amputarcs.
1512 1125 1716 1181 Cedant
1743 1129 1863 1178 hch
1887 1126 2179 1193 priscorum

610 1228 811 1294 laudes,
844 1227 1035 1297 quibus
1077 1222 1405 1278 nobilitatem
1442 1226 1723 1274 doctorum
1754 1230 2053 1272 commenta
2092 1232 2183 1286 pe-

610 1326 886 1385 pererunt,
909 1330 1028 1385 qua:
1057 1312 1346 1383 pltaleratis
1372 1312 1659 1365 verborum
1690 1307 1992 1376 superciliis
2026 1307 2183 1360 meri-

610 1421 719 1465 tum
743 1425 771 1462 a
805 1411 1033 1461 relatore
1072 1412 1393 1459 mercantur.
1434 1401 1663 1455 Necesse
1692 1401 1831 1455 enini
1862 1408 1946 1454 est
1973 1399 2181 1453 exilita-

609 1515 715 1556 tem
755 1500 1005 1554 thematis
1036 1497 1299 1551 narrantis
1328 1494 1518 1562 Opibus
1548 1494 1812 1563 ampliari,
1853 1504 1908 1544 ut
1938 1492 2035 1546 dos
2064 1506 2183 1560 quae

611 1600 661 1649 in
692 1592 908 1647 materia
933 1608 1036 1645 non
1069 1591 1354 1652 invenitur,
1380 1587 1502 1657 styli
1534 1586 1960 1655 processionibus
1983 1588 2181 1640 insera-

608 1696 711 1737 tur.
746 1683 814 1737 L‘t
841 1692 1042 1735 taceam
1076 1680 1287 1742 Fabios,
1324 1677 1646 1746 Torquatos,
1689 1676 1963 1738 Camillos,
1996 1677 2183 1729 liecios

610 1773 773 1827 fuisse
798 1779 1109 1839 siuperatos;
1136 1779 1186 1823 te
1209 1768 1405 1836 ipsum,
1430 1768 1501 1821 mi
1523 1767 1762 1833 domine,
1793 1767 1881 1834 qui
1906 1766 2183 1820 universos

2284 588 2459 633 tamen
2488 582 2689 633 eduxit.
2724 581 2825 637 Sed
2856 598 2959 647 quo
2985 599 3069 636 me
3108 582 3278 648 rapiat
3320 596 3599 648 processus
3627 578 3866 631 affectio-

2282 672 2365 724 nis
2396 676 2680 727 teruinutn
2717 675 3016 737 refutantis,
3047 687 3311 743 agnosco:
3341 674 3547 727 divisus
3592 677 3864 740 proposito

2280 766 2551 818 consulem
2595 766 2860 820 eruditum
2904 767 3114 835 ingenio
3157 766 3327 833 impar
3369 766 3600 834 appello.
3638 765 3719 819 Ad
3767 778 3864 817 vos

2285 863 2546 919 revertor,
2590 870 2711 908 cum
2757 855 2949 923 quibus
2993 855 3123 908 mihi
3153 869 3437 908 commune
3461 854 3734 922 gaudium,
3770 867 3866 921 par

2281 941 2631 1009 desiderium,
2680 945 2899 1013 aequalis
2931 944 3251 1013 supplicatio
3284 953 3384 999 cst.
3419 943 3646 998 Oremus
3676 944 3859 1008 Deum,

2283 1035 2403 1101 quia
2435 1044 2552 1089 vitta
2595 1047 2776 1089 nostra
2808 1036 3022 1089 modum
3064 1036 3314 1100 refutant,
3348 1043 3406 1088 ut
3447 1038 3559 1105 ipse
3590 1036 3743 1088 faciat
3775 1049 3865 1101 pe-

2286 1139 2453 1179 renne
2474 1139 2595 1178 esse
2626 1125 2767 1193 quod
2793 1125 2978 1178 tribuit
3013 1141 3026 1177 :
3059 1140 3156 1177 nec
3188 1140 3417 1189 unquatn
3452 1124 3590 1176 circa
3624 1138 3719 1176 nos
3749 1138 3865 1175 ntu-

2286 1214 2504 1268 nerihns
2545 1217 2655 1267 suis
2689 1215 2973 1269 terminum
3015 1224 3194 1281 ponat,
3226 1214 3315 1282 qui
3361 1213 3634 1282 largiendo
3672 1213 3873 1265 damnat

2285 1318 2392 1357 non
2421 1306 2602 1357 sentit.
2636 1304 2741 1356 Vos
2771 1303 2997 1372 gaudete
3029 1313 3203 1356 tamen
3238 1313 3417 1355 vestro
3443 1316 3547 1355 tam
3578 1301 3863 1355 excellenti

2290 1403 2452 1461 bono,
2484 1395 2676 1463 quibus
2706 1394 2781 1447 fas
2808 1404 2889 1448 est
2917 1403 3033 1461 post
3061 1393 3271 1445 trabeas
3304 1406 3428 1444 suas
3464 1391 3659 1444 habere
3700 1391 3862 1444 lilium

2286 1488 2337 1541 in
2367 1486 2627 1555 obsequio
2656 1486 3012 1539 consularem.
3061 1484 3115 1539 Si
3151 1495 3324 1536 tamen
3371 1483 3422 1535 in
3455 1481 3715 1535 sententia
3748 1489 3865 1534 mea

2285 1579 2517 1633 caelestis
2540 1577 2688 1644 vigor
2710 1588 2984 1645 cperatur,
3003 1586 3051 1629 ct
3082 1586 3189 1629 tela
3213 1590 3363 1628 mens
3390 1574 3635 1627 humanis
3656 1573 3865 1627 doliolis

2285 1668 2534 1721 inclinata
2570 1684 2671 1720 non
2694 1667 2952 1735 snbjacet,
2988 1668 3219 1720 lidelium
3246 1667 3545 1718 orationum
3569 1677 3863 1719 Vt‘SlI'ill'Ilm

2286 1760 2569 1811 retributio
2592 1772 2672 1811 est
2709 1760 2847 1811 circa
2872 1757 3108 1810 sobolem
3142 1758 3369 1825 dignitas
3398 1757 3695 1823 impetrata.
3739 1754 3864 1810 Urbi

610 1862 800 1927 vicisti,
846 1862 960 1929 ejus
1005 1858 1308 1929 primordiis
1333 1857 1580 1911 existimo
1618 1856 1791 1909 votive
1820 1855 2067 1909 cesisse.
2098 1855 2176 1909 Tu
2212 1844 2253 1901 Β
2285 1852 2590 1904 sufficerent
2619 1860 2845 1918 qmmtos
2875 1851 3029 1901 habet
3056 1849 3246 1901 domus
3276 1864 3376 1901 una
3409 1856 3733 1916 precittores.
3766 1847 3865 1902 Fe-

612 1968 705 2021 per
734 1951 978 2006 duratum
1008 1965 1323 2019 proavorum
1348 1962 1675 2017 avorumque
1699 1948 1723 1977 ²
1750 1945 2045 2013 scipionum
2076 1955 2182 1997 tra-

610 2064 639 2094 n
664 2042 792 2097 item
837 2041 945 2110 jam
984 2040 1253 2109 grandior,
1300 2053 1434 2108 pene
1467 2036 1880 2105 prmcedentium
1911 2051 2184 2089 connexus

611 2134 864 2188 lateribus
889 2132 1200 2197 ambulasti;
1223 2131 1292 2184 ita
1315 2138 1371 2183 ut
1390 2129 1490 2184 sub
1514 2127 1891 2195 conjunctione
1913 2142 2182 2195 nunquam

608 2224 938 2292 interpolata:
961 2221 1225 2275 felicitatis
1252 2218 1547 2274 incederes.
1574 2218 1652 2271 Ad
1680 2216 1866 2270 Avieni
1892 2217 1990 2270 mei
2012 2216 2185 2270 adhuc

608 2314 777 2368 teneri
824 2312 1046 2371 virtutes
1096 2310 1356 2378 pertinet,
1406 2319 1460 2363 et
1506 2318 1596 2362 tuo
1641 2308 1823 2377 generi
1867 2322 1965 2361 con
1996 2308 2180 2361 innare

610 2406 799 2466 t‘asces,
824 2412 877 2457 et
910 2413 1093 2455 nostro
1125 2400 1370 2455 reddere.
1415 2400 1528 2470 Ago
1572 2402 1769 2471 gratias
1806 2400 2083 2453 intentioni
2130 2403 2181 2453 in

608 2508 891 2548 commune
920 2501 1263 2561 augmentum
1295 2491 1620 2561 proftuurre’:
1646 2506 1738 2559 per
1761 2506 1917 2561 quam
1951 2506 2071 2544 cum
2095 2490 2187 2544 Dei

611 2582 873 2637 beneficio
901 2584 1152 2636 natalium
1183 2582 1443 2636 bonorum
1482 2581 1694 2635 claritas
1724 2583 1982 2635 hactenus
2026 2583 2189 2636 inter-

608 2674 755 2727 clusa
788 2672 1152 2740 resolenduit:
1185 2689 1276 2741 per
1308 2688 1465 2742 quam
1484 2673 1621 2728 diem
1646 2688 1798 2728 suum
1834 2675 2035 2728 lucidus
2062 2689 2185 2727 San-

608 2766 724 2832 guis
748 2766 986 2834 agnovit.
1013 2766 1181 2832 Quam
1206 2765 1491 2819 voluissem
1511 2775 1753 2819 votorum
1784 2781 2019 2820 meorum
2044 2782 2189 2821 sunt-

610 2872 747 2908 mam
776 2872 955 2910 coram
990 2857 1197 2925 positus
1227 2856 1438 2921 intueri,
1481 2857 1525 2910 si
1562 2874 1665 2910 non
1702 2869 2036 2925 peccatorum
2072 2874 2187 2910 ma-

606 2948 826 3015 gnitudo
859 2963 1050 3002 munus
1094 2948 1336 3014 caeleste,
1371 2950 1511 3017 quod
1548 2964 1655 3003 non
1687 2950 1854 3019 potuit
1884 2948 2184 3012 desideriis,

605 3038 890 3107 denegaret
919 3039 1243 3108 aspectibus,
1277 3050 1328 3094 et
1377 3040 1526 3095 nefas
1563 3042 1634 3096 sit
1663 3040 1931 3096 hominem
1963 3056 2071 3094 uno
2092 3056 2188 3095 eo-

606 3133 833 3201 demque
867 3142 1105 3200 tempore
1159 3134 1407 3187 universa
1448 3141 1626 3201 optata
1673 3137 1995 3203 promereri!
2054 3135 2184 3189 Illud

2285 1941 2354 1995 lix
2388 1952 2558 1995 mater
2588 1950 2664 1994 tot
2699 1942 3081 2009 imperatorum
3121 1937 3369 2000 domina;
3400 1953 3494 1991 Vos
3521 1937 3658 2006 apud
3695 1937 3862 1990 Deum

2287 2034 2533 2101 precibus
2564 2035 2677 2087 suis
2709 2046 2948 2088 matrona
2989 2034 3139 2088 fortis
3171 2035 3405 2087 attollit:
3441 2050 3537 2103 per
3567 2043 3742 2087 tantos
3772 2049 3858 2086 re-

2282 2138 2443 2191 gnum
2478 2126 2699 2178 roeleste
2723 2124 2825 2177 vim
2869 2124 3086 2193 patitur,
3112 2141 3342 2194 quorum
3385 2124 3590 2179 meritis
3620 2140 3649 2177 a
3686 2125 3864 2178 divina

2285 2217 2568 2270 clementia
2609 2215 2748 2284 quod
2788 2219 3106 2282 po~tnlatur,
3136 2217 3388 2285 exigitur.
3417 2216 3682 2284 Scriptum
3720 2217 3865 2269 enim

2288 2309 2648 2370 meminimus,
2673 2307 2884 2362 dicente
2916 2307 3142 2361 Domino
3159 2308 3434 2375 discipulis
3459 2324 3470 2358 :
3501 2307 3560 2360 Si
3588 2308 3865 2359 cduvmerit

2286 2396 2481 2449 duobus
2504 2405 2592 2448 aut
2628 2396 2787 2448 tribus
2810 2405 3049 2461 vestrum,
3074 2397 3228 2464 quidq
3269 2399 3319 2446 id
3357 2396 3595 2458 petieritis
3625 2396 3866 2459 impetro-

2288 2487 2401 2538 bitis
2433 2484 2649 2554 (Matth.
2687 2501 2831 2551 xvttt,
2872 2485 2977 2552 19).
3014 2486 3188 2539 Credo
3233 2485 3658 2552 liedemptoretn,
3696 2482 3867 2551 justo-

2289 2596 2404 2633 rtun
2450 2580 2666 2634 raritate
2697 2590 2999 2647 prospecta,
3048 2596 3142 2644 pro
3184 2578 3365 2631 mundi
3396 2580 3566 2629 salute
3607 2578 3867 2643 petituros

2290 2671 2421 2724 duos
2443 2669 2641 2723 dixisse
2672 2668 2920 2723 sufficere
2948 2687 2961 2721 :
2996 2670 3118 2722 licet
3148 2669 3452 2735 conjectura
3499 2667 3776 2733 perpendi,
3820 2669 3864 2719 si

2297 2763 2465 2830 possit
2504 2762 2671 2814 tribus
2719 2761 2913 2829 aliquid
2963 2761 3212 2827 denegari
3252 2775 3346 2826 pro
3396 2775 3609 2811 suorum
3642 2758 3867 2812 utilitate

2298 2851 2659 2917 po-centibus.
2708 2850 2798 2904 llis
2829 2865 2954 2918 ergo
2979 2850 3173 2916 ερρὶιιις
3208 2851 3492 2914 animatus,
3522 2858 3578 2928 et
3601 2849 3863 2915 jn~tnrnnt

2291 2954 2437 3008 cogn.
2464 2941 2608 2992 ti0ne
2638 2939 2901 3005 sublimis,
2934 2939 3147 2993 confido
3173 2941 3241 2992 de
3277 2955 3503 3007 superna
3539 2940 3863 3008 heu‘gnuate

2291 3030 2451 3083 etiam
2483 3045 2567 3085 me
2594 3030 2658 3081 ad
2684 3040 2879 3098 optata:
2898 3033 3104 3100 copiam
3133 3032 3318 3099 gratia:
3364 3042 3757 3098 perventurum.
3799 3031 3857 3085 Si

2290 3118 2519 3173 Abrahae
2570 3121 2773 3173 meritis
2816 3119 2965 3191 (Gen.
3012 3124 3109 3187 xu)
3156 3121 3286 3174 Loth
3338 3134 3643 3174 sant-torum
3699 3122 3866 3173 turbis

608 3231 781 3272 tamen
817 3221 953 3273 inter
979 3221 1237 3273 maximas
1264 3221 1637 3291 Redemptoris
1668 3224 1836 3277 nostri
1872 3239 2181 3278 remunera-

2290 3213 2573 3265 asrrihitur
2599 3231 2609 3263 τ
2643 3213 2687 3267 si
2723 3212 2772 3267 hi
2801 3216 2890 3282 qui
2919 3230 3139 3269 caruere
3169 3214 3416 3282 prOpriis,
3451 3214 3865 3281 propinquorum

609 3310 781 3364 tiones
808 3312 970 3363 credo
1000 3312 1411 3378 numerandum,
1443 3312 1584 3381 quod
1620 3314 1779 3367 limen
1809 3314 1980 3367 felicis
2014 3315 2187 3367 infau—

609 3400 696 3453 tia:
733 3401 915 3453 consul
953 3382 1120 3453 .tneus
1164 3415 1287 3454 cum
1338 3401 1539 3455 honore
1585 3402 1730 3455 senis
1767 3401 2038 3471 ingressus
2080 3415 2181 3457 est.

607 3492 710 3546 Sed
741 3491 989 3560 praecipio
1015 3491 1140 3560 quid
1173 3502 1387 3561 paretur
1431 3492 1724 3559 laboribus,
1755 3509 1878 3549 cum
1908 3495 2034 3548 talia
2075 3496 2183 3564 pri-

607 3584 828 3637 mordiis
856 3584 1199 3639 exhibentur.
1227 3585 1573 3655 lnauspicatis
1593 3586 1931 3640 successibus
1954 3587 2024 3640 illi
2058 3604 2184 3654 pro-

607 3668 850 3728 véctnum
884 3675 1208 3728 incrementa
1235 3684 1451 3729 ventura
1484 3684 1629 3739 sunt,
1664 3692 1819 3744 quem
1853 3679 2081 3745 θωπεεο
2108 3678 2184 3731 vi-

606 3764 794 3816 demus
822 3778 851 3814 a
891 3762 1142 3816 fascibus.
1178 3763 1349 3818 Minus
1378 3773 1457 3819 est
1501 3766 1640 3835 quod
1672 3766 1773 3820 sibi
1802 3766 1869 3820 de
1912 3768 2181 3836 prosperi-

605 3852 726 3905 tatis
774 3860 972 3907 eventu
1024 3852 1075 3905 in
1117 3852 1455 3923 antiquorum
1508 3856 1787 3923 prteconiis
1837 3867 1988 3910 vetus
2043 3859 2181 3909 fama

605 3942 890 3998 blanditur.
935 3928 1086 4011 Quod
1135 3947 1315 4000 attrita
1358 3947 1572 4014 pulvere
1616 3949 1857 4014 canities,
1902 3949 2042 4015 quod
2077 3948 2180 4001 vita

604 4036 704 4088 sub
727 4035 868 4089 fasce
892 4045 1007 4089 acta
1039 4036 1123 4090 vix
1154 4037 1367 4102 meruit,
1397 4038 1536 4105 quod
1567 4039 1883 4105 grandaevus
1908 4040 1975 4091 de
2016 4040 2181 4106 impe-

604 4126 832 4179 tratione
863 4140 1127 4194 nunquam
1153 4135 1334 4180 certus
1362 4128 1583 4194 Optavit,
1618 4126 1717 4179 hoc
1750 4137 2041 4179 memoratu
2072 4144 2179 4180 sae-

605 4218 722 4282 pius
752 4214 1081 4268 adolescenti
1112 4230 1233 4270 meo
1262 4230 1553 4284 supernum
1588 4230 1778 4267 munus
1806 4216 2046 4281 ingessit.
2070 4218 2180 4269 Atl-

602 4310 765 4373 ditur,
796 4306 1031 4383 quodin
1077 4307 1338 4376 principio
1371 4306 1491 4358 vita:
1517 4305 1812 4374 disciplinis
1846 4306 2059 4372 optimis
2101 4308 2181 4359 in-

603 4398 833 4461 stitntus,
880 4395 1091 4449 videtur
1139 4396 1401 4450 meruisse
1451 4396 1590 4464 quod
1640 4395 1863 4464 adeptus
1908 4405 2035 4450 est:
2086 4410 2183 4451 nec

602 4488 846 4554 dignatur
875 4495 1041 4539 totum
1072 4486 1123 4539 in
1163 4501 1222 4538 se
1249 4484 1506 4548 felicitati,
1536 4485 1588 4537 in
1625 4499 1730 4552 quo
1771 4495 1991 4553 possunt
2017 4487 2178 4540 etiam

2290 3301 2356 3354 ad
2384 3303 2527 3354 celsa
2564 3304 2779 3369 rerduci
2812 3319 3054 3359 meruere
3086 3305 3401 3367 virtutibus;
3434 3317 3605 3356 annos
3649 3302 3749 3356 iste
3786 3302 3864 3354 fa-

2292 3408 2340 3442 ιιι
2370 3392 2451 3444 liae
2484 3403 2679 3445 vestrm
2713 3394 2882 3459 patiet
2922 3395 3230 3461 dignitates.
3279 3392 3406 3446 Nam
3446 3392 3489 3445 si
3537 3392 3687 3444 wbis
3716 3390 3866 3444 cordi

2288 3498 2428 3548 sum,
2459 3482 2616 3536 facile
2642 3483 2704 3538 ad
2738 3485 3009 3539 rmlestem
3043 3486 3263 3551 gratiam
3291 3494 3468 3551 Optata
3497 3474 3868 3551 impetrationo

2289 3581 2574 3642 perducor.
2615 3574 2837 3627 Domine
2869 3578 2961 3637 mi,
2996 3574 3333 3626 salutationis
3365 3568 3721 3626 revci'entiam
3760 3572 3869 3625 sol-

2290 3679 2436 3729 vens,
2474 3665 2679 3717 veniam
2724 3666 2937 3732 postulo
2975 3665 3041 3717 de
3089 3662 3393 3731 prolixitate
3422 3664 3714 3727 sermonis;
3744 3665 3867 3733 quia

2286 3755 2504 3807 difficile
2531 3766 2612 3808 est
2651 3770 2835 3823 magna
2877 3754 3193 3822 gaudentem
3228 3768 3387 3822 parva
3412 3754 3554 3823 loqui
3583 3770 3704 3810 esse
3733 3771 3867 3810 cnn-

2288 3858 2389 3900 teu'
2402 3863 2510 3900 ιιιιι.

2844 3934 3167 3988 ΕΡΙΒΤΟΙΛ
3212 3935 3300 3988 Ἦ.

2818 4041 3069 4079 ιικδιιιυιυε
3102 4041 3303 4080 Ρλυδτο

2359 4141 2495 4195 Deus
2526 4139 2680 4201 bone,
2704 4153 2859 4207 quam
2888 4138 3016 4191 nihil
3052 4151 3133 4191 est
3162 4138 3383 4191 arduum
3426 4154 3612 4203 ttlugtta
3661 4155 3853 4192 curan-

2286 4230 2447 4293 tibus,
2478 4239 2532 4283 et
2560 4244 2660 4297 qua
2689 4229 2864 4297 quiete
2893 4228 3088 4281 divina:
3119 4238 3331 4283 mentes
3368 4229 3480 4283 visa
3510 4228 3823 4284 describunt
3848 4234 3863 4285 !

2283 4318 2475 4387 quibus
2499 4328 2757 4371 ornantur
2792 4318 3005 4372 dotibus
3051 4317 3187 4383 loca,
3218 4334 3338 4387 qua:
3380 4319 3556 4386 lingua
3594 4319 3765 4382 dites,
3790 4330 3857 4375 et

2284 4408 2493 4463 dicendi
2546 4409 2746 4476 peritus
2789 4409 3094 4474 asnexcrit,
3146 4410 3188 4463 si
3237 4410 3495 4477 religioso
3542 4411 3699 4464 liceat
3749 4412 3865 4468 sine

2287 4496 2595 4551 discrimine
2620 4497 2972 4551 confessionis
2994 4512 3247 4552 enarrare
3276 4500 3573 4567 proposito!
3597 4500 3865 4566 Quasdam

602 4578 714 4630 dari
743 4577 889 4644 plura
922 4576 1124 4628 virtuti.
1155 4573 1367 4627 Natmze
1399 4574 1449 4625 in
1480 4573 1643 4626 decus
1668 4573 1876 4626 scholas
1901 4585 1957 4627 et
1978 4575 2179 4628 littera—
2214 4555 2261 4614 υ
2291 4589 2479 4642 mundi
2524 4589 2720 4642 τηιίτεχ
2756 4589 2895 4642 Deus
2936 4590 3227 4656 ιπονξηριίε
3276 4555 3560 4646 ignem“,
3608 4555 3865 4661 ,‘mpend,

603 4681 719 4720 rum
745 4664 918 4719 studia
951 4672 1289 4723 consecutus,
1323 4672 1555 4729 paterna:
1588 4660 1931 4727 perfectionis
1960 4666 2181 4718 tumula-

602 4770 703 4817 tur,
734 4757 889 4808 talem
922 4769 980 4807 se
1022 4750 1277 4804 industria
1324 4764 1415 4802 sua
1467 4748 1633 4802 ﬁlium
1685 4750 1934 4818 reddidit,
1966 4754 2179 4823 qualem

601 4864 628 4897 a
657 4856 734 4898 ter
768 4844 849 4896 \ix
894 4848 1060 4909 potuit
1106 4842 1317 4907 legisse.
1364 4840 1629 4907 Quidquid
1673 4841 1868 4907 Attica,
1920 4845 2177 4913 quidqud

604 4936 837 4987 liomana
882 4932 1208 4998 praecipuum
1260 4930 1417 4981 habet
1457 4930 1630 4997 lingua
1668 4932 1954 4999 cognovit:
1985 4950 2175 4990 aurum

603 5021 995 5081 Demosthenis,
1012 5032 1065 5074 et
1089 5020 1285 5073 ferrum
1309 5021 1580 5075 Ciceronis
1601 5023 1874 5090 expendit,
1899 5035 2178 5096 utramque

600 5112 804 5164 dicendi
828 5110 1020 5163 seriem
1051 5109 1270 5163 Latinus
1300 5110 1497 5163 relator
1520 5110 1779 5178 implevit.
1803 5112 2179 5171 Grammaticze

600 5200 963 5255 instructionis
992 5200 1262 5268 repagula,
1291 5210 1347 5254 et
1388 5200 1503 5254 illas
1531 5202 1740 5255 dicendi
1776 5203 1974 5271 legales
2013 5221 2180 5275 angu-

600 5290 727 5344 stias
751 5305 845 5359 pro
876 5288 1123 5343 libertate
1144 5290 1460 5356 complexus
1483 5299 1585 5344 est.
1605 5293 1897 5347 Uratoriam
1930 5312 2177 5366 pompam

670 5426 686 5455 ¹
724 5423 785 5477 In
810 5422 1061 5475 dictandi:
1083 5420 1296 5491 legibus]
1320 5421 1449 5487 Quia
1483 5424 1728 5480 nimicum
1752 5428 1924 5483 edicta
1949 5442 2003 5485 et
2031 5450 2163 5487 eon-

599 5492 1151 5567 stitutiouessinedte
1178 5503 1227 5567 et
1265 5499 1479 5567 consu’e
1504 5499 1815 5551 auctoritate
1856 5513 2063 5567 carent,
2098 5522 2163 5559 ex

601 5574 712 5631 lege
745 5567 760 5616 Ι
794 5565 909 5616 codi
947 5562 991 5616 is
1012 5562 1383 5615 Theodosiatti.

670 5638 690 5665 ⁸
723 5634 1022 5710 Scipionum
1059 5631 1331 5710 tramitem]
1366 5634 1730 5710 sceptrorum,
1762 5639 2164 5710 aquilarumque

599 5707 986 5764 consulat-tun;
1012 5712 1068 5755 ut
1098 5703 1146 5756 in
1179 5704 1459 5774 pat‘tegyrtc
1482 5721 1514 5765 ),
1543 5703 1826 5759 Serranum
1850 5703 2164 5774 scipiouibm

602 5788 774 5834 eratra
798 5780 1097 5843 pepererunt
1130 5787 1150 5827 .'
1176 5783 1229 5826 et
1253 5771 1306 5825 in
1350 5771 1632 5840 Paraeuesi,
1676 5786 1790 5829 autc
1824 5771 2073 5850 scipiones
2118 5797 2166 5837 ει

2286 4679 2481 4734 secreti
2519 4680 2599 4732 sui
2648 4680 2889 4748 largitate
2916 4681 3213 4735 concessit:
3241 4681 3373 4734 alias
3412 4680 3647 4751 uberius,
3680 4685 3868 4740 melius

2285 4771 2415 4823 alias
2439 4771 2619 4823 vinum
2660 4770 2819 4837 jussit
2863 4769 3139 4826 effundere
3179 4789 3192 4823 ε
3233 4773 3354 4827 aliis
3388 4775 3615 4828 contulit
3642 4777 3867 4832 triticea:

2283 4862 2475 4929 segetis
2504 4876 2605 4929 ope
2635 4862 2883 4928 gratulari
2915 4878 2926 4913 ε
2961 4862 3150 4914 multas
3178 4878 3457 4929 pomorum
3481 4874 3743 4919 varietate
3775 4870 3859 4922 vel

2285 4957 2509 5009 utilitate
2547 4957 2785 5010 donavit.
2828 4958 3033 5024 Quibus
3081 4958 3193 5013 haec
3232 4969 3405 5015 tamen
3449 4962 3614 5026 ipsius
3660 4972 3864 5016 natutte

2288 5047 2630 5113 repugnantis
2668 5048 2854 5099 tnetita
2896 5064 3000 5102 non
3031 5048 3311 5113 dederunt,
3363 5051 3484 5105 fecit
3510 5069 3552 5105 e:
3575 5068 3601 5106 s
3638 5054 3867 5107 relatore

2288 5134 2565 5189 sublimes.
2597 5134 2710 5188 Non
2742 5145 2823 5188 est
2851 5137 2992 5188 unde
3011 5136 3189 5204 jejuna
3223 5140 3477 5193 cautibus
3504 5140 3654 5209 gleba
3677 5142 3869 5209 despe-

2288 5234 2390 5288 ret,
2424 5240 2521 5277 nec
2544 5224 2683 5279 unde
2729 5241 2831 5279 non
2877 5228 3252 5293 respondentia
3294 5231 3490 5284 cultori
3527 5248 3650 5284 arva
3688 5234 3836 5301 subja

2288 5324 2461 5367 ceant.
2498 5314 2815 5375 Linutarum
2845 5318 3002 5385 genio
3034 5321 3188 5372 terris
3219 5322 3407 5375 merita
3440 5323 3774 5379 tribuuntur:
3811 5335 3866 5378 et

2275 5452 2470 5523 imbuat
2495 5468 2736 5523 pompam
2757 5463 2826 5504 es!
2850 5454 3099 5505 recitatio.
3131 5457 3246 5519 Quo
3272 5458 3448 5508 minus
3471 5458 3537 5510 de
3558 5459 3863 5523 Scipionum

2278 5522 2473 5573 familia
2525 5521 2863 5587 interpreter,
2906 5535 2959 5574 ttt
3005 5540 3196 5582 tttagno
3232 5531 3342 5579 \iro
3378 5530 3549 5577 visunt
3583 5521 3687 5589 est,
3742 5526 3867 5579 facit

2275 5590 2547 5662 Sdnnins,
2596 5593 2684 5658 qui
2728 5590 2986 5645 Gettnadii
3022 5594 3206 5647 Avieni
3249 5613 3405 5647 onem
3443 5596 3619 5648 Fausti
3653 5604 3858 5662 patrem

2278 5660 2439 5731 fuisse
2462 5662 2760 5723 clm-nimus,
2788 5663 3047 5731 originem
3073 5680 3175 5716 non
3205 5666 3267 5717 :ul
3300 5666 3630 5731 Scipionum,
3654 5660 3757 5719 sed
3784 5665 3850 5718 ad

2276 5729 2625 5785 Corvinorum
2655 5729 2910 5787 l'atntltant
2947 5734 3105 5788 refert
3138 5736 3231 5788 ltb.
3262 5751 3298 5795 l,
3325 5729 3479 5802 epist.
3508 5737 3558 5788 9.
