4186 6252
581 288 652 342 95
1716 284 1985 339 ENNODII
2030 282 2331 340 EPISCOI’I
2372 286 2744 346 'I'ICI‘NENSIS
3773 290 3837 348 24

584 408 733 457 circa
750 416 867 467 eos,
901 399 1041 470 quod
1088 399 1376 454 defunctus
1405 399 1592 463 voluit,
1635 412 1941 454 servaretur
1969 417 1981 450 :
2017 399 2164 450 audi-
2190 407 2241 458 Α
2268 409 2482 454 nectare
2510 404 2763 471 liquentis
2789 404 3039 460 eletnenli
3075 406 3229 460 mella
3273 420 3574 475 componis,
3611 408 3839 473 peregri-

583 507 758 548 tttruut
798 509 855 546 se
878 491 1203 561 deceptiosis
1237 499 1290 544 et
1339 489 1551 545 blandis
1592 491 1834 559 promisit
1872 490 2156 545 illecebris.

582 586 651 638 llt
694 584 758 637 ad
811 583 1123 651 obsequium
1173 589 1571 634 reverterentur
1621 583 1688 633 ad
1734 579 1873 650 quod
1920 581 2157 648 deputati

581 680 808 739 fuerant,
843 681 1029 726 sancto
1052 671 1303 740 episcopo
1347 682 1499 738 patre
1539 682 1718 724 vestro
1764 680 2026 739 przesente
2069 669 2161 736 qui

580 764 782 817 eisdem
816 760 1085 831 praebebat
1113 759 1391 824 auxilium,
1425 760 1524 813 sub
1556 760 1739 815 notitia
1781 758 2010 814 civitatis
2041 759 2161 813 hor-

587 867 727 909 tatus
756 870 897 910 sum.
922 854 1058 920 Quid
1090 862 1271 923 postea
1294 853 1556 918 evenerit,
1586 853 1847 922 ignoravi,
1879 852 1982 907 nisi
2014 862 2160 921 post-

582 961 744 1012 quam
776 945 916 999 male
945 945 960 975 ¹
994 946 1335 998 retentatoris
1372 958 1564 1005 nomen
1602 960 1645 999 a'
1666 944 1804 1014 cepi.
1856 943 1981 998 Hzec
2010 958 2163 997 men-

582 1040 705 1104 tior,
733 1039 832 1093 nisi
866 1037 1254 1107 impugnatoris
1283 1039 1386 1092 mei
1414 1038 1755 1091 attestatione
1776 1035 2116 1091 constiterint
2142 1052 2157 1087 :

580 1131 663 1183 cui
695 1138 870 1182 tamen
902 1129 1102 1197 gratias
1130 1127 1329 1194 refero,
1361 1128 1479 1194 quia
1521 1125 1621 1180 sub
1649 1129 1837 1193 quavis
1878 1125 2161 1179 occasione

580 1220 786 1274 votivas
809 1219 988 1288 exegit
1018 1218 1273 1286 epistolas
1307 1216 1319 1269 ὲ
1366 1233 1483 1285 qua:
1514 1217 1643 1270 milti
1692 1217 1914 1270 multum
1960 1216 2161 1271 doloris

578 1308 836 1376 jussionis
858 1317 1051 1362 vestra:
1074 1307 1404 1362 dubitatione
1432 1315 1772 1375 pepererunt.
1796 1306 1872 1360 De
1902 1322 1987 1360 me
2018 1307 2159 1361 enim

577 1398 927 1453 deliberatum
954 1412 1075 1451 esse
1104 1397 1280 1459 video,
1310 1398 1354 1450 si
1398 1411 1515 1461 vos,
1548 1406 1727 1450 utrum
1776 1395 1988 1449 audiam
2043 1412 2162 1465 qua:

580 1488 796 1557 iubetis,
836 1490 885 1542 iu
913 1489 1130 1556 ancipiti
1156 1503 1278 1543 esse
1316 1502 1601 1557 cognosco.
1654 1487 1804 1541 Nulla
1848 1502 1934 1542 me
1983 1496 2161 1541 tamen

581 1595 681 1634 nec
709 1579 1126 1649 magnitudinem
1159 1590 1387 1634 vestram
1430 1594 1493 1633 ex
1516 1594 1587 1634 ea
1619 1590 1767 1648 parte
1820 1578 1958 1648 apud
1996 1579 2161 1633 Deum

582 1670 740 1739 culpa
770 1670 1040 1739 respiciet,
1070 1670 1191 1737 quia
1225 1670 1477 1738 praefatos
1514 1686 1639 1723 mox
1678 1669 1744 1723 ad
1781 1670 2061 1724 servitium
2100 1670 2161 1723 il-

582 1762 685 1815 lius
715 1762 836 1815 boni
861 1760 961 1814 viri
987 1761 1104 1815 sine
1140 1761 1369 1829 alicujus
1395 1760 1681 1815 audientiae
1712 1760 1846 1814 libra
1888 1762 1967 1815 ire
2001 1774 2153 1814 com-
2188 1755 2233 1814 Β

582 1854 713 1921 puli.
750 1854 975 1909 Domine
1003 1855 1097 1919 mi,
1139 1854 1510 1909 salutationem
1558 1854 1910 1923 largissimam
1951 1854 2157 1918 dicens,

585 1961 747 2013 quant
789 1947 983 2000 vellent
1006 1986 1021 2011 ,
1056 1947 1103 1999 si
1138 1947 1253 2001 istis
1281 1947 1508 2015 negotiis
1537 1946 1758 2015 paginas
1785 1960 1891 1999 non
1930 1946 2161 2013 negetis,

588 2048 683 2091 ant
730 2048 1073 2092 accusatores
1128 2052 1279 2093 meos
1317 2039 1430 2107 ipse
1478 2052 1839 2108 componere,
1884 2046 1977 2091 aut
2020 2038 2160 2107 quod

586 2139 670 2183 est
695 2129 1006 2183 familiatius
1038 2128 1344 2197 frequenter
1371 2132 1588 2184 errare!

1122 2218 1453 2276 EPIS'I‘OLA
1502 2220 1635 2276 Vlll.

1072 2313 1094 2349 ³
1128 2325 1338 2365 rtnutso
1367 2326 1641 2365 essemus.

656 2400 899 2454 Jucuuda
928 2407 1052 2467 sunt
1077 2400 1398 2454 commercia
1430 2400 1728 2455 litterarum
1759 2400 1917 2455 docto
1945 2410 2162 2455 auctore

587 2504 881 2562 concepta:
915 2493 1029 2558 illa,
1063 2493 1330 2562 inquibus
1354 2492 1419 2546 ad
1453 2508 1681 2561 unguem
1718 2492 1869 2563 politi
1900 2494 2166 2546 sermonis

589 2586 845 2655 splendor
866 2583 1171 2653 ellulgurat,
1209 2584 1299 2638 ubi
1337 2584 1510 2638 oratio
1554 2583 1703 2639 dites
1749 2582 1914 2637 frenis
1963 2583 2167 2650 peritia;

590 2677 919 2731 continetur.
949 2676 1175 2741 Quando
1197 2676 1555 2730 abundantem
1595 2675 1823 2745 loquela:
1856 2691 2042 2730 venam
2085 2675 2165 2728 la-

591 2769 836 2822 boriosus
859 2769 910 2822 in
952 2768 1123 2823 lucem
1161 2776 1430 2822 scrutator
1459 2767 1779 2833 adduxerit,
1829 2779 1952 2822 tunc
1980 2782 2168 2837 proce-

590 2858 724 2913 dunt
750 2858 925 2913 oflicia
964 2858 1306 2925 suscipientis
1342 2858 1623 2913 desideriis
1661 2859 1916 2927 paritura.
1975 2862 2044 2911 At
2070 2858 2159 2911 ubi

594 2951 785 3006 scaber
813 2965 994 3006 sermo
1021 2951 1319 3020 angustiam
1349 2951 1596 3019 pauperis
1622 2951 1791 3020 signat
1820 2948 2042 3019 ingenii,
2074 2963 2171 3003 nec

592 3053 906 3112 conceptum
929 3057 1086 3098 suum
1118 3044 1171 3097 in
1202 3043 1443 3098 ordinem
1480 3042 1771 3112 digerendo
1801 3054 2014 3099 noctem
2054 3052 2167 3096 stu-

593 3133 683 3187 dio
720 3133 1037 3188 elocutionis
1072 3132 1383 3199 interserit,
1424 3141 1480 3188 et
1530 3133 1803 3188 nebulosa:
1845 3133 2166 3187 narrationis
2193 3108 2237 3171 Ε

594 3225 844 3292 ambiguo
873 3226 1156 3292 quamdam
1179 3236 1399 3293 generat
1427 3225 1497 3279 de
1525 3227 1636 3292 ipsa
1667 3225 2042 3294 explanatione
2065 3241 2169 3281 ete-

594 3316 839 3408 citatem;
881 3316 1002 3384 quis
1048 3330 1155 3368 non
1198 3331 1440 3383 persona:
1471 3316 1588 3369 talis
1616 3317 1668 3369 in
1698 3316 2018 3384 eloquentia:
2046 3329 2170 3370 arce

597 3405 919 3461 constitutus
954 3415 1172 3474 spernat
1208 3406 1495 3460 allectum?
1544 3405 1741 3460 Gravat
1785 3405 2168 3460 conscientiam

599 3496 952 3564 perfectorum
985 3510 1139 3550 amor
1166 3495 1388 3550 indocti.
1436 3494 1541 3551 Sed
1571 3495 1651 3549 vis
1678 3496 2171 3551 caritatisinternze

600 3588 1009 3643 necessitudinis
1054 3587 1278 3643 vinculis
1321 3588 1500 3657 adiuta
1529 3603 1634 3643 non
1660 3588 1848 3643 fertur.
1880 3589 2060 3645 Nescit
2078 3604 2168 3644 ex-

598 3678 762 3744 periri
790 3679 914 3745 quid
937 3678 1123 3747 possit,
1142 3694 1299 3747 quem
1323 3679 1516 3733 caritas
1543 3679 1773 3734 stimulis
1793 3680 1905 3735 suis
1916 3680 2167 3751 exagitat.

598 3767 787 3823 Solent
827 3778 1004 3824 tamen
1044 3770 1237 3839 dignos
1272 3771 1426 3826 venia
1471 3770 1719 3839 judicare
1761 3771 2003 3840 perfecti,
2034 3787 2169 3842 quos

599 3861 741 3913 inter
785 3860 1104 3929 epistulares
1149 3861 1260 3916 vias
1305 3850 1547 3916 nutantia
1592 3862 1882 3919 deseruere
1922 3864 2165 3933 vestigia.

600 3955 803 4010 Soletis
844 3953 983 4023 quid
1028 3953 1211 4007 dicere
1258 3953 1528 4008 voluimus
1576 3956 1885 4021 attendere,
1923 3957 2172 4027 quotiens

602 4060 707 4099 non
743 4044 1066 4114 eloquuntur
1088 4054 1209 4098 rota
1232 4058 1528 4098 sermones.
1558 4044 1768 4100 Idonea:
1790 4055 1965 4101 tamen
1990 4046 2171 4116 perla-

602 4138 751 4193 tricis
778 4136 1024 4191 viaticum
1050 4138 1373 4207 prmgravavi
1409 4155 1422 4189 :
1468 4146 1523 4192 et
1547 4152 1665 4207 quae
1713 4153 1799 4193 me
1846 4147 2173 4207 prtesentare

599 4228 733 4282 vivis
762 4229 1023 4297 potuisset
1043 4228 1311 4293 affatibus,
1334 4243 1396 4284 ea
1423 4230 1702 4299 epistolam
1726 4232 2017 4285 comitante
2050 4246 2174 4300 per-

600 4319 728 4373 duxi
760 4337 773 4372 :
804 4320 980 4379 minus
1018 4320 1173 4374 nobis
1204 4319 1427 4391 periculi
1463 4335 1587 4376 esse
1619 4321 1915 4385 conlidens,
1957 4322 2056 4376 sub
2093 4323 2174 4377 in-

602 4413 918 4467 tercessoris
959 4411 1085 4466 boni
1115 4428 1199 4467 me
1228 4413 1517 4481 prrescntia
1541 4413 1849 4481 deliquisse.
1870 4414 1998 4470 Vale
2020 4429 2169 4482 ergo,

601 4500 674 4555 tui
716 4502 961 4565 domine,
993 4512 1050 4556 et
1088 4512 1353 4557 amantem
1398 4503 1562 4556 vestri
1603 4503 1957 4569 peculiaribus
1998 4504 2172 4558 fovete

600 4590 891 4645 beneficiis.
941 4591 1030 4645 Sic
1083 4592 1288 4659 apicem
1338 4599 1609 4657 vestrum,
1647 4591 1693 4643 si
1718 4600 1798 4646 est
1829 4605 1936 4667 quo
1965 4602 2171 4647 crescat

599 4681 771 4739 adhuc
825 4681 1031 4741 divinus
1064 4680 1209 4737 favor
1229 4680 1459 4735 attollat.

1153 4770 1483 4826 EPISTOLA
1516 4769 1603 4825 IX.

1077 4851 1096 4881 ³
1118 4866 1340 4905 otvuato
1385 4867 1657 4906 esaootus.

680 4940 811 4997 Dum
834 4940 979 4994 favos
994 4940 1249 5010 loqueris,
1268 4950 1323 4995 et
1341 4958 1435 5011 per
1448 4942 1637 4997 domos
1652 4956 1837 4997 cereas
1852 4943 2098 5013 eloquent
2109 4947 2169 5000 ia:

673 5061 688 5088 ι
725 5052 1080 5124 lletentnton’s]
1120 5054 1423 5109 Alienorum
1454 5054 1655 5109 scilicet
1681 5054 2084 5124 mancipiorum.
2116 5066 2174 5110 ut

601 5128 656 5181 in
687 5126 803 5194 lege
830 5124 1180 5178 Valentiniani
1208 5124 1330 5178 cod.
1362 5124 1563 5179 Tlteod.
1590 5124 1658 5180 de
1686 5140 1895 5178 annona
1915 5135 1969 5179 et
2006 5125 2175 5180 tribu.

602 5199 690 5259 tis,
722 5196 808 5265 qui
826 5210 978 5263 vagas
1000 5211 1168 5247 seruos
1191 5212 1337 5261 penes
1362 5211 1416 5248 se
1463 5204 1709 5249 retentant
1741 5212 1760 5249 :
1790 5211 2090 5265 quanquant
2119 5207 2174 5250 et

601 5269 652 5321 iu
676 5267 818 5319 omni
851 5280 907 5318 re
923 5265 1089 5317 aliena
1115 5265 1313 5318 dicitur
1339 5274 1651 5320 retentator.
1685 5267 1819 5320 Cod.
1848 5265 2035 5320 eodem
2066 5268 2169 5331 leg.

609 5338 689 5390 l2.
713 5336 813 5403 Qui
862 5334 1016 5389 bonis
1045 5349 1107 5387 ex
1139 5334 1253 5398 lege
1278 5333 1411 5386 Juba
1451 5337 1643 5390 cedere
1671 5338 1899 5403 possint,
1931 5347 1981 5390 et
2028 5338 2166 5403 apud

604 5406 903 5477 Ennodinm
932 5405 984 5477 in
1017 5403 1131 5477 Vita
1161 5403 1463 5477 Epiphauij,
1495 5414 1549 5458 et
1578 5404 1630 5459 itt
1662 5406 2009 5477 Panegyrico.
2036 5406 2166 5462 ltetn

599 5477 737 5544 apud
761 5474 1003 5530 Cassiod.
1037 5474 1127 5527 lib.
1150 5488 1190 5535 ι,
1214 5470 1368 5541 epist.
1398 5470 1488 5526 22.

672 5548 692 5577 ⁸
723 5544 975 5613 Firmino]
1006 5541 1120 5596 Lib.
1154 5558 1211 5605 tl,
1243 5545 1398 5610 epist.
1426 5544 1479 5596 8.

775 5558 975 5605 trmmol
1007 5558 1120 5596 ιλιι).
1154 5558 1211 5605 ιι.
1243 5558 1398 5605 epist.
1426 5558 1479 5596 δ.
2156 5582 2159 5583 ν

672 5560 691 5577 ι
723 5560 975 5613 rtrmmol
1007 5560 1120 5596 ιλιι).
1154 5560 1211 5605 ιι.
1243 5560 1398 5610 epist.
1426 5560 1479 5596 δ.
2156 5582 2159 5583 ν

671 5615 692 5687 ἕ
728 5616 938 5687 Olybrio
954 5613 977 5685 ili
1010 5613 1289 5687 Ca_usidico
1311 5614 1425 5687 t-jtts
1446 5615 1552 5687 arvi
1584 5610 1955 5682 disertissimo,
1976 5618 2043 5671 de
2068 5633 2172 5687 quo

600 5686 755 5750 epist.
778 5686 823 5745 l,
842 5701 960 5753 qua:
981 5687 1045 5735 ad
1068 5684 1324 5738 Joannem
1340 5685 1542 5755 Olybrii
1563 5699 1815 5754 generum
1844 5688 2037 5754 scripta
2065 5684 2170 5742 est:

600 5756 869 5813 Neminem
893 5754 1169 5809 ι·ιέἀίάίοά
1202 5754 1463 5827 υι¹υὺι¹ἰιιιιι
1493 5756 1767 5823 pcrrettt're.
1795 5756 2041 5826 Ejusdem
2065 5760 2175 5814 elo-

2272 508 2396 544 uum
2428 492 2582 547 labiis
2606 494 2742 547 meis
2761 507 3008 562 saporem
3033 496 3175 566 epuli
3203 497 3382 551 (“Vilis
3419 496 3681 559 infudisti,
3712 496 3839 550 Iler-

2262 580 2398 635 culri
2430 585 2742 640 certaminis
2782 593 2838 638 rt
2863 586 3262 654 triumphalium
3307 586 3481 640 Διιιωί
3519 600 3736 639 casuum
3768 590 3841 637 la-

2262 673 2411 727 cieus
2437 678 2785 733 mentionem.
2811 679 2900 733 Sic
2927 692 2985 732 se
3011 679 3258 747 equidem
3286 680 3519 733 exercita
3544 679 3837 733 litterarum

2263 768 2560 835 gymnasiis
2594 769 2615 798 ‘
2650 772 2891 838 palaestra
2925 772 3240 836 dilucidant,
3284 772 3361 825 sic
3399 770 3695 825 madefacta
3738 780 3841 822 stn-

2262 857 2473 913 diorum
2504 862 2626 916 oleo
2667 862 2916 932 loquendi
2948 864 3189 918 artificiis
3211 865 3321 917 oris
3348 864 3583 918 membra
3615 862 3838 917 submit-

2263 957 2401 1002 tunt.
2437 949 2540 1005 Sed
2574 952 2886 1017 noluissem,
2924 954 3113 1017 fateor,
3162 955 3325 1018 illius,
3357 963 3415 1007 nt
3442 954 3839 1023 aiunt,‘pugna:

2262 1043 2772 1097 commemoratione
2799 1044 3053 1099 morderi.
3080 1048 3321 1099 Antaeum
3346 1045 3516 1098 fabu'a
3539 1043 3743 1107 senior,
3773 1058 3841 1097 ne

2268 1131 2438 1186 elisus
2487 1134 2754 1200 vinceret,
2796 1137 2984 1191 matris
3029 1137 3304 1203 solatium,
3351 1122 3633 1205 postquam
3676 1137 3841 1203 etrapit

2264 1236 2372 1276 non
2393 1224 2609 1291 cadere,
2644 1226 2883 1293 loquitur
2908 1227 3226 1295 perdidisse.
3274 1227 3372 1293 Qui
3408 1242 3499 1295 per
3523 1226 3704 1280 callidi
3736 1227 3833 1277 bo.

2266 1315 2364 1368 stis
2391 1315 2648 1371 fabricam
2683 1317 2852 1373 fertur
2883 1319 3071 1374 stando
3096 1334 3215 1374 esse
3244 1326 3549 1386 superatus,
3585 1326 3641 1371 et
3671 1318 3721 1370 itt
3746 1331 3842 1385 pe-

2264 1416 2415 1461 ctore
2431 1408 2663 1462 animam
2689 1410 2931 1477 posuisse
2973 1410 3249 1464 certantis.
3289 1408 3397 1463 Res
3437 1408 3647 1461 scilicet
3677 1407 3840 1469 digna

2266 1508 2589 1562 memoratu,
2621 1500 2713 1553 sed
2742 1501 3104 1556 amicitiarum
3137 1501 3348 1569 indigna
3390 1500 3686 1569 proposito.
3735 1498 3842 1552 Nos

2268 1600 2462 1655 nempe
2514 1588 2730 1642 memini
2778 1589 2996 1645 fmderis
3045 1593 3341 1646 certamina
3389 1590 3717 1659 suscepisse,
3745 1588 3841 1642 sed

2268 1694 2367 1749 per
2392 1698 2511 1752 qua:
2547 1693 2744 1738 mutua:
2776 1686 3053 1741 vincamus
3093 1687 3328 1740 caritatis
3357 1685 3545 1740 offic-iis
3577 1700 3592 1737 :
3626 1693 3684 1738 ut
3715 1684 3842 1737 dum
3896 1754 3899 1757 Α

2263 1774 2402 1827 inter
2440 1772 2745 1842 huiusmodi
2789 1775 3075 1831 luctamina
3125 1778 3365 1840 nitimur,
3411 1784 3466 1830 et
3493 1776 3630 1830 vinci
3680 1775 3845 1828 ambo

2262 1873 2509 1934 optemus
2528 1876 2582 1921 et
2607 1868 2843 1923 vincere.
2876 1868 3038 1923 Nobis
3062 1884 3155 1937 per
3175 1869 3476 1923 communia
3501 1877 3846 1937 peccatorum

2263 1967 2471 2009 secreta
2504 1957 2789 2011 vivendum
2822 1958 3021 2026 potius,
3052 1974 3208 2027 quam
3232 1957 3536 2012 obeundum
3568 1967 3652 2012 est
3682 1973 3699 2009 :
3734 1971 3847 2010 ma-

2266 2044 2365 2098 tris
2396 2046 2653 2100 Ecclesia:
2677 2061 2778 2113 ope
2807 2047 3031 2112 sociata,
3058 2062 3178 2115 qua:
3206 2058 3484 2116 utrosque,
3528 2056 3587 2099 ut
3612 2060 3741 2101 vera
3769 2045 3848 2099 lo-

2265 2150 2510 2200 quamur,
2545 2134 2668 2189 ﬁdei
2702 2136 2866 2190 ubere
2893 2136 3030 2189 lacte
3059 2135 3227 2204 pascit
3253 2134 3445 2190 altrici.
3478 2134 3707 2189 Cessent
3733 2133 3848 2187 ani-

2267 2226 2394 2280 lium
2422 2235 2720 2279 commenta
2746 2236 3022 2295 poetarum
3051 2243 3063 2278 :
3102 2225 3340 2279 fabulosa
3366 2224 3678 2293 repudietur
3711 2222 3849 2276 anti-

2265 2319 2440 2386 quitas
2468 2332 2481 2369 :
2515 2325 2688 2370 status
2716 2317 2973 2371 innocens
3000 2316 3167 2369 ruinae
3198 2330 3528 2384 nequaquam
3560 2317 3847 2368 misceatur

2269 2406 2514 2460 alterius.
2547 2405 2728 2469 Nobis,
2778 2405 2824 2459 si
2856 2406 3029 2473 placet
3063 2406 3115 2459 in
3148 2407 3415 2459 novellum
3464 2421 3616 2459 usum
3668 2410 3846 2473 majo-

2270 2510 2388 2550 rum
2418 2496 2663 2565 exempla
2700 2511 2991 2560 revocare,
3042 2497 3215 2563 potius
3257 2494 3468 2565 Pyladis
3510 2506 3566 2549 et
3608 2494 3840 2558 Orestis,

2269 2586 2379 2640 Nisi
2404 2597 2457 2641 et
2488 2586 2724 2656 Euryali,
2753 2586 2984 2641 Pollucis
3013 2597 3066 2641 et
3085 2586 3322 2640 Castoris
3352 2587 3396 2640 si
3427 2585 3559 2640 nihil
3591 2586 3672 2639 his
3700 2585 3846 2639 clan-

2269 2676 2600 2730 destinorum
2652 2686 2864 2730 actuum
2912 2675 3153 2744 decerpit
3201 2676 3527 2740 obscenitas,
3585 2676 3842 2728 convenit

2271 2768 2452 2838 gratiae
2476 2765 2786 2821 meminisse
2820 2766 2902 2823 vel
2937 2766 3078 2823 ﬁdei.
3102 2766 3247 2833 Quos
3274 2766 3411 2821 inter
3440 2777 3499 2819 se
3523 2768 3590 2818 ita
3614 2778 3847 2819 concors

2270 2859 2568 2913 animorum
2599 2858 2832 2912 devinxit
2858 2857 3159 2926 :equalitas,
3194 2866 3253 2911 ut
3293 2860 3479 2911 borum
3525 2856 3658 2910 duos
3686 2870 3847 2924 expat-

2272 2951 2401 3006 titus
2430 2964 2550 3003 eum
2574 2949 2758 3002 amicis
2784 2949 2990 3017 juvaret
3030 2949 3296 3013 interitus,
3323 2950 3456 3000 alter
3475 2947 3649 2999 amico
3680 2947 3757 2998 vit
3775 2960 3846 2997 Im

2273 3041 2447 3112 pretio
2476 3054 2587 3093 sua:
2610 3040 2798 3093 mortis
2827 3039 3064 3093 afferret.
3092 3039 3191 3092 Ista
3215 3048 3340 3093 sunt
3365 3038 3519 3106 digna
3569 3036 3847 3099 memoria,

2270 3133 2517 3205 quotiens
2552 3132 2691 3186 inter
2732 3147 2899 3185 novos
2941 3131 3242 3185 concordiae
3288 3146 3475 3193 nexus,
3510 3130 3637 3196 udo,
3673 3138 3731 3182 ut
3782 3129 3849 3182 ita

2271 3225 2523 3287 dixerim,
2555 3221 2852 3275 animorum
2894 3221 3052 3285 libro,
3107 3220 3399 3288 ceSpitibus
3437 3218 3625 3272 validis
3679 3221 3852 3271 fetura

2273 3317 2469 3370 nobilis
2511 3316 2694 3384 juncta
2750 3317 3050 3370 ntar‘ttatur.
3110 3315 3219 3370 lllze
3284 3326 3491 3369 mentes
3537 3312 3855 3381 promittunt

2272 3407 2409 3461 bona
2435 3406 2757 3471 concordiae,
2785 3422 2904 3476 qua:
2928 3406 3055 3477 quid
3083 3406 3135 3461 in
3159 3407 3361 3460 cultura
3388 3404 3598 3460 sudoris
3618 3404 3682 3457 sit
3718 3416 3857 3470 opus

2274 3505 2589 3566 agnoscunt.
2616 3498 2833 3552 Gaudeo
2859 3507 3055 3563 tamen,
3076 3496 3216 3567 quod
3252 3496 3361 3566 jam
3386 3494 3740 3549 indissolubili
3771 3508 3859 3547 so-

2273 3586 2475 3641 cietate
2494 3588 2737 3641 moribus
2760 3586 3129 3657 jungimur,et
3159 3586 3225 3638 ab
3270 3586 3408 3637 ostio
3435 3584 3733 3638 alfectiOuis
3765 3599 3859 3653 per

2272 3679 2533 3734 examinis
2561 3664 2765 3736 lancem
2807 3678 3044 3734 caritatis
3079 3677 3405 3731 incrementa
3427 3689 3733 3744 pensamus.

2846 3776 3175 3831 EPISTULA
3204 3776 3269 3829 Χ.

2817 3882 3073 3922 [Μουιυε
3109 3882 3309 3921 ιοΑκΜ.

2351 3963 2528 4017 Vivent
2556 3961 2857 4026 redderem,
2889 3961 2988 4015 nisi
3032 3968 3282 4015 oneraret
3324 3958 3655 4026 diligentiam
3698 3954 3862 4010 amici

2276 4056 2505 4123 pectoris
2553 4053 2794 4108 restituta
2817 4052 3049 4107 laudatio
3077 4069 3089 4105 :
3122 4052 3329 4107 nedum
3360 4052 3413 4104 in
3433 4048 3713 4119 pra-comis
3743 4064 3863 4101 mtt-

2278 4152 2423 4197 ιιιιιιιι
2456 4144 2697 4198 videmur
2726 4143 2971 4209 scabere,
2991 4142 3312 4196 adulationis
3327 4140 3633 4209 suspicione
3653 4140 3861 4207 pollua-

2277 4243 2360 4288 tur
2390 4233 2628 4299 all'ectio;
2660 4244 2708 4289 et
2748 4248 2901 4287 amor
2934 4243 3114 4287 currat
3173 4232 3224 4286 in
3281 4230 3492 4294 vitium,
3549 4228 3674 4281 dum
3725 4228 3861 4281 illttd

2275 4324 2415 4392 quod
2442 4323 2579 4392 apud
2608 4324 2742 4378 alios
2768 4323 3026 4377 debemus
3066 4322 3261 4385 facere,
3294 4319 3449 4375 nobis
3491 4318 3862 4382 incompeten-

2279 4426 2301 4469 t
2335 4433 2361 4470 r
2391 4417 2702 4485 ingerimus.
2727 4416 3030 4469 Amantium
3072 4413 3214 4468 enim
3245 4420 3559 4465 ornamenta
3608 4409 3751 4462 inter
3778 4408 3861 4462 fa-

2278 4506 2511 4561 tniliares
2538 4504 2757 4574 paginas
2804 4501 3080 4556 retinenda
3125 4509 3271 4561 sunt,
3304 4514 3410 4553 non
3468 4497 3757 4567 loquenda;
3793 4512 3862 4551 ne

2277 4602 2481 4647 tantum
2506 4592 2860 4646 conscientias
2892 4601 3101 4644 uosuas
3124 4590 3303 4643 vacuis
3323 4588 3569 4644 sensibus
3601 4588 3863 4642 relatione

2275 4683 2443 4736 lattdis
2475 4685 2816 4735 honoretnus.
2848 4681 2987 4735 Sunt
3013 4678 3103 4734 ubi
3163 4678 3299 4734 bona
3333 4690 3441 4744 tua,
3496 4687 3551 4732 ut
3603 4678 3743 4746 apud
3803 4690 3859 4732 te

2278 4784 2496 4844 promer
2522 4772 2768 4827 affectum
2800 4782 3004 4827 taceam
3022 4811 3037 4835 ,
3064 4771 3232 4825 amice
3259 4769 3652 4824 concelebrem.
3686 4767 3744 4822 In
3775 4768 3863 4821 bis

2277 4882 2396 4934 qua:
2448 4864 2517 4919 de
2556 4862 2793 4932 profectu
2823 4873 2913 4917 tuo
2951 4863 3143 4926 sentio,
3178 4861 3481 4930 religiosam
3515 4859 3605 4911 tibi
3651 4868 3857 4911 tantum

2275 4955 2446 5011 debeo
2474 4954 2906 5010 taciturnitatem.
2939 4954 3154 5008 Possem
3179 4952 3415 5022 quidem,
3441 4952 3562 5004 vitia
3596 4951 3861 5018 temporis

2274 5066 2543 5136 quentiam
2575 5066 2809 5120 celebrat
2838 5065 2931 5118 lib.
2962 5079 3017 5136 tt.
3051 5065 3207 5134 epist.
3241 5065 3273 5121 9
3299 5077 3352 5120 et
3378 5064 3461 5127 15,
3514 5073 3565 5118 et
3597 5064 3802 5131 peculia
3843 5065 3855 5114 i

2274 5134 2435 5205 opere
2462 5151 2630 5190 carm.
2659 5138 2715 5193 8.
2738 5134 3112 5190 vCassiodorus
3140 5151 3267 5189 vero
3300 5150 3545 5205 magnum
3575 5135 3855 5204 Olybrium

2276 5216 2555 5275 propterea
2585 5214 2741 5275 vocat
2764 5205 2856 5257 lib.
2883 5220 2995 5275 vnt,
3025 5206 3181 5272 epist.
3217 5208 3303 5259 l9.

2346 5272 2648 5329 "Palaestra
2670 5274 2954 5328 dilucidam
2973 5274 2994 5345 ’Ῑ
3024 5275 3327 5330 Βιιείλίρηείς
3353 5272 3535 5338 editio,
3571 5275 3857 5329 dilucidat:

2281 5347 2380 5400 hoc
2406 5346 2654 5400 nitttitttm
2693 5346 2986 5413 postulabat
3021 5360 3167 5409 usus,
3199 5355 3254 5399 et
3291 5346 3440 5413 origo
3466 5345 3610 5397 vocis
3635 5346 3858 5399 παλαίσ-

2275 5439 2394 5489 τρατ
2426 5415 2530 5489 Sed
2562 5414 2835 5489 Ettrmdius
2859 5418 2922 5489 τὰ
2947 5415 3184 5489 palaestra
3206 5425 3452 5489 tanquam
3471 5414 3674 5489 plurale
3698 5430 3857 5489 usur-

2278 5485 2421 5553 pavit
2442 5488 2600 5540 etiam
2633 5487 2721 5540 lib.
2758 5502 2815 5547 Il,
2840 5488 2999 5552 epist.
3030 5485 3094 5536 ad
3124 5485 3445 5547 Pomerium,
3490 5497 3538 5537 et
3575 5485 3626 5536 iu
3659 5485 3849 5552 prmfao

2278 5561 2421 5611 t‘one
2446 5556 2586 5610 dieta
2621 5556 2871 5610 Aratori.:
2905 5554 3166 5609 etcreber
3194 5563 3277 5609 est
3305 5555 3355 5609 in
3388 5554 3548 5607 simili
3589 5554 3854 5622 enallage,

2277 5637 2335 5680 ut
2380 5642 2499 5681 cum
2530 5628 2584 5681 τὸ
2608 5627 2776 5680 milter
2804 5624 2953 5686 dicit,
2981 5627 3038 5680 τὸ
3068 5626 3319 5692 epitonia;
3360 5634 3414 5681 et
3445 5623 3559 5679 hac
3588 5623 3853 5693 lampada,

2278 5698 2513 5763 thoraca,
2541 5705 2594 5751 ct
2620 5697 2718 5750 alia
2750 5695 2798 5751 id
2826 5711 2991 5766 genus
3020 5695 3301 5769 permulta.
