4146 6260
621 322 685 374 Ἦ
1731 314 1998 369 ENNOD'I
2041 308 2344 365 EPISCOPI
2384 307 2757 363 TICINENSIS
3824 310 3895 365 23

618 434 1090 489 observantissima
1119 443 1172 488 et
1207 432 1561 488 amicitiarum
1597 440 1778 495 tenax,
1808 429 1861 482 in
1907 430 2043 482 hanc
2072 441 2201 481 mea:

2310 429 2413 475 rat.
2443 420 2575 476 Nam
2608 422 2693 474 ubi
2720 437 2870 475 mens
2903 436 3016 474 mea
3066 421 3132 474 ad
3159 422 3441 475 stationem
3493 424 3673 486 rediit,
3719 425 3896 480 statim

619 530 903 583 oblivionis
928 544 987 583 se
1010 529 1173 585 vertit
1202 530 1481 589 incuriam,
1498 534 1555 579 ιιι
1580 524 1870 593 diligentia:
1895 525 2201 586 immemor,

621 619 759 673 bona
813 620 1052 674 melioris
1088 620 1291 688 szeeuli,
1321 635 1439 688 quae
1483 627 1819 671 accesserunt
1852 614 1918 667 de
1966 613 2200 682 profectu

623 712 883 765 honorum
918 724 1151 776 tuorum,
1186 711 1324 764 fama
1357 710 1534 779 potius
1582 724 1739 776 quam
1795 705 1933 759 felici
1974 704 2197 772 epistola

623 805 939 857 nuntiasset.
971 802 1067 857 Ubi
1110 812 1234 856 sunt
1264 802 1350 856 illa
1382 811 1578 855 saucue
1603 797 1946 852 conscientia:
1998 808 2101 849 tute
2147 795 2200 848 in

619 893 1028 947 conversatione
1057 892 1359 946 veneranda
1422 889 1761 958 penetralia?
1800 888 2024 954 Quando
2054 886 2203 938 inve-

623 988 738 1038 nire
766 986 1023 1054 potuisset
1051 985 1216 1039 relatu
1244 983 1483 1050 digniora
1505 983 1715 1033 animus
1736 978 1800 1030 de
1814 976 2044 1031 amantis
2070 975 2202 1027 ltila-

623 1093 648 1130 r
673 1087 778 1131 tate
804 1076 1103 1131 Sollicitus?
1131 1075 1235 1129 Sed
1252 1088 1456 1141 quiero,
1476 1087 1541 1124 ne
1572 1070 1920 1136 malignorum
1941 1066 2201 1134 quispiam

622 1185 863 1227 austrum
892 1172 1149 1236 fontibus,
1176 1180 1262 1221 aut
1296 1166 1559 1235 petulcum
1587 1162 1779 1215 animal
1804 1160 1995 1213 rowtis
2023 1158 2204 1213 immi-

623 1263 771 1318 setit.
805 1262 1084 1330 Nunquam
1130 1259 1271 1311 enim
1319 1258 1434 1309 sine
1490 1253 1689 1309 offensa
1740 1252 1927 1305 amicis
1982 1264 2204 1317 prosper

622 1365 848 1411 eventus
873 1352 1248 1408 absconditur:
1279 1364 1309 1402 a
1333 1349 1693 1400 commotione
1724 1344 1902 1398 evenit
1930 1343 2088 1408 longe
2108 1343 2198 1395 de-

621 1450 866 1521 gentibus
888 1436 1065 1501 tacere
1101 1442 1241 1511 quod
1270 1438 1523 1510 gaudeas.
1563 1437 1754 1490 Procul
1789 1450 1819 1487 a
1852 1434 2090 1487 moribus
2115 1449 2203 1487 ve-

621 1541 747 1594 stris
774 1536 990 1593 malitia:
1014 1534 1240 1588 facessat
1260 1530 1594 1585 obscenitas:
1618 1536 1742 1595 puto
1760 1526 1895 1581 bona
1926 1538 2098 1579 vesu-a
2119 1538 2203 1578 me

624 1628 880 1681 meruisse
909 1626 1139 1681 nescire.
1169 1622 1283 1688 Qua
1310 1617 1575 1674 sermonis
1630 1616 1925 1684 frrquentia
1957 1614 2204 1681 pensabi-

623 1730 708 1774 tur
737 1721 841 1773 tale
877 1717 1181 1772 silentium?
1214 1714 1569 1768 llecetlentem
1601 1724 1630 1761 a
1650 1708 1932 1763 desideriis
1970 1707 2199 1762 amicum

622 1811 766 1864 nulla
798 1808 1023 1863 delinire
1056 1814 1230 1874 potest
1272 1803 1480 1858 cultura
1511 1800 1773 1854 caritatis.
1806 1798 1930 1852 Haec
1974 1806 2199 1864 quanta-

622 1906 725 1967 vis,
751 1905 821 1957 mi
846 1902 1083 1962 domine,
1099 1897 1365 1954 nobilibus
1380 1894 1613 1949 scientim
1638 1904 1742 1946 tum
1770 1891 2053 1946 verborum
2087 1892 2205 1957 pin-

620 2012 713 2068 gas
754 1995 1097 2065 imaginibus,
1143 2006 1266 2045 raro
1296 1997 1553 2043 curantur
1583 1986 1856 2039 malefacta
1897 1981 2199 2050 colloquiis,

620 2102 671 2143 et
700 2089 852 2143 dolor
881 2088 968 2155 qui
1000 2103 1027 2139 a
1058 2098 1109 2137 te
1137 2080 1511 2141 descenderit,
1546 2079 1720 2131 sanari
1754 2092 1858 2128 tton
1892 2072 2085 2141 poterit
2108 2087 2201 2139 per

620 2181 903 2248 loquelam.
938 2178 1030 2230 Vix
1060 2176 1178 2237 erit,
1202 2184 1252 2227 ttt
1275 2171 1556 2226 scribendo
1579 2169 1762 2222 deleas
1795 2164 1932 2232 qttod
1964 2163 2201 2217 scribere

620 2271 1007 2339 contempsisti.
1064 2267 1167 2321 Sed
1222 2273 1462 2319 revertor
1502 2261 1564 2313 ad
1610 2259 1957 2326 propositum,
2007 2268 2037 2306 a
2092 2267 2199 2320 quo

623 2376 889 2427 nunquam
929 2369 1041 2420 est,
1073 2356 1117 2409 si
1165 2353 1446 2406 miseretur
1490 2350 1760 2409 divinitas,
1792 2343 2195 2401 discedendum.

623 2453 733 2507 Deo
755 2451 948 2515 debeo,
989 2448 1130 2515 quod
1178 2458 1429 2513 prospera
1471 2452 1575 2505 tua,
1613 2449 1661 2492 te
1708 2438 1974 2491 silentium
2006 2450 2197 2503 procu-

622 2553 791 2607 rante,
826 2543 878 2596 in
912 2542 1123 2609 Liguria
1157 2540 1361 2609 primus
1399 2537 1610 2603 agnovi.
1642 2531 1922 2587 Perdidisti
1966 2531 2196 2584 fructum

623 2636 874 2690 studione
904 2632 1276 2686 taciturnitatis
1301 2648 1314 2683 :
1338 2630 1597 2682 bonorum
1623 2626 1844 2681 felicitas
1876 2624 2055 2677 mundi
2092 2622 2195 2675 lin-

621 2742 719 2795 gua
768 2725 1086 2779 celebratur.
1129 2719 1360 2789 ignorari
1412 2734 1514 2771 non
1569 2726 1740 2785 potest
1784 2716 1921 2785 quol
1973 2714 2198 2767 summis

621 2815 926 2869 accesserit.
959 2814 1011 2866 lu
1045 2811 1357 2873 honoribus,
1384 2807 1467 2861 illa
1497 2808 1663 2871 magis
1686 2804 2053 2870 antplvetenda
2075 2812 2197 2855 sunt

621 2920 741 2976 qua!
762 2906 1073 2960 redduntur.
1103 2903 1236 2957 Male.
1266 2902 1330 2954 ad
1367 2903 1535 2953 fasces
1564 2898 1844 2960 attollitur,
1866 2896 2015 2963 cujus
2046 2909 2197 2948 mens

622 2999 767 3051 inter
790 2995 953 3048 curia:
995 2993 1169 3046 sidera
1214 2992 1344 3045 lucis
1373 2988 1617 3057 suffragia
1652 3002 1755 3040 non
1783 2986 2017 3053 agnoscit
2057 2984 2108 3038 itt
2136 2984 2199 3037 ti-

623 3088 766 3141 tulis.
802 3086 956 3140 Venit
984 3084 1047 3139 ad
1066 3099 1161 3139 vos
1190 3098 1320 3136 cana
1345 3083 1574 3151 dignitas
1596 3096 1737 3143 sera,
1762 3079 1854 3133 sed
1878 3079 2076 3131 debita.
2097 3077 2200 3132 Vo-

620 3178 761 3231 cavit
789 3193 903 3230 eam
938 3175 1138 3244 lingua,
1172 3189 1329 3243 quam
1362 3171 1600 3239 sequitur
1634 3188 1647 3226 :
1680 3167 2196 3238 exegitinnocentia,
2228 3145 2273 3209 (ἶ

621 3285 777 3336 quam
835 3267 1023 3320 habuit
1048 3266 1317 3335 quondam
1362 3274 1520 3318 attate
1547 3263 1908 3330 conjunctam.
1947 3262 2052 3315 Sed
2090 3261 2199 3328 jant

624 3359 784 3413 redeo
815 3358 878 3408 ad
910 3358 1130 3424 gratiam
1160 3354 1435 3407 familiaris
1456 3353 1678 3418 alloquii
1704 3352 1864 3404 etiam
1888 3360 2007 3417 post
2034 3350 2201 3403 oﬂ‘en-

623 3464 757 3502 sam.
792 3446 969 3509 Salve,
1002 3446 1069 3495 mi
1098 3444 1332 3505 domine,
1364 3450 1418 3495 et
1457 3440 1598 3510 quod
1650 3440 1701 3494 in
1732 3442 1928 3493 damno
1956 3440 2200 3506 promissi

623 3536 842 3593 fmderis
873 3532 1168 3603 neglexisti,
1192 3531 1413 3584 restitue
1442 3530 1682 3584 ubertate
1698 3531 1985 3584 sermonis.

1162 3641 1493 3697 EPISTULA
1522 3640 1660 3696 XIV.

1142 3748 1397 3788 ΕΝΝΟΖιΙυε
1419 3747 1654 3785 υΓΑυετο.

640 3822 643 3825 ’
693 3836 921 3898 Nollem,
952 3832 1135 3898 fateor,
1179 3848 1448 3885 morarum
1489 3847 1675 3886 causas
1727 3831 1960 3899 aperire,
1993 3847 2059 3885 ne
2091 3830 2200 3884 ani-

626 3915 743 3977 mus
774 3940 925 3977 meus
946 3939 1063 3977 sera
1088 3926 1137 3977 itt
1164 3940 1347 3990 pacem
1371 3938 1490 3976 cum
1513 3923 1612 3973 laeti
1644 3923 1688 3974 ia
1719 3926 1988 3983 reductus.
2016 3935 2203 3977 intuta

625 4021 814 4069 iterum
846 4015 1103 4068 relatione
1132 4014 1393 4075 turbetur,
1435 4023 1487 4064 ιιι
1538 4011 1759 4064 habeant
1806 4013 2033 4065 tristitia:
2070 4027 2205 4066 mete

624 4107 917 4159 redivivum
948 4107 997 4157 in
1030 4105 1338 4169 narratione
1367 4102 1706 4170 principium.
1756 4102 1897 4155 l’ene
1925 4103 2064 4156 enim
2104 4101 2202 4154 sibi

631 4198 787 4251 debet
816 4197 1085 4266 angustias
1114 4210 1258 4254 suis,
1292 4196 1376 4262 qtti
1426 4209 1609 4246 earum
1660 4193 1895 4262 relegere
1939 4201 2204 4245 transacta

623 4304 725 4342 non
780 4288 992 4356 refugit.
1026 4288 1152 4353 Quis
1210 4286 1273 4338 ad
1328 4286 1527 4338 calcent
1577 4283 1861 4352 perducms
1906 4281 2204 4334 anxietates

621 4394 745 4430 suas
779 4385 989 4445 reparet
1013 4375 1370 4443 intempestivi
1410 4375 1726 4428 necessitate
1772 4372 2069 4426 sermonis?
2097 4372 2201 4426 Sed

2306 510 2454 577 jussa
2483 512 2737 580 respesit.
2766 512 2968 566 Pueros
2996 512 3279 577 desuuavi,
3304 515 3390 581 qui
3412 516 3551 568 fideli
3572 532 3655 569 me
3675 517 3742 571 de
3774 535 3899 581 pro-

2307 599 2560 665 speritate
2592 600 2840 652 culminis
2889 601 3073 664 vestri,
3129 603 3207 654 vel
3255 604 3418 656 tetius
3466 614 3663 658 sancta:
3710 608 3902 660 domus

2309 687 2567 742 relatione
2598 689 2942 765 perdoceant.
2978 689 3193 744 Pendeo
3235 708 3442 757 rursus,
3471 704 3525 748 et
3580 695 3714 751 inter
3747 714 3900 766 spent

2307 784 2363 827 et
2402 787 2602 830 metunt
2631 777 2788 831 dubia
2830 779 3186 834 aestimatione
3211 781 3526 849 distringor,
3565 789 3647 839 cui
3679 805 3903 844 necesse

2307 865 2475 918 estde
2516 866 2733 919 alterius
2770 868 3007 934 parentis
3052 883 3172 923 esse
3200 871 3555 939 pto~peritate
3586 878 3897 932 sollicitum.

2306 951 2435 1016 Quis
2474 952 2539 1004 ad
2570 968 2727 1006 curas
2757 970 2903 1009 nteas
2933 970 2991 1008 se
3012 958 3288 1025 porrigat?
3318 960 3438 1027 quis
3476 973 3638 1016 matus
3663 966 3895 1034 :equipa-

2306 1055 2425 1095 rare
2454 1042 2625 1097 valeat
2654 1044 2740 1096 tali
2764 1045 3023 1100 divisione
3056 1046 3333 1102 distracti?
3363 1050 3466 1104 Sed
3496 1056 3609 1107 bare
3635 1056 3699 1107 ad
3732 1056 3899 1110 Deuzn

2305 1130 2499 1199 justius
2530 1142 2900 1201 reportantur;
2928 1134 3079 1204 cujus
3108 1138 3407 1191 clementiae
3430 1153 3507 1194 est
3528 1152 3645 1196 vota
3680 1145 3901 1200 vincere

2307 1222 2729 1289 supplicantum,
2754 1233 2807 1277 et
2831 1224 3208 1280 ﬂuctuantibus
3228 1237 3433 1294 portum
3466 1247 3651 1297 parare
3688 1234 3903 1289 deside-

2308 1311 2422 1364 riis.
2454 1313 2671 1365 lnterim
2702 1313 2766 1366 ad
2806 1330 2957 1368 nsum
2980 1325 3233 1370 revertor
3262 1320 3622 1385 querelarum.
3673 1323 3903 1393 Paginas

2307 1413 2515 1454 veSIras
2548 1402 2691 1456 illico
2714 1418 2797 1457 me
2821 1420 3046 1474 suggero
3063 1405 3313 1476 subsequi
3340 1407 3611 1473 debuisse,
3636 1421 3689 1463 et
3714 1412 3779 1463 ad
3807 1428 3901 1466 so-

2310 1490 2491 1544 latium
2549 1508 2769 1553 meutn,
2832 1495 2914 1547 vel
2943 1506 3159 1563 propter
3214 1507 3481 1550 recentem
3546 1500 3898 1567 petitionem,

2305 1580 2498 1648 seripta
2530 1597 2835 1650 prorogare.
2870 1598 2935 1636 ne
2956 1582 3007 1635 itt
3028 1583 3245 1649 ancipiti
3273 1584 3341 1637 de
3365 1584 3694 1653 p'ofcclioue
3721 1600 3895 1642 vestrr

2309 1667 2522 1723 animus
2575 1685 2722 1723 meus
2754 1671 3098 1739 pependisset
3147 1672 3354 1727 auditu.
3396 1674 3499 1729 Sed
3563 1680 3698 1731 lianc
3735 1680 3900 1734 credo

2238 1786 2279 1842 Β
2306 1760 2513 1825 Culpam
2540 1760 2844 1827 scriptionis
2867 1761 3139 1815 emendari
3166 1777 3323 1830 posse
3352 1763 3669 1830 frequentia.
3694 1767 3898 1835 Super-

2307 1856 2390 1900 est
2437 1855 2494 1900 ut
2533 1847 2782 1900 divinitas
2812 1863 2838 1898 a
2870 1849 3022 1903 vobis
3045 1865 3105 1901 ea
3135 1850 3358 1905 indicari
3397 1851 3575 1915 faciat,
3605 1871 3723 1922 qtae
3744 1857 3896 1924 juvat

2305 1936 2541 2004 agnosci.
2601 1935 2824 1990 Domine
2866 1938 2966 2001 llll,
3013 1938 3237 1992 effusam
3295 1940 3521 1995 salutem
3581 1948 3895 2001 reverentia:

2307 2035 2499 2076 vestra:
2530 2025 2735 2088 dicens,
2776 2040 2985 2093 precor,
3023 2037 3077 2080 ιιι
3107 2045 3223 2097 qua:
3273 2032 3516 2085 mandavi
3562 2038 3893 2104 suggerenda

2305 2112 2667 2182 adipiscantur
2698 2116 2967 2169 effectum.

2865 2205 3191 2261 EPISTOLA
3234 2207 3327 2263 XV

2774 2298 3026 2338 ηυδοαιυε
3058 2289 3074 2317 ί
3116 2303 3249 2340 non
3269 2304 3397 2344 ιΑιιο

2376 2369 2392 2422 l
2418 2374 2518 2423 lem
2548 2380 2649 2435 est,
2675 2375 2957 2426 terminum
2976 2375 3026 2427 itt
3049 2380 3344 2446 arrogantia
3373 2395 3479 2433 non
3508 2391 3708 2450 tenere,
3743 2388 3888 2454 quod

2304 2462 2355 2513 in
2385 2462 2681 2516 humilitate
2732 2465 3124 2520 transcendere.
3182 2468 3464 2536 Supcrcilii
3504 2473 3729 2528 affectus
3783 2488 3887 2541 est,

2301 2557 2449 2625 justo
2474 2560 2701 2625 amplius
2721 2574 2839 2613 esse
2867 2560 3186 2627 subjectum.
3235 2564 3514 2621 Familiare
3544 2577 3625 2621 est
3654 2571 3887 2636 graviter

2302 2650 2589 2714 hiantibus,
2624 2666 2787 2706 novas
2822 2655 3055 2708 invenire
3108 2654 3408 2722 blanditias,
3438 2670 3493 2713 et
3541 2662 3706 2729 grand
3731 2676 3758 2716 s
3795 2681 3885 2718 eo-

2310 2741 2560 2807 tlturnus,
2595 2741 2645 2795 in
2674 2742 2975 2811 eloquentia
2992 2744 3243 2800 simulare
3265 2745 3621 2813 formidinem,
3647 2754 3727 2805 vel
3755 2769 3855 2808 exa
3884 2783 3889 2791 -

2302 2846 2422 2884 men
2457 2842 2695 2887 metuere
2716 2832 2782 2886 de
2802 2829 2954 2888 laude
2979 2849 3249 2890 securum.
3278 2839 3386 2907 Ego
3406 2855 3534 2894 vero
3554 2842 3885 2912 diligentiam

2310 2925 2584 2991 ptOposilO
2624 2924 3011 2994 impenderem,
3058 2927 3101 2981 si
3149 2931 3394 2999 sanguini
3451 2948 3553 2987 non
3609 2935 3884 2991 deberem.

2301 3013 2521 3081 Suscepi
2550 3014 2840 3079 epistolam
2871 3027 3010 3070 tuam
3044 3017 3284 3074 Romana
3312 3021 3436 3077 dote
3461 3022 3797 3093 locupletem,
3831 3038 3886 3083 et

2309 3107 2504 3175 stylmn
2536 3106 2796 3161 Latiarem
2821 3109 2871 3162 in
2901 3109 3010 3177 ipsa
3039 3112 3416 3180 principiorum
3440 3116 3559 3171 luce
3583 3127 3884 3174 monstran-

2306 3205 2434 3252 tem.
2459 3198 2552 3250 Cui
2589 3215 2673 3253 me
2694 3202 3041 3269 respondere,
3073 3218 3378 3274 opponeute
3408 3224 3595 3263 manus
3652 3212 3885 3275 inscitia,

2304 3291 2477 3360 coegit
2520 3291 2733 3345 affectio
2762 3311 2773 3344 :
2806 3310 2924 3347 cum
2977 3296 3066 3349 ditt
3119 3307 3280 3358 esset.
3327 3302 3464 3367 quod
3513 3302 3886 3370 antiqnaverat

2308 3382 2444 3449 apud
2473 3399 2555 3435 me
2585 3384 2851 3438 scrll‘endi
2884 3387 3117 3441 studium
3157 3404 3278 3457 spes
3298 3393 3524 3458 tacendi,
3554 3403 3607 3445 et
3638 3395 3685 3447 in
3710 3394 3885 3449 locum

2305 3473 2488 3537 gloria.-
2514 3474 2783 3526 silentium
2811 3479 3166 3543 computabat.
3200 3479 3304 3534 Sed
3331 3482 3432 3535 nisi
3464 3486 3885 3551 reSpondissent,

2309 3563 2545 3616 nescires
2575 3574 2625 3616 te
2654 3579 2775 3618 esse
2805 3565 3219 3633 deprehensum,
3250 3570 3387 3638 quod
3414 3572 3587 3625 minus
3615 3574 3885 3630 fabric..tis

2310 3651 2538 3719 ingeniis
2560 3654 2753 3707 artifici
2782 3654 3048 3717 facundia,
3072 3664 3128 3711 et
3147 3674 3307 3711 succo
3333 3658 3602 3716 Romulea:
3624 3665 3885 3718 callidita-

2308 3741 2374 3795 tis
2405 3744 2653 3798 illuseris.
2690 3745 2804 3799 Non
2834 3762 2981 3817 requa
3033 3749 3097 3803 ad
3127 3752 3411 3805 secandum
3442 3753 3611 3809 virtus
3638 3766 3719 3810 est
3746 3759 3886 3826 poli-

2308 3835 2621 3899 ttelaminze,
2647 3848 2700 3893 et
2726 3842 2841 3907 ejus
2871 3856 3029 3909 quant
3062 3843 3250 3911 rubigo
3278 3846 3579 3913 possederit
3606 3866 3617 3899 :
3664 3865 3761 3903 nec
3793 3866 3885 3914 ta-

2309 3941 2420 3980 rem
2433 3928 2736 3982 conflcutm
2769 3945 2895 3983 usus
2921 3940 3095 4000 potest
3125 3945 3177 3988 et
3205 3944 3384 4003 torpor
3404 3952 3697 3992 assumere.
3732 3941 3885 3997 Nunc

2307 4018 2546 4085 epistola.-
2569 4020 2828 4075 brevitate
2847 4032 3131 4078 contentus
3153 4026 3217 4079 ad
3242 4027 3574 4082 salutationis
3590 4031 3763 4084 debita
3796 4048 3885 4087 me

2304 4120 2560 4165 converto
2594 4128 2607 4163 :
2641 4113 2782 4179 quod
2832 4114 3045 4183 eloquio
3074 4133 3177 4170 non
3229 4121 3393 4185 potui,
3424 4122 3590 4189 gratia
3634 4134 3885 4191 pensatu-

2309 4216 2418 4267 ηις,
2441 4202 2713 4257 reddendo
2742 4206 3024 4259 amicitiam
3055 4222 3150 4275 pro
3173 4208 3445 4265 schemate
3468 4219 3523 4265 et
3552 4226 3741 4280 pompa
3764 4227 3885 4266 ser-

2308 4308 2544 4347 monum.
2578 4294 2715 4349 Ecce
2738 4305 2991 4364 quantum
3031 4300 3361 4367 occupationi
3391 4303 3685 4357 subducere
3713 4306 3883 4370 potui,

2307 4384 2452 4436 celer
2476 4386 2686 4448 scripsi.
2732 4385 2887 4439 Dabit
2918 4388 3075 4452 Deus,
3104 4401 3156 4442 ιιι
3199 4390 3243 4443 si
3276 4406 3531 4459 responsa
3582 4394 3859 4448 desideras

621 4468 893 4520 VtIlllSClllll
945 4466 1074 4518 tttilti
1130 4477 1338 4519 etcum
1388 4465 1657 4532 projttsito
1708 4479 1884 4516 rerum
1928 4464 2057 4516 fides
2095 4471 2197 4526 est,

696 4558 728 4573 η
794 4571 809 4573 -
1098 4555 1142 4573 εη
1202 4553 1547 4573 _-_.:-_-.=___-
1594 4566 1652 4573 ην
1700 4566 2006 4573 _..-__._-.___-
2042 4565 2192 4573 .--___

2308 4487 2530 4527 vacuum
2561 4477 2704 4529 curis
2729 4476 2918 4544 pulsati
2953 4487 3137 4542 pectus
3165 4479 3421 4534 invenias.

619 4558 813 4623 quibus
841 4555 1069 4607 debetur
1098 4555 1147 4605 in
1202 4553 1550 4619 replicatione
1582 4566 1654 4603 ex
1695 4566 2009 4615 quacunque
2038 4565 2195 4603 (ausa

619 4649 918 4701 sinceritas.
950 4643 1327 4699 Patiorlibens
1377 4642 1590 4694 aculeos
1644 4641 1873 4693 revocati
1928 4640 2195 4706 tttceroris,

620 4737 909 4789 dunnnodo
934 4735 1139 4788 veritati
1161 4733 1233 4786 nil
1256 4742 1435 4799 pereat
1466 4748 1479 4783 :
1510 4739 1563 4783 et
1593 4747 1658 4783 ne
1677 4746 1770 4797 per
1794 4732 1973 4784 vitiant
2003 4742 2197 4785 tener.c

622 4827 815 4878 mentis
854 4826 1094 4892 paginam
1139 4822 1366 4875 falsitate
1420 4820 1796 4884 dehonestent,
1843 4831 2030 4889 sponte
2086 4821 2199 4876 fero

620 4917 759 4984 quod
780 4919 971 4969 refero.
995 4916 1172 4968 Sancti
1197 4913 1431 4979 episcopi
1458 4911 1622 4980 patris
1650 4912 1810 4963 vestri
1842 4928 2006 4981 prope
2032 4913 2080 4963 in
2102 4912 2200 4965 du-

624 5006 766 5057 bittnt
796 5005 939 5057 salus
972 5003 1193 5057 deducta
1228 5019 1310 5055 nte
1343 5002 1509 5055 tenuit
1539 5018 1550 5052 :
1581 5002 1631 5053 in
1685 5000 1836 5067 cujus
1886 5001 2201 5069 :cgritudine

620 5095 863 5163 quamvis
915 5107 1105 5146 cuncta
1155 5093 1513 5162 illaeryntaret
1572 5091 1832 5150 Ecclesia,
1881 5108 1966 5144 me.
2021 5101 2195 5149 tamen

622 5181 866 5250 specialis
897 5197 1093 5235 maeror
1121 5182 1327 5242 afflixit,
1356 5181 1443 5248 qui
1485 5180 1603 5246 ejus
1654 5179 1823 5234 debeo
1849 5181 1962 5246 plus
2004 5186 2197 5237 amori.

625 5271 738 5325 Vidi
772 5285 954 5339 pacem
985 5270 1212 5323 civitatis
1246 5283 1469 5338 urgente
1498 5271 1767 5325 discordia
1812 5274 1959 5323 urbis
1999 5285 2197 5329 nostra:

624 5365 805 5419 limina
839 5364 1325 5426 transeemlentcni,
1359 5373 1410 5416 et
1433 5362 1500 5417 ab
1527 5364 1693 5417 oculis
1720 5366 1915 5418 nostris
1935 5368 2083 5433 quasi
2116 5368 2196 5420 in-

621 5436 827 5508 certum
857 5450 1064 5522 aliquod
1096 5464 1183 5505 aut
1215 5468 1401 5519 vagum
1422 5469 1612 5508 numen
1637 5455 1892 5521 elapsam.
1916 5456 2017 5511 Sed
2049 5458 2199 5512 sufﬁ-

619 5544 725 5595 ciat
763 5544 999 5597 tristibus
1026 5542 1211 5595 stricta
1242 5542 1492 5595 narratio.
1524 5543 1642 5596 ιλιι]
1667 5545 1731 5596 ad
1775 5546 1965 5599 bonam
1998 5549 2200 5603 valetu-

621 5632 798 5683 dinem
821 5632 987 5685 sancti
1024 5631 1193 5685 Patris
1220 5630 1362 5683 salus
1387 5632 1618 5697 Optanda
1647 5649 1695 5685 et
1733 5634 2001 5704 diligenda
2029 5640 2195 5705 respi-

2848 4566 2993 4619 f-If’lS
3011 4567 3173 4620 ΓΟΙΑ
3209 4568 3344 4622 XVI.

2810 4657 3062 4697 ENNODIUS
3102 4661 3379 4701 FLIH’HANO.

2374 4729 2505 4782 Illud
2530 4730 2836 4785 fraternitas
2859 4744 2941 4785 ttta
2969 4739 3135 4789 antori
3164 4754 3282 4793 meo
3309 4742 3565 4805 potuisset
3612 4744 3881 4811 impende-

2303 4836 2380 4882 re,
2412 4824 2551 4887 quod
2584 4838 2704 4876 vera
2733 4825 3050 4880 liberalitate
3078 4843 3198 4881 cum
3255 4830 3533 4887 tribuentis
3566 4838 3882 4903 compendia

2304 4912 2594 4980 proliceret
2615 4925 2666 4966 et
2700 4916 2905 4983 pudori.
2932 4917 2983 4969 Ιιι
3013 4934 3075 4971 ea
3104 4920 3307 4973 scilicet
3338 4933 3506 4989 parte,
3531 4934 3719 4979 utcum
3749 4927 3882 4980 indi.

2301 5020 2389 5059 ees
2413 5007 2572 5061 studii
2605 5009 2704 5061 mei
2744 5008 2942 5062 litteras
2988 5010 3096 5078 jam
3124 5025 3353 5078 teneres,
3385 5018 3451 5070 ab
3480 5018 3786 5087 scriptionis
3834 5034 3886 5075 ιιι

2300 5111 2425 5150 cura
2474 5097 2848 5165 suspenderes.
2899 5100 3184 5169 Quisquam
3242 5119 3307 5155 tte
3347 5107 3595 5160 coloratis
3654 5110 3884 5163 frontem

2303 5187 2468 5254 ping't
2498 5186 2781 5251 ilicet-bris,
2815 5196 2867 5240 et
2912 5187 3103 5242 famam
3151 5193 3321 5245 \alida
3379 5194 3776 5263 impugnatioue
3811 5200 3886 5250 la-

2299 5275 2548 5353 befactat;
2580 5291 2678 5330 nec
2709 5279 2987 5332 manifesta
3016 5282 3360 5337 excusatione
3399 5296 3707 5352 contentus,
3740 5290 3886 5343 male

2300 5366 2530 5420 credula:
2555 5368 2896 5421 conscientia:
2920 5370 3165 5424 suffieete
3189 5388 3293 5425 non
3327 5378 3554 5430 aestimat
3582 5381 3722 5447 quod
3755 5394 3884 5448 pro-

2302 5460 2467 5516 bavit?
2497 5462 2594 5527 Qui
2621 5462 2770 5516 vario
2800 5478 2991 5533 sapore
3014 5467 3266 5535 colloquii
3308 5471 3550 5526 edacium
3580 5476 3880 5531 amicorum

2303 5552 2479 5605 fa-ires
2521 5552 2712 5613 irritat,
2768 5563 2826 5608 ut
2854 5556 2979 5608 dum
3014 5556 3202 5610 blanla
3235 5560 3471 5629 subjicit,
3502 5565 3718 5620 definita
3762 5584 3885 5636 per-

2301 5652 2486 5697 mutet.
2518 5644 2646 5696 Nam
2678 5644 2959 5712 postquam
2989 5664 3073 5701 me
3118 5651 3385 5706 silentium
3440 5671 3623 5711 amare
3648 5661 3881 5728 scripse-

694 5730 1008 5813 ‘Fforianol
1044 5745 1163 5799 Viro
1193 5746 1496 5816 spectabili,
1525 5749 1566 5801 si
1594 5748 1749 5803 modo
1777 5752 1819 5805 is
1864 5765 1941 5809 est
1987 5755 2052 5809 ad
2104 5773 2257 5827 quem
2312 5759 2661 5815 Theodericus
2718 5778 2805 5816 rex
2851 5763 3031 5817 scribit
3079 5767 3215 5835 apud
3255 5768 3665 5837 Cassiodomm,
3701 5776 3791 5830 lib.
3842 5794 3883 5838 t.

622 5848 704 5895 rp.
732 5830 785 5883 5.
