4186 6252
585 329 646 383 δι
1703 318 1966 374 E3001!"
2010 320 2166 374 EPISt

2273 320 2308 372 Ἰ
2348 318 2719 373 TltllNENSlS
3732 386 3737 391 ,
3778 329 3846 385 52

588 438 795 491 dulcem
825 438 1006 491 Irtbnit
1034 437 1186 502 culpa
1217 438 1516 490 mercedem
1546 448 1634 491 :et
1663 438 1896 491 cmlestis
1924 438 2158 490 mandati
2190 446 2240 498 Α
2268 453 2422 506 quem
2451 437 2502 492 itt
2537 438 2705 491 titthits
2740 438 2922 491 tuli~se
2956 438 3242 505 probamus
3272 442 3526 496 auxilium
3552 461 3565 496 :
3591 461 3847 515 rogemus

588 532 904 583 s'n'eutiam
946 531 1056 584 seie
1081 545 1122 582 ns
1171 529 1506 598 prudensque
1549 528 1846 597 negligere,
1877 528 1921 581 si
1952 528 2165 583 deside-

590 622 682 674 riis
708 622 915 688 cupiam
946 619 1263 675 vind‘canda
1308 621 1622 674 conciliant!
1656 620 1779 673 Mihi
1812 620 1901 673 uni
1945 620 2166 687 contigit

588 711 657 764 de
681 711 990 765 offensionis
1016 711 1206 764 merito
1235 710 1480 765 evenisse
1514 710 1657 778 quod
1683 710 1939 778 gaudeam
1966 727 1976 762 :
2003 709 2162 763 didici

590 819 730 857 nunc
779 803 865 856 tali
919 802 1349 857 remuneratione
1392 813 1567 857 errata
1615 802 1829 857 sectari.
1879 801 1993 855 Non
2040 811 2167 856 sunt

589 897 836 957 adversa,
860 894 1048 949 doctor
1094 894 1315 963 optime,
1347 895 1703 949 amicitiarum
1746 894 2018 960 religioni,
2049 910 2167 962 qua:

590 984 806 1053 profero
849 994 1063 1039 coactus
1087 987 1137 1038 in
1171 985 1426 1039 tnedium.
1462 985 1571 1037 ltnn
1614 995 1830 1052 propter
1876 983 2169 1038 confessio-

591 1094 712 1132 nem
733 1078 944 1145 dignam
963 1078 1237 1147 proposito
1255 1077 1571 1131 valetudinis
1594 1085 1699 1131 tua:
1720 1074 1877 1129 duhia
1897 1090 2166 1144 nunquam

592 1171 732 1226 velut
778 1172 1013 1239 ingratus
1062 1170 1239 1237 optavi
1265 1187 1279 1221 :
1306 1172 1430 1235 quin
1475 1170 1658 1232 etiam,
1683 1180 1940 1237 quantum
1992 1170 2043 1221 in
2084 1182 2170 1221 me

593 1262 710 1318 fuit.
759 1272 941 1314 contra
996 1262 1305 1326 ingrncnles
1361 1259 1454 1311 tihi
1514 1258 1899 1326 itnnqnalitates
1950 1271 2168 1325 precum

591 1366 781 1406 manus
821 1351 1066 1421 opposui.
1100 1349 1205 1405 Sed
1244 1364 1373 1404 ecce
1421 1364 1579 1417 quam
1624 1350 1800 1402 alacer
1836 1361 2024 1401 sensus
2062 1356 2168 1410 est,

594 1461 699 1499 non
734 1445 783 1497 in
812 1458 1067 1513 prospera
1097 1442 1458 1496 membrorum
1486 1442 1658 1494 Saillle
1689 1440 1904 1494 fundata
1935 1441 2171 1495 ostendit

596 1535 809 1604 pagina,
843 1533 894 1587 in
940 1548 1043 1601 qua
1094 1543 1316 1600 utraque
1361 1532 1479 1585 luce
1528 1531 1743 1586 fulsisti.
1797 1530 1936 1595 Tua.
1962 1547 2169 1599 qmeso,

591 1624 796 1677 lumina
845 1623 985 1676 rmbe
1030 1622 1230 1675 doloris
1274 1621 1625 1682 ltebelantnr,
1674 1622 1826 1685 cujus
1870 1629 1976 1673 tam
2025 1620 2169 1673 clara

592 1724 715 1766 sunt
744 1712 1011 1765 carmina?
1035 1721 1089 1765 et
1115 1712 1203 1778 qui
1237 1709 1406 1762 lucem
1437 1710 1691 1777 loqueris,
1715 1709 1783 1761 de
1814 1708 2017 1762 visione
2046 1723 2173 1761 cau-

2268 546 2412 592 eum,
2443 547 2530 599 qut
2585 532 2687 583 scit
2713 546 2904 594 nempe
2944 545 3160 587 servare
3187 534 3328 602 quod
3359 538 3620 601 przestitit.
3649 549 3704 593 et
3742 543 3835 594 vir-

2270 631 2440 674 tutum
2467 636 2681 673 auarum
2718 623 2831 674 viva
2864 623 3163 676 testimonia
3195 626 3246 677 in
3278 626 3492 691 longum
3527 632 3845 697 producere.

2271 712 2418 766 Talia
2445 722 2566 766 sunt
2608 728 2815 767 mecum
2843 715 2983 768 circa
3013 731 3108 768 vos
3139 720 3425 772 venerandi
3472 731 3591 775 vota
3635 726 3847 795 collegii

2271 818 2367 871 per
2392 813 2555 858 totam
2588 806 2857 872 Liguriam
2889 807 3296 863 consistentium
3338 827 3613 869 servorum
3638 827 3693 871 et
3717 821 3853 873 arni-

2272 909 2455 947 corum
2494 895 2605 947 Dei.
2633 895 2749 949 Tali
2781 896 2966 950 nititur
2991 898 3183 952 domus
3205 911 3388 955 sancta
3415 902 3667 972 suffragio
3690 923 3704 960 :
3728 924 3848 977 pre-

2273 1001 2363 1041 ces
2389 1002 2485 1054 pro
2512 988 2717 1040 serenis
2746 988 3052 1057 pignoribus
3078 992 3194 1045 sine
3213 992 3513 1049 cessatione
3532 996 3846 1054 funduntur.

2276 1077 2472 1131 Verum
2497 1093 2581 1132 me
2603 1080 2802 1141 dicere,
2834 1081 2985 1133 testis
3005 1090 3087 1134 e~t
3116 1081 3389 1148 divinitas,
3413 1099 3534 1152 qua:
3563 1089 3701 1155 quod
3736 1090 3848 1157 ipsa

2274 1179 2375 1232 est,
2405 1171 2682 1224 veritatem
2713 1171 2919 1239 diligit;
2951 1173 3200 1226 omnibus
3242 1177 3331 1243 qui
3370 1177 3437 1231 de
3474 1178 3598 1232 vitae
3629 1191 3851 1246 possunt

2277 1262 2578 1315 innocentia
2621 1275 2673 1317 et
2721 1263 3023 1332 integritate
3068 1267 3355 1333 conlidere,
3410 1282 3638 1325 vestram
3694 1274 3855 1330 nimis

2275 1368 2508 1406 amaram
2537 1368 2659 1407 esse
2686 1356 3016 1411 mrestitiam.
3038 1358 3141 1412 Sed
3170 1374 3312 1412 nunc
3339 1361 3404 1414 ad
3430 1364 3669 1430 epistola:
3696 1381 3850 1421 nsum

2277 1454 2537 1499 revertor.
2569 1444 2749 1510 Salve,
2784 1448 2855 1501 mi
2888 1448 3127 1512 domine,
3156 1460 3211 1504 et
3236 1454 3476 1520 gerulum
3507 1460 3850 1524 prmsenlium

2277 1534 2498 1590 Bassum
2533 1537 2596 1591 V.
2618 1537 2683 1592 C.
2707 1539 2795 1592 illa
2824 1555 2924 1608 qua
2949 1556 3103 1596 caros
3129 1559 3275 1597 meos
3303 1547 3509 1613 Soletis,
3542 1548 3854 1618 dignatione

2276 1627 2531 1696 suscipite
2558 1645 2570 1682 :
2597 1629 2721 1698 quia
2744 1630 2885 1684 inter
2912 1646 3100 1687 omnes
3120 1634 3310 1702 quibus
3332 1636 3551 1692 affectus
3572 1649 3655 1694 est
3677 1654 3852 1696 meam

2279 1710 2495 1786 propter
2534 1734 2627 1772 vos
2663 1720 2954 1775 amicitiam
3002 1725 3293 1790 cusmdire,
3326 1729 3611 1797 quamdam
3655 1733 3853 1798 prmdi-

591 1804 764 1859 8³1³ίεῖ
790 1803 957 1868 Qum"
992 1803 1176 1866 ιίηιθοο
1211 1816 1277 1855 ἰθ
1305 1816 1494 1869 Parcus
1536 1802 1587 1854 ίι)
1620 1800 1828 1854 melius
1855 1799 1959 1853 “lis
1989 1800 2174 1853 ¹³¹υ⁴¹³ο
2204 1809 2249 1868 Β
2276 1817 2397 1862 ctus
2426 1824 2605 1863 arcem
2639 1813 2881 1878 puritatis
2910 1816 3171 1870 ascendit.
3200 1816 3388 1872 Juvate
3413 1835 3542 1889 ergo
3572 1823 3853 1889 petitiones

594 1905 678 1948 tor
730 1892 986 1947 inveniat.
1061 1891 1179 1945 Tibi
1228 1901 1372 1944 recte
1425 1890 1739 1950 astribitur,
1789 1891 1997 1944 cunctis
2042 1891 2171 1944 dare

592 1983 802 2047 oeulos,
858 1994 910 2035 et
962 1980 1188 2034 obscura
1245 1981 1499 2034 mentium
1557 1996 1590 2049 p
1626 1980 1835 2048 regriuo
1885 1981 2171 2048 splendore

592 2072 819 2126 radiare.
865 2072 1001 2141 Ergo
1042 2082 1197 2137 putas
1240 2070 1333 2126 tibi
1366 2070 1597 2124 validum
1629 2087 1731 2124 non
1762 2086 1883 2126 esse
1906 2073 2045 2140 quod
2078 2074 2171 2125 tri-

594 2162 750 2216 huis?
777 2161 942 2224 Pelle,
971 2175 1173 2230 qtucso.
1204 2161 1382 2214 animo
1410 2176 1567 2216 curas
1595 2162 1915 2227 superﬂuas,
1949 2162 2168 2216 forsitan

592 2250 954 2306 sollicitudine
983 2261 1074 2304 aut
1114 2251 1362 2306 cautione
1399 2261 1708 2320 conceptas.
1744 2252 1899 2304 Dabit
1929 2252 2089 2316 Deus,
2116 2262 2167 2307 ut

591 2345 849 2411 quidquid
881 2345 1175 2411 corporalis
1201 2346 1427 2397 accessit
1457 2344 1802 2407 incommodi,
1834 2345 1951 2400 vive
1979 2346 2170 2399 anima:

593 2445 696 2490 tua:
726 2452 818 2506 per
846 2451 875 2489 s
897 2436 1039 2489 ldum
1070 2436 1305 2488 rutilanti
1339 2436 1514 2489 nitore
1545 2437 1850 2490 mandetur.

1144 2525 1478 2579 EPlSTULA
1520 2525 1638 2579 XX.

1121 2632 1309 2670 ENNODI
1318 2632 1377 2670 US
1417 2633 1638 2671 FAllSTOo

669 2707 805 2762 Vere
848 2709 1046 2777 gratias
1088 2708 1355 2771 Trinitati,
1383 2724 1541 2777 quam
1592 2724 1911 2764 veneramur
1948 2720 1999 2764 et
2038 2710 2171 2764 coli-

595 2813 734 2861 mus,
764 2798 871 2852 Deo
901 2808 1104 2861 nostro,
1128 2814 1246 2867 qua:
1286 2800 1387 2852 sub
1434 2814 1782 2866 personarum
1828 2800 2173 2854 distinctione

594 2899 647 2943 cl
680 2891 978 2957 cqualitate
1027 2890 1277 2956 mirabili,
1311 2907 1471 2946 unam
1514 2906 1612 2945 nos
1642 2894 1733 2961 pie
1765 2893 1924 2960 jussit
1971 2893 2172 2947 sentire

593 2993 649 3037 et
668 2984 894 3038 adorare
920 2985 1307 3049 substantiam;
1340 3000 1460 3052 quae
1487 2986 1755 3053 planctum
1787 2974 2028 3039 nostrum
2053 3001 2174 3039 ver-

592 3079 655 3132 tit
683 3078 734 3132 in
757 3079 1041 3147 gaudium;
1074 3093 1193 3147 qua:
1236 3078 1483 3133 dolorum
1512 3080 1734 3134 comites
1758 3079 1825 3133 ad
1855 3080 2169 3147 obsequium

2273 1897 2410 1962 eius.
2438 1908 2493 1952 ιιι
2521 1900 2749 1955 fructum
2774 1902 2841 1957 de
2866 1903 3122 1960 inmensis
3148 1909 3368 1963 capiens
3394 1911 3461 1965 ad
3489 1914 3691 1981 potiora
3717 1926 3853 1982 pra--

2273 1998 2510 2056 paretur.

2803 2088 3131 2147 EPISTULA
3182 2094 3321 2150 XXI.
3363 2139 3379 2159 .

2801 2196 3054 2236 ENNODIUS
3091 2200 3314 2241 PAUS'I'O.

2345 2263 2440 2318 Din
2489 2282 2653 2334 super
2698 2269 2931 2326 adventu
2985 2277 3352 2343 amplitudinis
3399 2292 3589 2335 vestra!
3634 2298 3851 2350 aneiptu

2272 2372 2425 2411 mens
2447 2374 2563 2413 mea
2586 2362 2834 2429 pependit
2866 2365 3084 2420 indicio.
3115 2369 3219 2423 Sed
3246 2380 3526 2439 postquam
3558 2391 3644 2429 me
3672 2377 3849 2432 divina

2274 2449 2640 2505 misericordia
2674 2452 2742 2505 ab
2773 2454 3073 2522 hujusmodi
3107 2460 3379 2515 anxietate
3421 2464 3638 2529 laxavit,
3669 2469 3849 2521 statim

2271 2541 2336 2594 ad
2363 2553 2615 2597 consueta
2641 2546 2813 2599 ollicia
2842 2562 2927 2601 me
2947 2552 3146 2604 contuli
3177 2569 3188 2601 :
3213 2568 3512 2621 quanquam
3541 2558 3849 2626 paginarum

2272 2633 2524 2702 obsequia
2573 2650 2673 2690 nec
2713 2636 2956 2705 digresso
2992 2640 3059 2693 ad
3108 2640 3391 2712 longinqua
3439 2661 3847 2715 suppresserat.

2275 2723 2367 2777 llis
2395 2740 2522 2793 ergo
2553 2727 2911 2783 valetudinem
2964 2745 3137 2785 meam
3187 2733 3449 2800 indicans,
3484 2739 3848 2806 mgriludinem

2272 2815 2435 2868 animi
2460 2816 2654 2882 refero,
2677 2833 2834 2887 quam
2857 2819 2925 2874 de
2950 2836 3183 2878 mterore
3204 2826 3465 2880 contraxi.
3495 2827 3568 2881 De
3594 2829 3848 2885 luminum

2274 2913 2576 2959 nostrorum
2600 2907 2777 2962 salute
2804 2908 3083 2979 sollicitor,
3118 2912 3171 2966 in
3196 2929 3261 2968 eo
3288 2913 3386 2969 loci
3418 2919 3759 2982 constitutus,
3784 2920 3849 2973 ad

2273 3008 2430 3062 quem
2477 2996 2697 3051 difficile
2742 3000 2960 3053 nuntius
3011 3013 3349 3070 exspectatus
3396 3004 3664 3065 allabitur.
3697 3009 3849 3074 Quod

2274 3084 2325 3138 in
2363 3086 2554 3140 solatio
2583 3099 2684 3153 est,
2714 3089 2880 3143 Deum
2932 3105 3137 3157 precor,
3173 3102 3229 3147 ut
3257 3094 3400 3149 nulla
3432 3110 3644 3150 servum
3692 3112 3847 3155 suum

594 3169 789 3223 lzetitia:
820 3170 1082 3239 lacrymas
1108 3171 1455 3226 commutavit
1482 3189 1494 3223 :
1517 3180 1575 3224 ut
1600 3187 1726 3225 vere
1753 3187 1871 3225 cum
1906 3170 2165 3241 Propheta
2195 3178 2241 3241 ο
2273 3178 2499 3245 patiatur
2553 3181 2782 3250 amplius
2832 3196 2957 3235 cura
3012 3185 3298 3249 macerari;
3354 3186 3447 3240 sed
3504 3186 3570 3242 de
3623 3189 3791 3243 reduc
3818 3208 3846 3242 a

591 3259 762 3312 dicam
790 3276 803 3312 :
835 3260 961 3325 Quis
1008 3261 1149 3313 dabit
1195 3262 1350 3332 capiti
1388 3279 1498 3317 meo
1530 3278 1739 3331 aquam,
1767 3272 1813 3316 et
1857 3264 2018 3316 oculis
2047 3265 2171 3317 meis

592 3353 781 3417 [autem
824 3352 1037 3417 [fetuum
1064 3348 1280 3417 (Jerem.
1313 3367 1385 3413 ιι,
1412 3350 1501 3419 1)?
1540 3361 1597 3406 ut
1638 3353 2016 3407 beneficiorum
2059 3369 2171 3410 rm-

591 3438 800 3492 lestium
832 3440 1183 3508 magnitudini
1213 3441 1312 3495 sub
1341 3442 1440 3497 hac
1466 3441 1753 3497 devotione
1784 3443 2166 3512 respondeam:

592 3528 676 3583 cui
704 3530 927 3598 contigit
953 3540 1077 3584 ante
1121 3531 1366 3598 accipere
1410 3533 1651 3587 caelestia
1700 3532 1862 3600 dona,
1884 3550 2046 3604 quam
2077 3552 2172 3603 po-

590 3637 761 3686 scere,
788 3630 845 3675 et
868 3637 1015 3687 prus
1043 3622 1170 3690 quid
1193 3622 1318 3677 boni
1340 3624 1612 3678 evenisset
1637 3625 1833 3694 legere,
1852 3640 2011 3695 quam
2041 3627 2169 3695 quid

590 3712 719 3765 mali
750 3712 1081 3766 minarentur
1116 3724 1332 3781 peccata
1363 3716 1585 3771 sentire.
1615 3715 1786 3770 Tuom
1817 3728 1921 3782 est,
1953 3719 2171 3787 dispen-

590 3816 736 3858 sator
776 3804 1142 3872 omnipotens,
1189 3805 1332 3874 quod
1378 3804 1446 3859 de
1486 3807 1693 3860 serenis
1736 3808 2085 3876 pignoribus,
2115 3818 2171 3864 et

591 3894 781 3948 futura:
811 3893 1130 3949 innocentia:
1158 3894 1497 3962 Ineredilate,
1527 3897 1579 3951 in
1609 3897 1695 3950 illa
1734 3914 1855 3966 quae
1898 3900 2171 3967 praecessit

590 3986 857 4041 anxietate
884 4002 988 4039 non
1021 3988 1170 4040 timui
1202 3989 1326 4056 :qui
1358 3990 1592 4043 reducta:
1637 3989 1796 4043 etiam
1843 4002 2041 4044 statum
2070 4007 2166 4044 va-

590 4078 841 4132 letudinis
886 4079 1036 4147 quasi
1084 4080 1414 4148 stupefactus
1462 4082 1679 4151 accepi,
1733 4082 1784 4135 in
1835 4082 2168 4138 confusionis

590 4170 938 4226 similitudine
976 4172 1295 4239 collocatus,
1325 4188 1448 4242 quae
1493 4189 1650 4243 supra
1691 4173 1939 4227 meritum
1987 4189 2164 4230 meum

589 4264 849 4317 collocata
892 4274 1019 4317 sunt
1066 4279 1319 4333 prospera
1365 4265 1609 4319 evenisse
1649 4264 1734 4318 vix
1777 4264 1997 4319 credidi.
2033 4266 2167 4321 Vere

588 4367 833 4419 superna!
856 4353 1301 4407 remnueratioois
1324 4352 1538 4406 divit‘as
1560 4354 1786 4406 humana
1816 4369 1966 4407 mens
1999 4370 2064 4408 ne
2094 4358 2167 4409 cit

587 4442 912 4509 expendere.
946 4443 1033 4496 Sic
1061 4442 1240 4495 animo
1270 4443 1482 4509 fragiles
1510 4452 1897 4509 temperantur,
1928 4454 1985 4497 ttt
2013 4446 2160 4513 prius

2278 3284 2517 3323 meorum
2547 3270 2598 3324 in
2628 3272 2859 3327 solidum
2892 3269 3243 3343 prospei-itaté
3270 3276 3489 3331 testibus
3520 3278 3654 3333 meis
3684 3280 3847 3336 celeri

2276 3360 2482 3413 medela
2510 3362 2812 3417 subveniat.
2843 3364 3097 3421 Salutans
3125 3368 3300 3422 debita
3327 3369 3601 3434 servitute,
3635 3385 3846 3438 precor,

2276 3461 2331 3505 ut
2352 3451 2577 3519 cognitis
2605 3453 2687 3507 his
2715 3455 2783 3509 de
2810 3457 3007 3523 quibus
3033 3459 3243 3511 animus
3270 3474 3421 3512 meus
3447 3461 3589 3514 varia
3618 3462 3845 3515 :estima-

2274 3543 2417 3597 tione
2440 3543 2691 3612 jactatur,
2725 3546 2913 3600 sedulo
2957 3546 3086 3600 mth
3128 3548 3451 3603 hilaritatem
3494 3548 3846 3607 deferentium

2273 3637 2569 3691 litterarum
2595 3637 2857 3694 beneficio
2881 3642 3227 3695 succurratis.

2793 3731 3121 3788 EPISTOLA
3164 3732 3324 3789 XXII.

2772 3838 3023 3878 εκκιιωυε
3054 3824 3069 3853 ¹
3098 3839 3345 3878 ortuoat.
3848 3886 3851 3889 ,

2339 3913 2588 3978 Coeperat
2636 3914 2947 3980 parvitatem
2998 3930 3169 3969 meam
3213 3916 3520 3982 magnitudo
3550 3927 3723 3969 vestra
3753 3931 3846 3982 Spe

2269 4019 2387 4071 qua:
2428 4012 2547 4055 vota
2589 4004 2863 4069 transiret,
2893 4004 3213 4074 dignationis
3241 4006 3509 4071 attollere,
3535 4015 3589 4061 et
3615 4006 3845 4061 caelestis

2269 4096 2494 4149 instituti
2545 4112 2725 4162 more,
2755 4098 2984 4151 clariora
3033 4100 3206 4153 facere
3252 4099 3508 4153 beneficia
3558 4115 3685 4165 sua,
3719 4101 3845 4154 dttm

2268 4205 2384 4243 mea
2413 4190 2601 4243 merita
2627 4190 2972 4257 nullajndicii
3006 4192 3156 4245 lance
3185 4191 3467 4259 pensabat;
3502 4192 3580 4245 vel
3605 4206 3846 4247 censura)

2269 4279 2541 4349 negligens
2577 4281 2707 4335 dare
2753 4284 2978 4348 pretium
3028 4283 3355 4348 muneribus,
3384 4290 3502 4351 qua:
3542 4298 3662 4337 esse
3695 4298 3845 4347 mon-

2267 4376 2467 4428 slrahat
2499 4372 2731 4428 indebita
2759 4391 2770 4425 ε
2796 4374 3044 4442 quoniam
3073 4375 3284 4428 all'cctio
3306 4389 3425 4443 qua:
3453 4374 3593 4429 circa
3617 4373 3844 4428 humiles

2267 4466 2569 4529 exhibetur,
2603 4480 2707 4519 non
2742 4465 2903 4518 habet
2931 4480 3118 4518 necess
3142 4474 3324 4530 tatem,
3352 4475 3407 4517 et
3434 4464 3664 4532 speciem
3692 4480 3842 4518 suam

588 4539 869 4593 stationem
903 4538 1111 4591 videant
1141 4554 1301 4605 quam
1350 4536 1708 4603 periculorum
1741 4537 1941 4590 incerta
1971 4539 2161 4605 depre-

2269 4570 2360 4622 per
2400 4555 2594 4607 sudtmt
2635 4555 2868 4606 rutilanti
2916 4554 3200 4621 splendore
3247 4554 3532 4622 signiﬁcat.
3579 4554 3675 4609 Diti
3714 4570 3843 4621 ergo

588 4631 838 4685 bendanl.
893 4632 1031 4684 Dens
1082 4630 1247 4683 bone!
1291 4628 1342 4680 in
1389 4644 1493 4696 quo
1537 4629 1762 4695 abrupto
1812 4630 2158 4695 pependimus

586 4731 729 4785 tunc,
761 4737 882 4775 cum
916 4720 1146 4789 p0'entia
1175 4719 1432 4781 cmlcstis,
1458 4729 1513 4771 ttt
1559 4719 1769 4788 plenmn
1800 4732 1943 4773 esset
1970 4735 2161 4790 parvu-

586 4815 755 4866 lorum
785 4812 836 4863 in
880 4811 1096 4864 reducta
1138 4812 1312 4864 salute
1358 4811 1607 4863 testimnn
1634 4826 1745 4872 tttn,
1777 4812 1897 4878 plus
1942 4821 2024 4864 est
2066 4829 2162 4867 lt!)-

583 4912 753 4954 slt-um
804 4900 1111 4954 labefactata
1170 4916 1265 4969 per
1318 4902 1600 4955 meritum?
1650 4900 1778 4955 Dico
1824 4902 2063 4971 integre,
2106 4912 2162 4956 et

586 5010 770 5049 vocem
799 5010 954 5063 quam
1000 4994 1270 5064 proposito
1312 4994 1502 5059 debeo,
1533 4995 1672 5047 nulli
1710 4993 1970 5049 mendacii
2020 4996 2160 5048 nube

584 5085 841 5139 concludo
865 5084 1152 5156 (confundo
1184 5086 1340 5138 verba
1382 5087 1579 5154 singult
1604 5085 1730 5147 bus,
1760 5094 1814 5138 ttl
1854 5086 1953 5138 sub
1986 5084 2156 5139 Solida

584 5181 962 5252 gratulatione,
1004 5181 1338 5235 uberioribus
1370 5181 1420 5234 in
1454 5183 1632 5234 lli-tum
1679 5180 1871 5251 oculis)
1901 5197 2042 5253 szepe
2073 5198 2157 5236 tne

585 5272 855 5339 respicere
900 5270 1040 5339 quod
1085 5271 1250 5324 evasi.
1300 5271 1524 5324 Ubinam
1558 5274 1792 5341 gentium
1841 5274 2157 5328 luimnslde

582 5380 682 5435 qua
711 5381 808 5419 nos
835 5364 898 5417 ad
930 5364 1211 5417 humanam
1241 5366 1707 5420 conversationem
1741 5352 1895 5420 ruina
1922 5368 2158 5421 clemen-

582 5456 652 5510 tia
693 5469 921 5523 superna
963 5452 1226 5508 restituit?
1271 5454 1581 5507 llel'cramns
1625 5470 1753 5524 ergo
1795 5455 2153 5509 strictiorilms

581 5547 757 5601 verbis
788 5545 944 5615 lmjus
988 5543 1109 5598 ilOlli
1159 5542 1396 5611 largitori
1434 5542 1659 5609 prolixis
1696 5544 1981 5609 gemitibus
2010 5543 2151 5612 quod

580 5638 833 5695 ἀριιμξιιιιιε
859 5656 869 5690 :
896 5638 1175 5692 invitemus
1196 5636 1260 5689 ad
1283 5634 1579 5690 custodiam
1602 5651 1880 5690 numerum
1908 5652 2148 5701 suorum,

652 5770 668 5801 ⁸
713 5766 1105 5839 Oplionijib.
1143 5783 1171 5821 v
1222 5765 1375 5836 epist.
1408 5762 1460 5819 3.

2263 4648 2352 4700 tali
2387 4646 2549 4700 fultus
2578 4655 2695 4712 post
2725 4645 2888 4699 Deum
2916 4646 3347 4713 prmsnmptione,
3376 4662 3480 4699 non
3508 4647 3657 4700 timui
3688 4647 3841 4712 quid-

2261 4738 2386 4809 quid
2416 4739 2817 4807 obloqnentiutn
2866 4738 3037 4791 toxica
3085 4738 3483 4803 promittebant.
3518 4738 3613 4791 Ast
3640 4738 3726 4792 ubi
3758 4755 3842 4794 me

2262 4832 2326 4885 ad
2352 4831 2625 4900 antiquum
2655 4831 2926 4899 pulverem
2960 4829 3123 4882 vestri
3155 4822 3365 4884 reduxit
3392 4827 3590 4881 obliv'o
3618 4828 3757 4897 quod
3788 4829 3840 4882 in

2263 4925 2454 4980 solatio
2498 4922 2660 4979 debet
2700 4922 2911 4977 nudatis
2959 4920 3241 4976 defensore
3299 4920 3640 4987 contingere,
3686 4921 3839 4987 quasi

2262 5015 2602 5086 querelarum
2627 5014 2936 5082 pcrlatrices
2965 5014 3168 5067 litteras
3194 5010 3501 5079 prorogavi,
3523 5012 3841 5081 promittens

2263 5107 2389 5162 mihi
2431 5106 2499 5161 de
2544 5121 2726 5160 earum
2776 5103 3175 5172 importunitate
3220 5117 3557 5167 responsum.
3601 5101 3703 5157 Sed
3745 5117 3840 5169 per

2260 5199 2671 5268 occupationum
2696 5196 2917 5250 forsitan
2950 5195 3245 5263 amplitudo
3285 5205 3459 5248 vestra
3504 5195 3837 5263 [impedien-

2262 5294 2390 5345 tium
2435 5290 2763 5344 incrementa
2805 5286 3067 5355 significat
3107 5286 3171 5340 ad
3210 5287 3323 5339 haec
3368 5299 3463 5337 vos
3509 5285 3682 5338 olficia
3730 5300 3761 5335 n
3806 5300 3838 5335 n

2261 5381 2464 5435 venire.
2522 5376 2845 5447 Replicabo,
2874 5376 2994 5445 quia
3046 5375 3186 5430 idem
3240 5384 3409 5428 status
3450 5375 3547 5428 fuit
3592 5373 3839 5426 culminis

2258 5471 2418 5527 vestri
2457 5469 2654 5524 dudum
2686 5468 2904 5540 paginas
2933 5467 3269 5522 destinantis.
3304 5467 3383 5520 Ad
3416 5482 3616 5520 morem
3662 5476 3781 5518 tam:
3804 5481 3835 5518 ιι

2256 5560 2562 5628 scriptionis
2591 5560 2910 5628 epistolaris:
2941 5574 3028 5613 me
3058 5557 3277 5623 reduco,
3310 5574 3378 5611 ne
3408 5557 3568 5611 addat
3619 5555 3836 5625 proliti~

2256 5663 2335 5707 leas
2371 5651 2573 5712 ingesta
2617 5651 2906 5716 fastidium,
2933 5661 2984 5706 et
3014 5650 3261 5721 denegari
3296 5650 3513 5720 paginas
3545 5650 3702 5703 lariat
3731 5662 3835 5700 ma-
