4186 6252
233 416 301 470 35
1516 417 2002 477 EPISTOIARUM
2047 418 2175 475 LIB.
2219 419 2257 475 Ι.
2654 460 2655 463 η
3440 422 3508 479 δι

236 533 319 601 gis
348 533 597 601 allegabo
636 546 758 602 quae
803 533 1063 602 poposcit.
1099 534 1320 588 Domine
1359 540 1451 602 mi,
1486 538 1770 589 salutation
1796 550 1824 588 s
1853 538 1896 591 Λ
1928 542 2104 585 tamen
2134 534 2273 601 quod
2311 531 2451 586 inter
2481 531 2581 586 loct
2626 532 2767 588 illius
2797 534 2999 589 frenata
3044 533 3217 603 glacie
3268 534 3510 598 flumina,

237 624 563 691 obsequium
593 626 769 688 solvo,
802 634 851 679 et
904 626 973 680 de
1013 627 1319 681 valetudine
1360 639 1536 681 vestra
1566 638 1621 680 ut
1652 629 1832 682 animo

240 715 511 785 obligatus
540 716 833 785 interrogo,
857 718 1076 786 cupiens
1118 718 1391 772 relationis
1422 718 1616 773 indicio
1644 721 1709 773 ad
1742 736 1831 788 ge-

242 807 390 860 mina
417 808 683 862 desideria
714 809 1016 877 pervenire.
1104 836 1105 839 η

760 901 1089 957 EPISTULA
1134 902 1320 957 XXIII.

755 1004 1011 1044 εθιιιουιιῖε
1041 990 1056 1021 ¹
1090 1005 1333 1046 servante.

318 1078 502 1133 Perdit
530 1079 741 1133 all'ectio
771 1081 1127 1135 valetudinem
1158 1080 1357 1135 silentii
1398 1080 1674 1136 debilitata
1724 1091 1835 1135 tor-

247 1186 376 1236 pore
402 1187 415 1222 :
443 1187 541 1223 nec
566 1171 631 1223 ad
663 1187 814 1224 usum
842 1188 994 1225 suam
1018 1171 1308 1240 diligentia!)
1334 1188 1524 1225 cursus
1549 1170 1831 1237 exuberat,

245 1264 289 1313 si
323 1264 554 1315 nudetur
579 1263 959 1317 eonununione
988 1263 1262 1332 colloquii.
1302 1264 1443 1317 Muta
1476 1265 1671 1317 caritas
1701 1279 1837 1331 pene

249 1364 605 1414 repueseutat
630 1351 865 1419 speciem
911 1369 1016 1407 non
1046 1354 1297 1417 amantis.
1322 1363 1374 1408 et
1396 1355 1641 1410 odiorum
1672 1358 1839 1410 simu-

250 1444 457 1499 lat-runt
501 1456 587 1500 est
630 1461 734 1500 non
780 1449 992 1513 aperire
1040 1448 1178 1517 quod
1221 1450 1411 1518 diligas
1449 1451 1839 1507 centestatione

252 1536 544 1589 sermonis.
594 1535 695 1590 Ista
743 1536 1059 1592 sublimitati
1110 1546 1214 1593 tua:
1256 1555 1437 1593 coram
1489 1543 1843 1607 positusinti-

255 1627 422 1689 inavi,
448 1641 569 1680 cum
620 1626 686 1680 ad
730 1628 983 1682 solatium
1022 1628 1280 1683 absentia:
1309 1646 1443 1684 uicae
1486 1632 1693 1686 litteras
1720 1648 1843 1701 pro—

258 1716 531 1770 mittebas.
566 1718 635 1771 At
661 1733 801 1773 nunc
832 1735 950 1788 qua:
979 1721 1214 1774 animum
1238 1731 1473 1776 vestrum
1519 1725 1618 1777 tnei
1651 1726 1845 1779 invasit

259 1807 477 1874 oblivio,
505 1819 562 1863 ut
589 1810 762 1863 nullas
803 1824 898 1880 per
949 1820 1093 1865 tanta
1142 1822 1441 1880 temporum
1484 1816 1679 1883 spatia,
1724 1832 1843 1885 quae

1933 631 1987 677 et
2013 623 2131 676 sine
2173 614 2514 677 successione
2566 622 2749 699 frigus,
2784 626 2855 678 tui
2893 625 3092 693 iecoris
3133 625 3344 680 flatntna
3390 628 3546 695 plus'

1932 721 2156 777 aestuat,
2207 727 2308 766 nec
2350 712 2584 783 aliquam
2627 716 2847 768 sortitur
2892 724 3076 784 pectus
3121 718 3188 771 de
3237 718 3515 772 mansione

1935 802 2269 869 temperiem.
2303 801 2452 857 [Etas
2493 804 2813 859 defervesrit
2844 807 2893 859 in
2926 809 3136 861 senium
3171 825 3183 859 :
3217 809 3514 863 estdomus

1933 907 2054 960 qua:
2082 893 2322 962 lymphas
2350 893 2402 947 in
2433 895 2643 948 metalla
2677 898 2962 961 convertit,
2986 908 3039 951 et
3062 905 3244 951 contra
3275 911 3518 953 naturam

1933 984 2229 1052 gurgitibus
2276 1000 2369 1038 sua
2410 984 2526 1053 lege
2569 986 2910 1041 dominatur:
2940 997 2993 1042 tu
3027 998 3205 1043 tamen
3250 990 3390 1044 inter
3414 992 3518 1044 ista

1934 1079 2013 1128 sic
2053 1075 2233 1129 vivere
2278 1076 2495 1140 diceris,
2537 1077 2690 1147 qua~i
2722 1079 2859 1148 ignis
2909 1088 3030 1133 tuus
3070 1081 3267 1151 algoris
3314 1083 3522 1151 pabulis

1938 1165 2199 1221 irritetttr.
2251 1168 2363 1236 Ego
2406 1176 2457 1221 te
2495 1184 2593 1221 oro
2641 1174 2877 1239 parentis
2906 1174 3144 1238 stimulo,
3176 1175 3299 1243 quia
3342 1175 3433 1229 tibi
3466 1188 3521 1229 et

1941 1263 2216 1326 proposito
2242 1275 2362 1311 meo
2386 1260 2559 1315 debeo
2586 1277 2769 1317 vocem
2801 1266 3130 1335 castigantis.
3167 1266 3415 1322 Vestrum
3440 1277 3523 1324 est

1943 1360 2061 1416 post
2088 1351 2221 1414 hac,
2245 1350 2289 1403 si
2321 1350 2519 1420 eligitis
2541 1352 2747 1408 litteras
2777 1369 2926 1410 meas
2954 1358 3217 1424 accipere,
3247 1358 3315 1412 de
3340 1358 3525 1415 admo-

1944 1442 2147 1494 nitione
2190 1443 2468 1511 gratulari.
2522 1445 2631 1514 Ego
2676 1455 2856 1500 autem
2910 1458 3103 1514 printer
3133 1450 3230 1502 ista
3279 1466 3397 1505 cum
3430 1452 3525 1504 bo-

1944 1551 2074 1590 note
2105 1537 2348 1599 salutari,
2382 1554 2499 1605 qua:
2535 1538 2772 1592 scribere
2813 1539 3012 1607 possim
3040 1540 3128 1593 illa
3158 1543 3336 1595 carnis
3365 1558 3523 1609 quam

1946 1636 2001 1679 tu
2028 1626 2228 1696 diligis,
2262 1627 2457 1681 ellnbie
2487 1628 2807 1695 viventibus,
2841 1645 2944 1681 non
2976 1629 3173 1683 inveni.

2474 1718 2803 1773 EPISTOIA
2847 1719 3011 1773 XXV.

2258 1822 2519 1863 ENNUIIIl‘S
2554 1823 2779 1862 IILYBIHO
2817 1826 2883 1863 ΕΤ
2926 1824 3211 1864 ΕυϐΕΝΕΤΙ.

260 1902 450 1957 bonam
498 1903 863 1959 valetudinem
913 1918 1147 1959 vestram
1198 1904 1597 1975 signiﬁcarent,
1641 1908 1846 1963 litteras
1877 1886 1924 1946 Β
2024 1902 2300 1957 Desiderio
2348 1901 2658 1969 paginarum
2716 1911 3014 1956 vestrarum
3073 1903 3208 1957 facta
3266 1911 3348 1956 est
3395 1904 3525 1959 mihi

260 1993 656 2060 suscepissem?
688 2007 757 2049 ne
800 1993 869 2048 de
906 1995 1129 2058 amoris,
1161 1997 1345 2062 credo,
1377 1996 1684 2051 testimonio
1730 1999 1849 2051 ani-

261 2098 471 2137 mornm
521 2085 724 2141 indices
770 2086 1029 2156 epistolas
1072 2088 1440 2145 convenirem.
1489 2090 1845 2160 irreligiosum

263 2189 394 2243 ergo
435 2177 578 2231 circa
623 2189 884 2232 amantem
934 2180 1006 2233 tui
1036 2180 1101 2249 in
1145 2180 1420 2237 meliorem
1466 2192 1670 2250 partem
1701 2193 1849 2239 verte

265 2268 624 2334 propositum.
649 2280 703 2322 et
741 2269 807 2323 ad
837 2271 1150 2326 memoriam
1181 2273 1458 2342 promissa:
1487 2274 1609 2329 ﬁdei
1652 2277 1848 2346 scripta

265 2359 590 2413 transmitte.
632 2359 854 2415 Domine
881 2362 975 2427 mi,
1006 2364 1346 2420 salutationis
1384 2366 1567 2420 debita
1607 2366 1848 2431 solvens.

266 2463 491 2516 prectvr,
527 2457 585 2502 ιιι
621 2450 666 2503 si
708 2464 800 2506 vos
838 2451 891 2506 in
933 2454 1168 2521 antith
1208 2457 1353 2511 circa
1398 2472 1485 2512 me
1529 2457 1853 2527 dignationis

267 2550 407 2596 statu
451 2542 639 2612 pagina
688 2543 886 2600 directa
928 2548 1207 2614 repererit,
1244 2564 1499 2619 responsa
1543 2562 1848 2607 mereatur:

270 2635 388 2699 quia
436 2643 563 2703 puto
603 2636 742 2689 inter
789 2650 887 2690 nos
926 2637 1139 2707 gemina
1188 2639 1397 2695 vincula
1444 2642 1702 2712 disrumpi
1747 2659 1851 2698 non

272 2740 452 2795 posse,
482 2726 714 2783 caritatis
742 2740 795 2785 et
817 2730 1115 2797 sanguinis.

782 2821 1112 2878 EPISTULA
1153 2822 1343 2878 XXIV.

777 2916 1035 2956 ENNODIUS
1064 2906 1083 2933 ¹
1115 2920 1358 2959 Αετυιιιο.

344 2988 493 3054 Quae,
521 2991 744 3045 malum!
778 2994 914 3047 ratio
943 3003 1047 3061 e-t,
1077 3000 1134 3049 ut
1166 2998 1233 3049 ita
1260 3000 1334 3051 sis
1360 3012 1551 3066 parcns
1583 2998 1635 3053 in
1664 3000 1854 3069 gratia,

279 3080 530 3148 prodigus
578 3080 632 3135 in
679 3084 931 3153 querela,
962 3095 1016 3139 et
1052 3088 1233 3155 exigas
1265 3086 1619 3156 frequentiam
1658 3091 1859 3146 littera-

278 3183 391 3222 rum
435 3186 593 3239 quam
644 3173 757 3239 ipse
802 3189 907 3228 non
958 3176 1168 3240 tribuis,
1212 3179 1470 3247 viperinis
1516 3182 1686 3234 ocul’s
1731 3182 1856 3236 illud

1956 1994 2177 2063 prodiga
2211 1992 2356 2047 frons
2384 1990 2629 2060 pudoris;
2663 2000 2717 2045 et
2745 1991 2870 2045 dum
2904 1992 3079 2047 tabula
3120 1994 3380 2060 promittit
3405 2009 3529 2063 pro-

1957 2088 2186 2154 mulgata
2236 2099 2591 2153 responsum,
2638 2084 2776 2139 intra
2833 2084 3199 2140 verecundum
3259 2088 3529 2153 penetrale.

1954 2190 2211 2231 annosam
2236 2176 2512 2229 continere
2532 2174 2697 2229 nescit
2720 2174 3017 2255 infantiam.
3039 2174 3294 2230 Deberem
3317 2176 3530 2246 quidem
3574 2210 3577 2211 ν

1955 2266 2197 2334 sanguini
2224 2273 2280 2320 et
2309 2264 2580 2335 proposito
2605 2262 2804 2319 silentii
2849 2273 3207 2328 venustatem.
3248 2276 3525 2335 postquam

1955 2361 2066 2429 spei
2118 2373 2249 2413 meae
2295 2356 2523 2411 fructum
2573 2357 2743 2425 prima
2793 2370 3055 2425 negavero
3088 2357 3384 2425 colloquia.
3426 2358 3531 2412 Sed

1958 2451 2141 2504 nescio
2170 2459 2347 2503 utrum
2393 2448 2532 2503 male
2562 2446 2801 2515 pertinax
2842 2446 3105 2514 iudicetur
3142 2447 3387 2513 intentio,
3414 2464 3535 2518 qua:

1958 2538 2073 2592 sine
2098 2538 2320 2591 alterius
2346 2536 2643 2606 dispendiis
2682 2536 2924 2591 sollicita:
2969 2552 3067 2604 per
3093 2552 3329 2603 amorem
3367 2553 3536 2606 expe-

1960 2629 2166 2684 rientiae
2198 2628 2432 2697 pericula
2464 2627 2800 2697 multiplicat.
2838 2628 3037 2695 Valete,
3073 2629 3197 2689 'mi
3236 2630 3462 2695 domini,
3483 2642 3537 2686 et

1960 2724 2025 2777 ad
2048 2722 2355 2791 scriptionis
2378 2734 2583 2775 mecum
2613 2730 2849 2777 remeate
2873 2722 3237 2783 concordiam.
3254 2738 3321 2777 ne
3349 2734 3535 2777 contra

1962 2812 2232 2882 Evangelii
2265 2812 2470 2866 faciatis
2508 2810 2731 2877 monita,
2763 2812 2806 2887 si
2855 2820 2911 2865 et
2958 2812 3346 2881 importunitati
3377 2813 3539 2868 dettc-

1959 2905 2114 2974 getis,
2142 2904 2283 2973 quod
2309 2903 2452 2972 iuste
2480 2902 2700 2956 forsitan
2739 2901 3076 2972 impetrasset
3100 2902 3311 2958 affectio

2470 2993 2799 3049 EPISTOLA
2845 2991 3033 3046 XXVI.

2494 3098 2748 3137 εκμοωυε
2785 3096 3007 3136 ηυετο.

2038 3175 2187 3229 Votis
2233 3182 2290 3230 et
2335 3171 2619 3228 desideriis
2668 3171 2928 3227 satisfacit
2973 3172 3196 3241 pagina,
3238 3187 3357 3240 quae
3400 3175 3539 3245 apud

280 3262 416 3330 quod
445 3263 582 3316 alter
612 3263 835 3333 deliquit
857 3265 1168 3333 inspiciens,
1197 3277 1314 3322 tuas
1342 3271 1529 3340 culpas
1554 3274 1695 3326 nttlla
1726 3272 1860 3327 falce
1888 3250 1934 3312 (ἶ
1965 3276 2234 3323 amantem
2270 3266 2437 3320 vestri
2477 3264 2884 3321 necessitatibus
2913 3265 3107 3320 alienis
3137 3275 3350 3334 praestat
3390 3264 3544 3324 obse-

284 3354 778 3408 resecando?Anni
830 3356 1011 3424 plures
1053 3369 1194 3423 sunt,
1226 3377 1291 3415 ex
1336 3377 1443 3431 quo
1486 3363 1708 3432 Alpibus
1734 3364 1858 3418 vici-

287 3459 407 3498 nam
464 3444 839 3501 liabitationcm
881 3448 1148 3518 delegisti,
1179 3461 1393 3505 st'nator
1432 3464 1484 3506 et
1521 3454 1729 3508 doctus.
1764 3454 1861 3509 Ubi

285 3538 404 3600 tibi,
431 3538 551 3591 datu
577 3540 825 3607 pruinosa
854 3542 1073 3611 respicis
1092 3542 1239 3613 juga.
1262 3547 1508 3613 apparuit
1536 3546 1862 3615 inauspicata

287 3628 375 3680 nix
426 3632 652 3697 captis:
682 3629 769 3683 tibi
822 3630 982 3685 etiam
1035 3633 1228 3701 glande
1286 3644 1338 3688 te
1387 3635 1524 3689 vesci
1573 3636 1865 3705 scriptione

285 3720 525 3788 signasti.
574 3719 739 3789 Cujus
783 3722 861 3775 rei
904 3722 1061 3777 ﬁdem
1094 3723 1391 3779 litterarum
1424 3734 1631 3781 tuarum
1670 3727 1865 3782 decora

287 3811 550 3872 fecerunt,
581 3828 703 3867 cum
750 3814 847 3868 sibi
897 3814 1053 3882 bujns
1097 3816 1450 3885 signiﬁcantia
1490 3820 1542 3873 in
1575 3829 1725 3874 ructu
1758 3831 1868 3873 tur-

289 3903 397 3970 g'di
440 3905 705 3972 pectoris,
753 3912 809 3959 et
853 3904 1032 3973 Alpini
1082 3910 1348 3962 sermonis
1392 3909 1658 3979 apparuit.
1706 3910 1870 3965 Mirer

366 4039 382 4109 ξ
428 4035 664 4109 Senario]
696 4037 770 4109 De
796 4053 902 4103 quo
934 4039 1027 4095 lib.
1058 4055 1133 4103 Ill,
1166 4042 1323 4109 epist.
1355 4043 1442 4097 ll.

365 4108 385 4136 ¹
429 4108 661 4170 dataria]
714 4108 963 4163 Diversus
1017 4108 1230 4163 videtur
1270 4112 1338 4163 ab
1390 4112 1610 4168 Astuzio
1654 4116 1874 4170 consule

294 4178 495 4252 collega
549 4178 972 4252 Praesidiiganno
1012 4181 1339 4252 Mli,_cnjus
1390 4184 1619 4251 antiquae
1668 4186 1876 4252 pietatis

296 4250 684 4301 tuonintett'utn
716 4249 977 4315 hodieque
1003 4250 1139 4316 apml
1164 4250 1420 4304 Leodicos
1450 4249 1877 4311 scrvari'dicitut‘

299 4318 357 4391 in
383 4318 621 4391 eburneo
646 4334 736 4371 sae
769 4320 783 4373 i
832 4320 1238 4388 Evangeliortun
1285 4323 1403 4374 libri
1452 4325 1721 4391 operculo,
1755 4342 1875 4379 cum

302 4388 406 4439 hac
437 4387 579 4440 inser
603 4392 781 4455 ptione
816 4406 828 4441 :
865 4391 959 4443 Ft..
1008 4391 1272 4445 Asrttntus
1310 4408 1365 4446 v.
1405 4408 1458 4447 c.
1491 4387 1565 4446 ἐτ
1606 4387 1715 4447 me.
1752 4411 1878 4449 con.

301 4471 377 4511 ετ
417 4472 539 4511 ιιλο.
583 4474 819 4519 maneo.
864 4460 989 4515 MIL.
1040 4476 1189 4515 coss.
1241 4479 1362 4515 uno.
1420 4466 1550 4518 Nam
1608 4465 1882 4519 Ennotlitts

300 4537 609 4581 senatorem
645 4530 785 4582 hunc
813 4542 1014 4583 tantum
1050 4540 1223 4595 vocat,
1251 4548 1355 4586 non
1386 4534 1745 4590 consularem.
1774 4535 1881 4590 Sed

302 4612 417 4651 non
457 4601 677 4662 minore,
710 4615 824 4651 tuea
861 4601 1075 4667 quidem
1122 4605 1406 4665 sententia,
1435 4605 1486 4656 itt
1529 4620 1712 4657 errore
1757 4621 1850 4659 ver
1915 4611 1962 4669 D

304 4678 516 4742 santur,
534 4671 620 4735 qui
645 4669 896 4742 Turcitttu
932 4673 1138 4724 littlittm
1169 4673 1434 4725 Asterium
1461 4672 1522 4727 V.
1546 4672 1602 4739 β.
1636 4683 1688 4727 et
1712 4674 1880 4742 ipsum

306 4740 584 4793 consulem
622 4740 948 4811 ordinarium
999 4748 1159 4810 atque
1204 4743 1520 4811 patricium,
1548 4745 1636 4811 qui
1682 4740 1882 4799 Sédulii

307 4821 487 4880 poeta
513 4824 698 4863 versas
735 4818 853 4875 post
887 4810 1006 4878 ,ejus
1048 4822 1272 4865 mortem
1303 4828 1365 4865 ex
1393 4813 1509 4878 eius
1537 4810 1748 4867 seriuiis
1776 4816 1890 4869 col-

311 4885 485 4934 lectos
549 4880 882 4933 recensuisse
947 4880 1160 4941 dicitur.
1210 4898 1331 4937 cum
1401 4884 1886 4938 Asturioi’raesidii

309 4953 520 5012 collega
569 4949 929 5014 confundunt;
960 4965 1084 5004 cum
1136 4951 1200 5004 ad
1246 4953 1394 5005 illutn
1448 4956 1717 5007 ASIerium
1777 4955 1891 5008 lucc

313 5021 589 5092 pertinere
635 5020 939 5092 videantur,
969 5024 1058 5088 qui
1089 5024 1274 5075 consul
1308 5025 1405 5076 fuit
1448 5039 1568 5076 cum
1598 5024 1893 5092 Protegene

313 5104 463 5144 anno
481 5090 731 5161 Μθνιιιιιι
756 5090 878 5158 quia
905 5090 1017 5145 lucc
1039 5092 1115 5144 illi
1140 5094 1353 5147 nomina
1374 5094 1548 5161 potius
1569 5090 1891 5161 coitgrttunt,

316 5171 431 5214 tum
461 5164 584 5230 quia
612 5160 665 5232 id
695 5170 1047 5232 tempuseum
1070 5161 1269 5217 Sedulii
1293 5160 1440 5217 obitu
1462 5160 1717 5227 colu-ret,
1735 5180 1891 5232 quem

318 5246 385 5283 ix
431 5229 656 5299 integris
704 5229 963 5283 Gennatlii
1011 5234 1407 5299 exemplaribus
1458 5229 1765 5287 Theodosio
1805 5234 1897 5287 .ltt-

320 5304 495 5365 more,
546 5302 630 5354 cui
685 5314 820 5367 opus
871 5314 1025 5353 suum
1076 5303 1372 5367 dedicavit,
1422 5313 1476 5356 et
1530 5303 1898 5356 Valentiniano

320 5371 668 5438 regnanbe
696 5375 802 5423 vita
828 5369 1063 5423 functum
1089 5371 1393 5426 didicimus.
1420 5373 1656 5439 Denique
1682 5387 1896 5427 omnem

321 5443 710 5495 dubitationem
742 5439 930 5492 adimit
955 5441 1120 5509 ipsius
1149 5443 1345 5495 Asterii
1388 5443 1734 5510 epigramma,
1759 5444 1898 5509 quod

390 5536 408 5551 '
442 5529 649 5582 Veracia
671 5528 801 5594 dicta
824 5532 995 5591 poetw]
1022 5529 1096 5579 Ex
1132 5532 1309 5579 sciieda
1337 5534 1694 5594 vetustissima,
1722 5531 1908 5582 veracis

326 5594 459 5645 dicta
484 5600 651 5655 pectre.
679 5593 886 5655 Halm.)
912 5596 1171 5655 Aat'ersar.
1199 5605 1312 5653 pag.
1336 5592 1445 5642 705.

393 5658 432 5677 ’⁹
461 5651 623 5713 Ειιὶιαι
649 5651 832 5704 DidJa.
859 5652 951 5712 10.,
976 5653 1091 5701 ibid.

393 5720 456 5739 ‘”
476 5716 724 5767 Celebrent
750 5726 838 5775 per
860 5715 1040 5764 sitcum
1064 5714 1232 5775 Fasti]
1257 5715 1425 5765 Fartus
1450 5728 1565 5761 vero
1584 5714 1906 5764 disertissime

329 5786 377 5832 in
395 5786 557 5828 nostis
582 5777 758 5826 sclieda
781 5777 963 5824 edizum
985 5784 1080 5827 est.
1110 5776 1326 5827 Fastibus
1346 5791 1432 5838 pro
1454 5777 1589 5836 fastis
1609 5777 1793 5838 dixisse
1819 5790 1905 5823 no-

328 5852 421 5901 tat,
450 5840 648 5888 nitallor
692 5840 972 5899 corypltpus
996 5837 1414 5899 grammaticorum
1438 5840 1721 5887 Priscianus.
1756 5837 1907 5884 Locus

1961 3358 2166 3428 quium.
2220 3355 2390 3423 Quam
2446 3356 2662 3421 vellem,
2699 3357 2741 3409 si
2777 3354 3105 3425 propositum
3157 3371 3260 3409 non
3318 3362 3543 3418 vetaret,

1962 3449 2250 3503 multorum
2280 3461 2425 3516 stupe
2444 3447 2623 3518 quieta
2650 3446 2902 3509 titubare,
2925 3455 2982 3499 ut
3008 3446 3133 3500 dum
3155 3446 3333 3500 dubiis
3361 3461 3546 3501 vocent

1966 3541 2164 3605 tribuo,
2189 3540 2428 3595 debitum
2458 3539 2675 3594 obnixa:
2713 3539 2955 3593 caritatis
2995 3538 3304 3592 exsolvam!
3338 3538 3545 3591 Domini

1967 3631 2101 3693 mei,
2140 3631 2303 3700 patris
2348 3632 2508 3687 vestri
2562 3630 2895 3699 jossionibus
2954 3629 3204 3697 impendo
3265 3631 3549 3698 praesentis

1968 3721 2276 3789 scriptionis
2305 3721 2540 3778 ofﬁcium
2567 3738 2580 3773 :
2604 3720 2756 3788 cujus
2782 3720 2995 3773 animos
3023 3719 3148 3774 dum
3191 3719 3428 3774 omnium
3456 3736 3547 3775 se-

1968 3813 2181 3867 curitati
2213 3812 2475 3880 providet,
2504 3826 2653 3864 suam
2695 3812 2927 3880 quietem
2971 3812 3070 3865 sub
3113 3812 3213 3864 liae
3256 3814 3555 3867 intentione

1971 3906 2285 3960 contemnit.
2316 3902 2416 3969 Qui
2444 3902 2570 3955 dum
2603 3901 2738 3954 mala
2768 3901 3022 3971 Ligurum
3055 3902 3075 3932 δ
3108 3913 3226 3972 post
3264 3903 3554 3959 Manricelii

1973 4029 2026 4083 in
2058 4026 2178 4081 cod.
2215 4025 2464 4079 “emensi
2499 4033 2615 4090 post
2657 4023 2938 4090 epistolam
2977 4022 3175 4077 Sedulii
3211 4024 3274 4077 ad
3305 4020 3552 4081 ettmdem

1976 4096 2344 4153 Macedoniam
2376 4095 2633 4158 scriptum
2667 4095 2891 4162 legittttts
2922 4094 3004 4147 Itis
3033 4096 3210 4149 verbis
3237 4112 3252 4150 :

2100 4178 2267 4234 Sume,
2287 4187 2427 4223 sacer
2452 4175 2655 4233 meritis,
2678 4176 2695 4193 '
2723 4175 2910 4236 veracia
2933 4173 3070 4236 dicta,
3086 4186 3264 4236 poetae,

2163 4239 2280 4295 Quae
2304 4238 2409 4285 sine
2437 4236 2652 4295 ﬁgmenti
2671 4235 2856 4283 Condita
2892 4243 3005 4283 sunt
3031 4235 3168 4285 vitio.

2104 4304 2211 4358 Quo
2233 4307 2368 4346 caret
2390 4297 2513 4344 aluta
2538 4297 2675 4355 tldes,
2702 4310 2799 4356 quo
2816 4296 2971 4358 saucii
2996 4299 3152 4355 gratia
3176 4298 3369 4357 Christi,

2171 4362 2264 4406 l’t-r
2288 4372 2428 4408 (tuam
2445 4368 2601 4413 iusuis
2626 4362 2691 4405 atl
2714 4359 2823 4404 talia
2855 4357 3097 4403 Sedulius.

2108 4421 2391 4479 Asterisque
2414 4419 2482 4466 tui
2507 4428 2705 4476 St‘llllter
2728 4417 3214 4479 tiu-initiissejubeto,

2169 4477 2419 4541 (litins't-pe
2444 4487 2493 4525 et
2517 4491 2632 4525 cura
2661 4478 2697 4495 "
2722 4477 2865 4541 edita
2881 4485 2993 4524 sunt
3026 4477 3231 4539 populis,

2115 4538 2502 4603 Quemquam-is
2525 4540 2695 4585 summi
2717 4538 3046 4603 “'cclcht‘enl
3064 4538 3153 4599 per
3173 4540 3346 4586 saecula
3371 4539 3501 4597 fasti,

2174 4604 2284 4652 l’|.ts
2304 4602 2468 4651 tamen
2505 4609 2562 4649 ad
2589 4607 2813 4648 nterttvuu
2839 4607 2933 4661 est,
2960 4602 2998 4647 si
3025 4603 3161 4661 viget
3193 4615 3279 4648 ore
3305 4610 3405 4651 tuo.

1990 4691 2362 4757 Epigrattttuati
2417 4702 2546 4738 vero
2589 4685 2928 4757 pra-tttittitnr
2960 4684 3073 4741 ltztsc
3112 4688 3385 4757 :tilnotatio
3410 4683 3567 4757 :rrllor

1990 4755 2114 4824 opus
2148 4757 2309 4811 Sedit!
2335 4774 2391 4807 iis
2413 4757 2540 4809 inter
2565 4756 2822 4807 chartulas
2851 4755 2885 4805 tl
2906 4771 3137 4817 sparsum
3167 4756 3388 4819 rel'qm't.
3422 4756 3569 4818 Quod

1990 4830 2123 4883 recol
2147 4840 2309 4880 cutim
2350 4828 2756 4891 adornatumque
2803 4827 2869 4875 ad
2916 4840 3113 4875 onmem
3157 4826 3239 4891 elei
3266 4827 3458 4877 antiam
3490 4826 3567 4875 di.

1993 4903 2250 4970 rulgatum
2291 4906 2363 4949 est
2405 4914 2435 4948 α
2481 4895 2667 4970 Τριῑςὲρ
2702 4893 2853 4961 lia/io
2901 4895 3097 4947 Asteria
3144 4893 3207 4946 ι’.
3260 4893 3319 4948 C.
3363 4896 3575 4948 consule

1996 4965 2255 5023 ordinario
2281 4978 2431 5036 atque
2466 4965 2703 5031 patricio.

2069 5040 2088 5070 ³
2130 5042 2182 5093 ltt
2214 5033 2601 5094 ediﬁSclmtti.
2635 5033 2750 5085 mei.
2902 5068 2914 5080 .

2074 5108 2258 5161 “Post
2305 5105 2595 5158 Mauricelli
2642 5100 2862 5173 obitum]
2910 5102 3010 5166 Qui
3059 5102 3413 5157 adVocatinne
3463 5104 3573 5156 ηςιῑ

2003 5182 2223 5247 fungens
2254 5172 2857 5247 Lignrimﬂprovineiani
2898 5175 3021 5247 lisci
3050 5187 3081 5226 c
3102 5173 3334 5235 luitiniis
3360 5190 3575 5247 oppres-

2002 5243 2184 5303 serat:
2214 5258 2396 5300 contra
2426 5243 2587 5296 officii
2626 5243 2874 5298 videlicet
2905 5246 3324 5298 moderationem
3370 5246 3571 5309 legibus

1966 5358 1969 5359 ν
2007 5320 2394 5386 przescrip'am.
2416 5316 2534 5386 Qua
2567 5314 2635 5386 tle
2679 5330 2735 5366 re
2761 5317 3061 5382 gratissima
3094 5324 3147 5386 et
3187 5313 3576 5386 elegantissima

2008 5380 2129 5443 sunt
2159 5380 2477 5440 ’I'Ii'eodorici
2511 5384 2651 5451 regis
2698 5380 2957 5455 pra'cepta
2988 5387 3052 5437 ad
3084 5380 3578 5455 Marcellumadvo-

2009 5472 2183 5513 catutn
2216 5456 2350 5515 fisci.
2378 5454 2516 5522 apttd
2545 5450 2921 5508 Cassiodoruin
2967 5456 3056 5508 lib.
3088 5468 3128 5515 t,
3160 5456 3315 5520 epist.
3346 5450 3436 5501 22.

2012 5558 2087 5598 est
2109 5550 2190 5597 lib.
2217 5563 2266 5605 κ,
2296 5547 2373 5594 ubi
2402 5546 2620 5608 loquitor
2639 5547 2820 5608 Czesar:

2137 5613 2236 5660 Nec
2261 5622 2393 5658 meus
2424 5607 2611 5658 Γαίοπὶ
2634 5607 2842 5657 vincetur
2867 5607 3062 5668 fustibus
3085 5617 3237 5652 minus

2012 5670 2161 5718 I‘Orru
2182 5673 2422 5730 inscriptio
2439 5672 2624 5719 Sedulii
2653 5672 2723 5730 ita
2755 5675 2800 5715 itt
2842 5661 2914 5715 ius
2937 5675 3191 5730 Δι’,ιιιιιξιιιιιιι
3215 5674 3292 5730 est
3330 5678 3343 5713 :
3394 5662 3585 5712 Domini
3656 5661 3669 5673 ‘

2011 5747 2115 5797 "MD
2137 5727 2432 5797 sanctissimo
2454 5745 2511 5779 ac
2537 5728 2800 5797 beatissima
2820 5727 2952 5797 nam:
2975 5727 3224 5775 Διιιιτινιιοιιὸ
3242 5746 3252 5771 ι
3272 5743 3329 5789 μ’
3359 5729 3480 5797 sliyt.
3506 5730 3585 5773 Sec

2012 5793 2171 5842 (Iulius
2194 5797 2242 5843 in
2269 5792 2458 5843 t'ltrt'sto
2482 5794 2695 5841 salutent.
2728 5790 2817 5846 ln.,
2854 5789 2971 5837 Ibid.
3168 5804 3173 5809 ·
