4186 6252
608 418 677 475 55
1720 406 1984 462 ENNODII
2027 401 2324 461 EPISCOPI
2364 399 2733 456 TIClNENSIS
3805 397 3873 455 55
3946 460 3947 463 η

605 530 807 583 obitum
834 526 1064 580 nondum
1097 524 1227 579 vidit
1268 521 1551 585 occidisse,
1580 515 1941 573 confunditur.
1971 515 2181 570 Recidi-
2212 532 2257 588 Α
2285 514 2501 587 evenire
2529 525 2684 579 posse
2718 509 2859 575 quod
2908 508 3115 581 metuit.
3150 506 3297 562 lianc
3325 522 3352 561 a
3386 508 3584 562 domno
3611 523 3733 565 meo
3758 515 3872 580 epi-

604 623 685 675 vis
713 622 855 675 enim
884 618 1151 687 provincia
1194 625 1372 671 nostra
1394 653 1408 676 ,
1435 611 1582 678 quasi
1615 610 1889 677 przefatntu
1934 608 2174 674 sepulcra

604 728 709 765 non
753 720 980 769 tenent,
1032 708 1234 761 laborat
1295 697 1521 756 insidiis.
1590 699 2006 754 Advocationem
2061 696 2173 759 fisci

600 804 723 856 dum
765 801 926 869 aliqui
973 814 1065 866 per
1104 798 1311 865 iniquos
1352 793 1595 847 homines
1638 791 1880 853 nituntur
1906 787 2169 849 obtinere,

597 908 720 947 ante
748 901 988 946 votorum
1017 890 1224 957 copiatu
1267 887 1393 955 quid
1435 887 1484 938 in
1530 899 1590 938 ea
1633 882 1955 936 meditentur
1994 886 2175 932 osten-

596 983 750 1035 dunt.
782 980 892 1048 Ego
932 980 1146 1048 quidem
1191 974 1632 1029 deliberationem
1665 969 2043 1039 magnitudinis
2077 983 2169 1022 ves

594 1086 718 1127 stne
748 1073 815 1126 de
842 1071 983 1125 bono
1012 1070 1222 1136 publico
1253 1084 1357 1120 non
1389 1065 1579 1126 celavi,
1610 1078 1859 1116 asserens
1903 1076 2000 1112 vos
2034 1075 2171 1126 prata

594 1175 753 1221 tatam
813 1165 1122 1233 dignitatem
1176 1161 1303 1213 nulli
1361 1158 1634 1211 vobiscum
1692 1156 1801 1208 Deo
1861 1154 2167 1212 adnitente,

591 1256 946 1312 committere.
972 1251 1079 1306 Sed
1102 1250 1343 1302 anxietas
1372 1246 1774 1314 provincialium
1804 1253 1970 1295 totum
2001 1242 2172 1294 credit

622 1374 2237 1410 _______________________

2278 619 2441 672 scopo
2471 602 2803 669 allegatiouis
2843 600 3052 668 suscepi
3088 599 3450 667 provinciam,
3489 610 3545 652 ut
3586 604 3871 655 conscien-

2278 696 2403 749 tiam
2436 704 2662 749 vestram
2688 692 2947 760 obsequio
2979 692 3181 760 pagina:
3212 693 3580 759 convenirem,
3607 708 3677 747 ne
3704 694 3861 761 cujus

2276 786 2554 853 subreptio
2597 785 2662 837 ad
2714 784 2871 850 hujus
2918 784 2993 837 rei
3045 782 3365 851 perducatur
3420 783 3690 837 effectum.
3762 786 3869 839 Vos

2278 876 2587 931 fidissimatn
2620 874 3061 945 pollicitationem
3091 874 3301 927 solliciti
3334 874 3601 928 custodite
3645 877 3861 944 integri-

2275 976 2379 1020 tate
2409 966 2686 1034 pr0positi.
2717 967 2827 1034 Ego
2848 964 3183 1018 salutationis
3208 964 3381 1018 officia
3406 966 3715 1033 dependens
3740 984 3860 1037 qua:

2277 1073 2615 1126 susceperant
2660 1057 2961 1127 alleganda,
2994 1064 3218 1110 testatus
3262 1073 3404 1111 sum.
3456 1058 3629 1123 Spero
3684 1071 3861 1114 tamen

2279 1159 2356 1213 ιιι,
2384 1150 2507 1217 qttid
2535 1150 2601 1203 de
2628 1165 2688 1203 ea
2719 1160 2868 1218 parte
2895 1147 3252 1207 deliberatum
3301 1147 3392 1211 sit,
3418 1148 3655 1203 instruar
3682 1150 3868 1205 officio

2285 1238 2599 1292 litterarum.

2251 1368 3851 1393 ——-——-—-——-—-————-————_—u——.

1651 1450 2029 1551 LIBER
2086 1394 2761 1547 SECUNDUS

1831 1601 2543 1623 __-___

1075 1686 1398 1743 EPISTULA
1446 1682 1675 1738 ιιιιιιιΑ.

832 1810 847 1839 ¹
897 1818 1150 1859 εδαουιυε
1190 1812 1422 1855 λιιιιιεΝιο
1460 1803 1912 1855 εοιιςιιιλτοιιιιιι.

658 1927 776 1991 Diu,
812 1924 974 1976 frater
1013 1919 1326 1980 ctriSsitne,
1359 1913 1644 1967 festinante
1686 1917 1810 1960 voto
1857 1898 2163 1991 consolatof
2202 1884 2243 1941 Β

585 2021 717 2074 riam
750 1989 817 2069 ad
854 2023 905 2067 te
947 2009 1188 2080 paginam
1220 2007 1345 2059 dum
1378 2003 1531 2065 misi,
1566 2015 1631 2053 ne
1661 2006 1875 2067 putarer
1902 1993 1987 2047 vel
2037 1989 2165 2043 mihi

584 2109 884 2163 subducere
916 2104 1091 2163 fletus,
1137 2115 1241 2153 non
1286 2097 1447 2151 verba
1478 2108 1760 2162 compono,
1794 2089 1925 2142 etin
1966 2087 2168 2139 lamen-

585 2203 801 2256 tationis
832 2196 1129 2265 dispendiis
1162 2191 1337 2246 facere
1376 2191 1443 2243 de
1491 2186 1775 2257 gemitibus
1818 2183 2012 2236 decora
2053 2194 2169 2232 ser-

584 2306 833 2352 monum,
875 2288 1111 2341 debitum
1160 2285 1429 2352 planctum
1477 2294 1571 2348 per
1622 2276 1843 2346 loquela:
1892 2274 2164 2327 schemata

586 2368 849 2450 ditasipare
892 2397 904 2432 :
948 2392 1067 2431 eum
1125 2382 1308 2427 contra
1358 2370 1705 2424 amicitiarum
1754 2365 2064 2433 religionem
2111 2368 2168 2414 et

581 2469 1060 2540 consanguinitatis
1106 2464 1335 2518 vincula.
1367 2468 1632 2515 secretum
1681 2454 2027 2510 conscientia!
2074 2468 2166 2520 pt-

585 2572 756 2619 tescat
787 2559 1014 2624 hostilis,
1053 2558 1097 2609 si
1142 2570 1261 2608 cum
1311 2552 1485 2622 possis
1523 2548 1807 2617 dupliciter
1854 2546 2161 2599 defunctum

581 2660 732 2716 flere,
765 2668 870 2707 non
899 2652 1063 2704 facias
1089 2668 1101 2702 :
1129 2648 1180 2701 id
1209 2656 1313 2715 cst,
1348 2647 1390 2698 si
1420 2644 1697 2699 oculorum
1730 2639 2027 2693 ministerio
2066 2651 2158 2690 ne-

581 2760 845 2817 quaquam
895 2742 1089 2811 jungas
1139 2739 1252 2793 oris
1303 2736 1558 2790 officium.
1605 2732 1737 2793 Ubi,
1784 2732 1909 2785 dum
1962 2727 2159 2783 lumina

581 2835 813 2889 stimulis
846 2842 961 2886 acta
1009 2829 1211 2883 doloris
1242 2828 1570 2897 illacryutaul
1590 2864 1604 2887 ,
1635 2822 1817 2877 feriata
1847 2828 1970 2873 sunt
2000 2818 2160 2873 verba

585 2925 920 2996 plangentis?
959 2922 1065 2976 Sed
1113 2936 1241 2989 ego,
1292 2920 1566 2973 hominum
1633 2911 2021 2975 sincerissime,
2071 2910 2157 2976 qui

580 3016 811 3069 tristitire
854 3024 960 3065 tua:
1008 3010 1320 3079 obsequium
1354 3009 1405 3061 in
1435 3005 1579 3059 omni
1615 3002 1788 3058 debeo
1834 3012 1982 3070 parte
2019 2998 2157 3068 quod

578 3106 753 3168 valeo,
779 3116 1064 3157 mmrorem
1097 3115 1275 3154 meum
1301 3098 1353 3151 in
1384 3114 1488 3166 quo
1520 3096 1611 3149 tibi
1638 3108 1820 3148 comes
1847 3107 1987 3152 sum,
2015 3089 2156 3142 volui

579 3199 872 3267 scriptione
900 3196 1082 3250 testari
1120 3210 1132 3246 :
1166 3207 1232 3246 ne
1261 3192 1312 3245 in
1344 3206 1446 3243 una
1487 3201 1643 3242 aetate
1672 3186 1959 3239 efl'us-irutn
1990 3184 2157 3237 inter-

579 3292 846 3356 ciperetur
892 3285 1149 3339 memoria
1200 3284 1575 3351 lacrymarnm,
1604 3278 1685 3331 vel
1733 3277 2022 3330 aestimaret
2067 3290 2158 3341 po-
2186 3261 2230 3322 C

579 3378 796 3432 olet-itas
818 3390 903 3429 me
929 3374 981 3428 in
1005 3373 1097 3426 lilii
1125 3372 1198 3425 lui
1226 3380 1396 3426 morte
1428 3369 1527 3422 hoc
1551 3369 1720 3421 solum
1747 3367 1995 3421 debuisse
2016 3364 2155 3433 quod

579 3467 713 3523 solvi
751 3485 765 3521 ι
810 3466 1012 3519 habens
1055 3464 1108 3517 in
1160 3462 1258 3515 bac
1299 3464 1382 3513 via
1433 3458 1859 3512 vencrandorum
1916 3455 2159 3522 exempla

584 3558 918 3629 pontificum,
946 3569 1177 3624 quorum
1209 3553 1507 3606 imitatione
1537 3549 1911 3609 nobilitantur,
1940 3562 2076 3617 quos
2108 3547 2158 3599 in

580 3650 827 3704 umbram
884 3647 1073 3701 meri'a
1140 3645 1564 3699 concluserunt.’
1604 3642 1924 3696 Ambrosius
1979 3655 2163 3695 tresver

581 3745 602 3774 ’
632 3741 977 3797 decedentem
1004 3753 1315 3808 germanum
1349 3746 1483 3791 teste
1512 3735 1814 3789 afflictionis
1844 3748 1951 3787 suae
1984 3734 2161 3786 libello

585 3845 901 3904 prosecutus
941 3841 1043 3887 est.
1074 3829 1241 3898 Quem
1286 3844 1405 3883 cum
1452 3838 1697 3883 recenset
1735 3837 1914 3881 secuta
1960 3828 2157 3895 proles,

581 3941 634 3984 et
659 3928 934 3996 scriptoris
974 3926 1110 3981 bene
1154 3925 1418 3989 meminit,
1448 3932 1503 3979 et
1532 3923 1584 3976 in
1629 3924 1803 3993 Satyri
1837 3922 1871 3976 ft
1886 3924 2015 3975 atris
2046 3925 2161 3985 ejus

583 4019 730 4073 obitu
766 4018 995 4072 lamenta
1041 4015 1314 4084 conjungit
1343 4033 1355 4067 :
1386 4015 1505 4084 quia
1537 4015 1654 4081 ejus
1687 4012 1988 4083 provisione
2026 4028 2159 4065 cou-

581 4109 703 4179 tigit
741 4118 1008 4163 recentem
1055 4107 1294 4161 dolorem
1341 4114 1615 4160 ostentare
1656 4107 1781 4158 dum
1829 4104 2079 4172 loquitur,
2109 4112 2164 4156 et

582 4209 710 4255 ante
758 4199 1043 4269 legentium
1087 4197 1275 4253 oculos
1312 4213 1529 4268 semper
1571 4198 1872 4251 exhalantia
1916 4197 2159 4264 Spiritum

582 4292 691 4362 jam
730 4291 818 4345 diu
849 4291 1086 4346 defuncti
1135 4287 1373 4344 membra
1425 4299 1753 4353 monstrare;
1789 4304 1885 4342 nec
1929 4302 2159 4357 unquam

587 4384 694 4452 pati
727 4392 1061 4437 veterescere
1092 4381 1367 4437 relationis
1398 4378 1502 4435 fide
1533 4380 1712 4442 funus,
1739 4381 1879 4449 quod
1911 4380 2035 4433 anni
2068 4394 2161 4448 po-

583 4488 799 4533 ttteruut
844 4477 1070 4544 sepelire
1115 4475 1386 4529 transacti.
1448 4475 1542 4529 llis
1593 4476 1663 4528 ita
1711 4489 1770 4528 se
1818 4473 2157 4534 habentibus,

584 4568 862 4622 oculorum
892 4566 1106 4622 flumina
1137 4566 1377 4631 refrena,
1408 4575 1463 4618 et
1491 4565 1747 4627 animum,
1789 4563 1833 4616 si
1866 4565 2058 4631 placet,
2092 4562 2157 4614 ad

658 4702 673 4730 ‘
715 4700 981 4752 Ennodius
1016 4698 1254 4751 Armenio
1285 4695 1702 4767 consolatoriam]
1734 4698 1807 4751 lla
1840 4699 1889 4751 in
1930 4699 2162 4766 antiquis

584 4771 883 4837 concipitur
903 4770 987 4822 hic
1010 4770 1217 4828 titulus,
1241 4767 1404 4821 vcrbo
1426 4781 1732 4833 suppreSSo.
1756 4770 1853 4834 Qui
1878 4783 1993 4822 mos
2016 4770 2159 4822 illum

587 4856 691 4891 non
741 4838 1048 4906 infrequens
1103 4841 1153 4890 in
1202 4838 1548 4906 epistularum
1600 4837 2064 4907 inscriptionibus,
2110 4843 2159 4895 in

585 4909 777 4977 quibus
824 4908 982 4960 etiam
1030 4908 1202 4977 ip-tnn
1256 4910 1553 4977 argumenti
1608 4924 1777 4974 genus
1834 4912 2159 4965 iudicabant.

584 4974 730 5049 Talis
756 4986 839 5049 est
883 4974 1159 5046 inscriptio
1183 4974 1436 5031 carminis
1470 4978 1742 5034 Sidoniani
1790 4983 1855 5035 ad
1894 4981 2156 5049 Thaliam,

585 5047 726 5117 quod
758 5047 1015 5101 insertum
1046 5057 1129 5101 est
1150 5049 1393 5114 epistola:
1424 5051 1481 5102 ll
1516 5050 1607 5103 lib.
1645 5066 1770 5103 Vllt‘

837 5136 1041 5200 Dilecta:
1064 5138 1204 5186 nimis
1229 5148 1274 5188 et
1310 5141 1542 5200 peculiari

832 5197 1046 5246 Phoebus
1068 5197 1482 5249 commonitorium
1510 5202 1694 5251 Thalie

592 5276 788 5331 Verum
820 5281 869 5331 in
901 5278 1107 5333 Sidonii
1136 5280 1361 5346 vulgatis
1390 5282 1714 5337 etlitiottibtts
1748 5284 1798 5337 hi
1828 5300 2012 5339 versus
2043 5300 2162 5339 cum

589 5348 806 5425 reliquis
833 5348 1011 5425 inepte
1039 5350 1333 5425 colitereut,
1363 5366 1482 5425 eum
1525 5355 1728 5421 sejungi
1759 5355 2004 5419 debeant,
2036 5359 2159 5425 quia

590 5420 799 5494 titulum
846 5418 1065 5483 faciunt,
1108 5420 1333 5494 similem
1366 5424 1506 5475 illius
1548 5418 2161 5494 apud—Grcgorium'lib.

588 5501 645 5538 ιιι
691 5489 913 5558 lltalog.,
957 5505 1076 5557 cap.
1130 5489 1198 5542 10
1240 5506 1251 5540 τ
1298 5490 1517 5544 Sabinus
1561 5493 1766 5545 Domini
1808 5489 1933 5549 Iesu
1975 5497 2164 5550 Christi

588 5570 760 5635 auertitis
786 5561 1222 5635 cotttntonitort'ttm
1274 5559 1446 5635 Pado;
1477 5574 1529 5635 et
1560 5564 1713 5628 hujus
1743 5565 1936 5620 Zosimi
1973 5583 2121 5635 papa:
2148 5586 2159 5619 :

528 5672 533 5679 .
588 5625 821 5705 Zositnns
858 5632 1122 5705 episcopus
1166 5633 1606 5684 commonitorium
1634 5625 1953 5705 Vprcsbyteris
1973 5625 2166 5689 'et'dt'a-

588 5697 796 5766 coitibus
817 5702 905 5766 qui
938 5697 1190 5753 Rauennae
1216 5711 1350 5753 sunt.

668 5766 687 5837 ξ
730 5765 842 5837 fult.
870 5769 936 5821 de
968 5770 1111 5822 obitu
1144 5772 1318 5837 Satyri
1353 5772 1545 5826 fratris.

667 5832 686 5862 ³
728 5834 981 5890 Abraham
1039 5832 1275 5910 anicum']
1332 5842 1518 5897 Iisdem
1575 5844 1800 5900 Abralta:
1845 5856 1895 5900 et
1957 5846 2169 5904 Davidis

2192 4632 2244 4690 D

2279 1669 2396 1735 ejus
2441 1670 2600 1722 verba
2632 1680 2913 1738 converte,
2942 1676 3029 1742 qui
3058 1675 3150 1728 tibi
3182 1675 3312 1730 flens
3340 1678 3644 1733 consolator
3672 1695 3861 1735 occur-
3894 1746 3897 1749 δ

2275 1760 2362 1813 rit.
2398 1761 2656 1815 Amisisse
2688 1772 2737 1816 te
2779 1764 2943 1817 filium
2992 1781 3127 1833 pene
3168 1768 3377 1821 unicum
3432 1780 3485 1827 et
3514 1771 3666 1825 bona:
3709 1773 3861 1826 indo-

2271 1849 2356 1909 lis,
2386 1852 2524 1919 quod
2550 1854 2714 1921 patria
2740 1870 2844 1907 non
2869 1856 3043 1910 minus
3065 1859 3288 1927 requirit
3316 1860 3549 1928 affectio,
3572 1864 3859 1931 provincia:

2272 1940 2503 1993 ululatus
2530 1943 2789 2005 ostendit,
2814 1959 2933 1998 cum
2959 1946 3023 1997 ad
3048 1947 3296 2001 solatium
3328 1952 3616 2019 gemituum
3648 1964 3857 2009 tuorum
3893 2005 3899 2011 .

2270 2046 2398 2085 suos
2422 2032 2671 2101 juttgeos,
2702 2033 2825 2099 qttid
2858 2035 2922 2089 de
2953 2052 3016 2088 eo
3039 2052 3307 2105 censeret,
3342 2050 3566 2096 testatur
3596 2046 3858 2098 universi-

2275 2132 2375 2176 tas.
2409 2123 2485 2176 Tu
2520 2134 2694 2177 tamen
2725 2124 2864 2180 inter
2891 2125 2988 2180 ista
3021 2132 3169 2197 quasi
3199 2132 3444 2198 specialis
3485 2133 3606 2186 mali
3640 2149 3856 2203 prcssus

2268 2228 2401 2268 nece
2442 2216 2800 2279 concluderis,
2829 2218 3095 2273 nesciens
3122 2223 3524 2289 temperandum
3576 2225 3712 2293 quod
3763 2239 3857 2295 per

2270 2304 2557 2358 multorum
2608 2306 2911 2373 dispersum
2963 2310 3125 2362 corda
3182 2326 3465 2365 commune
3516 2322 3618 2366 est.
3679 2315 3854 2380 Quare

2266 2411 2393 2465 ergo
2424 2397 2693 2465 propriam
2724 2399 2959 2453 aestimes
3002 2402 3350 2467 anxietatem,
3384 2419 3541 2471 quam
3576 2420 3725 2458 suam
3763 2423 3852 2474 per

2268 2486 2515 2540 affettum
2569 2497 2714 2541 tuum
2758 2489 2931 2544 fecere
2973 2492 3385 2560 quamplurimi?
3431 2493 3651 2557 Tecum,
3682 2506 3737 2549 ut
3784 2501 3851 2547 de

2266 2589 2486 2643 cognata
2512 2590 2668 2645 gente
2697 2588 2921 2645 taceam,
2944 2580 3148 2635 Gothus
3171 2583 3455 2653 affligitur;
3488 2594 3541 2639 et
3576 2597 3627 2637 tu
3654 2588 3847 2650 adhuc,

2266 2670 2415 2735 quasi
2461 2673 2606 2723 solus
2660 2672 2889 2740 propriis
2938 2674 3159 2728 aestibus
3215 2676 3498 2744 subjacens
3544 2679 3852 2734 inclinaris?

2265 2750 2534 2813 lustruant
2565 2772 2635 2823 te,
2660 2777 2865 2829 qumso,
2906 2772 3145 2817 veterum
3192 2778 3502 2819 ornamenta
3552 2771 3845 2835 majorum:

2264 2861 2318 2905 et
2339 2868 2367 2903 a
2399 2853 2644 2905 tuterotis
2672 2852 2735 2906 ad
2767 2854 2959 2908 bonam
2992 2856 3347 2910 valetudinem
3377 2857 3669 2914 intentione
3691 2863 3845 2915 resti-

2266 2949 2435 2993 tuant.
2470 2941 2489 2970 ³
2522 2941 2789 2996 Abraham
2840 2946 3051 2999 unicum
3104 2948 3270 3000 filium
3322 2950 3481 3001 morti
3532 2951 3683 3018 quasi
3730 2955 3846 3022 pius

2265 3043 2436 3100 pater,
2468 3032 2609 3102 quod
2657 3034 2826 3102 majus
2865 3046 2967 3103 est,
3000 3038 3147 3090 ltetus
3191 3038 3454 3103 exhibuit,
3482 3053 3534 3094 et
3563 3045 3624 3092 ad
3660 3059 3843 3097 necem

2265 3124 2356 3177 filii
2406 3140 2718 3181 mucronem
2770 3128 2981 3195 genitor
3031 3132 3337 3186 misericors
3389 3135 3722 3202 pra-paravit.
3767 3136 3845 3189 Tu

2264 3219 2578 3271 translatum
2619 3220 2822 3273 cmlesti
2862 3222 3083 3289 judicio,
3116 3224 3264 3291 qua~i
3314 3229 3551 3295 orbatus,
3584 3229 3840 3295 inquiris:

2262 3316 2315 3361 et
2345 3322 2500 3375 quem
2531 3323 2635 3361 non
2664 3310 2924 3364 obtulisse
2953 3327 3026 3365 sat
3049 3313 3289 3383 rilegiunt
3337 3314 3457 3384 fuit,
3486 3317 3621 3369 hunc
3651 3332 3846 3372 oneras

2266 3397 2479 3452 fletibus
2521 3411 2825 3454 evocatum.
2868 3404 2920 3454 ltt
2960 3419 3061 3471 qua
3102 3420 3257 3459 causa
3294 3406 3598 3459 Davidicum
3641 3409 3730 3460 tibi
3757 3424 3845 3461 oc-

2263 3501 2436 3543 currat
2468 3494 2791 3559 exemplntn,
2828 3493 2914 3562 qui
2962 3495 3211 3549 feretrum
3263 3499 3349 3549 filii
3401 3514 3599 3559 ovans,
3639 3510 3692 3554 et
3736 3501 3845 3555 Deo

2266 3581 2505 3637 referens
2554 3586 2751 3649 gratias
2797 3587 3112 3650 antecessit,
3143 3588 3282 3655 quod
3330 3589 3566 3657 dignatio
3612 3606 3843 3659 superna

2267 3672 2333 3726 de
2356 3676 2648 3727 venerandi
2686 3674 2956 3743 propheta:
2984 3676 3210 3741 semine,
3242 3693 3397 3745 quem
3434 3679 3568 3733 forte
3600 3698 3845 3736 numera-

2263 3775 2433 3829 retur,
2461 3766 2744 3819 acciverat.
2777 3766 2853 3820 Tu
2886 3766 2928 3819 si
2960 3767 3074 3833 ejus
3096 3768 3374 3819 :nmulator
3401 3784 3504 3824 non
3540 3776 3843 3842 prorumpis

2263 3855 2315 3909 in
2346 3855 2615 3923 gaudium,
2650 3866 2797 3909 certe
2843 3865 3082 3923 tempera
3114 3858 3213 3914 sub
3241 3859 3415 3928 aliqua
3459 3862 3700 3930 prmdieti
3731 3865 3850 3918 iuti-

2264 3942 2465 3997 tatione
2495 3944 2827 3998 n‘ttestitiam.
2860 3943 3163 4013 Replicabis
3187 3947 3429 4012 forsitan,
3456 3954 3536 4005 vix
3572 3954 3668 4007 is‘a
3693 3958 3847 4022 aigris

2263 4032 2443 4086 animo
2488 4050 2646 4101 posse
2678 4034 2914 4099 suaderi,
2945 4048 2997 4091 et
3032 4039 3080 4090 in
3112 4041 3259 4106 gravi
3302 4041 3645 4097 tribulatione
3676 4045 3846 4099 Ineunt

2265 4138 2368 4176 non
2396 4122 2838 4178 ltabere‘consilia
2866 4140 2880 4178 :
2906 4126 3147 4180 orbatum
3175 4145 3277 4184 non
3302 4133 3569 4201 respicere
3594 4135 3847 4203 quidquid
3874 4192 3878 4197 ,

2265 4212 2512 4267 hortatur
2541 4214 2605 4268 ad
2640 4216 2800 4270 vitam
2826 4234 2838 4269 :
2864 4217 3077 4272 unicum
3108 4220 3378 4277 desolatos
3409 4224 3605 4278 habere
3642 4228 3692 4280 in
3722 4244 3847 4280 evo-

2263 4303 2431 4357 canda
2459 4313 2630 4359 morte
2659 4305 2977 4360 subsidium.
3012 4307 3103 4361 llis
3131 4310 3314 4374 addas,
3347 4314 3486 4380 quod
3522 4314 3655 4383 frugi
3686 4316 3847 4369 sobo-

2264 4392 2389 4457 lem,
2430 4403 2484 4447 ct
2511 4410 2617 4464 quo
2660 4404 2897 4452 teneram
2948 4408 3157 4454 :etatem
3209 4402 3468 4470 vinceret,
3498 4420 3705 4459 morum
3737 4423 3852 4460 mo-

2264 4486 2434 4541 destia
2466 4488 2741 4555 perdidisti
2771 4507 2785 4543 :
2810 4490 3045 4556 allegans
3071 4492 3324 4559 juvenem
3357 4506 3500 4550 tuum
3532 4498 3869 4551 immaturos

2265 4574 2457 4640 annos,
2485 4578 2571 4643 qtti
2617 4580 2844 4634 peccatis
2875 4580 3026 4633 amici
3074 4593 3219 4648 sunt,
3248 4583 3268 4614 ’δ
3298 4586 3531 4653 glorioso
3565 4592 3667 4642 fine
3694 4591 3841 4642 clau-

2266 4710 2526 4789 exemp‘is
2580 4710 2841 4789 utiturAC
2882 4714 3217 4789 mtuotlianus
3272 4721 3521 4785 antiquus
3574 4723 3869 4789 scriptorr

2266 4779 2417 4847 cujus
2466 4779 2722 4858 Ill-"mittil.
2751 4779 3079 4858 Get_t_o.t_ttius,
3110 4784 3203 4858 lib.
3247 4803 3276 4837 II
3331 4779 3761 4858 Instructionuin,
3794 4779 3844 4847 iti

2267 4864 2328 4903 ea
2360 4866 2476 4915 qua:
2510 4850 2813 4904 inscribitur
2840 4850 3001 4905 Ftlios
3030 4871 3131 4906 non
3160 4856 3436 4924 lugendus.

2359 4939 2465 5006 {Son
2493 4940 2645 4999 pudet
2672 4940 2909 4990 infrenem
2935 4944 3196 5003 gentiliter
3218 4946 3451 5006 plangere
3477 4951 3648 5000 natos?

2362 5001 2428 5063 (ιδ
2454 5003 2660 5063 laceras,
2680 5006 2836 5050 tandis
2858 5001 3047 5063 petitus.
3072 5001 3358 5056 vestimenta
3377 5009 3599 5059 deducis.

2362 5062 2398 5109 Ν
2409 5076 2465 5111 cc
2488 5066 2667 5110 metuis
2692 5063 2969 5125 Dominum,
2996 5068 3133 5126 cujus
3158 5075 3296 5130 Optas
3320 5084 3524 5131 regnum
3550 5075 3703 5122 videri
3731 5072 3755 5121 ἲ

2274 5141 2338 5195 ΕΙ.
2369 5152 2488 5209 post
2516 5143 2617 5195 alia
2644 5159 2656 5194 :

2360 5229 2467 5294 Nec
2498 5231 2665 5280 dolore
2683 5233 2823 5280 duxit
2848 5240 2984 5294 pater
3005 5233 3149 5284 lilium
3186 5240 3487 5291 mactandum
3512 5245 3571 5292 ad
3597 5257 3727 5293 aram

2362 5292 2540 5339 Dolore
2566 5306 2658 5342 nec
2685 5301 2820 5341 vates
2842 5287 2991 5342 lilium
3018 5297 3142 5347 luxit
3162 5287 3486 5351 defunctum.“
3515 5287 3571 5292 ﬁ
3599 5287 3745 5310 “vw’

2341 5372 2359 5401 ‘
2402 5371 2638 5457 Glorioso
2686 5374 2807 5456 /t'n_e]
2858 5378 2939 5457 ριρ
2987 5390 3178 5457 aetatu
3214 5385 3601 5453 paenitentiam,
3636 5388 3704 5441 de
3749 5406 3848 5457 qua

2271 5454 2501 5525 moxhet
2531 5448 2581 5495 iu
2611 5448 2848 5525 carmine
2873 5448 2961 5525 ξι,
2983 5448 3083 5525 Διιιιι
3112 5448 3287 5504 tabula
3328 5448 3651 5511 describitur
3674 5459 3725 5512 in
3750 5448 3859 5525 qua

2268 5513 2443 5597 angeli
2490 5513 2631 5597 hunc
2681 5518 2944 5597 eruteuii“
2978 5520 3140 5597 lilium
3187 5526 3275 5597 qui
3326 5527 3695 5592 pmnitentiatn
3742 5513 3853 5597 e'git

2269 5582 2480 5665 IChrism
2530 5584 2845 5665 offerebant.
2904 5587 3012 5641 Nec
3052 5582 3561 5665 enini-dubitabant
3603 5582 3859 5665 quini'ad‘

2270 5651 2478 5732 heatatn
2502 5656 2967 5732 vitatnncvolarcttt
2987 5660 3074 5732 qui
3100 5664 3426 5728 paenitentia:
3457 5651 3843 5732 Sacris'exniati

2270 5723 2617 5807 escedereut.
2658 5723 2806 5805 liud»:
2836 5723 3400 5807 _sicnt’de"neophytis
3444 5753 3628 5791 rcceus
3672 5723 3851 5807 bapti-

2274 5794 2429 5855 zatis,
2461 5795 2529 5845 ita
2571 5794 2728 5869 de_iis
2759 5795 2847 5863 qui
2894 5808 3011 5863 post
3061 5794 3337 5866 pteuitcu'ti
3379 5822 3428 5858 tn
3480 5809 3715 5869 obibant,
3741 5794 3849 5862 hoc

2274 5876 2416 5929 saepe
2448 5879 2542 5916 usu
2580 5865 2792 5932 pthztttl,
2827 5874 2881 5918 ut
2912 5868 2974 5919 iis
3007 5884 3037 5923 e
3063 5865 3150 5924 aut
3178 5873 3437 5941 tnigra~se
3465 5878 3530 5928 ad
3561 5865 3843 5931 Dominum
