4186 6252
236 434 304 487 57
1513 408 1982 467 lLPlSTOLAIlUSI
2026 406 2148 462 LIB.
2190 407 2251 461 ll.
2924 428 2940 438 -
3437 403 3507 458 58

239 550 401 607 uisse,
428 552 484 596 et
508 540 560 594 in
589 534 761 592 mtatis
801 529 1073 598 naufragio
1112 527 1178 579 ab
1215 541 1281 580 eo
1318 525 1385 578 de.
1429 532 1581 589 portu
1623 525 1816 575 animae
1843 535 1890 584 Α
1923 521 2065 588 plum
2091 528 2288 572 sancite
2317 517 2742 571 conversationis
2774 518 2826 570 in
2860 516 3074 581 longum
3108 516 3429 582 producere,
3452 531 3508 571 et

241 639 406 692 fuisse
432 640 739 687 tractatum.
762 624 965 691 Quibus
985 635 1084 688 ego
1110 616 1353 672 dolorum
1381 624 1587 667 tuorum
1620 612 1823 665 fomen-

182 782 189 787 .
242 743 330 796 ts,
376 730 502 781 licet
546 732 790 781 maestus,
834 728 1120 785 opponant.
1168 712 1340 764 Minus
1385 701 1823 775 peccavit,-quod

243 826 562 878 immaturus
591 815 851 877 abruptus
880 815 982 859 est.
1012 803 1199 857 .lunxit
1227 801 1293 853 ad
1324 799 1482 851 vitam
1512 804 1822 864 perpetuam

245 912 486 969 melioris
524 903 703 961 saeculi
754 899 893 969 quod
933 896 988 949 itt
1036 895 1134 946 ista
1178 890 1416 945 servavit
1457 904 1470 939 :
1512 886 1822 955 poenitentia

245 1020 405 1077 quam
435 1016 555 1057 eum
590 997 764 1067 egisse
804 988 1057 1059 loqueris,
1092 985 1250 1038 etiam
1287 984 1329 1035 si
1367 982 1415 1033 in
1457 979 1572 1046 ipso
1604 993 1706 1030 non
1740 976 1823 1028 itt-

248 1070 483 1154 venisset
506 1091 646 1160 quod
677 1086 923 1141 dilueret,
955 1081 1232 1132 invenerat
1260 1071 1401 1141 quod
1431 1070 1645 1121 ornaret
1667 1085 1681 1120 :
1706 1080 1824 1135 quae

247 1192 459 1261 quoties
490 1159 862 1239 innocentibus
888 1174 1065 1231 datur,
1096 1180 1346 1221 coronam
1378 1179 1472 1231 pro
1514 1159 1825 1213 humilitatis

250 1255 533 1336 allectione
576 1271 849 1328 conciliat.
899 1265 977 1320 Ad
1028 1264 1141 1317 lttec
1190 1255 1695 1327 respondeaszQuu
1740 1266 1847 1305 me-

211 1384 219 1390 '
250 1385 478 1431 vortam,
508 1368 689 1427 frater,
715 1361 802 1430 qui
845 1366 1037 1426 praeter
1066 1356 1325 1421 lacrymas
1355 1350 1408 1401 in
1430 1346 1675 1412 praesenti
1709 1344 1841 1397 luce-

252 1465 384 1519 nihil
428 1457 631 1513 habeo?
680 1452 962 1521 Adjiciam,
998 1447 1086 1501 Dei
1137 1440 1533 1514 proximitatem
1584 1436 1826 1489 invenire

254 1571 415 1620 posse
447 1549 735 1609 hominem,
764 1544 854 1612 qui
884 1542 952 1593 de
979 1537 1192 1591 homine
1231 1547 1337 1586 non
1371 1533 1597 1584 lmtatur.
1625 1528 1678 1580 lu
1709 1528 1826 1579 loco

258 1647 352 1701 lilii
392 1643 677 1698 succedere
704 1650 863 1705 posse
890 1630 1292 1692 conscientiam,
1322 1641 1441 1695 quae
1470 1633 1682 1676 sanctos
1710 1620 1847 1687 ejus

256 1739 501 1794 lueredes
544 1732 796 1788 inveniat.
830 1727 944 1780 Non
993 1738 1153 1776 unam
1194 1736 1319 1787 ergo
1365 1719 1527 1778 viam,
1557 1716 1599 1767 si
1642 1714 1829 1767 audire

257 1829 509 1899 digneris,
532 1828 656 1878 vita!
684 1818 922 1875 melioris
948 1814 1222 1869 ostendam
1250 1828 1264 1866 :
1291 1812 1411 1863 licet
1439 1818 1525 1860 tua
1550 1822 1651 1858 non
1676 1813 1827 1870 egeat

258 1897 525 1975 monitore
553 1915 838 1985 perfectio;
873 1923 972 1961 nec
1019 1910 1274 1971 mag‘stro
1321 1915 1455 1967 opus
1485 1899 1552 1951 sit
1587 1897 1634 1949 ei
1666 1909 1822 1963 quem

258 2014 495 2066 fecerunt
538 2015 747 2060 actuum
792 2014 1009 2052 suorum
1054 1993 1455 2048 emendationes
1494 1998 1549 2042 et
1579 1990 1827 2040 honesta.

258 2110 436 2155 menta
489 2096 880 2161 conspicuum:
922 2089 1019 2141 nisi
1073 2096 1274 2137 tantum
1336 2094 1392 2136 ut
1441 2078 1827 2135 adhortationis

260 2208 421 2261 quam
452 2187 673 2243 consilio
700 2196 787 2238 tuo
812 2193 863 2236 et
888 2179 1182 2249 prudentia:
1209 2176 1390 2238 debes,
1420 2175 1575 2227 fidem
1604 2174 1826 2238 diligen-

262 2297 347 2338 ter
374 2279 676 2348 expendas;
697 2286 746 2329 et
775 2275 837 2327 ad
867 2272 1161 2327 caelestium
1189 2283 1467 2322 munerum
1499 2266 1743 2318 allectum
1777 2272 1826 2316 te

256 2386 501 2435 revoces,
527 2368 666 2420 unde
686 2366 1056 2433 vitalosauras
1083 2373 1135 2412 et
1162 2358 1450 2426 accipimus
1476 2364 1528 2407 et
1556 2369 1824 2415 amamus;

256 2474 313 2518 et
352 2471 561 2531 gratum
612 2458 762 2510 nobis
807 2455 876 2507 sit
916 2450 1263 2510 benelieium,
1309 2447 1461 2513 cujus
1503 2444 1727 2498 colimus
1774 2451 1829 2497 et

256 2567 576 2609 veneramur
619 2557 915 2602 auctorem.
960 2543 1060 2596 Ista
1091 2549 1233 2599 sunt,
1258 2554 1376 2608 quze
1406 2537 1554 2592 brevi
1582 2552 1829 2592 sermone

257 2648 443 2701 dolens
489 2658 674 2712 magna
714 2639 995 2697 contexui;
1030 2646 1235 2702 ruptam
1277 2631 1597 2696 singultibus
1639 2638 1826 2683 conle-

258 2737 538 2789 stationem
590 2747 683 2797 pro
720 2730 839 2799 styli
873 2729 1115 2782 ubertate
1143 2723 1398 2792 dirigens,
1425 2723 1549 2776 dum
1579 2731 1722 2774 muto
1756 2723 1831 2774 la-

261 2837 443 2880 menta
471 2822 741 2889 colloquiis
751 2841 777 2873 .-

828 2911 1152 2967 EPISTULA
1197 2909 1259 2964 II.

747 3019 998 3073 essemus
1030 3004 1044 3035 ³
1076 3016 1351 3055 arenosa.
1592 3064 1601 3071 _

327 3100 605 3154 Silentium
646 3114 820 3151 meum
849 3096 1004 3150 dolor
1032 3095 1211 3161 exigit,
1238 3094 1324 3160 qui
1372 3108 1555 3160 passus
1592 3100 1677 3145 est
1713 3106 1831 3144 crc-

260 3208 431 3255 scete,
461 3192 583 3244 dum
622 3190 687 3244 de
731 3188 962 3242 vindicta
1008 3188 1228 3254 cogitat,
1260 3184 1534 3246 dispendia
1573 3184 1829 3236 cirita:is.

263 3284 397 3351 Quid
427 3285 564 3335 enim
600 3281 713 3335 lieri
750 3282 940 3349 potuit,
972 3279 1071 3333 nisi
1116 3289 1173 3330 ut
1214 3276 1435 3330 tacendo
1473 3278 1639 3328 vicem
1682 3274 1832 3327 resti-
1862 3252 1908 3315 C

270 3386 468 3427 tuerem
496 3375 703 3426 litteras
748 3369 1063 3440 dent-genti;
1097 3379 1149 3422 ut
1189 3373 1526 3431 contemptus
1554 3366 1694 3417 circa
1727 3379 1833 3425 me,

274 3464 362 3532 qui
396 3479 485 3533 per
525 3462 901 3517 abstinentiam
945 3458 1233 3514 venerandi
1278 3456 1542 3511 sermonis
1585 3455 1834 3518 innotuit,

269 3558 394 3610 dum
416 3557 647 3609 subduco
662 3555 950 3623 colloquia,
966 3552 1077 3620 pari
1102 3566 1356 3604 mucrone
1383 3547 1664 3602 feriretur?
1686 3547 1836 3599 Diras

266 3651 507 3716 forsitan,
553 3648 839 3701 vindictam
889 3646 1158 3698 inimicam
1214 3657 1335 3696 esse
1391 3641 1681 3708 proposito.
1729 3638 1835 3691 Sed

263 3742 439 3792 omnia
471 3749 642 3794 errata
674 3741 743 3791 ita
776 3746 1047 3802 computa,
1080 3734 1228 3802 quasi
1262 3733 1394 3799 legis
1423 3730 1756 3798 obsequium,
1782 3729 1834 3783 in

261 3831 456 3898 quibus
511 3845 606 3884 vos
661 3843 777 3882 esse.
832 3826 1090 3894 contingit
1149 3833 1415 3877 auctores.
1477 3824 1837 3888 Quisquamne

261 3921 476 3991 culpam
531 3928 679 3987 putet
729 3918 901 3971 facere
953 3915 1092 3985 quod
1143 3914 1345 3977 fecisti,
1394 3922 1444 3965 et
1494 3910 1833 3980 plectendum

260 4012 461 4081 judicio
510 4010 691 4063 divino
732 4015 968 4070 censeat,
1015 4004 1154 4074 quod
1204 4018 1233 4056 a
1285 4014 1336 4057 te
1383 4002 1706 4072 processisse
1740 4016 1833 4054 co-

259 4103 524 4168 gnoscat?
545 4100 719 4168 Aiquo
740 4113 865 4167 ergo
888 4098 1065 4150 animo
1083 4096 1282 4149 sustine
1306 4095 1443 4164 quod
1462 4095 1657 4162 deliqui
1676 4111 1689 4146 :
1708 4093 1832 4146 dum

259 4209 324 4245 ea
355 4194 407 4244 in
441 4206 497 4244 re
531 4188 810 4258 praecedis,
842 4187 931 4240 lux
978 4186 1267 4248 Ecclesiae,
1300 4184 1409 4252 ipsa
1455 4182 1687 4236 voluisti.
1724 4182 1835 4250 Ego

256 4299 421 4338 servo
464 4282 729 4343 animum,
758 4296 913 4347 quem
963 4278 1224 4346 promisi,
1260 4287 1316 4331 ιιι
1361 4277 1412 4329 in
1459 4274 1754 4335 universis,
1788 4276 1831 4327 si

255 4389 498 4439 mereor,
535 4373 808 4426 aemulator
858 4372 1102 4424 cxistam.
1149 4368 1310 4435 Cujus
1358 4367 1433 4420 rei
1481 4367 1671 4427 fidem,
1706 4366 1830 4417 dum

255 4465 557 4519 tacentibus
585 4463 731 4516 vobis
760 4475 928 4525 tareo,
953 4469 1006 4515 et
1028 4459 1167 4526 quod
1199 4470 1252 4513 et
1281 4458 1615 4526 loquentibus
1642 4456 1833 4522 loquor

255 4558 515 4611 ostendit.
550 4555 626 4609 Ad
658 4555 957 4622 scriptionis
999 4567 1128 4621 ergo
1157 4551 1411 4614 οΠὶιοίιιιιι,
1438 4557 1714 4618 postquam
1755 4550 1831 4601 vi-

1928 610 2052 673 mei,
2085 609 2131 661 si
2161 623 2399 670 mereor,
2433 608 2740 662 meminisse
2789 607 3011 675 dignare
3037 624 3048 660 :
3074 608 3343 674 epistolaii
3374 608 3529 661 dans-

1927 697 2135 750 Voniatn
2160 696 2428 759 brevitati,
2454 712 2612 765 quam
2646 697 2698 749 in
2727 705 3005 765 angustum
3036 696 3263 752 aretavit
3289 698 3480 752 festina

1928 789 2002 842 tio
2034 788 2331 856 portitmis.

2492 856 2819 912 EPISTULA
2863 857 2945 910 Ill.

2430 961 2686 1001 EVNODIUS
2723 963 3005 1001 SPECIOSE.

1999 1035 2210 1105 Quanto
2246 1040 2613 1107 deprimuntur
2648 1052 2955 1106 peccatores
2986 1055 3204 1092 suorum
3253 1041 3394 1093 t‘asc-
3425 1041 3498 1093 fa-
3527 1107 3532 1111 η

1926 1140 2154 1195 ctortttn,
2181 1132 2375 1199 quibus
2417 1132 2484 1183 ab
2522 1130 2695 1184 oculis
2743 1132 2949 1184 tollitur
2980 1132 3232 1200 quidquid
3264 1133 3532 1194 offertur“

1926 1235 1979 1283 et
2004 1238 2067 1276 ne
2092 1224 2141 1276 in
2167 1223 2488 1277 oblivionem
2523 1224 2787 1276 desideria
2833 1224 3131 1287 mittantur,
3162 1224 3393 1277 vicinum
3427 1226 3527 1293 lil,‘

1927 1330 2025 1368 nec
2054 1314 2285 1381 contingi
2319 1316 2464 1377 licet,
2496 1329 2654 1368 omne
2680 1314 2819 1381 quod
2852 1316 3100 1382 cupiunt!
3142 1315 3221 1369 Ad
3251 1316 3527 1383 Ticineng

1926 1419 2037 1458 sem
2086 1405 2271 1458 urbem
2328 1407 2557 1456 votivam
2606 1418 2966 1483 susceperant.
2999 1404 3407 1467 necessitatem,
3451 1416 3507 1458 et

1927 1497 2136 1550 molesti
2183 1495 2387 1549 itineris
2416 1495 2660 1548 universa
2713 1493 3066 1552 transieram;
3100 1496 3371 1548 aestimans
3405 1496 3505 1550 hoc

1926 1586 2255 1638 sacerdotem
2279 1585 2500 1639 credere
2529 1586 2639 1639 suis
2664 1584 2903 1653 imperiis
2926 1585 3182 1649 impendi,
3212 1586 3353 1654 quod
3386 1602 3505 1639 tuen

1928 1676 2184 1729 militabat
2214 1675 2425 1729 all'ectui
2453 1694 2464 1727 ε
2490 1691 2612 1729 cum
2644 1676 2821 1729 subito
2848 1686 3037 1729 contra
3066 1685 3236 1728 metas
3259 1685 3504 1729 votorum

1927 1779 2137 1818 summo
2186 1756 2367 1819 labore
2416 1767 2612 1834 petitus
2653 1765 2763 1833 jam
2795 1765 2862 1818 de
2893 1780 3016 1819 area
3057 1766 3257 1819 fruetus
3301 1766 3531 1837 ell‘ugita

1856 1892 1904 1950 Β
1933 1858 2070 1911 Proh
2102 1858 2288 1911 dolor!
2318 1858 2407 1927 qui
2459 1874 2548 1913 me
2593 1857 2661 1912 de
2708 1856 2979 1925 epistolari
3026 1858 3265 1926 alloquio
3294 1860 3359 1912 ad
3393 1868 3501 1911 tra—
3528 1914 3529 1921 γ

1928 1948 2158 2017 goediam
2209 1950 2400 2002 vocas!
2451 1949 2631 2002 Muros
2679 1948 3032 2013 veneranda},
3067 1960 3186 2017 post
3236 1949 3504 2018 religionis

1929 2039 2063 2103 loca,
2096 2049 2312 2108 propter
2358 2048 2408 2093 te
2451 2039 2681 2092 civitatis
2722 2054 3035 2109 aspexeram
3064 2038 3208 2108 :jam
3238 2041 3372 2108 grati
3413 2056 3529 2107 lm-,

1928 2130 2111 2183 rabam
2144 2132 2307 2183 verba
2337 2129 2612 2199 colloquii,
2650 2145 2839 2197 vereor
2874 2131 3088 2194 dicere,
3117 2133 3257 2198 quod
3290 2146 3502 2203 reman-

1928 2219 2030 2280 sit;
2065 2235 2131 2273 nc
2182 2219 2447 2287 loquendo
2492 2233 2652 2290 engar
2694 2220 2869 2274 denuo
2910 2224 3175 2274 sustinere
3218 2232 3501 2276 transacta.

1929 2311 1949 2340 '
1988 2311 2250 2364 lllustrem
2296 2312 2468 2364 virum
2516 2310 2741 2374 Erduic,
2794 2327 2949 2380 quem
3001 2327 3086 2366 me
3129 2321 3206 2374 ιιι,
3256 2314 3531 2383 Ecclesiat

1928 2399 2112 2463 decus,
2146 2399 2454 2455 desiderare
2502 2400 2727 2467 feceras,
2762 2401 3085 2468 improvisus
3130 2404 3304 2458 oculis
3351 2419 3535 2467 casus

1930 2489 2277 2559 ingessit:ibi
2311 2491 2534 2545 comites
2575 2492 2677 2545 mei
2724 2491 2926 2557 videre,
2959 2493 3085 2561 quid
3134 2502 3393 2561 peterem,
3418 2495 3531 2563 ibi:

1929 2582 2091 2635 animi
2135 2583 2238 2635 mei
2287 2592 2448 2636 a-stus
2494 2582 2742 2646 innotuit,
2769 2599 2925 2651 qucm
2965 2592 3088 2639 ante
3118 2586 3216 2640 sub
3244 2588 3509 2655 przedietat

1929 2660 2236 2730 claudebam
2277 2679 2462 2730 umbra
2517 2693 2781 2744 personae.
2838 2678 3048 2732 Nescivi
3098 2682 3369 2737 occultare
3414 2698 3533 2751 per.

1930 2765 2166 2819 caritatis
2216 2777 2476 2843 tormenta
2528 2767 2669 2835 quod
2719 2766 2883 2832 volui,
2920 2783 3019 2843 nec
3061 2769 3197 2823 fucis
3243 2772 3533 2838 aliquibus,

1930 2857 2172 2911 colorare
2216 2842 2625 2913 conscientiam.
2679 2842 2990 2913 Mmrentem
3046 2876 3130 2915 me
3177 2861 3243 2915 ad
3293 2863 3509 2917 domum

1932 2946 2164 3008 reduxit,
2188 2950 2274 3015 qui
2319 2950 2620 3017 prolixioris
2665 2949 2872 3003 itineris
2904 2964 3091 3003 causas
3121 2951 3325 3005 incidit.
3362 2952 3533 3019 Fati-g

1933 3038 2037 3105 εειιὶ
2064 3039 2162 3089 -nis
2209 3053 2370 3101 mere,
2401 3040 2598 3102 fateor,
2631 3039 2944 3105 compendia
2987 3055 3088 3091 non
3140 3042 3336 3094 amavi.
3370 3044 3509 3096 Ecct:

1933 3128 2380 3180 contestationem
2427 3128 2717 3195 diligentire
2766 3144 2899 3181 mea:
2946 3139 2999 3182 et
3045 3130 3236 3184 mentis
3285 3138 3508 3191 asserui,

1937 3217 2187 3270 Vesn-um
2242 3228 2345 3282 est,
2385 3219 2427 3270 si
2482 3233 2605 3270 vera
2661 3217 2909 3284 dixerim,
2943 3234 3039 3272 vos
3086 3220 3533 3292 interroga'e,rt.

1939 3307 2173 3360 animum
2200 3323 2372 3361 meum
2396 3308 2696 3361 affectionis
2723 3319 2915 3361 vestra.-
2945 3310 3300 3367 aestimatione
3321 3301 3531 3383 cogan

1939 3415 2110 3453 scere.
2160 3400 2378 3453 Domina
2426 3401 2576 3467 mzhi,
2606 3400 2780 3454 saluto
2831 3410 2883 3455 ct
2924 3403 3212 3468 deprecor,
3244 3416 3298 3458 ιιι
3347 3406 3529 3471 libens,

1939 3506 2033 3559 per
2064 3494 2405 3560 praesentium
2436 3493 2747 3561 portitorem
2780 3495 3107 3561 Suggerenda
3131 3511 3442 3565 cognoscas.

2529 3583 2855 3638 EPISTULA
2900 3585 2985 3638 IV.

2198 3726 2219 3735 λ
2478 3692 2734 3731 ENNODIUS
2760 3692 3006 3731 OLYBRIO.

2009 3752 2143 3816 Nul'i
2173 3763 2388 3819 dubium
2420 3775 2500 3817 est
2534 3768 2672 3819 inter
2701 3766 2987 3834 prudentes
3016 3782 3181 3820 saera:
3210 3768 3365 3823 ﬁdem
3396 3786 3529 3838 [ιι-(ιτ

1940 3852 2209 3905 missionis
2259 3854 2504 3920 impleri,
2551 3865 2607 3907 et
2637 3856 2920 3907 amicitiam
2972 3871 3087 3923 qua:
3139 3858 3396 3911 fertilibus
3441 3840 3527 3913 est

1939 3946 2182 3996 maritata
2209 3943 2498 4005 fomitibus,
2527 3945 2791 3998 fructuum
2839 3946 3112 4000 nobilitate
3134 3949 3383 4013 gaudere.
3414 3952 3519 4019 Eg».

1938 4034 2320 4087 conscientiam
2374 4046 2605 4088 vestram
2651 4036 2861 4102 appello
2888 4036 2996 4103 jam
3039 4040 3249 4091 statutis
3279 4042 3519 4094 ΙίιΙνΙιιιιις

1938 4123 2241 4189 obligatam.
2284 4124 2394 4190 Ego
2423 4135 2670 4192 tanquam
2705 4126 2770 4178 de
2801 4125 2954 4178 boum
2986 4128 3193 4181 arboris
3224 4131 3416 4193 reditu,
3452 4133 3519 4185 ita

1937 4211 2003 4265 de
2032 4214 2256 4265 caritate
2300 4222 2479 4267 mutua
2525 4204 2748 4267 idoneus
2790 4230 2950 4285 carpo
2997 4232 3150 4285 poma
3205 4234 3518 4285 possessor:

1938 4301 2080 4353 nulla
2126 4305 2353 4369 partium
2392 4304 2441 4354 itt
2475 4306 2703 4371 aucupio
2736 4304 3082 4360 tliseessmnis
3110 4309 3252 4374 quod
3288 4312 3398 4363 fieri
3434 4328 3521 4364 v0-

1940 4392 2036 4453 luit
2059 4402 2215 4459 neget
2239 4393 2540 4459 impletum.
2568 4393 2719 4460 Apud
2746 4393 2907 4446 Deum
2935 4396 3069 4446 votis
3093 4406 3181 4447 aut
3201 4401 3519 4467 supplicium

1937 4481 2181 4544 debetur,
2220 4494 2309 4533 aut
2340 4482 2639 4548 praemium.
2673 4482 2781 4550 Ego
2812 4483 2860 4534 itt
2891 4497 2977 4536 me
3008 4484 3257 4553 religiosi.
3298 4488 3347 4543 iu
3370 4468 3525 4542 vobis

1937 4572 2251 4627 nobilissimi
2274 4573 2705 4627 censideratione
2722 4573 3002 4642 propositi,
3022 4575 3087 4627 ad
3110 4575 3355 4631 ell‘ectum
3381 4581 3519 4636 inter

253 4664 354 4699 sus
381 4661 521 4707 sum.
553 4660 638 4698 me
668 4644 887 4704 reduxi;
918 4644 1004 4711 qui
1037 4644 1289 4694 hactenus
1312 4642 1445 4693 intra
1475 4642 1830 4692 verecundum
1865 4633 1911 4690 ῐ)
1937 4679 2033 4717 nos
2046 4662 2342 4716 concordia,
2365 4663 2573 4716 ἔνθα,ηο
2597 4633 2902 4732 perv'eniése
2918 4633 3035 4733 quin
3056 4677 3226 4734 empta
3250 4680 3368 4722 sum
3389 4686 3401 4722 ε
3424 4633 3521 4727 mg:

256 4733 557 4801 penetrale,
586 4739 700 4801 quae
744 4748 847 4784 non
890 4730 1221 4793 amabantur,
1250 4729 1409 4780 verba
1460 4728 1729 4791 continui;
1763 4730 1837 4781 si-

255 4824 372 4877 ιιιίιὶ
402 4823 454 4875 iu
483 4821 689 4890 paginis
708 4822 969 4885 pariturus
994 4818 1465 4887 obseqttio.{Salt'e,
1497 4818 1566 4870 tui
1598 4820 1834 4881 domina,

254 4914 418 4967 bona:
463 4911 716 4979 splendor
743 4911 858 4963 sine
890 4910 1027 4962 nube
1054 4909 1415 4971 censeientim,
1453 4918 1506 4961 et
1544 4908 1608 4961 ad
1654 4923 1838 4961 exem-

257 5048 522 5100 dicerent.
554 5045 605 5096 ln
637 5057 758 5095 arra
790 5041 1070 5107 sepulcrali
1100 5041 1301 5103 Boium,
1330 5041 1449 5096 ιυη.
1490 5047 1686 5096 llassus
1712 5062 1760 5096 v.
1785 5063 1835 5100 ε.

260 5133 348 5177 QUI
397 5130 542 5168 V'IIIT
584 5127 732 5166 ANNIS
774 5127 854 5163 ΧΗ
881 5152 894 5163 .
938 5127 1092 5164 κως.
1139 5126 1196 5165 ΙΙ.
1239 5126 1285 5163 IN
1329 5128 1435 5165 lPa‘A
1480 5130 1836 5169 PIUEF.C1UNA

260 5199 381 5239 υιιηι
420 5198 677 5237 NEHFITUS
717 5196 784 5234 ΙΙΤ
823 5197 889 5235 Αἰ)
924 5181 1074 5233 DEUM
1116 5196 1205 5234 VIII
1246 5197 1363 5233 BAL.
1409 5198 1694 5235 SEPTEMIR.
1740 5187 1842 5238 El?-

262 5270 411 5307 srztno
454 5269 517 5306 ιτ
556 5254 787 5304 Hvrnto
825 5264 965 5304 coss.
1011 5252 1075 5303 Iit
1124 5254 1286 5304 altera
1341 5252 1618 5319 inseriptio
1678 5257 1840 5317 Aquis

262 5325 500 5377 bcxtiis:
533 5321 659 5373 lleic
701 5322 754 5372 in
794 5336 914 5387 pace
957 5322 1160 5387 quiescit
1207 5324 1446 5390 ᾼϋιιιοιχ
1470 5325 1555 5390 qui
1601 5335 1709 5389 post
1748 5343 1837 5377 ar-

262 5406 457 5461 reptam
485 5392 826 5461 paenitentiam
852 5391 1087 5461 migravit
1108 5392 1174 5441 ad
1193 5388 1468 5443 Dominum
1482 5388 1505 5444 7:
1531 5388 1651 5444 vim
1677 5411 1838 5445 umos

264 5458 385 5517 Liv.
428 5458 583 5514 usus.
626 5476 719 5512 vtt.
762 5473 875 5513 mas
917 5474 1006 5515 xv.
1057 5458 1327 5527 Depositus
1377 5474 1420 5513 s.
1468 5480 1516 5515 ι».
1561 5478 1670 5514 \‘lll.
1714 5480 1833 5517 κρυ..

264 5534 489 5584 unum.
533 5531 802 5582 Anastasio
839 5528 904 5581 γ.
947 5530 1004 5581 C.
1054 5529 1279 5582 consule.
1325 5531 1583 5584 Caeterum
1636 5532 1694 5583 D.
1730 5539 1835 5586 Att-

262 5602 457 5663 gustini
486 5608 700 5653 sentent
722 5614 749 5650 a
792 5599 912 5659 fuit,
937 5607 995 5650 ιιι
1023 5598 1291 5651 Possidius
1335 5601 1385 5651 in
1414 5603 1531 5664 ejus
1563 5600 1623 5653 Vi
1651 5617 1678 5652 a
1706 5605 1835 5655 Seri-

266 5672 299 5722 b
325 5680 365 5733 ι,
394 5670 554 5723 etiam
589 5668 829 5721 laudatus
860 5667 1192 5720 Christianos
1218 5670 1606 5740 etpsaccrdotes
1634 5673 1835 5740 alisque

263 5741 418 5803 digna
446 5750 501 5793 et
524 5743 845 5807 competenti
884 5739 1188 5804 poenitentia
1212 5738 1357 5791 exire
1386 5740 1450 5793 de
1474 5755 1698 5808 corpore
1729 5738 1831 5795 non

261 5810 479 5864 debere.

337 5882 351 5909 ‘
392 5878 671 5946 Speciem}
709 5876 989 5945 Religiuste
1021 5875 1232 5929 feminae
1278 5876 1565 5940 Ticineusi.
1600 5892 1648 5935 ttt
1681 5882 1829 5935 doevt

1941 4753 2376 4806 adolescentibus
2426 4754 2607 4818 gratia:
2635 4764 2688 4807 et
2720 4754 2769 4807 in
2802 4770 2989 4808 novam
3031 4757 3199 4811 lucem
3232 4774 3521 4830 erumpen-

1943 4845 2082 4896 tibus
2111 4842 2347 4911 frugibus
2375 4844 2656 4897 verborum
2691 4846 2860 4911 potuit
2884 4860 3077 4914 negare
3102 4854 3482 4907 commercium
3506 4871 3522 4918 ;

1941 4946 2059 4985 cum
2089 4932 2239 4996 culpa
2267 4932 2453 5000 dignus
2478 4933 2563 4996 sit,
2594 4934 2681 5001 qui
2714 4932 2767 4986 in
2812 4934 3083 4990 vicinitate
3112 4942 3314 5007 positus
3348 4946 3520 4998 noluit

1946 5062 2190 5138 proxima
2213 5062 2651 5138 epistolamujns
2695 5075 2766 5138 _ac
2815 5075 3059 5138 sororum
3111 5068 3311 5121 mentio
3356 5074 3516 5138 epist.

1954 5132 2020 5183 Η.
2045 5149 2055 5182 :
2087 5131 2190 5183 Sed
2214 5148 2329 5207 qua:
2352 5132 2645 5207 injunxt'stis
2671 5132 2733 5184 de
2759 5132 3008 5207 religiosis
3044 5139 3245 5202 fenu’nis
3275 5131 3520 5207 Speeiosrt

1948 5211 1995 5253 et
2025 5217 2056 5268 g
2085 5204 2279 5280 rmauis
2328 5210 2460 5271 ejus,
2484 5203 2618 5253 male
2657 5211 2727 5254 est
2770 5202 2941 5255 animo
2987 5220 3097 5257 meo
3136 5210 3273 5276 quod
3316 5202 3533 5280 implere

1951 5286 2049 5321 non
2080 5271 2238 5331 potui.

2017 5339 2039 5369 ²
2066 5340 2322 5410 Illustrem
2347 5340 2506 5391 virum
2538 5339 2743 5410 Erdgic]
2775 5340 2978 5396 Nomen
3027 5345 3228 5399 restitui
3275 5362 3337 5399 ex
3374 5347 3533 5401 \‘ati-‘

1947 5422 2100 5464 cano.
2135 5409 2233 5460 utsi
2273 5410 2410 5473 quod
2455 5410 2504 5460 itt
2536 5424 2602 5462 e0
2628 5408 2795 5463 Erd'ui
2840 5421 3042 5465 tantum
3073 5414 3306 5467 detracta
3344 5415 3514 5469 lillt-ra

1948 5477 2239 5543 legebatur.
2268 5478 2371 5528 Sed
2407 5478 2597 5531 Erduic
2627 5482 2945 5547 appellatur,
2970 5492 3129 5542 atque
3155 5483 3289 5537 inter
3314 5484 3533 5537 Coum;

1944 5561 2060 5597 rum
2092 5546 2449 5599 nobilis~imos
2476 5546 2785 5601 numeratur
2810 5552 2859 5601 in
2905 5552 3239 5616 panegyrieu.
3278 5553 3518 5610 Ticinunt

1945 5630 2072 5681 ergo
2098 5619 2165 5666 ab
2194 5616 2442 5682 episcopo
2474 5618 2585 5671 Med
2610 5620 2846 5670 olaneusi
2894 5622 2958 5669 ad
3009 5621 3289 5673 lit-dnieutn
3325 5629 3517 5679 missus

1948 5684 2239 5749 Eunmlins,
2254 5689 2510 5752 gaudebat
2534 5690 2631 5739 subi
2663 5688 2892 5739 oblatam
2922 5702 2955 5736 o
2990 5689 3255 5748 casioqem
3287 5693 3520 5748 visenda:

1943 5754 2253 5821 speciosae;
2297 5756 2389 5809 sed
2423 5769 2604 5809 contra
2642 5768 2815 5807 totum
2867 5756 3088 5823 accidit,
3124 5770 3176 5811 ut
3234 5762 3516 5818 I‘Irduit-unt

1947 5824 1996 5874 in
2024 5824 2101 5899 via
2127 5822 2424 5889 olTenderit,
2454 5828 2761 5899 priusquam
2785 5824 3027 5877 Ticinum
3054 5844 3113 5880 es
3143 5842 3189 5882 et
3225 5832 3518 5899 ingressus,

1947 5909 2004 5945 ac
2031 5893 2243 5949 domum
2278 5910 2393 5948 ('lllll
2427 5911 2489 5947 ro
2524 5911 2617 5961 spe
2647 5895 2924 5947 l‘ittstratus
2965 5898 3055 5951 red
3084 5915 3138 5951 re
3178 5893 3390 5955 coaetus
3422 5893 3511 5957 sit,
