4186 6252
658 370 728 425 59
1249 404 1262 412 -
1747 384 2017 440 ENNODII
2062 386 2362 444 EPISCOPI
2403 388 2777 448 TICINENSIS
3852 400 3931 460 ιθ

657 489 1450 561 primusincipere.Inltacergo
1474 497 1792 566 partepudm
1809 498 1852 552 is
1870 501 2050 554 volens
2068 501 2234 555 vitare
2264 506 2308 561 Α
2341 512 2488 556 tnutn
2518 508 2800 559 saturitate
2850 508 3008 576 pingu
3031 518 3241 565 rscerrt.
3284 511 3458 568 Taceo
3507 528 3772 571 summam
3815 535 3929 574 cm-

653 579 1012 648 dispendium,
1040 584 1164 635 nolo
1183 584 1410 638 evadere
1431 587 1734 654 opinionem
1767 591 2056 656 temerarii,
2080 591 2236 644 dum-

655 671 816 724 modo
845 672 909 724 ad
931 672 1178 726 effectum
1208 689 1292 727 me
1335 680 1612 731 ostendam
1646 680 1955 748 pervenisse
1987 681 2230 748 perfecti.

655 764 1171 830 Opportunissimnm
1230 769 1537 831 portittrcm
1590 772 1796 825 sarcina
1848 773 2074 841 imperiti
2120 790 2236 828 ser-

654 856 828 905 monis
874 856 1087 906 oneravi
1115 895 1130 914 .
1178 855 1367 910 affectu
1422 857 1769 928 delinquens,
1816 876 1909 929 pi-r
1939 878 2096 931 quem
2141 864 2229 932 qui

652 942 970 1009 peccaverit,
996 953 1049 997 et
1072 946 1278 999 veniam
1311 959 1547 1001 meretur
1578 960 1630 1003 et
1653 951 1896 1018 gratiam.
1929 951 2076 1021 Rogo
2103 968 2231 1022 ergo

649 1035 988 1090 salutationis
1017 1036 1351 1092 etTusissimre
1388 1040 1623 1095 debitum
1672 1043 1909 1105 solvens,
1958 1054 2013 1096 ttt
2056 1044 2101 1097 si
2147 1061 2231 1098 me

648 1125 794 1176 cordi
830 1126 1053 1187 habetis,
1087 1127 1153 1179 de
1186 1129 1431 1182 uberrimi
1464 1131 1760 1184 ostendatis
1793 1132 2089 1188 directione
2119 1135 2232 1186 eol-

649 1216 813 1284 quuii
851 1235 862 1270 :
898 1219 1017 1287 quia
1048 1220 1178 1273 sicut
1204 1223 1400 1274 amoris
1427 1225 1666 1275 elocutor
1695 1235 1746 1277 et
1775 1224 2023 1292 copiosus
2051 1240 2229 1279 asser-

648 1317 732 1361 tor
757 1323 837 1373 es,
881 1310 949 1362 ita
983 1311 1155 1363 nescis
1199 1310 1354 1365 alicui
1390 1311 1576 1366 blanda
1606 1328 1910 1368 sermonum
1959 1316 2226 1370 t'ucatione

647 1399 924 1454 deludere.

1230 1491 1555 1548 EPISTOLA
1592 1495 1656 1548 V.

1149 1598 1399 1637 ENNODIUS
1426 1586 1441 1615 ⁸
1463 1601 1703 1640 LACONIO.

719 1669 993 1738 Nunquam
1045 1671 1183 1725 inter
1222 1685 1462 1727 amantes
1515 1677 1729 1729 silentio
1774 1677 1910 1730 bene
1967 1679 2224 1733 multatur

645 1761 865 1814 offensi.
896 1763 1118 1817 Gravius
1167 1764 1499 1819 inventorem
1549 1769 1774 1834 pi-rcutit
1802 1769 2049 1824 vindicta:
2073 1773 2219 1826 novi-

647 1864 749 1915 tas,
781 1870 937 1919 quam
968 1865 1257 1911 errantem.
1289 1856 1446 1911 Nefas
1487 1868 1567 1912 est
1593 1874 1686 1925 pro
1716 1861 2087 1916 emendatione
2116 1845 2229 1918 cul-
2266 1868 2309 1926 Β

646 1957 831 2010 parum
861 1945 1046 2011 culpas
1083 1946 1354 2012 adhiberi;
1387 1949 1512 2001 dum
1561 1949 1738 2002 studio
1777 1951 2089 2017 curationis,
2133 1956 2220 2019 qui

645 2034 889 2087 medetur
916 2038 1179 2103 aegrescit.
1231 2037 1385 2091 Volui
1433 2039 1847 2093 taciturnitatem
1878 2056 2036 2110 quam
2081 2043 2220 2096 circa

643 2143 730 2181 me
753 2127 1028 2195 hactenus,
1062 2131 1161 2183 mei
1197 2129 1537 2185 immemores
1569 2133 1842 2198 servastis,
1868 2133 2083 2188 imitari.
2116 2134 2221 2189 Sed

643 2220 806 2272 homo
830 2220 958 2274 levis
981 2238 1277 2275 animorum
1304 2223 1516 2276 fortium
1550 2239 1654 2278 non
1688 2226 1830 2292 potui
1856 2241 2070 2295 requare
2092 2242 2218 2281 con-

642 2318 924 2377 templum.
979 2311 1157 2365 Victus
1207 2329 1323 2366 sum
1362 2326 1563 2368 natura:
1596 2315 1898 2385 fragilitate,
1924 2321 2217 2383 confiteor;

641 2411 693 2452 et
714 2402 852 2469 quod
879 2417 972 2456 vos
996 2404 1157 2456 credo
1174 2418 1485 2472 computare
1531 2408 1667 2460 inter
1690 2409 1810 2460 vitii
1845 2408 1964 2476 plus
1992 2410 2220 2462 amando

643 2492 766 2549 stin
797 2491 1172 2548 abstinentiam
1195 2495 1358 2549 effusa
1389 2497 1709 2566 loquacitate
1734 2499 1970 2566 pensari,
2003 2509 2056 2553 et
2079 2500 2218 2569 longi

654 2585 895 2639 dolorem
935 2587 1131 2640 silentii
1181 2592 1446 2642 sermoois
1492 2590 1732 2644 ubertate
1778 2592 2073 2659 composui.
2112 2593 2218 2645 Ea-

641 2686 894 2742 spectaus
924 2675 1135 2742 quidem
1159 2692 1186 2729 a
1213 2678 1360 2732 vobis
1383 2679 1640 2747 prmviutn
1673 2697 1862 2734 munus
1895 2683 1947 2735 in
1979 2683 2168 2737 litteris
2204 2702 2215 2734 :

641 2762 734 2816 sed
767 2763 910 2816 nolui
944 2765 1072 2817 mihi
1106 2770 1235 2833 ipse,
1255 2770 1378 2820 dum
1423 2769 1513 2821 diu
1558 2781 1727 2835 taceo,
1754 2785 1948 2840 negare
1991 2787 2216 2841 respon-

641 2870 795 2918 sum;
828 2854 1118 2920 aestimans,
1146 2858 1287 2926 quod
1321 2859 1607 2928 loquendo,
1641 2863 1863 2915 formam
1912 2864 2062 2928 dare,
2116 2865 2216 2920 nisi

640 2944 935 3014 l0qneudo,
973 2964 1076 3001 non
1118 2964 1327 3017 possem
1362 2969 1371 3002 :
1404 2953 1626 3019 proinde
1649 2993 1663 3016 ,
1693 2953 1907 3009 domine
1941 2957 2010 3008 mi
2031 2995 2048 3020 ,
2079 2957 2218 3010 salu-

640 3039 857 3092 tationis
909 3040 1169 3094 debentla:
1214 3044 1528 3112 obsequium
1583 3046 1834 3110 solvens,
1896 3048 2216 3114 perlatorem

639 3131 982 3199 praesentium
1023 3132 1089 3185 ad
1119 3148 1210 3185 vos
1238 3135 1540 3200 specialiter
1567 3136 1893 3190 destinatum
1934 3137 2090 3190 solita
2134 3137 2217 3190 di-

641 3221 890 3289 giiatione
931 3223 1210 3291 suscipite,
1268 3234 1322 3278 ct
1371 3227 1634 3279 sublatmn
1703 3229 1769 3281 de
1836 3221 2297 3286 consuetudineC

643 3299 904 3367 scribendi
939 3330 1090 3368 nsum
1121 3325 1383 3384 reparate,
1413 3333 1479 3372 ne
1504 3319 1554 3371 in
1601 3318 1852 3374 damnum
1893 3322 2080 3398 gratia:
2103 3337 2223 3389 par-

645 3406 774 3458 citas
796 3405 1067 3473 contingat
1094 3404 1190 3457 ista
1223 3406 1530 3460 verborum.

1201 3495 1527 3550 EPISTULA
1579 3500 1640 3552 \‘l

1145 3601 1396 3640 ENNODIUS
1418 3589 1438 3617 ³
1467 3603 1718 3646 pomznto.

709 3677 996 3744 Quousque
1020 3688 1223 3732 tantum
1250 3680 1430 3733 licebit
1459 3681 1757 3735 absentim?
1780 3698 2057 3764 quousque
2082 3685 2218 3741 fama

643 3769 834 3822 nobilis
854 3770 1229 3836 epistolaribus
1251 3773 1500 3826 destituta
1524 3777 1862 3829 commerciis
1887 3781 2224 3832 veterascet?

641 3859 773 3912 Nolo
828 3864 1055 3915 evadere
1112 3866 1416 3930 Opinionem
1469 3868 1775 3933 temerarii,
1810 3868 2102 3928 dummodo
2154 3871 2220 3922 ad

643 3953 884 4005 notitiam
934 3953 1131 4020 possim
1182 3958 1458 4023 pervenire
1481 3957 1720 4026 perfecti.
1757 3958 1891 4012 Volo
1917 3975 2036 4014 esse
2079 3962 2224 4028 pagi-

641 4056 828 4095 narum
875 4045 1102 4110 prazvios
1161 4045 1486 4111 destinatur,
1550 4057 1606 4102 ut
1649 4047 1936 4105 Galliarum
1986 4052 2120 4106 bona
2156 4053 2221 4104 att

646 4130 846 4184 Italiam
884 4132 1130 4200 migrent,
1162 4135 1278 4189 sine
1311 4137 1418 4190 ullo
1457 4139 1647 4192 l'ortnm
1680 4156 1790 4193 sua:
1812 4141 2066 4194 translata
2113 4142 2224 4196 dis-

650 4221 867 4289 penitio.
919 4226 998 4276 An
1058 4225 1277 4279 forsitan
1333 4229 1556 4294 putabas
1602 4240 1652 4284 te
1694 4233 1744 4284 in
1775 4248 2090 4302 quocunque
2121 4235 2219 4288 loci

642 4311 987 4378 delitescere,
1039 4331 1196 4384 quem
1246 4318 1485 4372 scientiae
1563 4322 1648 4375 lux
1703 4322 1858 4392 longe
1926 4327 2218 4392 positorum

641 4404 969 4457 monstrabat
1013 4408 1293 4473 aspectui?
1327 4409 1388 4462 Et
1424 4411 1521 4462 nisi
1556 4427 1640 4467 me
1694 4413 1743 4465 in
1792 4413 2038 4468 laudibus
2093 4417 2216 4478 tuis,

640 4493 931 4548 domestica
954 4497 1079 4564 quid
1111 4499 1324 4555 relatio.
1354 4500 1446 4552 sed
1488 4516 1582 4568 per
1609 4503 1930 4570 imperitiam
1977 4506 2056 4556 sui
2094 4519 2223 4570 pau-

2337 593 2484 646 lestis
2510 596 2760 649 collatam
2793 597 3056 662 beneticii,
3084 610 3137 654 et
3166 601 3377 658 dotibus
3413 605 3530 659 sine
3577 607 3809 662 humano
3829 612 3929 664 ad-

2331 685 2532 752 jutorio
2559 689 2806 754 supernis
2837 690 3175 746 instruetttm.
3210 693 3371 749 “eote
3401 698 3544 751 enim
3567 699 3666 753 hoc
3695 703 3928 756 restima-

2335 784 2421 830 tur
2437 778 2616 832 venire
2630 778 2696 833 de
2727 781 2934 846 superis
2948 785 3087 849 qttod
3111 785 3247 838 in'er
3273 786 3514 842 homines
3538 791 3686 844 nullo
3711 804 3925 850 constat

2333 869 2600 936 exemplo.
2647 869 2750 923 Sed
2795 872 2908 924 haec
2961 873 3156 928 melius
3218 879 3500 942 secuturis,
3546 883 3650 934 vita
3707 885 3924 949 comite,

2330 973 2527 1014 Censeo
2566 963 2886 1016 reservanda
2943 965 3274 1030 temporibus
3304 985 3318 1020 :
3347 969 3411 1020 ad
3462 970 3586 1022 illud
3646 975 3826 1037 venio,
3860 976 3910 1028 in

2331 1067 2438 1119 quo
2467 1066 2551 1105 me
2589 1053 3016 1119 sejunctissimus
3063 1057 3383 1112 instruxisti.
3440 1060 3706 1125 Quantum
3760 1064 3920 1121 habui

2333 1150 2672 1214 prazsentium
2701 1150 2974 1217 portitoris
3003 1151 3172 1206 sancti
3201 1153 3389 1208 Felici.-
3429 1162 3676 1224 assertio,
3712 1162 3764 1214 in
3791 1165 3912 1226 epi-

2329 1237 2482 1291 stolis
2511 1239 2646 1291 meis
2676 1241 2792 1294 sine
2826 1255 2952 1294 cura
2977 1242 3188 1296 dictatis
3221 1244 3514 1300 Romanam
3538 1253 3918 1318 :cqualitatt-m.

2330 1336 2383 1382 et
2411 1329 2638 1383 Latiaris
2667 1331 2822 1385 unda:
2867 1349 3052 1388 venam
3083 1337 3331 1392 alumnos
3379 1340 3619 1395 Rhodani
3645 1348 3919 1414 perquire-

2333 1421 2444 1473 bas.
2503 1420 2797 1487 Sollicitus,
2845 1425 3028 1487 credo,
3078 1437 3341 1482 scrutator
3391 1441 3444 1484 et
3494 1432 3741 1501 diligens.
3791 1441 3916 1504 quid

2340 1514 2463 1565 lima
2504 1514 2715 1578 poliret,
2744 1516 2965 1580 invenit,
3005 1517 3130 1572 dum
3167 1535 3260 1588 per
3292 1522 3599 1578 infabricata
3624 1528 3783 1580 v-rba
3811 1531 3915 1583 itis.

2328 1617 2590 1660 curreret.
2619 1608 2892 1663 Nescimus
2910 1613 3030 1677 quia
3055 1613 3178 1681 quid
3203 1630 3302 1682 qua
3328 1626 3504 1669 mente
3523 1618 3682 1672 homo
3710 1621 3916 1687 legerit.

2329 1694 2471 1760 quod
2500 1696 2596 1748 hac
2636 1697 2837 1763 profert
2872 1700 3255 1756 deliberatione
3297 1707 3660 1760 sententiam?
3689 1711 3919 1764 maxime

2328 1797 2452 1837 cum
2484 1786 2741 1853 scriptmn
2770 1789 2841 1840 sit
2873 1805 2884 1842 :

2462 1896 2574 1960 Ipse
2600 1912 2774 1958 parens
2798 1914 2975 1957 vatum,
3002 1907 3226 1964 princeps
3253 1905 3497 1954 Heliconis
3524 1908 3778 1959 Homerus.

2510 1968 2692 2018 Judicis
2710 1975 2908 2031 excepit
2927 1973 3023 2021 tela
3045 1986 3220 2022 severa
3247 1983 3371 2025 nota:
3391 1978 3428 2024 ³.

2329 2065 2478 2137 Rogo
2507 2078 2558 2122 ct
2610 2071 2655 2124 si
2710 2071 3002 2141 indigenas,
3029 2083 3083 2128 et
3109 2077 3151 2129 si
3198 2077 3338 2132 inter
3366 2081 3664 2135 studiorum
3697 2097 3916 2139 suorum

2325 2159 2571 2226 palaeStra
2620 2175 2860 2215 versatos
2910 2164 3077 2233 fulget
3127 2167 3404 2233 Latinitas,
3459 2173 3649 2225 mirum
3677 2172 3917 2239 dictu,si

2324 2257 2468 2302 amat
2513 2257 2820 2305 extraneos.
2874 2252 3170 2308 Periculum
3231 2259 3404 2312 facere
3457 2260 3526 2315 de
3593 2263 3917 2331 eloquentiae

2325 2352 2514 2406 pompa
2542 2354 2644 2392 non
2671 2340 2862 2404 debeo,
2886 2357 2982 2398 nec
3010 2358 3292 2410 praesumo,
3320 2348 3546 2416 qualiter
3570 2353 3688 2418 quis
3714 2355 3889 2406 valeat

2321 2431 2581 2497 experiri;
2613 2447 2733 2486 cum
2768 2433 3150 2500 professionem
3195 2453 3365 2492 meam
3390 2441 3619 2509 simplici
3661 2446 3890 2499 sufficiet

2320 2523 2537 2578 studere
2566 2524 2842 2580 doctr.n:c.
2876 2527 2928 2582 Si
2961 2543 3046 2582 me
3075 2539 3249 2584 tamen
3295 2533 3560 2598 quondam
3606 2537 3904 2591 studiorum

2323 2612 2620 2667 liberalium
2674 2616 2849 2670 adhuc
2896 2619 3174 2674 nobilitate
3218 2621 3533 2690 gaudentem
3591 2625 3784 2695 aliquis
3816 2630 3909 2680 tali

2321 2705 2481 2760 dente
2512 2708 2792 2777 tetig'sset,
2829 2726 3095 2776 parassem
3119 2713 3200 2766 vel
3231 2713 3372 2780 quod
3407 2715 3471 2766 d
3500 2719 3899 2772 excusationem

2322 2806 2466 2850 esset
2487 2797 2760 2862 idoneum,
2784 2802 2867 2856 vel
2897 2802 3039 2869 quod
3065 2819 3169 2856 non
3192 2804 3416 2873 puderet
3433 2808 3725 2874 objectum.
3753 2810 3907 2864 Nunc

2323 2886 2466 2952 Vale,
2502 2889 2570 2940 nti
2620 2890 2861 2956 domine,
2891 2901 2944 2946 et
2986 2892 3127 2947 circa
3177 2910 3263 2950 me
3312 2896 3687 2952 ecclesiastica:
3733 2903 3905 2970 magis

2321 2975 2617 3063 disciplinée
2679 2995 2872 3034 exerce
2935 2981 3215 3037 fautorem.
3283 2985 3466 3041 Scribe
3539 2990 3620 3043 vel
3673 2993 3908 3055 manda,

2322 3067 2703 3123 Melchisedech
2744 3082 2987 3138 parentes
3011 3089 3146 3143 quos
3179 3076 3443 3145 habuerit,
3477 3081 3906 3148 explanationem

2329 3174 2493 3226 arcae,
2533 3161 2956 3217 eircumcisionis
3013 3177 3300 3231 secretum,
3331 3178 3386 3223 et
3424 3185 3540 3238 quae
3587 3172 3913 3240 propheticis

2331 3254 2600 3322 mysteriis
2664 3254 3026 3309 includuntur.
3081 3257 3181 3311 Ista
3229 3276 3350 3328 quae
3403 3270 3526 3314 sont
3575 3263 3910 3315 smcularittm

2325 3343 2623 3407 schemata,
2653 3356 2998 3414 respuantur,
3042 3349 3255 3404 caducis
3309 3350 3507 3405 intenta
3547 3353 3910 3423 persuasioni-

2327 3433 2444 3499 bus,
2477 3434 2596 3489 tela:
2637 3435 2828 3491 similia
2862 3437 3165 3505 Penelopae.

2895 3551 3225 3606 EPISTULA
3260 3553 3369 3608 \‘Il.

2827 3677 3080 3716 INNODIUS
3115 3663 3131 3693 ⁵
3162 3675 3399 3721 ΡέΒὶΙΙΝΟ.

2397 3767 2581 3837 Exignt
2613 3771 2735 3825 licet
2782 3787 2952 3835 amor,
2985 3775 3125 3842 quod
3158 3792 3260 3828 non
3319 3787 3494 3845 poti-st
3525 3778 3747 3848 implere
3784 3798 3903 3850 pcr-

2325 3859 2502 3926 fectio_
2537 3871 2590 3915 et
2627 3863 2872 3930 impetret
2908 3868 3123 3933 caritas,
3154 3878 3210 3921 ut
3254 3885 3345 3936 per
3375 3871 3600 3938 loquela:
3629 3875 3903 3929 audaciam

2325 3964 2446 4015 qua:
2471 3967 2666 4006 ornare
2719 3963 2950 4022 poterat,
2986 3967 3168 4022 pereat
3216 3974 3338 4027 spes
3393 3962 3599 4014 tacendi
3636 3981 3650 4016 :
3681 3965 3909 4019 maxime

2324 4055 2444 4093 cum
2467 4042 2532 4094 sit
2557 4042 2786 4107 dicendi,
2825 4055 2880 4098 ut
2924 4045 3130 4100 Tullios
3163 4050 3324 4103 refert
3350 4052 3391 4114 ³,
3425 4052 3522 4106 nisi
3554 4069 3672 4108 cum
3723 4071 3905 4110 neces-

2323 4133 2485 4194 saria,
2518 4133 2674 4185 nimis
2702 4135 2875 4202 inepta
2927 4139 3182 4193 conditio.
3216 4141 3320 4193 Sed
3351 4142 3490 4196 inter
3537 4147 3902 4200 narrationum

2323 4222 2435 4275 vias
2458 4231 2509 4275 et
2561 4223 2748 4278 itinera
2791 4227 3077 4294 aperienda
3112 4228 3248 4285 falce
3288 4232 3574 4300 doctrinm,
3607 4238 3775 4289 teneri
3815 4253 3906 4290 ne-

2324 4313 2466 4368 scius
2492 4315 2680 4369 virium
2718 4320 3150 4376 coosiderationc
3189 4335 3374 4392 regnat
3403 4325 3643 4380 affectus.
3676 4329 3902 4395 Imperao

2326 4410 2457 4460 toris
2519 4407 2636 4462 loco
2692 4410 2997 4466 dominatur
3042 4417 3208 4469 semet
3266 4419 3678 4484 penetrabilibus
3725 4421 3906 4474 cordis

2326 4495 2484 4551 infixa
2514 4498 2761 4565 dilectio;
2795 4502 3019 4556 credens
3049 4505 3187 4569 quod
3236 4522 3340 4560 non
3367 4509 3434 4561 de
3464 4508 3746 4562 verborum
3773 4526 3918 4579 pon-

638 4598 732 4652 per
751 4598 1016 4654 angustet,
1047 4597 1101 4640 et
1129 4588 1454 4654 amplissima
1485 4592 1795 4645 meritorum
1822 4603 2031 4646 tuorum
2073 4609 2213 4660 pﬂB-
2251 4578 2298 4634 ί)
2324 4586 2450 4638 dere
2491 4589 2570 4640 "Cl
2615 4603 2806 4657 νηιιιρτι
2837 4593 3098 4661 Galliam",
3132 4596 3220 4663 ‘1"i
3252 4597 3318 4650 de
3349 4597 3585 4651 absemis
3615 4601 3897 4669 Propinqui

639 4676 792 4729 conia
823 4678 1103 4744 perlatoris
1128 4687 1299 4732 arctet
1321 4680 1558 4740 exilitas;
1583 4682 1854 4750 utriusque
1879 4683 2213 4737 bibliotheca:

643 4766 802 4820 tibttla
834 4769 1173 4834 perfectione
1203 4787 1265 4824 cx
1292 4773 1506 4842 gemino
1547 4774 1711 4828 latere
1733 4776 1997 4830 venientis
2037 4787 2214 4844 partes

647 4857 908 4917 maximas
951 4863 1305 4928 motnordisti,
1353 4851 1690 4934 procurando
1727 4877 1784 4920 ut
1814 4869 1899 4921 tali
1945 4870 2212 4938 ingenium

714 4946 730 5024 ξ
764 4943 1016 5024 ραεοηπρ]
1043 4950 1158 5024 Lib.
1179 4968 1267 5024 _ttt.
1299 4970 1366 5024 ep
1388 4967 1458 5008 st.
1493 4957 1579 5010 l6.
1607 5022 1609 5024 _

711 5014 1024 5096 '"Poiiierio'i
1070 5014 1383 5096 Arelatensi.
1431 5022 1730 5096 Cyprianus
1761 5029 1811 5080 itt
1845 5028 1962 5082 Vita
1993 5029 2052 5082 S.
2098 5027 2214 5083 Cze-

638 5085 761 5167 s'arii
793 5085 1070 5167 episcopis
1109 5088 1230 5144 Erat
1259 5107 1428 5167 auis.»
1477 5085 1580 5149 illis
1627 5100 1901 5150 admodum
1943 5101 2212 5167 fortuitam

639 5150 910 5234 Ponti/rtus
951 5150 1156 5236 quidam
1218 5165 1527 5236 professione
1570 5169 1770 5235 rhetor,
1817 5150 1954 5236 Afer.
1997 5185 2210 5235 genere;

636 5239 786 5304 quem
815 5225 956 5304 ipsis.
988 5225 1319 5304 singulariter
1340 5250 1510 5287 rarum
1557 5225 1899 5304 grammatica:
1942 5225 2064 5290 artis
2118 5225 2210 5292 do;

637 5295 817 5376 dirimi
833 5295 1086 5376 reddebat.
1125 5297 1175 5350 ltt
1207 5305 1444 5376 catalogo
1469 5295 1882 5376 sitti'appendice
1923 5307 2205 5372 Gennadii,

639 5362 739 5440 tibi
779 5363 1005 5417 Pontcrii
1039 5373 1290 5434 opuscula
1345 5362 1708 5440 rccensontit'r,
1735 5379 1947 5431 natione
1999 5362 2208 5433 Maurus

636 5431 830 5507 dicitur
869 5452 931 5507 ac
973 5431 1247 5507 presbyter
1286 5443 1335 5494 in
1381 5443 1551 5498 Gallia
1605 5431 1900 5501 ordinatus.
1936 5431 2208 5503 Enuodius

637 5493 823 5577 {ira-ce
871 5493 1162 5577 Latineque
1204 5493 1573 5577 declinari-rec
1609 5493 2205 5572 Ἑλλιῶιῖ

638 5568 829 5655 litteris
856 5568 1141 5655 eruditum,
1167 5580 1256 5655 sed
1290 5568 1564 5636 sacrarum
1590 5568 2208 5655 etiatttrl'erit—utttrfuisse

638 5641 919 5724 significat,
945 5645 1288 5724 Rhodanique
1323 5657 1590 5707 alumnmn
1632 5641 1800 5718 vocat',
1826 5641 1962 5724 quia
1993 5641 2208 5712 Arelate

639 5713 970 5794 viersabatur.
1001 5712 1444 5794 llitricii'quoque
1483 5733 1699 5777 exstant
1726 5712 1964 5794 epistola:
1993 5728 2111 5781 dita:
2139 5731 2204 5781 ad

643 5777 944 5836 Pomerium
972 5795 1024 5839 et
1053 5788 1221 5855 ipsum
1251 5777 1614 5848 'Arelatensem
1650 5810 1665 5847 :
1690 5777 2115 5866 quandoquidem

2321 4686 2404 4731 est
2431 4679 2603 4732 salute
2629 4681 2886 4736 sollicitus
2919 4702 2930 4736 :
2958 4701 3056 4739 nec
3083 4688 3354 4741 existimat
3381 4691 3520 4758 quod
3558 4693 3703 4746 nasci
3738 4697 3905 4761 possit

2322 4768 2522 4823 offensa
2554 4771 2621 4825 de
2647 4777 2812 4841 gratia
2844 4792 2856 4827 :
2889 4776 2990 4830 hoc
3032 4777 3095 4830 ad
3131 4780 3366 4834 laztitiam
3397 4782 3526 4836 satis
3567 4799 3690 4838 esse
3733 4787 3904 4852 conji-

2322 4860 2491 4926 ciens,
2535 4863 2579 4916 si
2610 4875 2845 4932 Optatam
2893 4871 3103 4924 nuntiet
3153 4873 3380 4940 epistola
3429 4876 3765 4943 sospitatem.
3799 4879 3902 4932 Sed

2326 4973 2522 5052 [Eonio
2550 4979 2937 5052 Arelatensium
2971 4983 3219 5052 episcopo
3251 4987 3376 5052 petit
3409 4989 3480 5038 uti
3510 4989 3808 5043 Pomerium
3840 4993 3904 5045 ad

2322 5056 2381 5097 se
2403 5045 2799 5126 venireju'oeat,
2828 5051 2915 5126 lib_.
2940 5045 3229 5126 ιιςθρίείὸ.
3253 5045 3360 5126 Sed
3385 5055 3628 5111 abbatem
3649 5061 3903 5126 appellat.

2321 5124 2376 5165 ut
2423 5117 2586 5195 quaeri
2607 5117 2735 5196 _jam
2768 5121 2934 5196 possit
2965 5117 3143 5196 plures
3181 5140 3254 5196 ne
3284 5125 3383 5178 ltoc
3413 5128 3627 5181 nomine
3674 5117 3890 5196 fuerint,

2319 5185 2705 5259 an_tt_nus_i_dem
2726 5228 2740 5251 ,
2767 5189 2905 5254 quod
2938 5185 3063 5244 mihi
3094 5193 3246 5244 facile
3271 5198 3650 5259 persuaserim.

2389 5253 2751 5327 _'(2i:_t_udiaut_ts,
2777 5253 2915 5327 epig.
2947 5262 3011 5312 ad
3037 5253 3325 5315 Alethium.

2389 5321 2409 5351 ’⁸
2443 5318 2696 5397 Firmino]
2729 5318 3086 5397 Propinquum
3110 5348 3262 5385 suum
3297 5345 3444 5386 vocat
3481 5335 3756 5390 Ennodius
3805 5338 3900 5389 Ita-

2316 5406 2420 5475 qite
2447 5392 2808 5475 Arelatensem
2836 5392 2977 5475 illum
3014 5412 3138 5468 pttto
3165 5419 3272 5475 que
3297 5426 3324 5453 n
3381 5405 3559 5458 laudat
3603 5409 3901 5475 Cyprianus

2318 5461 2454 5514 idem
2488 5464 2536 5540 in
2564 5463 2817 5540 (Σίῐςεκτίρ.
2853 5468 2974 5540 Erat
3007 5461 3129 5530 tum,
3164 5461 3352 5540 inquit,
3379 5475 3428 5525 in
3458 5488 3518 5527 ea
3538 5461 3667 5528 urbe.
3689 5461 3900 5528 'Firmi-

2313 5546 2434 5614 ints,
2483 5533 2556 5610 vir
2584 5533 2809 5614 illiutris
2842 5547 2889 5589 et
2918 5539 3095 5592 linteos
3129 5533 3306 5605 licunt,
3341 5533 3563 5611 'ciusque
3615 5548 3901 5614 propinqua

2313 5599 2560 5678 Gregorio
2610 5603 2893 5678 ciariuima
2954 5611 3262 5678 mater/amt!
3283 5599 3340 5665 as
3384 5599 3402 5664 ξ
3447 5599 3662 5677 quorum
3705 5599 3897 5676 studio,

2313 5686 2435 5722 cura
2462 5681 2508 5722 et
2536 5673 2838 5753 benignitate
2863 5691 2983 5753 ergo
3014 5673 3201 5753 clerum
3228 5693 3274 5733 et
3301 5673 3601 5753 monachos,
3629 5701 3747 5753 ergo
3768 5673 3899 5737 circa

2314 5748 2360 5793 et
2382 5757 2624 5808 pauperes
2656 5745 2770 5796 urbs
2799 5746 2888 5798 illa
2907 5746 3155 5802 illustrior
3182 5752 3504 5805 reddebatur.

2388 5813 2406 5839 ⁵
2439 5811 2553 5864 Lib.
2579 5829 2593 5865 ι
2626 5814 2692 5868 de
2719 5817 2865 5867 Orat.
