4186 6252
237 345 300 399 ιι
1517 336 1994 396 EPISTOLARUM
2038 335 2159 392 LIB.
2208 337 2263 393 ll.
3458 347 3529 403 ω

234 473 353 523 vos,
380 454 675 527 quosiibra
699 456 904 525 peritia:
935 457 986 509 in
1015 455 1210 526 elo'quii
1242 455 1389 507 lance
1428 456 1689 523 pensabit,
1714 457 1831 523 qui-
1858 458 1910 517 Α
1937 446 2249 509 Oslentlitttr
2277 455 2403 508 mihi
2434 456 2652 524 liquido,
2676 472 2835 527 quam
2866 458 2932 514 sit
2962 474 3141 515 rerum
3174 464 3349 517 nescia
3376 480 3530 519 mens

238 556 343 606 bus
364 550 583 604 ubertas
608 548 825 616 linguae,
856 548 1146 617 castigatus
1169 562 1369 609 sermo,
1396 546 1619 599 Latiaris
1649 547 1846 600 ductus

232 642 505 709 quadrata
538 648 751 694 constat
782 639 1053 702 elocutio;
1079 637 1321 706 quaeritis
1353 638 1601 690 nimirum
1639 637 1692 691 in
1724 638 1844 692 aliis

233 733 386 804 quod
418 730 700 795 exercetis,
727 730 968 801 quaeritis
1009 730 1149 800 quod
1182 729 1374 782 amatis
1396 746 1415 781 :
1446 743 1541 781 nos
1587 730 1653 782 ab
1686 731 1846 782 scho-

236 839 417 890 larum
470 822 763 893 gymnasiis
809 822 1148 892 sequestrati,
1186 820 1388 874 arentis
1442 818 1637 882 ingenii
1683 820 1847 887 guttis

233 914 484 985 quaedam
514 912 702 967 oceani
736 913 930 966 ﬂuenta
977 925 1349 980 provocamus,
1389 911 1539 978 quasi
1572 913 1590 941 ³
1624 911 1840 980 lychnis

236 1014 426 1060 contra
471 1002 601 1057 solis
632 1003 813 1057 radios
861 1000 1163 1070 pugnaturi.
1220 1001 1319 1055 Mei
1350 1001 1552 1054 macies
1601 1002 1756 1068 longe
1783 1016 1843 1056 se

236 1104 502 1149 monstrat
532 1092 725 1157 studii;
756 1102 810 1148 et
836 1094 937 1147 nisi
965 1102 1255 1147 excusetur
1287 1094 1487 1161 pietate
1529 1094 1838 1161 garrulitas,

239 1186 580 1254 dispendium
640 1182 849 1256 proprii
882 1186 1107 1255 pudoris
1163 1199 1243 1241 est
1297 1187 1439 1254 quod
1471 1190 1665 1241 amavi.
1695 1188 1839 1243 Vena

241 1276 461 1345 quidem
493 1276 691 1345 lingua
739 1291 768 1329 a
798 1276 1005 1345 generis
1034 1274 1179 1329 fonte
1230 1274 1496 1338 trahitur;
1528 1287 1582 1329 et
1633 1276 1841 1331 fervore

240 1367 478 1436 genuino
517 1367 655 1421 solet
692 1362 865 1421 fet'ura
896 1365 1091 1419 nobilis
1129 1365 1363 1419 incitari.
1415 1365 1526 1433 Ego
1571 1379 1690 1419 mea
1722 1380 1838 1419 sum

242 1456 421 1525 impar
446 1457 691 1526 prosapia
719 1473 732 1509 :
757 1471 845 1510 me
866 1456 1082 1509 dotibus
1103 1456 1295 1510 vestris
1317 1456 1467 1523 quasi
1499 1458 1837 1524 peregrinum

244 1547 491 1602 scientia:
540 1546 820 1617 plenitudo
860 1561 967 1600 non
996 1547 1166 1615 tetigit
1203 1562 1215 1598 :
1246 1561 1344 1615 ego
1373 1561 1467 1599 vos
1500 1555 1703 1599 tantum
1726 1546 1840 1598 lau-
1872 1551 1878 1557 ’

243 1640 373 1696 dare
395 1641 565 1711 magis
592 1654 748 1709 quam
796 1639 991 1693 imitari
1020 1640 1189 1693 valeo.
1220 1640 1283 1693 Et
1314 1638 1556 1705 quamvis
1601 1637 1837 1691 nondum

244 1732 302 1787 in
331 1747 418 1786 me
448 1732 512 1785 ad
543 1732 727 1787 florem
758 1732 967 1785 venerit
995 1740 1199 1783 matura
1231 1728 1499 1794 facundia,
1532 1738 1587 1783 et
1620 1743 1837 1798 pressus

1952 545 2204 608 humana,
2235 561 2375 612 qum,
2410 546 2532 598 dum
2581 548 2805 614 pretium
2861 550 3087 618 propriae
3112 552 3419 607 ambitionis
3451 555 3531 607 iu-

1950 635 2165 703 telligit,
2187 636 2449 688 assuescit
2482 636 2597 703 plus
2626 652 2805 692 amare
2832 638 2899 692 ad
2927 640 3063 709 quod
3089 642 3237 695 tarde
3263 646 3527 711 pervenit;

1948 735 2004 778 et
2045 727 2170 779 dum
2215 726 2451 780 abundat
2482 728 2531 779 in
2568 730 2847 795 prmsentia
2878 747 2983 800 quo
3012 733 3327 799 delectetur,
3364 734 3531 801 magis

1948 826 2191 883 superest
2243 816 2383 884 quod
2434 818 2691 885 requirat.
2746 820 2897 875 Nunc
2946 824 3223 890 confiteor,
3257 825 3307 878 in
3345 826 3533 879 litteris

1950 909 2144 961 ve~tris
2173 910 2608 975 superforaneam
2652 914 2953 968 cautionem
2982 916 3086 970 mei
3111 917 3405 970 aestimator
3432 934 3531 971 ex—

1948 1001 2066 1067 pavi
2110 1018 2121 1051 :
2162 1000 2247 1055 nbi
2276 1002 2402 1055 dum
2453 1004 2702 1058 secundis
2752 1006 2802 1059 in
2852 1008 3019 1061 altum
3066 1009 3293 1078 loquelae
3340 1023 3533 1065 vestra:

1950 1100 2289 1158 portarentur
2320 1093 2431 1147 vela
2468 1096 2835 1161 proventibus,
2867 1109 2919 1152 et
2962 1098 3015 1151 in
3056 1098 3314 1169 obsequio
3341 1101 3534 1154 utilita-

1948 1190 2026 1233 ret
2053 1181 2309 1250 quidquid
2355 1184 2550 1250 spirat;
2585 1185 2860 1253 remigium
2911 1189 3106 1242 vestris
3139 1190 3312 1243 dicitis
3344 1191 3535 1245 deesse

1945 1270 2241 1338 colloquiis.
2273 1272 2384 1324 Non
2436 1285 2517 1325 est
2541 1274 2709 1337 licita,
2744 1277 2851 1329 veri
2886 1278 3162 1346 diligentia
3193 1292 3532 1345 SOWL‘SII‘ala

1947 1376 2102 1429 quant
2137 1362 2355 1430 pingunt
2385 1363 2568 1428 Verba,
2598 1364 2826 1419 formido
2861 1385 2874 1419 :
2908 1370 3070 1422 remis
3098 1384 3231 1437 opus
3261 1382 3364 1435 est,
3397 1387 3533 1440 quo-

1947 1452 2082 1506 tiens
2112 1454 2257 1506 nullo
2289 1453 2564 1508 flaminum
2622 1471 2825 1525 puppes
2852 1458 3105 1525 juvautur
3133 1461 3366 1528 impulsu
3402 1479 3415 1514 :
3448 1462 3534 1516 his

1947 1554 2051 1595 non
2089 1552 2237 1611 eget,
2267 1543 2351 1597 cui
2381 1545 2671 1598 secundam
2721 1547 3113 1611 navigationem
3148 1549 3273 1604 fecit
3322 1553 3534 1620 Conspi-

1944 1648 1997 1685 ra
2029 1634 2079 1686 in
2127 1634 2317 1688 devota
2381 1647 2682 1692 ventorum.
2728 1636 2822 1690 Sol
2873 1636 3075 1692 facibus
3129 1654 3233 1692 non
3284 1621 3533 1708 juvatur;

1944 1740 2043 1779 nec
2088 1726 2288 1781 lunaris
2338 1728 2479 1797 globi
2528 1730 2902 1784 claritudinem
2967 1732 3231 1784 minorum
3292 1732 3533 1786 siderum

246 1839 409 1879 onere
449 1825 635 1893 gratiae
681 1822 924 1877 solvendi
985 1820 1201 1877 deserar
1243 1821 1530 1884 facultate;
1561 1820 1835 1875 couunitto
1867 1821 1912 1880 Β
1940 1817 2225 1885 aliquando
2270 1819 2607 1875 illustraverc
2652 1822 2896 1892 collega.
2955 1823 3195 1888 Domine,
3239 1833 3295 1877 ut
3344 1837 3529 1893 supra,

248 1925 421 1970 tamen
452 1915 699 1985 cymbam
732 1902 944 1968 tenuem
978 1914 1186 1981 placido
1210 1914 1376 1977 mari;
1408 1914 1529 1981 quia
1556 1928 1743 1981 parum
1778 1913 1846 1966 ab

248 2007 623 2075 iugratitudine
665 2004 842 2059 differt
873 2012 1021 2057 muta
1066 2004 1374 2074 gratulatio.
1427 2002 1576 2057 Unde
1608 2006 1846 2057 nascitur

248 2108 307 2154 ut
343 2114 599 2167 prospera
644 2112 763 2166 quze
804 2096 870 2151 de
902 2096 1056 2151 vobis
1111 2096 1393 2164 perlatoris
1424 2097 1687 2151 relatione
1715 2112 1843 2164 cog-

252 2192 405 2255 novi,
445 2189 585 2242 inter
624 2188 860 2243 caelestia
889 2188 1016 2241 mihi
1049 2187 1314 2241 beneficia
1345 2196 1742 2256 computentur.
1780 2188 1846 2242 Et

251 2280 496 2348 quamvis
538 2278 789 2333 deberem
832 2277 1054 2332 reddere
1108 2279 1372 2332 sermonis
1421 2279 1653 2332 officium
1698 2296 1711 2331 :
1745 2280 1839 2332 sed

250 2372 370 2440 quia
406 2369 722 2439 portitorum
769 2369 1081 2439 negligentia
1127 2367 1253 2424 fecit
1298 2378 1354 2423 ut
1382 2369 1601 2423 directa:
1632 2385 1661 2423 a
1694 2369 1843 2423 vobis

251 2472 340 2515 aut
370 2461 734 2515 retinerentur
760 2468 853 2512 aut
898 2459 1249 2528 perderentur
1299 2459 1543 2528 epistolae
1582 2477 1595 2513 :
1626 2473 1725 2528 ego
1754 2467 1838 2512 ta-

253 2572 374 2613 men
406 2554 789 2611 verecundiam
821 2568 991 2608 meam
1026 2554 1078 2607 in
1106 2554 1335 2608 statione
1365 2555 1643 2621 degentem
1674 2556 1739 2607 ad
1763 2555 1842 2608 in-

251 2658 395 2703 certa
431 2646 652 2710 deduxi,
678 2655 733 2701 et
778 2653 945 2699 totum
987 2661 1072 2699 me
1122 2645 1402 2715 legendum
1437 2645 1615 2713 sapori
1661 2654 1841 2698 vestro

252 2738 546 2793 committo.
601 2739 790 2803 Salve,
849 2739 919 2792 mi
965 2737 1216 2795 domine.
1258 2747 1313 2791 et
1355 2749 1621 2791 amantem
1676 2736 1842 2791 vestri

256 2830 623 2897 frequentibus
682 2830 841 2883 colite
909 2829 1103 2883 muniis
1150 2828 1469 2881 litterarum.
1525 2829 1675 2882 Circa
1723 2843 1841 2897 qu.c

255 2922 431 2976 Studia
490 2922 695 2991 pigrum
745 2936 865 2977 esse
914 2936 1013 2975 nec
1061 2920 1371 2991 diligentem
1428 2922 1698 2985 convenit,
1744 2934 1843 2975 nec

257 3009 570 3070 facundum
792 3080 1122 3136 srtsrom
1166 3080 1298 3136 vut.

739 3186 993 3227 ENNODIUS
1045 3188 1379 3227 APOLLINARI.

328 3265 431 3317 Pro
467 3274 594 3318 voto
634 3263 867 3320 militant
908 3266 1195 3320 desideriis
1238 3268 1467 3335 propriis
1498 3268 1842 3323 necessitates

260 3356 467 3421 alienae,
495 3355 619 3410 dum
651 3356 701 3410 in
729 3356 979 3425 gaudium
1004 3366 1244 3411 nostrum
1270 3358 1567 3426 aliquorum
1596 3358 1842 3427 precibus

264 3448 577 3501 exhibemus
628 3447 968 3514 obsequium.
1012 3447 1142 3513 Quis
1190 3463 1295 3501 non
1327 3450 1497 3517 pretio
1546 3458 1760 3517 prepter
1784 3465 1843 3505 se

263 3549 525 3609 quaereret
563 3540 700 3608 quod
730 3540 883 3593 alteri
923 3539 1022 3593 sub
1051 3539 1151 3594 bac
1204 3541 1487 3593 occasione
1521 3543 1844 3608 praestatur?

266 3632 469 3684 Debent
494 3630 622 3685 mihi
650 3645 789 3684 nunc
810 3631 1103 3699 perlatores
1134 3631 1475 3699 praisentium
1498 3631 1677 3685 debita
1703 3646 1840 3698 mea,

263 3734 317 3777 et
342 3738 448 3776 non
480 3724 650 3778 solum
680 3738 767 3777 me
796 3721 860 3775 ad
888 3721 1204 3776 solutionem
1234 3737 1338 3776 non
1371 3722 1705 3791 pertrahunt,
1742 3724 1838 3778 sed

263 3831 324 3871 se
367 3815 596 3870 fatentur
633 3815 914 3869 obnoxios.
956 3816 1069 3869 Non
1100 3826 1182 3870 est
1221 3817 1458 3881 incuriae,
1491 3816 1631 3885 quod
1662 3830 1783 3870 raro
1815 3830 1843 3870 ι

263 3919 353 3958 me
406 3904 599 3973 scripta
628 3913 981 3973 prorogantur
1013 3921 1024 3955 :
1056 3905 1249 3959 similia
1275 3905 1598 3974 frequenter,
1629 3915 1682 3957 ut
1708 3918 1846 3959 nunc

265 3997 463 4063 reperi,
496 3996 632 4049 bona
655 3996 994 4049 subtrahunt.
1026 3996 1295 4050 Inveniam
1337 4012 1464 4067 ergo
1492 3997 1647 4066 hujus
1680 3998 1844 4051 bene-

266 4084 370 4137 ficii
398 4084 645 4147 fructum,
664 4086 707 4139 si
730 4100 814 4140 me
834 4087 1072 4156 diligitis,
1097 4088 1404 4155 portitores.
1429 4089 1528 4154 Qui
1552 4090 1688 4142 sicut
1710 4102 1740 4140 a
1760 4103 1846 4143 me

266 4189 328 4229 ea
350 4190 465 4243 qua:
483 4183 636 4229 erant
663 4175 956 4241 offerenda,
990 4188 1311 4247 exegerunt;
1341 4182 1405 4232 ita
1432 4180 1497 4232 ad
1521 4194 1635 4239 vos,
1658 4188 1712 4232 ut
1732 4180 1847 4248 opi-

267 4280 391 4327 nor,
409 4267 711 4336 s‘criptionis
730 4270 1052 4323 commercio
1073 4278 1248 4336 Optata
1282 4269 1591 4337 perducunt.
1622 4270 1846 4324 Domine

265 4357 366 4423 mi,
398 4358 728 4411 salutationis
756 4358 1009 4428 obsequia
1044 4361 1347 4421 restituens,
1377 4361 1538 4414 Deum
1572 4376 1760 4428 precor
1788 4367 1847 4413 ut

267 4450 388 4502 haec
407 4448 555 4503 vobis
578 4450 627 4502 in
648 4449 781 4502 bona
805 4450 1113 4504 valetudine
1137 4454 1494 4520 porrigantur,
1517 4463 1571 4507 et
1596 4453 1847 4506 reddatur

1950 1906 2207 1961 honorem
2238 1909 2449 1963 salutati
2491 1912 2771 1977 exhibens,
2806 1927 3013 1982 precor,
3064 1926 3121 1967 ut
3150 1912 3287 1982 apud
3333 1915 3536 1982 magni-

1949 2000 2182 2054 tudinem
2218 2010 2445 2055 vestram
2476 2005 2771 2059 studiorum
2820 2022 3059 2060 meorum
3109 2006 3277 2060 fructu
3309 2020 3415 2059 non
3442 2019 3531 2059 ca-

1947 2105 2089 2143 ream
2121 2106 2135 2144 :
2163 2100 2437 2161 postquam
2470 2094 2620 2147 vobis
2647 2095 2771 2165 quid
2804 2111 3054 2165 cuperem
3105 2111 3209 2150 non
3241 2094 3430 2160 celavi,
3477 2105 3537 2148 ut

1945 2184 2251 2252 scriptionis
2287 2201 2503 2253 operam
2555 2203 2710 2256 quam
2738 2190 2999 2244 hactenus
3046 2189 3361 2259 protulistis,
3410 2187 3537 2259 styli

1944 2276 2241 2345 frequentia
2281 2278 2365 2332 vel
2403 2278 2644 2333 ubertate
2676 2290 2930 2346 pensetts.

2531 2368 2862 2425 EPISTULA
2893 2370 2957 2424 Χ.

2486 2474 2741 2512 ENNHDIUS
2784 2475 2999 2515 FAL'STO.

2018 2548 2261 2602 Meritum
2311 2563 2486 2601 meum
2538 2558 2787 2617 regnator
2828 2551 3064 2605 etclestis
3112 2553 3157 2607 si
3209 2558 3535 2626 attv-nderet,

1945 2644 2035 2688 aut
2080 2638 2267 2705 exigua
2301 2636 2437 2689 bona
2488 2636 2838 2705 adipiscerer,
2870 2652 2961 2694 aut
2993 2658 3180 2711 magna
3228 2650 3489 2718 supplicia
3520 2669 3535 2716 ;
3564 2670 3565 2673 η

1946 2736 2000 2779 et
2057 2730 2162 2781 mei
2209 2727 2429 2781 idoneus
2486 2730 2799 2798 aestimator,
2833 2748 2939 2802 quo
2997 2738 3201 2792 meritis
3254 2743 3538 2808 pervenire

1948 2831 2051 2872 non
2085 2829 2347 2888 poteram,
2399 2828 2523 2873 voto
2566 2838 2670 2876 non
2719 2826 3017 2881 tenderem.
3052 2828 3156 2885 Sed
3189 2824 3386 2901 gratias
3436 2837 3536 2902 illi,

1947 2911 2038 2979 qui
2063 2912 2255 2965 delicta
2290 2921 2475 2966 nostra
2507 2917 2581 2968 sic
2604 2930 2671 2969 ne
2695 2917 3014 2974 extollantur
3044 2935 3271 2993 resecat,
3305 2936 3361 2979 ut
3386 2941 3539 2995 Spem

1950 3003 2016 3057 ad
2052 3006 2240 3059 latiora
2272 2998 2544 3074 perducat.
2582 3010 2786 3063 Domini
2814 3013 3003 3066 Avieni
3033 3015 3358 3071 dictionibus
3386 3035 3415 3073 a
3448 3035 3537 3075 me

1948 3095 2210 3149 debentur
2243 3097 2341 3150 ista
2384 3099 2675 3167 prmloquia
2710 3103 2835 3167 :qui
2871 3104 3093 3157 necdum
3124 3107 3187 3159 ad
3221 3108 3412 3162 bonam
3443 3127 3539 3165 va-

1875 3179 2240 3241 Cletndinem
2298 3189 2565 3254 reductus,
2622 3191 2857 3245 animum
2920 3210 3099 3249 meum
3166 3199 3538 3257 sollicitudinis

1947 3272 2133 3329 catena
2166 3278 2455 3341 laxaverat,
2487 3280 2611 3333 dum
2642 3281 2816 3336 adhuc
2869 3284 3007 3339 inter
3053 3301 3202 3356 spem
3236 3300 3289 3344 et
3337 3303 3539 3348 metum

1945 3367 2088 3420 anxii
2150 3378 2268 3421 vota
2302 3370 2618 3439 penderent,
2662 3381 2904 3426 naturam
2943 3378 3238 3445 reSpiciens
3286 3383 3539 3441 inditavit

1945 3473 2051 3525 quo
2076 3467 2284 3513 tonaret
2300 3459 2533 3529 eloquio.
2558 3461 2769 3517 Iudicio
2795 3466 3007 3535 quidem
3033 3469 3129 3522 ista
3149 3485 3535 3543 prmcrperam,

1947 3551 2266 3605 etaltrieem
2314 3553 2508 3631 nobilis
2552 3557 2752 3610 mctalli
2779 3573 2965 3613 venam
3007 3560 3057 3614 iu
3109 3564 3374 3619 thesauris
3401 3584 3537 3637 quos

1949 3653 2225 3710 pepererat
2268 3648 2655 3714 aguoscebam.
2687 3650 2790 3705 Sed
2822 3653 2981 3707 etiam
3032 3655 3082 3707 in
3136 3655 3235 3711 hoc
3291 3670 3537 3726 percator

1946 3739 2162 3793 evenire
2194 3741 2277 3794 vix
2298 3743 2522 3807 credidi,
2556 3747 2695 3814 quod
2745 3751 2957 3820 assequi
2994 3766 3097 3805 non
3136 3755 3399 3809 merebar.
3436 3757 3538 3814 Ve-

1949 3847 2064 3884 rum
2104 3833 2247 3899 dico,
2278 3844 2417 3889 teste
2468 3837 2645 3891 divina
2698 3840 3004 3906 clementia,
3039 3845 3081 3896 si
3109 3855 3233 3898 sunt
3263 3847 3425 3914 aliqui
3483 3852 3537 3906 In

1950 3921 2179 3991 Liguria,
2217 3926 2304 3992 qui
2336 3926 2401 3980 de
2440 3927 2737 3982 litterarum
2786 3943 3008 3998 possunt
3055 3935 3211 4003 genio
3258 3946 3312 3991 et
3357 3940 3538 4008 splen-

1948 4014 2077 4069 dore
2103 4016 2340 4082 judicare
2372 4034 2386 4072 :
2420 4034 2513 4073 vos
2540 4020 2884 4076 crediderunt
2916 4028 2967 4077 in
2998 4026 3085 4080 illa
3119 4027 3351 4087 dictione
3383 4031 3538 4087 labo-

1951 4120 2295 4175 rasse,quam
2340 4111 2481 4164 artati
2516 4112 2867 4180 prmjudicans
2899 4130 3062 4170 canis
3112 4118 3220 4187 jam
3275 4124 3325 4176 in
3372 4140 3539 4193 puero

1949 4211 2136 4250 sensus
2175 4199 2433 4252 excoluit.
2486 4200 2591 4255 Sed
2626 4204 2723 4256 ista
2759 4207 2921 4274 magis
2951 4208 3054 4262 illis
3083 4225 3201 4265 eum
3238 4213 3540 4286 lactymoso

1949 4287 2140 4351 gaudio
2181 4288 2309 4352 dixi,
2348 4305 2481 4358 quos
2515 4304 2600 4345 aut
2631 4294 2831 4347 ell‘usus
2860 4299 3075 4365 sanguis
3098 4304 3219 4354 albo
3239 4308 3403 4358 curia:
3425 4321 3536 4361 ca!-

1952 4376 2099 4428 lestis
2142 4380 2406 4447 ascripsit,
2466 4390 2557 4433 aut
2619 4384 2759 4435 clara
2814 4387 3234 4458 con!’essio:qui
3282 4397 3534 4449 sccund‘s

1950 4466 2268 4521 conﬁrment
2309 4468 2596 4536 primordia
2631 4482 2807 4526 nostra
2832 4478 3189 4531 Successibus.
3220 4480 3324 4534 Vos
3352 4482 3538 4540 famuli

268 4541 416 4595 illico
468 4544 672 4610 pagina,
704 4557 823 4612 qua:
869 4558 1039 4597 meam
1089 4556 1312 4614 quaerat,
1368 4555 1598 4601 vestram
1650 4548 1854 4604 nuntiet
1881 4558 1931 4617 ι)
1961 4558 2257 4613 humilitate
2285 4568 2338 4613 et
2376 4560 2630 4631 obsequii
2674 4564 2931 4630 salutans,
2982 4576 3108 4636 Opto
3140 4571 3276 4625 inter
3307 4577 3534 4647 quasvis,

267 4632 605 4700 sospitatem.

846 4704 1172 4760 EPISTOLA
1230 4706 1317 4760 IX.

835 4809 1090 4848 εκλουιυε
1116 4811 1359 4851 οιϊιιιιιο.

349 4883 445 4938 Vix
494 4886 776 4955 aliquando
806 4886 934 4942 mihi
976 4903 1037 4943 ea
1086 4905 1204 4958 qua:
1251 4890 1342 4944 diu
1386 4892 1562 4957 cupita
1617 4901 1741 4946 sunt
1786 4908 1851 4947 ex

270 4978 537 5034 sententia
567 4990 960 5046 successerunt,
995 4991 1050 5036 ut
1093 4984 1235 5037 sitim
1264 4999 1423 5053 quam
1450 5000 1513 5037 ex
1554 4985 1851 5040 litterarum

276 5080 577 5125 vestrarum
630 5070 825 5125 ardore
869 5087 1253 5142 conceperam,
1294 5076 1619 5145 eloquentia:
1670 5077 1852 5132 divitis

273 5161 418 5216 unda
445 5163 686 5228 satiaret,
714 5171 768 5216 et
797 5173 959 5217 :estus
989 5180 1121 5233 quos
1146 5170 1471 5235 exspectatio
1501 5168 1657 5238 longa
1683 5172 1855 5239 gemi-

276 5262 519 5316 naverat,
552 5253 838 5307 arridentia
878 5244 1033 5310 labiis
1074 5257 1268 5312 ﬂuenta
1316 5261 1722 5329 restinguerent.
1751 5262 1856 5316 Sed

276 5358 373 5396 cur
412 5360 498 5396 me
519 5343 584 5397 ad
620 5353 865 5398 votorum
895 5360 1129 5401 asseram
1154 5364 1415 5403 smnmam
1460 5352 1623 5405 fuisse
1663 5353 1856 5419 perdu-

282 5445 442 5497 ttum,
467 5436 555 5487 cui
580 5434 753 5501 majus
779 5437 1013 5490 nascitur
1026 5438 1094 5490 de
1119 5438 1490 5508 impetratione
1513 5441 1859 5509 desiderium,

280 5524 405 5574 dum
424 5522 489 5577 de
510 5536 817 5582 sermonum
837 5533 1134 5581 vestrorum
1163 5530 1376 5584 flumine
1396 5544 1577 5597 pectus
1598 5534 1868 5587 ardescit?

338 5632 369 5664 ’¹
400 5635 616 5711 Lgchpis
642 5646 817 5711 contra
842 5637 963 5691 solis
992 5639 1182 5711 radios]
1217 5641 1405 5695 Facilis
1436 5643 1530 5695 fuit
1562 5645 1864 5698 ('fllOllddllO

285 5706 573 5779 prodigam
621 5707 761 5779 quod
814 5713 863 5759 in
913 5706 1182 5764 omnibus-
1225 5714 1616 5779 exemplaribus
1677 5717 1864 5769 vitiose

284 5774 580 5843 legebatur.
608 5774 860 5844 Apologia
889 5794 980 5844 pro
1007 5782 1240 5847 synodo:
1270 5774 1489 5837 Nam.
1514 5786 1684 5837 stolidi
1710 5787 1864 5839 solem

566 5862 835 5928 ΡΑτιιοι..
885 5872 1107 5934 LXIII.

1960 4650 2082 4703 dum
2136 4651 2250 4703 istis
2291 4653 2522 4706 animum
2582 4657 2851 4723 relaxatis,
2904 4660 3331 4718 adversariorum
3398 4671 3535 4723 mala

1959 4741 2210 4807 gaudere.
2245 4741 2381 4795 Nihil
2405 4753 2486 4795 est
2511 4745 2654 4797 enim
2688 4747 2738 4799 in
2772 4764 2875 4817 quo
2904 4753 3166 4819 possimus
3198 4754 3537 4816 inimicorum

1961 4832 2150 4884 damna
2187 4839 2407 4887 sentire.
2444 4834 2549 4888 llor.
2584 4838 2735 4889 nobis
2767 4840 2904 4893 Deus
2953 4843 3196 4911 contulit,
3228 4847 3369 4914 quod
3411 4849 3544 4907 invi.

1961 4926 2042 4977 dia
2075 4935 2285 4979 terrena
2316 4944 2420 4980 non
2454 4928 2749 4981 subtrahat.

2528 5016 2848 5071 EPISTULA
2895 5019 2982 5075 ΧΙ.

2492 5102 2747 5140 ENNODIUS
2788 5105 3005 5144 FAUBTO.

2031 5174 2166 5240 Quid
2198 5176 2383 5230 faciam
2405 5218 2418 5239 ,
2446 5175 2658 5243 quando
2689 5179 3028 5234 rescribendo
3062 5198 3153 5238 vos
3192 5187 3447 5251 scribitis,
3488 5201 3541 5243 et

1964 5281 2058 5334 pro
2101 5267 2239 5321 bono
2279 5267 2627 5333 prascientize
2670 5268 2808 5321 cealo
2840 5270 2988 5325 vobis
3033 5274 3361 5344 obsequente
3406 5291 3539 5329 con-

1964 5375 2153 5423 cessae,
2185 5359 2437 5428 quidquid
2479 5359 2710 5413 alienum
2758 5371 2940 5431 pectus
2985 5367 3149 5432 potuit
3196 5367 3539 5437 investigare.

1970 5452 2231 5504 narratis?
2261 5450 2450 5520 Liquet
2505 5467 2661 5521 supra
2716 5454 2985 5511 hominem
3025 5474 3166 5520 esse,
3197 5459 3424 5513 duorum
3465 5463 3544 5515 sic

1971 5542 2193 5608 implere
2223 5555 2498 5610 personas.
2527 5544 2629 5597 Sed
2674 5545 2738 5598 ad
2772 5547 2919 5600 illum
2958 5547 3258 5601 refcrantur
3289 5551 3383 5601 ista
3407 5592 3421 5614 ,
3452 5554 3543 5621 qui

1973 5654 2169 5725 furibus
2215 5670 2313 5705 non
2355 5656 2555 5722 juvari,
2588 5672 2676 5707 nec
2708 5657 2774 5707 ad
2820 5657 3113 5724 praesidium
3160 5660 3367 5725 dfutjnm
3417 5662 3543 5718 lucis

1972 5723 2180 5793 lyrhuos
2212 5724 2439 5778 accendi.

2664 5872 2719 5890 gs

3032 5883 3071 5947 2
