4186 6252
576 311 644 365 43

1711 306 1917 363 ΕᾸἹΟῘ
1937 307 1978 361 11
2019 305 2139 362 EPI!

2239 308 2316 361 lPl
2357 304 2726 365 TICINENSIS
3753 306 3832 363 ιιι

580 426 835 492 prazstiut.
869 423 977 491 Ego
1009 430 1182 476 tamen
1234 421 1501 474 remittere
1545 433 1629 471 me
1676 420 1969 470 orationem
1990 458 2003 473 .
2047 432 2140 483 per
2168 424 2219 479 Α
2247 426 2419 470 menta
2445 430 2566 471 sunt
2594 422 2865 471 maeu'atc
2891 417 3311 472 conversationis
3336 430 3439 470 non
3467 415 3568 470 sibi
3595 418 3825 470 credere

578 530 733 582 quam
756 514 808 567 in
838 515 1077 567 umbram
1106 511 1353 580 antiquus
1376 510 1577 563 Tullius
1609 509 1870 573 trudetur,
1896 525 1999 561 non
2027 523 2149 575 pro-

580 608 716 663 .uisi.
744 606 947 674 Quippe
966 605 1054 673 qui
1076 612 1350 671 acceptum
1372 605 1778 670 quaternionetn
1803 601 1901 654 sub
1932 597 2146 666 majori,

575 711 730 764 quam
763 695 971 763 ingenio
1003 708 1121 747 meo
1163 692 1561 754 commodabat,
1601 692 1873 747 celeritate
1901 689 2149 743 reddide-

577 803 730 841 ram:
764 788 888 841 dum
937 786 1056 841 ﬁdei
1099 784 1356 849 serviens,
1384 800 1501 853 qua:
1544 782 1608 836 ad
1654 782 1947 852 profectum
1999 790 2148 849 pote-

575 889 693 934 rant
721 880 979 947 pertinere
995 878 1309 946 contempsi.
1332 877 1474 931 Nihil
1493 876 1630 946 apud
1655 892 1743 930 me
1756 878 1824 930 de
1844 874 2144 929 veneranda

573 982 697 1026 tunc
737 972 971 1026 dictione
1024 978 1383 1035 remanserat,
1434 970 1535 1024 nisi
1579 969 1719 1038 quod
1763 969 1828 1021 ad
1880 968 2142 1031 fructum,

570 1070 822 1130 quantum
853 1060 1084 1125 aestimo,
1116 1059 1268 1113 bona:
1297 1059 1562 1127 opinionis
1604 1059 1902 1125 reposcenti
1937 1072 2144 1111 memo—

573 1152 648 1205 ria
699 1151 908 1205 furante
936 1151 1318 1205 subduxeram.
1355 1148 1495 1203 Nolo
1535 1148 1742 1211 dicere,
1789 1148 1946 1212 quale
1972 1146 2146 1211 fuerit

571 1240 709 1309 quod
743 1240 936 1293 invitus
983 1238 1223 1300 restitui,
1250 1238 1409 1304 quale
1441 1237 1599 1288 etiam
1646 1234 1786 1302 quod
1831 1235 2001 1286 amavi
2029 1252 2042 1286 :
2078 1249 2145 1288 ne

572 1329 853 1383 manifesto
883 1328 1112 1383 credatis
1147 1341 1243 1379 vos
1271 1325 1544 1393 alleganda
1576 1324 1692 1377 sine
1736 1326 1814 1376 sui
1858 1323 2143 1390 diSpcndio

568 1420 903 1488 prmdixisse.
934 1419 1089 1472 Curis
1128 1418 1261 1470 meis
1297 1427 1471 1469 tamen
1516 1430 1677 1482 super
1710 1414 1808 1467 hac
1846 1426 2024 1482 parte,
2054 1429 2141 1468 se-

572 1527 715 1569 renae
764 1512 897 1564 lucis
937 1524 1067 1563 mete
1094 1509 1273 1562 domni
1301 1507 1489 1561 Avieni
1522 1504 1816 1571 miseratio,
1849 1505 1971 1559 licet
2011 1504 2143 1558 inci-

569 1601 785 1669 pientis,
828 1610 1003 1653 tamen
1060 1599 1166 1666 jam
1226 1598 1447 1665 probata
1502 1596 1799 1659 succurrit,
1854 1596 2139 1664 quamdam

566 1693 873 1749 schedulam
914 1706 1031 1760 quae
1075 1690 1176 1759 ipsi
1219 1703 1495 1743 remanere
1527 1688 1725 1756 potuit,
1757 1697 1962 1740 ostrum
2007 1688 2135 1741 mihi

2255 522 2375 562 esse
2404 510 2709 577 participes.
2744 510 2864 562 llaec
2911 510 2995 561 illa
3039 518 3218 563 mente
3257 508 3548 575 descripsi,
3582 520 3830 574 quamc-

2254 614 2369 651 mor
2410 600 2667 666 propositi
2698 600 2875 652 odium
2918 600 3211 667 compellor
3248 598 3447 652 debere
3492 596 3828 650 criminibus.

2249 690 2459 743 Nullum
2490 690 2621 743 deus
2662 706 2833 751 mens,
2863 690 2965 743 nisi
3008 690 3074 743 de
3116 703 3177 743 se
3220 689 3388 757 tetigit
3434 686 3775 740 conﬁtentem
3809 705 3821 740 :

2250 784 2375 835 dum
2404 782 2526 836 vitia
2560 783 2894 847 incessimus,
2931 796 3078 836 reum
3106 781 3181 835 ira
3217 779 3544 834 manifestat.
3575 779 3708 833 Nam
3739 779 3820 833 in-

2244 872 2429 939 jurius»
2450 874 2583 937 sim,
2615 872 2661 925 si
2687 873 2811 942 styli
2843 872 2960 925 lucu
2989 885 3259 925 vomerem
3285 872 3512 924 sentiam
3534 910 3548 933 ,
3577 877 3668 923 aut
3700 869 3829 922 mihi

2248 962 2443 1029 scripta
2486 970 2967 1030 computem,qu:e
3005 961 3251 1029 relegens
3294 975 3397 1014 non
3427 972 3682 1028 agnosco.
3718 958 3830 1013 Scit

2224 1051 2387 1105 enim
2436 1051 2709 1114 Dominus,
2739 1051 2862 1119 quia
2903 1050 2947 1103 si
2986 1064 3101 1102 non
3136 1057 3334 1103 nostro
3382 1048 3601 1102 nomine
3644 1054 3828 1102 notata

2247 1140 2435 1196 fuisset
2475 1142 2731 1210 epistola,
2762 1142 2825 1193 ad
2860 1156 3013 1209 quem
3060 1141 3246 1195 fuisset
3287 1140 3493 1194 directa
3542 1140 3825 1194 nescirem.

2246 1231 2363 1284 Tibi
2396 1232 2531 1286 habe
2563 1231 2776 1285 facetias
2825 1244 2940 1285 tuas
2967 1249 2979 1282 :
3013 1243 3123 1284 aut
3145 1232 3255 1284 illis
3287 1245 3405 1285 rese
3437 1246 3499 1283 va
3553 1246 3674 1283 cum
3714 1231 3829 1299 qui—

2247 1322 2345 1376 bus
2375 1323 2525 1376 vobis
2562 1324 2676 1377 sine
2714 1324 2825 1377 oris
2851 1324 3046 1387 ofﬁcio,
3084 1322 3556 1391 peri'clandestinze
3599 1322 3825 1387 familia-

2246 1415 2415 1469 ritatis
2447 1416 2880 1470 communionem
2910 1418 3115 1469 clamor
3140 1425 3222 1470 est
3249 1426 3487 1469 actuum.
3519 1415 3657 1469 Ecce
3685 1414 3825 1468 salu-

2246 1506 2461 1559 tationis
2506 1506 2967 1560 honoriﬁcentiam
3000 1508 3212 1560 solvens
3241 1506 3524 1573 deprecor,
3556 1516 3613 1559 ut
3642 1506 3693 1559 in
3737 1504 3822 1558 di-

2246 1595 2480 1665 rigendis
2509 1596 2748 1664 epistolis
2778 1596 2889 1649 loca
2908 1636 2924 1660 ,
2952 1604 3221 1665 tempora,
3254 1610 3509 1665 personas
3541 1594 3782 1649 attendas
3808 1611 3820 1648 :

2212 1717 2218 1723 -
2245 1701 2312 1741 ne
2340 1686 2483 1755 quod
2510 1701 2610 1755 ego
2652 1687 2717 1740 ad
2748 1702 2835 1741 me
2862 1688 3118 1757 scriptum
3150 1702 3253 1742 non
3285 1696 3559 1757 computo.
3592 1686 3821 1740 alterum

569 1783 860 1837 nobilitatis
888 1782 1107 1851 ingessit
1133 1799 1145 1832 :
1180 1780 1318 1832 hanc
1345 1778 1602 1831 hactenus
1634 1776 1830 1830 habui:
1866 1777 1987 1831 inde
2017 1792 2133 1831 sum
2164 1776 2218 1835 θ’
2241 1778 2463 1832 forsitan
2495 1779 2670 1832 laedat.
2714 1778 2847 1843 Quia
2879 1780 3089 1832 mstimo
3121 1786 3172 1832 te
3219 1776 3375 1845 hujus
3420 1776 3663 1845 epistola:
3702 1776 3816 1828 for-

567 1885 620 1929 et
650 1877 887 1934 locutns.
923 1885 975 1927 et
1008 1871 1183 1941 sapui.
1225 1869 1329 1925 Sed
1359 1878 1640 1938 postquam
1682 1878 1737 1922 et
1772 1868 1945 1927 aliena
1974 1869 2139 1922 lzene-

570 1966 683 2022 ﬁcia
723 1965 903 2035 jussus
944 1978 1058 2017 sum
1112 1961 1375 2031 pendere,
1418 1959 1686 2029 perlatore
1727 1972 1845 2011 eam
1886 1965 2143 2026 sequente

570 2058 885 2113 destinatio:
916 2070 1018 2109 non
1046 2069 1162 2108 eam
1196 2053 1246 2107 in
1279 2067 1362 2105 me
1394 2065 1486 2119 pro
1516 2048 1747 2119 peccatis
1779 2049 1911 2103 meis
1942 2048 2143 2102 intelli-

566 2162 697 2215 gens
739 2144 1195 2207 benevolentiam,
1240 2150 1295 2195 ut
1338 2138 1476 2209 quod
1518 2146 1860 2193 externorum
1911 2138 2143 2191 munitet

568 2240 773 2305 ingenia
793 2278 809 2302 ,
840 2237 973 2290 bene
1000 2234 1246 2289 credulus
1275 2246 1379 2285 non
1412 2244 1694 2299 negarem;
1728 2226 1905 2281 sciens
1930 2241 2015 2281 me
2046 2226 2143 2279 ho-

547 2330 817 2393 aninibus,
846 2326 986 2396 quod
1026 2328 1294 2394 impugnat
1343 2321 1705 2390 propositum,
1748 2320 1999 2373 cautione
2040 2318 2141 2372 tui-

545 2419 727 2475 -sccri.
756 2419 952 2471 Verum
981 2416 1119 2479 dico,
1149 2414 1239 2469 illo
1271 2423 1404 2467 teste
1433 2412 1517 2465 cui
1548 2420 1671 2465 nota
1701 2420 1825 2466 sunt
1866 2410 2076 2475 omnia,
2111 2424 2140 2463 a

569 2528 655 2567 me
698 2511 819 2565 illas
854 2508 1048 2562 mundi
1099 2520 1193 2560 nre
1241 2503 1541 2558 celebratas
1589 2501 1849 2556 dictiones
1901 2508 2139 2565 vestras,

568 2603 705 2675 quod
735 2600 896 2658 credo
924 2597 1133 2657 inscitia
1165 2610 1278 2650 mea
1309 2594 1453 2659 ﬁeri,
1486 2593 1731 2662 cuiquam
1758 2591 1872 2645 dari
1904 2605 2001 2645 nec
2033 2602 2142 2643 tor-

564 2702 743 2755 menta
786 2683 1131 2759 compellunt.
1163 2683 1385 2739 Domine
1427 2681 1528 2747 mi,
1569 2680 1941 2734 salutationem
1989 2693 2142 2733 reve-

566 2785 753 2839 rentize
793 2791 984 2837 vestra:
1020 2778 1306 2843 exhibens,
1336 2782 1609 2830 contestor
1649 2772 1775 2843 quia
1819 2771 2143 2843 negligentia

546 2875 819 2945 .judicium
847 2885 1058 2935 meum,
1091 2882 1191 2922 nec
1218 2866 1450 2920 adulatio
1480 2864 1754 2935 impugnat
1784 2864 2055 2919 allectum.

1094 2956 1420 3015 EPISTULA
1461 2956 1573 3010 XII.
1755 2973 1778 2992 ο

1054 3062 1335 3105 λεκηουιυε
1365 3060 1606 3101 Αςτῑηιο.

2246 1870 2443 1923 mulam
2488 1870 2554 1922 ad
2603 1869 2862 1939 plurimus
2912 1869 3241 1937 destinasse,
3287 1876 3341 1923 et
3387 1868 3499 1922 sola
3546 1868 3821 1923 nominum

2243 1961 2681 2025 commutatione,
2705 1976 2822 2015 eam
2849 1978 2942 2031 per
2962 1962 3202 2033 singulos
3225 1962 3340 2017 sine
3363 1960 3673 2016 meritorum
3696 1975 3821 2016 con-

2244 2051 2567 2107 sideratione
2593 2053 2973 2107 transmittere.

2774 2141 3111 2197 EPISTOLA
3154 2142 3289 2197 XIII.

2775 2249 3031 2287 ENNHDIUS
3061 2248 3301 2288 οιῑιιιιιο.

2317 2324 2335 2353 ²
2361 2320 2428 2376 Ut
2467 2321 2630 2375 tradit
2672 2322 2916 2391 quaedam
2944 2322 3261 2390 eloquentia:
3291 2335 3521 2390 persona
3549 2321 3818 2385 sublimis,

2248 2414 2330 2467 les
2361 2421 2443 2467 est
2486 2412 2541 2465 in
2584 2413 2826 2480 epistolis
2877 2412 3227 2481 negligentia,
3266 2422 3321 2467 et
3362 2422 3633 2467 auctorem
3678 2414 3821 2482 genii

2244 2501 2432 2557 :riifex
2464 2516 2521 2555 re
2550 2503 2753 2571 praebet
2780 2504 3003 2556 incuria.
3034 2504 3087 2558 In
3117 2517 3221 2571 quo
3260 2517 3423 2572 opere
3457 2503 3583 2557 illud
3616 2502 3820 2556 subdu-

2243 2594 2315 2647 cit
2344 2594 2551 2662 gratitc,
2581 2594 2722 2662 quod
2764 2596 2908 2649 cruci
2948 2604 3093 2647 tuum
3128 2595 3276 2647 testis
3320 2594 3484 2649 sudor
3532 2594 3815 2649 invenerit.

2244 2685 2479 2739 (laminis
2509 2696 2728 2740 excocta
2762 2686 3040 2741 fabrilibus
3068 2688 3227 2741 verba
3259 2701 3360 2739 non
3396 2685 3594 2754 ﬂagitat
3631 2685 3817 2739 salutis

2243 2790 2354 2831 sua:
2398 2776 2644 2842 nuntius,
2689 2785 2744 2831 et
2787 2778 3044 2845 quresitor
3076 2776 3291 2829 alienae.
3334 2774 3522 2828 Melius
3562 2777 3604 2827 si
3644 2775 3694 2827 in
3742 2773 3820 2826 his

2230 2869 2582 2924 commerciis
2624 2884 2752 2937 pura
2793 2868 3151 2923 elocutionum
3193 2866 3369 2922 fronte
3403 2866 3817 2936 congredimur:

2244 2960 2544 3015 diademata
2574 2958 2799 3028 simplex
2831 2959 3081 3028 colloquii
3119 2958 3297 3012 cultus
3335 2957 3583 3027 abjurat:
3615 2959 3815 3025 episto-

2234 3051 2375 3104 laris
2402 3050 2733 3114 communio,
2756 3050 2799 3103 si
2830 3050 3040 3118 quando
3061 3049 3364 3103 alfectatum
3390 3047 3636 3103 decorem
3669 3048 3821 3117 fugit,

600 3128 967 3218 ²Ι³τοριιοιίοἰε
1004 3144 1237 3199 oraculis
1267 3142 1568 3197 sublimitas
1607 3150 1694 3193 tua
1735 3146 1952 3207 priestat
1981 3134 2219 3204 obse-C
2251 3141 2499 3196 obtinuit.
2544 3140 2650 3195 sed
2699 3140 3077 3209 magnitudinis
3117 3148 3310 3195 νθειιιω
3350 3139 3501 3193 dives
3540 3149 3593 3193 ει
3636 3140 3821 3191 ειυου-

548 3241 775 3310 quium,
805 3246 859 3293 et
884 3236 949 3289 ad
984 3234 1137 3288 ﬁdem
1166 3240 1405 3285 veterum
1451 3230 1785 3283 sanctionum
1818 3228 2011 3281 militat
2040 3239 2135 3279 no-

561 3328 713 3385 vellis
760 3324 1091 3380 excessibus.
1144 3319 1427 3375 Proviilistl
1476 3333 1543 3373 ne
1587 3318 1801 3387 segnior
1836 3315 2133 3371 admunitio

564 3427 867 3475 remaneret
893 3414 1193 3470 valetudine
1221 3415 1489 3469 subtracta
1536 3410 1819 3481 neglectui.
1861 3406 2133 3477 Scriptum

564 3510 703 3566 enim
725 3519 805 3564 est
836 3522 930 3578 per
957 3505 1052 3561 Dei
1081 3504 1335 3566 cultores,
1362 3517 1587 3572 quorum
1612 3516 1769 3555 aures
1798 3500 2133 3569 prudentium

562 3599 749 3671 debeat
775 3596 1015 3652 doctrina
1043 3594 1290 3658 transire,
1321 3607 1453 3661 quos
1493 3592 1611 3644 falsi
1642 3591 1911 3645 sermonis
1942 3605 2135 3660 sapore

562 3689 900 3760 pertrahere;
927 3686 1163 3755 allegans
1192 3682 1366 3754 perire
1392 3681 1589 3735 monita
1609 3722 1623 3745 ,
1652 3696 1771 3750 qua:
1801 3680 1852 3733 in
1876 3680 1975 3734 alia
2007 3694 2135 3734 con-

561 3782 758 3838 stitutis
801 3776 1184 3832 deliberatione
1234 3783 1572 3845 praestantur.
1626 3774 1735 3841 Ego
1789 3781 1965 3827 tamen
2017 3772 2134 3825 loco

545 3873 793 3939 .ImflIIIS,
827 3871 1005 3940 lingua
1032 3867 1327 3933 mendicus,
1357 3866 1486 3921 solis
1519 3875 1679 3920 antea
1722 3863 2132 3919 necessitudinis

544 3963 787 4018 stimulis
810 3960 968 4016 verba
992 3958 1249 4013 concessi.
1273 3967 1325 4010 et
1344 3955 1410 4010 ad
1434 3955 1883 4011 contestatinnem
1908 3954 2134 4026 diligen-

562 4056 671 4123 tize,
699 4052 963 4123 prioribus
1006 4048 1196 4103 litteris
1225 4048 1441 4103 exhibui
1469 4050 1483 4080 ¹
1512 4050 1610 4103 sub
1652 4047 1926 4117 sanguinis
1960 4034 2169 4101 liber-9

561 4154 667 4200 tate
705 4156 1039 4213 reSponsum.
1070 4140 1219 4195 Nunc
1249 4141 1386 4195 male
1407 4148 1489 4195 est
1517 4140 1716 4203 animo,
1746 4139 1886 4209 quod
1918 4139 2134 4205 injuria-

561 4251 675 4289 rum
704 4234 875 4287 fructu
905 4246 1117 4296 carens,
1155 4228 1425 4298 sumpsisti
1468 4227 1687 4281 forsitan
1735 4228 1954 4282 mentita
1993 4224 2155 4296 apud“

563 4336 615 4381 te
654 4324 954 4382 urbanitate
997 4323 1343 4391 jactantiam:
1379 4322 1621 4374 nesciens
1666 4320 1807 4388 quod
1856 4329 2129 4375 auctorem

560 4428 807 4491 repetunt
833 4417 933 4472 tela
952 4458 965 4481 ,
993 4430 1109 4486 qua:
1132 4414 1374 4469 indocilis
1397 4414 1651 4468 adversus
1680 4415 1907 4468 alterum
1942 4427 2131 4468 manus

2250 3234 2396 3287 brata
2428 3231 2663 3287 narratio
2690 3230 2950 3285 mendicis
2978 3230 3235 3285 limitibus
3262 3230 3431 3284 nescit
3460 3227 3693 3291 includi;
3723 3240 3820 3281 nec

2246 3324 2355 3378 oris
2381 3323 2694 3377 thesaurum
2726 3321 3125 3391 quibuscunque
3153 3330 3360 3375 arctare
3388 3320 3631 3374 conﬁniis
3663 3336 3674 3370 :
3710 3333 3820 3371 nia-

2246 3429 2472 3485 gnorum
2510 3429 2677 3469 .more
2714 3414 2992 3468 ﬂuminum
3041 3414 3276 3481 riparum
3323 3412 3468 3466 frena
3507 3410 3821 3465 contemnit.

2239 3509 2355 3562 Non
2379 3508 2505 3561 dum
2532 3507 2890 3575 compositum
2912 3505 3163 3559 velamen
3186 3505 3555 3573 occupationis
3580 3504 3822 3571 locuples
3904 3523 3920 3532 ~

2239 3598 2414 3668 lingua
2446 3597 2860 3667 transgreditur,
2892 3596 2974 3650 his
3021 3604 3224 3649 tantum
3262 3609 3321 3649 se
3352 3594 3545 3648 studiis
3594 3595 3821 3647 militare

2236 3689 2529 3759 signiﬁcat,
2555 3689 2621 3742 ad
2649 3704 2767 3759 quae.
2791 3688 2875 3743 vel
2902 3686 3185 3742 occasione
3211 3685 3467 3755 perducta
3496 3695 3598 3738 est.
3632 3684 3699 3738 Et
3721 3684 3819 3738 nisi

2240 3782 2409 3845 vobis,
2444 3780 2640 3848 quietis
2670 3788 2869 3833 nostra:
2900 3778 3233 3845 testimonia,
3277 3776 3586 3845 reipublica:
3628 3777 3820 3844 guber-

2241 3871 2427 3925 nacula
2457 3871 2783 3925 sentiremus
2829 3868 2991 3924 fuisse
3026 3870 3354 3934 commissa,
3397 3875 3452 3922 et
3480 3883 3590 3921 rem
3616 3866 3821 3921 laboris

2236 3961 2397 4016 vestri
2437 3975 2590 4025 esse,
2635 3958 2890 4029 quidquid
2916 3959 3126 4028 .ubique
3169 3959 3486 4027 diSponitur,
3529 3956 3612 4010 vol
3656 3956 3817 4011 Italia:

2234 4069 2415 4108 curam
2460 4052 2835 4107 didicissemus
2880 4065 3040 4104 unum
3085 4059 3265 4117 pectus
3311 4049 3645 4118 ingressam:
3677 4060 3817 4117 pene

2236 4161 2329 4199 vos
2354 4146 2470 4199 sola
2501 4154 2805 4211 putaremus
2833 4140 3093 4210 paginalis
3120 4140 3251 4211 styli
3273 4148 3477 4194 curaet
3503 4138 3818 4193 a-siduitate

2235 4236 2515 4292 macerari.
2551 4234 2659 4289 Deo
2681 4234 2947 4288 debentur
2975 4233 3087 4286 hmo
3119 4245 3372 4297 munera,
3404 4230 3493 4298 qui
3524 4239 3578 4284 et
3611 4238 3816 4282 amato-

2238 4342 2351 4380 rem
2395 4325 2632 4379 scientia:
2662 4338 2877 4379 sensum
2930 4323 3184 4387 contulit,
3213 4332 3265 4377 et
3298 4321 3477 4375 limam
3519 4320 3814 4374 studiorum

2234 4418 2300 4472 ad
2330 4418 2441 4473 oris
2468 4418 2720 4471 fabricam
2754 4432 2858 4471 non
2888 4417 3119 4486 negavit.
3149 4414 3263 4468 Non
3289 4413 3366 4468 sic
3395 4413 3578 4483 pernix
3602 4411 3623 4441 '
3645 4412 3816 4466 aether

546 4512 819 4567 emiserit.
847 4509 975 4577 Quis
1015 4515 1165 4577 putet
1203 4506 1581 4561 contumeliam
1603 4548 1615 4568 ,
1654 4521 1773 4575 quae
1804 4507 1973 4561 solam
2005 4520 2131 4561 eon-
2159 4500 2208 4559 D
2236 4518 2354 4565 acta
2400 4510 2578 4564 nervis
2624 4508 2828 4563 arundo
2881 4506 3212 4575 proscindit:
3248 4504 3689 4575 quemadmodum
3729 4506 3815 4557 in-

554 4605 837 4659 scientiam
885 4600 1200 4654 destinantis
1244 4597 1469 4666 afﬂigit?
1516 4596 1885 4665 lmprohorum
1939 4608 2126 4653 natura

562 4706 673 4759 est,
703 4695 806 4747 hoc
844 4694 1044 4745 sentire
1082 4689 1149 4744 de
1191 4688 1438 4742 omnibus
1468 4688 1607 4754 quod
1655 4699 1949 4753 merentur,
1990 4700 2044 4743 et
2078 4690 2132 4746 in

562 4784 714 4839 malis
758 4782 1005 4836 solatium
1056 4794 1314 4850 nusquam
1350 4778 1539 4831 videre
1584 4776 1959 4834 innocentiam.
2000 4780 2133 4834 Tor-

632 4898 647 4927 ι
681 4893 789 4948 Sub
833 4891 1091 4960 sanguinis
1135 4888 1385 4959 libertate]
1428 4889 1559 4955 Quia
1601 4888 1887 4945 Ennodius
1928 4891 2128 4956 Astyrii

561 4962 987 5033 consanguineus
1021 4968 1165 5033 erat,
1198 4960 1312 5014 sive
1352 4974 1565 5033 parens,
1596 4968 1667 5033 ut,
1686 4961 1911 5027 scripsit
1953 4961 2124 5033 lib._t,

466 5096 471 5099 Α
558 5028 809 5104 epist.9.'t
829 5072 841 5093 ,
865 5030 1016 5104 cujus
1045 5030 1288 5084 libertate
1310 5028 1569 5084 ollensum
1598 5029 1738 5083 illius
1759 5035 1989 5082 animum
2010 5030 2128 5098 pla-

558 5101 683 5157 eare
712 5101 811 5155 hac
831 5101 1053 5169 epistola
1080 5113 1322 5154 conatur.

628 5174 648 5204 ’
680 5170 748 5226 Ut
774 5167 1104 5231 aii'quazdam
1146 5168 1464 5238 eloquentior]
1514 5167 1885 5238 Symmachin.
1931 5168 2128 5222 Assen-

560 5245 661 5298 tior
690 5244 830 5297 enim
861 5239 949 5293 Fr.
975 5239 1181 5299 Jun-tu,
1209 5240 1295 5308 qui
1327 5237 1488 5291 alludi
1517 5237 1703 5308 censet
1731 5238 1794 5291 ad
1824 5237 1939 5305 ejus
1968 5238 2125 5308 epist.

528 5336 531 5341 ε
558 5315 610 5376 9,
648 5314 739 5366 lib.
762 5326 861 5372 vn,
891 5311 941 5363 in
968 5325 1069 5379 qua
1111 5307 1311 5365 ﬁliode
1339 5308 1579 5379 epistola:
1608 5307 1745 5376 stylo
1773 5307 2010 5375 praecipit
2045 5307 2127 5379 his

560 5384 776 5435 verbis:
809 5379 949 5434 Nam
982 5376 1034 5432 ut
1064 5380 1115 5431 in
1157 5379 1336 5432 vestizu
1367 5376 1658 5441 hominum,
1692 5389 1971 5444 cwieroque
2008 5378 2122 5429 vita:

561 5453 730 5517 cultu,
760 5452 869 5504 loco
898 5466 957 5503 ac
988 5450 1198 5517 tempori
1224 5457 1347 5515 apta
1373 5457 1675 5517 sumuntur:
1706 5447 1776 5498 ita
1805 5446 2003 5514 ingenio
2036 5463 2122 5498 um

561 5524 771 5574 varietas
797 5522 849 5573 in
877 5516 1213 5588 familiaribus
1238 5517 1436 5588 scriptis
1464 5516 1818 5585 negligentiam
1844 5516 2118 5588 quamdam

562 5591 699 5642 debet
728 5586 947 5652 imitari;
975 5590 1027 5640 in
1059 5586 1343 5654 forensibus
1382 5600 1495 5637 vero
1523 5594 1725 5654 quatere
1762 5601 1905 5637 arma
1939 5586 2117 5654 [acun-

562 5660 678 5711 iliae.
713 5658 907 5712 Eadem
933 5666 1014 5711 est
1038 5653 1312 5710 Ciceronis
1340 5656 1597 5708 sententia
1630 5653 1720 5705 lib.
1746 5670 1825 5717 is,
1860 5653 2013 5717 epist.
2047 5654 2109 5705 21

563 5729 623 5781 ad
656 5728 883 5789 Pictum,
912 5725 997 5781 ubi
1022 5724 1341 5796 quotidianis
1369 5740 1397 5777 a
1429 5738 1487 5779 se
1517 5721 1691 5777 verbis
1718 5724 1969 5791 epistolas
2002 5724 2109 5777 tesi

2230 4609 2397 4656 eventa
2419 4601 2615 4669 ingenii
2649 4599 2811 4653 vestri
2844 4613 3021 4652 sermo
3043 4598 3316 4653 describit.
3343 4597 3496 4651 Nulla
3520 4598 3816 4665 languescit

2222 4692 2411 4754 obice.
2442 4691 2602 4745 nullis
2634 4689 2871 4743 tardatur
2897 4689 3226 4743 obstaculis:
3260 4688 3317 4741 ﬁt
3348 4689 3530 4757 pervia
3559 4703 3813 4756 quincun-

2230 4797 2345 4851 que
2383 4795 2443 4835 se
2470 4780 2544 4834 illi
2575 4778 2861 4833 difﬁcultas
2889 4779 3179 4833 obtulerit:
3212 4786 3266 4832 et
3289 4778 3482 4831 mirum
3511 4776 3564 4830 in
3595 4777 3813 4831 modum

2232 4892 2415 4946 solere
2442 4891 2625 4945 scribit
2652 4908 2663 4942 :
2697 4890 2837 4957 quoi
2867 4889 2934 4944 de
2962 4890 3072 4943 suis
3101 4903 3313 4957 quoque
3339 4887 3573 4940 afﬁrmat
3604 4885 3811 4940 Seneca

2230 4961 2399 5029 epist.
2426 4962 2532 5016 75:
2564 4961 2761 5025 Qualis,
2805 4960 3009 5029 inquit,
3047 4976 3210 5029 sermo
3248 4975 3390 5011 meus
3435 4959 3668 5029 6:8:'1,_8l
3710 4973 3813 5029 una

2232 5027 2517 5084 sederemus
2543 5041 2628 5082 aut
2653 5027 3047 5092 ambularemus,
3076 5027 3371 5083 illaboratus
3400 5037 3445 5080 et
3477 5027 3661 5095 facilis,
3686 5028 3811 5078 tales

2228 5117 2340 5153 esse
2368 5101 2606 5164 epistulas
2633 5116 2766 5152 meas
2788 5099 2920 5160 volo,
2949 5113 3062 5167 qua:
3091 5098 3219 5151 nihil
3249 5096 3804 5167 habeantaecerlsittim,

2234 5169 2361 5223 nihil
2406 5171 2600 5239 ﬁctum.
2636 5174 2853 5223 Artemo
2891 5164 3033 5239 sane?
3060 5169 3197 5236 apud
3249 5166 3571 5239 Demetrium
3618 5164 3809 5239 Phalef

2237 5234 2613 5294 reum'cudem
2656 5240 2813 5293 modo
2850 5234 3159 5307 epistolam,
3193 5252 3297 5306 quo
3328 5236 3595 5305 dialogum
3639 5234 3803 5307 scribi

2235 5320 2482 5375 oportere
2510 5309 2582 5363 ait
2607 5324 2620 5364 :
2654 5316 2707 5361 at
2737 5305 3041 5363 Demetrius
3069 5305 3224 5376 paulo
3252 5307 3420 5377 magis
3449 5320 3607 5375 quam
3639 5305 3805 5358 dialo-

2232 5394 2353 5446 gum
2381 5378 2756 5432 elabomndam
2779 5379 2952 5432 ducet.

2305 5447 2325 5477 ³
2356 5447 2539 5499 ίΕΙΙιιτν
2564 5451 2771 5499 arundo
2808 5447 3116 5517 proscindi]

2228 5518 2363 5570 solet
2393 5518 2657 5571 interdum
2707 5517 3001 5583 Ennodius,
3028 5528 3084 5570 tit
3108 5514 3281 5570 'a’ther
3322 5531 3531 5568 vacuum
3574 5514 3665 5567 lib.
3693 5527 3760 5563 vti
3785 5554 3799 5576 ,

2227 5588 2383 5653 cpi~t.
2410 5586 2499 5650 58,
2531 5598 2581 5639 et
2615 5602 2707 5653 pro
2736 5587 2963 5656 synodo,
3012 5587 3251 5640 Videbunt
3294 5587 3454 5639 (mlier
3495 5594 3688 5637 tantum
3723 5583 3803 5633 di-

2226 5657 2372 5710 rcftis
2398 5673 2426 5709 (ι
2455 5673 2505 5709 se
2526 5658 2713 5725 jaculis
2746 5658 3018 5710 verberari.

3155 5447 3265 5500 Non
3298 5447 3505 5499 ωηιξη-α.
3540 5444 3629 5497 Sir
3661 5443 3801 5495 enim
