4186 6252
368 278 444 332 45
1652 278 2070 335 EI‘ISTOLARU
2082 279 2122 333 λι
2165 280 2289 334 LIB.
2333 281 2394 334 II.
3536 280 3602 331 46

370 405 466 457 per
508 386 793 455 alleganlis
834 385 1076 455 peritiam
1124 396 1354 442 mutatur
1400 398 1583 443 natura
1625 406 1942 446 causarum:
1979 400 2022 454 Α
2056 392 2281 445 Prolixis
2321 408 2424 445 non
2464 402 2547 447 est
2586 408 2718 462 opus
2757 394 3020 448 fervorem
3065 395 3114 448 in
3157 396 3305 451 vobis
3342 398 3611 454 etelestcm

370 483 472 533 hoc
500 478 701 531 facisin
736 478 925 529 merito
954 477 1221 546 negotium
1251 480 1520 543 habuisse,
1550 483 1688 549 quod
1718 485 1943 548 cupias:

368 571 567 624 veritas
596 578 708 631 est,
739 569 1095 637 quodcunque
1127 584 1223 636 pro
1257 571 1481 625 veritate
1524 575 1770 626 narratis.
1815 573 1947 628 llinc

368 661 541 716 cautis
573 660 842 726 jndici‘bus
884 659 988 711 non
1040 659 1166 713 licet
1214 675 1558 729 repugnare:
1602 665 1944 718 minutissimi

369 748 700 805 discussores
748 748 1015 817 opinionis
1064 747 1269 802 lucrum
1305 751 1602 818 msdmant,
1636 753 1680 805 si
1720 767 1950 820 sequan-

373 854 457 895 tur
478 857 584 911 quo
606 839 870 910 pertrahit
885 840 1059 893 oratio
1080 841 1362 908 imperiosa
1386 842 1644 909 captivos.
1671 843 1802 896 lluic
1821 858 1949 912 ergo

372 930 598 999 linguae,
645 931 726 983 his
765 930 956 998 Opibus
1005 931 1393 995 reverentiam,
1441 931 1629 995 fateor,
1679 932 1743 983 ad
1790 924 1950 1000 quam

373 1024 575 1091 primus
600 1023 843 1086 cucurri,
870 1020 1041 1075 debeo
1069 1022 1412 1089 singularem.
1446 1024 1508 1076 Et
1533 1032 1658 1092 opto
1689 1039 1808 1078 esse
1836 1024 1951 1093 plu-

372 1114 535 1175 rima,
576 1126 695 1178 qua:
736 1108 865 1163 mihi
910 1112 975 1163 ad
1016 1110 1254 1163 caritatis
1294 1110 1506 1165 ﬁbulam
1550 1112 1751 1180 agenda
1797 1129 1950 1166 man-

372 1205 584 1258 dentur.
628 1202 731 1256 Sed
775 1218 893 1272 qua:
941 1202 1245 1271 injunxistis
1286 1203 1353 1257 de
1396 1205 1660 1273 religiosis
1707 1204 1939 1271 feminis,

374 1296 626 1361 Speciosa
653 1300 707 1347 et
732 1292 1004 1361 germanis
1034 1293 1173 1359 ejus,
1204 1292 1342 1347 male
1366 1302 1453 1347 est
1476 1293 1654 1347 animo
1684 1294 1823 1362 quod
1854 1293 1954 1346 im-

375 1387 523 1453 plere
555 1399 657 1437 non
700 1384 865 1452 potui.
895 1383 1037 1436 Nihil
1069 1385 1208 1437 enim
1252 1399 1393 1438 nunc
1423 1385 1553 1439 mihi
1575 1399 1699 1438 cum
1735 1386 1841 1438 illis
1871 1402 1954 1439 re-

374 1476 581 1529 siduum
613 1482 692 1527 est
721 1472 1101 1527 familiaritatis
1130 1483 1219 1526 aut
1251 1474 1515 1542 pignoris;
1551 1476 1784 1529 maxime
1825 1475 1951 1542 quia

375 1566 425 1620 in
455 1566 724 1634 disjunctis
752 1565 1054 1619 civitatibus
1083 1565 1298 1631 degunl.
1332 1565 1409 1618 Ad
1439 1581 1570 1634 quas
1603 1576 1780 1619 tamen
1815 1566 1949 1619 mis-

376 1652 466 1711 Sas
489 1658 551 1710 ad
580 1672 663 1711 me
687 1658 890 1711 litteras
917 1664 1037 1709 mox
1061 1656 1267 1719 direxi;
1297 1672 1413 1726 quae.
1439 1671 1753 1725 responsum
1782 1671 1954 1725 usque

2048 484 2285 536 animare
2311 484 2607 552 eulloqniis.
2639 485 2805 538 llabot
2831 487 3153 541 incrementa
3183 502 3275 541 sua
3304 489 3492 543 divinm
3513 492 3617 543 vir-

2051 575 2177 627 tutis
2201 574 2522 627 incendium.
2550 575 2655 628 Nec
2676 590 2808 642 Opus
2832 587 2911 630 est
2929 591 3021 630 eos
3042 578 3090 630 in
3114 586 3315 646 tropaeo
3338 579 3444 645 jam
3475 583 3617 646 posi-

2052 674 2132 717 tos
2150 665 2317 717 attolli
2345 666 2609 729 laudibus,
2627 667 2715 735 qui
2738 668 2852 720 sine
2871 668 3131 723 monitore
3150 672 3405 737 vicerunt.
3422 668 3615 724 Gravat

2050 753 2431 808 conscientiam
2477 753 2765 808 ChriStiani
2819 756 3070 825 quidquid
3127 759 3355 813 afferunt
3406 760 3615 813 blandi-

2054 852 2231 896 menta
2261 844 2536 911 prmconii.
2569 844 2672 898 lies
2693 845 2903 913 quidem
2941 847 3147 900 virtutis
3169 859 3278 913 est,
3312 863 3466 917 quam
3493 850 3618 903 feci-

2050 932 2185 985 stis:
2210 933 2301 985 sed
2324 934 2520 986 summi
2545 934 2745 1001 praemii
2773 936 3103 990 restitutione
3126 939 3442 1005 superanda.
3468 939 3619 1005 Quod

2052 1030 2226 1076 tamen
2273 1024 2487 1077 directis
2517 1026 2580 1077 ad
2616 1026 2779 1078 filium
2812 1035 3049 1080 nostrum
3074 1030 3093 1057 ²
3122 1028 3185 1080 ll.
3217 1028 3497 1083 diaconum
3534 1030 3620 1083 lit-

2053 1112 2180 1165 teris
2211 1113 2484 1180 sperastis,
2516 1113 2788 1167 beatorum
2836 1126 3127 1183 martyrum
3170 1116 3376 1170 Nazarii
3413 1129 3465 1172 ct
3511 1118 3619 1171 lto-

2050 1201 2194 1253 mani
2217 1201 2633 1255 benedictionem
2654 1212 2953 1269 poscentes,
2971 1204 3215 1259 fidelibus
3229 1221 3330 1259 non
3348 1221 3617 1274 negamus.

2054 1290 2290 1358 Accipite
2334 1290 2633 1343 veneranda
2667 1294 2962 1359 patrocinia
2992 1295 3307 1349 invicto:um
3340 1298 3568 1351 militum
3605 1315 3615 1349 :

2048 1386 2110 1433 et
2133 1379 2252 1446 quia
2280 1387 2511 1431 vestram
2536 1380 2643 1447 jam
2675 1381 2830 1433 fidem
2854 1382 2904 1434 in
2937 1384 3127 1448 proeliis
3152 1384 3436 1453 imperator
3460 1400 3622 1455 agno.

2056 1470 2162 1532 vit,
2193 1468 2419 1522 feliciter
2441 1471 3040 1543 confessionisdmuncra
3064 1487 3444 1529 consummate.
3473 1477 3622 1531 Dabit

2056 1559 2217 1625 Deus,
2240 1574 2361 1613 cum
2392 1560 2495 1628 ipsi
2518 1561 2791 1629 placuerit,
2818 1563 3067 1618 reducem
3098 1564 3348 1619 Ecclesiis
3368 1569 3618 1636 quietem:

2055 1659 2113 1704 ut
2143 1665 2425 1706 mmrorem
2447 1668 2603 1720 quem
2630 1654 2821 1708 indixit
2841 1656 3154 1721 adversitas,
3179 1658 3321 1725 pacis
3344 1660 3625 1715 dulcedine

377 1749 443 1801 ad
472 1749 554 1801 illa
578 1749 765 1815 quibus
787 1763 846 1802 se
868 1749 1129 1808 viderent.
1157 1758 1392 1817 tempora
1426 1749 1783 1816 protulerunt.
1813 1749 1943 1820 Ego,
1979 1745 2025 1804 B
2051 1742 2379 1796 0005016le-

377 1856 442 1892 ne
459 1838 869 1908 magnitudinem
894 1849 1123 1891 vestram
1141 1853 1452 1908 suspensam
1474 1849 1731 1903 tenerem,
1749 1840 1946 1909 scripta

374 1928 690 1996 prorogari:
734 1943 853 1981 mox
887 1928 951 1980 ad
992 1942 1087 1981 vos
1129 1932 1432 1995 perveniet,
1465 1929 1510 1982 si
1559 1930 1683 1998 quid
1728 1931 1947 1984 manda-

378 2022 582 2086 verint,
623 2021 761 2088 quod
802 2020 959 2089 libeat
999 2020 1239 2073 inlicari.
1299 2004 1947 2077 Nunc‘honoriﬁccntiam
1983 2019 1987 2023 ’

379 2111 713 2162 salutationis
740 2112 1066 2179 impertiens,
1094 2124 1241 2181 rogo,
1270 2121 1325 2166 ut
1355 2113 1482 2167 mihi
1514 2114 1681 2183 magis
1703 2130 1823 2167 cum
1852 2114 1949 2168 Ec-

383 2200 545 2254 clesia
576 2201 869 2254 sublimitas
895 2211 1065 2254 vestra
1095 2203 1137 2255 si
1164 2218 1281 2270 qum
1303 2214 1424 2256 sunt
1447 2205 1669 2273 agenda,
1700 2204 1946 2258 commit-

381 2301 453 2345 tat
480 2308 494 2343 :
524 2292 643 2360 quia
676 2302 800 2358 puto
824 2309 905 2346 me
934 2295 987 2347 in
1028 2294 1267 2347 affinium
1301 2304 1593 2349 vestrarum
1636 2311 1794 2350 causa
1814 2340 1827 2361 ,
1862 2296 1947 2350 vel

377 2392 662 2447 matronas,
707 2383 862 2437 amici
899 2384 1038 2437 circa
1079 2399 1173 2437 vos
1201 2385 1526 2455 dtl‘gentiam
1570 2388 1799 2456 pectoris
1838 2402 1947 2442 non

376 2473 600 2527 celasse.

910 2565 1239 2621 EPISTULA
1257 2593 1267 2603 ο
1282 2564 1417 2621 XIV.

1060 2658 1074 2687 ¹
1108 2672 1278 2712 artus.

454 2746 679 2799 Lucrum
712 2745 929 2800 forsitan
957 2755 1164 2817 putaret
1191 2748 1458 2813 inimicus,
1483 2750 1525 2804 si
1555 2751 1693 2805 inter
1715 2751 1949 2820 pericula

384 2852 505 2903 qua:
531 2836 839 2892 Christianis
867 2839 1083 2900 indixit,
1111 2840 1438 2895 credentium
1466 2842 1674 2896 animos
1703 2843 1949 2912 subegis-

381 2938 498 2991 set,
522 2936 575 2980 et
611 2943 704 2995 per
731 2928 940 2983 diversa
970 2914 1177 2984 Domini
1222 2946 1380 3001 grege
1410 2932 1675 3002 disperso,
1709 2949 1813 2987 non
1856 2948 1950 2989 su-

382 3029 620 3085 peresset
652 3020 731 3073 vel
761 3020 899 3074 inter
926 3036 1144 3089 paucos,
1169 3037 1196 3073 a
1225 3024 1416 3091 quibus
1445 3025 1612 3091 possit
1639 3025 1741 3080 fide
1770 3041 1949 3095 perse-

2603 1833 2926 1889 EPISTULA
2972 1837 3012 1890 Χ
3025 1838 3084 1890 ν.

2523 1940 2775 1981 εωιουιυε
2807 1927 2826 1958 ³
2853 1944 3147 1984 curnt-sem.

2125 2014 2374 2070 Ctelestis
2427 2015 2827 2085 dispensatione
2883 2022 3168 2090 mysterii,
3227 2038 3330 2078 uno
3386 2034 3627 2093 tempore

2051 2104 2183 2158 mihi
2225 2106 2431 2160 sormis
2474 2106 2736 2177 Lupicino
2767 2110 2977 2165 refusus
2999 2122 3085 2167 est
3127 2115 3315 2168 matris
3362 2114 3624 2181 affectus,

2048 2206 2104 2251 et
2130 2199 2357 2267 geminae
2394 2201 2582 2267 copula
2631 2203 3043 2256 necessitudinis
3073 2202 3502 2273 peregrinantem
3530 2222 3621 2262 re-

2050 2291 2227 2359 cipere
2252 2293 2449 2345 meruit
2472 2306 2590 2360 post
2610 2293 2885 2347 intervalla
2909 2296 3181 2364 pietatem.
3207 2295 3464 2352 ltevixiéti
3487 2302 3628 2367 apud

2051 2394 2149 2433 nos
2186 2389 2305 2447 post
2328 2381 2627 2437 dilectionis
2661 2400 2819 2453 quem
2850 2400 3244 2454 procuraveras
3274 2390 3500 2458 obitum,
3534 2391 3628 2445 be-

2051 2472 2244 2527 neficio
2287 2473 2621 2529 litterarum:
2656 2477 2887 2532 vidimus
2928 2493 3167 2535 amorem
3212 2482 3361 2551 quasi
3402 2483 3470 2537 de
3501 2498 3627 2552 qua-

2055 2562 2179 2616 dam
2208 2567 2480 2633 sepultura
2526 2577 2856 2636 surgentem.
2906 2570 3244 2640 luanspicato
3286 2574 3439 2627 nobis
3485 2573 3629 2627 inco-

2052 2654 2307 2708 lumitatis
2335 2665 2524 2710 vestra:
2555 2660 2777 2712 nuntius
2814 2660 3036 2714 accessit
3073 2662 3285 2728 auditu,
3318 2678 3474 2731 quam
3503 2679 3627 2717 cre-

2050 2744 2307 2800 debamus
2353 2761 2448 2818 per
2476 2759 2838 2819 contemptum
2890 2762 3128 2806 nostrum
3158 2754 3424 2808 viventem
3473 2753 3628 2807 busta

2051 2838 2374 2903 complesse.
2413 2838 2693 2894 Credimus
2720 2850 2770 2894 te
2796 2841 2926 2896 dura
2957 2857 3260 2912 perpessam
3289 2862 3300 2896 :
3332 2844 3423 2898 sed
3454 2846 3626 2898 confl-

2054 2934 2227 2979 teinur
2257 2928 2400 2996 irrog
2420 2942 2525 2982 -sse
2553 2929 2864 2984 durissima.
2906 2932 3057 2995 Quod
3101 2935 3452 2999 sustinuistis,
3481 2948 3630 2987 com-

2054 3034 2213 3071 mune
2254 3032 2373 3072 cum
2410 3020 2561 3072 bon's
2591 3030 2709 3073 est:
2742 3035 2860 3073 cum
2891 3020 3219 3086 crn'delibus,
3252 3026 3390 3091 quod
3436 3024 3631 3078 fecisti.

382 3120 598 3163 vet-ante
627 3111 842 3165 calcari.
871 3111 1072 3181 Ragnar,
1093 3112 1265 3168 adhuc
1294 3115 1382 3169 itte
1414 3114 1467 3168 in
1503 3131 1725 3168 numero
1752 3127 1950 3181 vestro,
1979 3102 2024 3161 C
2062 3107 2283 3161 Ubinam
2312 3111 2548 3177 gentium
2572 3118 2811 3165 materna
2842 3111 3097 3167 hactenus
3126 3116 3256 3169 cura
3277 3114 3516 3169 delituit?
3543 3118 3632 3172 ubi

383 3198 472 3267 qui
504 3201 601 3253 sibi
633 3216 738 3255 non
770 3210 875 3255 tam
914 3202 963 3255 in
993 3202 1348 3270 multitudine,
1383 3219 1539 3273 quam
1570 3204 1622 3257 in
1664 3204 1954 3260 devotione

390 3291 729 3359 complacuit.
748 3292 1023 3362 Scriptum
1050 3293 1191 3346 enim
1220 3304 1330 3358 est,
1355 3294 1531 3347 datam
1566 3294 1775 3350 Satanae
1808 3306 1957 3366 potc-

393 3390 614 3449 sL-ttem,
640 3390 694 3434 ut
722 3396 911 3437 servos
939 3383 1137 3438 Christi
1174 3385 1434 3439 cribraret
1460 3402 1471 3435 :
1506 3396 1560 3439 ut
1594 3386 1733 3454 quod
1765 3388 1831 3439 de
1865 3389 1956 3440 tri-

396 3475 501 3526 tico
545 3472 761 3527 inveniri
814 3484 1023 3542 posset,
1071 3476 1279 3531 horreis
1314 3476 1661 3545 jungeretur;
1705 3477 1843 3545 quod
1893 3478 1959 3531 de

390 3565 576 3633 paleis,
600 3564 665 3617 ad
688 3564 887 3634 ignium
910 3565 1157 3619 alimenta
1188 3566 1457 3621 transiret.
1485 3567 1562 3620 Ad
1594 3582 1688 3620 vos
1716 3567 1960 3637 speciali-

388 3668 469 3709 ter
500 3657 694 3710 dictum
719 3667 799 3710 est
824 3675 835 3708 :
872 3654 1046 3710 Nolite
1074 3658 1268 3723 timere,
1301 3659 1518 3725 pusillus
1546 3674 1709 3727 grex:
1736 3659 1961 3726 complu-

385 3748 491 3799 cuit
524 3745 673 3799 Patri
692 3758 850 3800 restro
878 3748 1000 3800 dare
1018 3748 1152 3800 vobis
1182 3763 1390 3818 regnum
1417 3748 1567 3818 (Luc.
1594 3764 1691 3813 an,
1723 3748 1835 3816 32).
1866 3748 1963 3801 Vc-

386 3841 467 3892 nit
494 3840 633 3892 inter
663 3852 756 3891 vos
782 3838 898 3907 glad
924 3854 984 3893 us
1015 3838 1367 3907 perfidorum,
1400 3839 1485 3907 qui
1516 3840 1748 3893 marcida
1780 3839 1963 3893 Eccle-

386 3931 483 3984 size
517 3930 752 3985 membra
784 3938 1079 3995 reseraret,
1111 3939 1163 3983 et
1192 3930 1257 3983 ad
1288 3931 1557 3985 caelestem
1584 3930 1803 4000 gloriam
1834 3943 1961 3983 sana

390 4023 730 4092 perduceret.
759 4024 899 4087 Quot
940 4021 1131 4075 habeat
1170 4022 1412 4075 Christus
1443 4021 1659 4088 milites,
1690 4032 1963 4076 certamen

389 4113 665 4167 ostendit:
700 4114 787 4180 qui
833 4112 1157 4181 triumphum
1190 4122 1516 4178 mereantur,
1551 4128 1645 4182 per
1688 4112 1824 4168 bella
1870 4127 1963 4167 co-

390 4204 689 4271 gnoscitur.
722 4203 894 4256 Nolite
934 4213 1191 4269 metuere,
1223 4202 1362 4272 quod
1409 4204 1724 4271 pontificalis
1751 4218 1779 4256 a
1816 4204 1965 4257 vobis

396 4293 568 4360 apicis
619 4292 811 4346 infulas
848 4293 1202 4347 abstulerunt.
1250 4293 1537 4347 Vobiscum
1587 4304 1671 4349 est
1715 4295 1965 4349 sacerdos

397 4384 509 4443 .tle,
548 4382 629 4436 vel
676 4382 880 4449 hostia,
934 4383 1022 4450 qui
1062 4398 1163 4436 non
1212 4393 1315 4436 tam
1357 4383 1646 4440 honoribus
1691 4386 1967 4439 consuevit

2058 3198 2198 3265 quod
2238 3199 2389 3252 fratri
2427 3199 2750 3268 debebatur,
2778 3203 3008 3257 erravit?
3037 3204 3103 3257 ad
3152 3205 3388 3275 longiora
3420 3207 3634 3262 animus

2059 3298 2179 3343 tuus
2208 3304 2363 3359 quam
2398 3305 2590 3359 corpus
2620 3292 2976 3349 abscessera'.
2999 3290 3051 3349 Si
3082 3308 3133 3349 te
3157 3298 3220 3350 ad
3253 3296 3435 3352 tiltima
3467 3308 3633 3353 terra—

2059 3397 2174 3436 rttm
2206 3384 2435 3436 conlinia
2479 3386 2891 3454 peregrinationi
2920 3388 3063 3442 socia
3104 3389 3411 3455 dispulisset
3441 3390 3630 3444 adter-

2058 3474 2207 3536 sitas,
2252 3472 2376 3527 illuc
2417 3472 2568 3541 sequi
2610 3473 2795 3527 debuit
2837 3490 3104 3553 germana:
3145 3477 3307 3540 lides,
3338 3488 3391 3532 et
3436 3479 3633 3533 sollici-

2062 3562 2185 3614 tudo
2204 3562 2496 3630 genitricis.
2520 3562 2622 3617 Sed
2647 3563 2697 3616 in
2720 3578 2912 3618 occasu
2937 3566 3067 3618 solis
3091 3567 3175 3621 cui
3203 3568 3440 3635 proxima
3466 3568 3629 3623 fuisse

2062 3652 2322 3715 narraris,
2357 3651 2602 3720 frigidum
2645 3652 2717 3721 pii
2759 3655 2958 3707 amoris
3006 3668 3192 3723 pectus
3225 3656 3476 3712 habuisd.
3509 3657 3634 3713 Imi-

2063 3748 2169 3793 tata
2211 3740 2402 3795 fuisses
2441 3741 2660 3796 tetberei
2699 3742 2891 3797 sideris
2939 3745 3078 3798 circa
3123 3745 3355 3800 debitam
3404 3738 3635 3816 diligen-

2064 3832 2191 3885 tiam
2236 3831 2501 3886 defeczum
2546 3832 2774 3889 feliciter
2813 3842 3213 3900 renascentem,
3243 3846 3297 3892 et
3327 3836 3572 3893 feriatum
3605 3857 3633 3892 a

2063 3924 2233 3991 gratia
2279 3938 2383 3977 non
2436 3934 2693 3993 perpetuo
2733 3927 2965 3979 animum
3012 3927 3290 3995 gessisses.
3341 3930 3636 3999 Suscepisti

2064 4024 2296 4070 mentem
2340 4016 2736 4085 provincialium
2759 4060 2772 4082 ,
2802 4031 2937 4087 quos
2975 4010 3171 4072 adisti:
3204 4012 3419 4075 mut'asti
3457 4025 3632 4092 regio-

2067 4123 2210 4173 nem,
2242 4117 2294 4163 et
2324 4110 2652 4178 propositum
2685 4103 2894 4178 pietatis
2919 4110 3198 4165 abdicasti.
3225 4111 3355 4166 Nam
3387 4108 3635 4181 abjurans

2068 4199 2229 4265 Italia:
2257 4200 2722 4265 communionem,
2764 4217 2871 4254 non
2910 4204 3083 4256 solum
3113 4204 3256 4257 circa
3285 4207 3505 4268 amicos,
3525 4208 3633 4258 sed

2065 4289 2225 4343 etiam
2257 4291 2397 4342 circa
2430 4287 2633 4341 interna
2666 4289 2883 4357 pignora
2917 4292 3178 4358 repulisti.
3212 4293 3490 4346 Postremo
3519 4296 3633 4347 ani-

2069 4394 2168 4432 ma:
2218 4377 2312 4441 tibi
2368 4376 2593 4431 mutatio
2650 4378 2877 4433 accessit
2930 4381 3343 4435 commutatione
3399 4382 3628 4439 telluris.

393 4474 663 4538 gaudere,
721 4488 876 4541 quam
930 4473 1213 4529 mentibus.
1264 4474 1461 4543 Majora
1509 4482 1633 4528 sunt
1677 4475 1967 4529 confessio-
1997 4452 2043 4509 Ι)
2070 4470 2235 4537 Quam
2268 4471 2426 4523 timeo
2455 4474 2594 4538 quod
2624 4469 2795 4539 longis
2828 4471 3084 4527 incuriam
3114 4482 3257 4527 tuam
3290 4474 3498 4529 incesso
3524 4478 3636 4529 cul-

396 4571 483 4623 nis
542 4571 789 4637 prtemia,
839 4584 997 4637 quam
1054 4569 1339 4622 nominata:
1399 4584 1615 4623 munera
1676 4569 1963 4638 dignitatis.

394 4659 480 4713 Ad
533 4658 622 4711 illa
673 4659 983 4725 plerumque
1021 4658 1179 4710 etiam
1216 4657 1439 4725 minoris
1490 4658 1661 4710 meriti
1714 4670 1969 4725 personas

397 4750 553 4802 favor
583 4748 849 4802 humanus
873 4749 1123 4802 adducit:
1155 4750 1252 4801 ista
1279 4750 1379 4802 nisi
1410 4750 1574 4816 gratia
1602 4763 1831 4816 superna
1864 4764 1967 4801 non

396 4842 603 4894 tribuit.
632 4841 747 4908 Ipse
767 4842 909 4894 enim
939 4842 990 4892 in
1018 4840 1171 4893 vobis
1196 4849 1251 4893 ct
1280 4841 1529 4908 pugnavit
1549 4848 1601 4894 et
1629 4840 1784 4904 vicit,
1812 4855 1968 4906 quem

397 4931 535 4985 fides
576 4940 807 5006 meretur
835 4940 889 4984 et
935 4931 1077 4985 inter
1122 4931 1395 4984 hominum
1441 4940 1701 4984 tormenta
1748 4932 1964 4984 sociari.

473 5062 489 5090 ¹
524 5058 685 5129 Afris]
726 5058 1011 5113 Exsulibus
1049 5059 1314 5128 episcopis
1358 5059 1571 5124 Africw,
1615 5074 1748 5128 quos
1775 5058 1970 5129 Trasa-

399 5132 630 5182 tnundus
670 5128 760 5182 rex
807 5129 1162 5183 Vandalorutn
1210 5130 1330 5182 lidei
1372 5145 1527 5183 causa
1571 5130 1623 5182 in
1670 5128 1968 5181 Sardiniam

400 5202 662 5265 relegarat
683 5239 697 5258 ,
727 5214 949 5251 numero
976 5199 1103 5253 2‘20.
1131 5199 1222 5252 llis
1263 5200 1564 5267 quotidiana
1596 5198 1837 5251 subsidia
1867 5200 1969 5249 mi-

400 5270 632 5338 nistrare
660 5268 873 5320 solitum
894 5269 1270 5338 Symmachum
1303 5284 1485 5335 papam
1511 5278 1697 5322 auctor
1718 5278 1800 5338 est
1834 5268 1969 5319 Pau-

402 5340 483 5390 lus
503 5337 760 5389 diaconus
782 5337 1027 5392 Historia:
1048 5339 1292 5392 liliscellae
1315 5340 1407 5391 lib.
1434 5354 1517 5391 xv.
1545 5338 1694 5391 Nunc
1720 5337 1839 5389 illos
1870 5340 1968 5391 hac

401 5408 628 5471 epistola
678 5408 1002 5468 consulatur,
1050 5419 1102 5461 et
1149 5422 1325 5477 sacras
1373 5420 1663 5477 martyrum
1714 5406 1967 5474 reliquias

404 5479 594 5541 mittit,
627 5491 759 5544 quas
790 5480 1138 5545 postularant.
1170 5476 1379 5545 Scripta
1406 5477 1546 5530 enint
1579 5488 1658 5531 est
1689 5477 1754 5529 ab
1788 5477 1963 5528 Enna

405 5547 493 5598 dio
531 5547 774 5614 quidem,
807 5548 897 5600 sed
943 5562 1038 5614 pro
1077 5547 1436 5612 Symmacho:
1477 5548 1627 5613 cujus
1670 5547 1831 5599 etiam
1876 5560 1969 5597 n0-

408 5618 550 5668 mine
581 5621 718 5669 inter
739 5617 870 5670 alias
896 5619 1009 5685 ejus
1034 5618 1286 5683 epistolas
1313 5616 1498 5685 legitur
1524 5620 1573 5671 in
1600 5617 1830 5684 antiquis
1855 5615 1968 5669 col-

407 5685 742 5737 lectionibus.

2072 4560 2293 4629 loquiis!
2329 4560 2449 4628 quid
2489 4559 2565 4613 otl‘
2596 4565 2689 4614 iisa
2730 4560 2910 4627 faciet,
2936 4579 3054 4632 qua:
3084 4565 3248 4618 illaesa
3275 4568 3637 4633 contempsit?

2075 4651 2272 4705 Dedisti
2299 4653 2499 4720 justum
2530 4652 2767 4708 dolorem
2814 4654 3006 4709 studiis
3049 4670 3150 4707 non
3200 4656 3466 4707 amantis:
3512 4671 3642 4724 qua:

2075 4755 2125 4793 te
2166 4741 2499 4795 innocentem
2542 4742 2769 4808 faciant,
2800 4758 2985 4797 causas
3029 4744 3246 4811 ingessi.
3288 4744 3393 4798 Sed
3438 4760 3636 4813 expro-

2075 4832 2248 4886 bratio
2274 4834 2370 4887 ista
2389 4875 2405 4898 ,
2436 4836 2481 4889 si
2516 4849 2611 4904 per
2635 4849 2694 4890 se
2720 4834 3022 4901 restiicitur,
3048 4849 3235 4903 aSpera
3267 4838 3378 4901 est;
3410 4838 3455 4891 si
3486 4839 3637 4906 origo

2073 4924 2190 4993 ejus
2218 4926 2522 4995 inquiritur,
2554 4927 2697 4979 omni
2728 4925 3021 4979 dulcedinis
3052 4928 3209 4981 melle
3239 4930 3472 4982 condita.
3504 4930 3637 4985 Gra-

2145 5062 2164 5092 ¹
2201 5060 2271 5112 Η.
2300 5056 2593 5126 diaconum]
2623 5057 2985 5123 Hormisdam,
3016 5057 3225 5122 opinor,
3262 5059 3350 5126 qui
3382 5061 3639 5115 diaconus

2074 5140 2189 5183 erat
2221 5130 2471 5183 Ecclesia:
2515 5128 2803 5179 Βοιιιαηίεε
2837 5128 2924 5194 qui
2974 5127 3041 5179 de
3093 5128 3331 5181 Ennodio
3379 5131 3641 5197 interpre-

2075 5209 2276 5265 tantur,
2310 5209 2365 5252 ut
2392 5206 2584 5251 caetera
2630 5197 2904 5264 omittam,
2938 5210 2965 5249 a
3013 5212 3418 5266 ittotiograttittio
3466 5199 3640 5251 disce-

2076 5269 2229 5322 dunL

2148 5337 2168 5367 ³
2199 5334 2487 5404 Euprepiw]
2513 5334 2695 5387 Sorori
2725 5351 2855 5401 sum,
2889 5337 3045 5389 matri
3076 5337 3311 5404 Lupicini
3339 5355 3350 5387 :
3381 5349 3497 5402 qute
3530 5344 3641 5387 tum

2080 5407 2130 5458 in
2164 5406 2430 5471 proi'incia
2470 5405 2829 5466 Naubonensi,
2861 5409 3055 5471 patrito
3086 5408 3334 5458 nimirum
3363 5406 3498 5467 sulo,
3547 5421 3641 5468 pe-

2080 5474 2473 5541 regrinabatur,
2501 5475 2550 5527 id
2578 5486 2660 5527 est
2690 5476 2915 5535 Arelate,
2951 5487 3007 5527 ut
3036 5474 3247 5527 docebit
3276 5475 3433 5541 epist.
3464 5476 3516 5539 7,
3547 5474 3639 5528 lib.

2080 5560 2172 5596 \‘ll.
2202 5545 2278 5596 Ad
2313 5545 2626 5611 Euprepiatn
2658 5553 2781 5597 sunt
2805 5545 3043 5609 epistola:
3071 5544 3372 5609 complures
3400 5563 3411 5594 :
3445 5544 3511 5597 de
3543 5545 3643 5597 Ln-

2082 5613 2256 5679 picino
2282 5624 2455 5664 autem
2487 5625 2605 5677 aget
2634 5624 2741 5666 tum
2772 5614 2889 5667 alis
2912 5629 3053 5681 sepe
3081 5613 3233 5680 locis,
3268 5620 3379 5667 tum
3417 5618 3644 5670 maxime

2086 5683 2322 5735 Dictione
2344 5684 2378 5733 ‘2
2405 5683 2754 5737 Scltolastica.
