  <div class='ocr_page' id='page_1' title='image "/cluster/home/n/w/nwhite01/storage/ocr_20150623/63/hvd.32044073498792/029.png"; bbox 0 0 4186 6252; ppageno 0'>
   <div class='ocr_carea' id='block_1_1' title="bbox 508 346 3752 410">
    <p class='ocr_par' dir='ltr' id='par_1_1' title="bbox 508 346 3752 410">
     <span class='ocr_line' id='line_1_1' title="bbox 508 346 3752 410; baseline 0.003 -11"><span class='ocrx_word' id='word_1_1' title='bbox 508 346 572 399; x_wconf 71' lang='grc' dir='ltr'>ιτ</span> <span class='ocrx_word' id='word_1_2' title='bbox 1613 351 1879 407; x_wconf 73' lang='lat' dir='ltr'>ENNODII</span> <span class='ocrx_word' id='word_1_3' title='bbox 1923 349 2221 406; x_wconf 82' lang='lat' dir='ltr'>EPISCOPI</span> <span class='ocrx_word' id='word_1_4' title='bbox 2265 352 2638 410; x_wconf 78' lang='lat' dir='ltr'>TICINENSIS</span> <span class='ocrx_word' id='word_1_5' title='bbox 3684 350 3752 409; x_wconf 62' lang='grc'>88</span> 
     </span>
    </p>
   </div>
   <div class='ocr_carea' id='block_1_2' title="bbox 507 461 3759 532">
    <p class='ocr_par' dir='ltr' id='par_1_2' title="bbox 507 461 3759 532">
     <span class='ocr_line' id='line_1_2' title="bbox 507 461 3759 532; baseline 0.003 -21"><span class='ocrx_word' id='word_1_6' title='bbox 507 463 640 516; x_wconf 69' lang='lat' dir='ltr'>viter</span> <span class='ocrx_word' id='word_1_7' title='bbox 670 461 770 518; x_wconf 64' lang='grc' dir='ltr'>δέτι</span> <span class='ocrx_word' id='word_1_8' title='bbox 799 461 938 516; x_wconf 90' lang='lat' dir='ltr'>circa</span> <span class='ocrx_word' id='word_1_9' title='bbox 966 462 1239 516; x_wconf 78' lang='lat' dir='ltr'>caritatem</span> <span class='ocrx_word' id='word_1_10' title='bbox 1280 462 1683 531; x_wconf 65' lang='lat' dir='ltr'>negl7gentiam,</span> <span class='ocrx_word' id='word_1_11' title='bbox 1715 466 1801 532; x_wconf 84' lang='lat' dir='ltr'>qui</span> <span class='ocrx_word' id='word_1_12' title='bbox 1838 466 2069 531; x_wconf 70' lang='lat' dir='ltr'>parentis</span> <span class='ocrx_word' id='word_1_13' title='bbox 2097 466 2145 523; x_wconf 77' lang='grc' dir='ltr'>Α</span> <span class='ocrx_word' id='word_1_14' title='bbox 2176 481 2344 520; x_wconf 92' lang='lat' dir='ltr'>meam</span> <span class='ocrx_word' id='word_1_15' title='bbox 2397 469 2634 521; x_wconf 73' lang='lat' dir='ltr'>litterarii</span> <span class='ocrx_word' id='word_1_16' title='bbox 2685 467 2947 520; x_wconf 77' lang='lat' dir='ltr'>sermonis</span> <span class='ocrx_word' id='word_1_17' title='bbox 2998 466 3219 519; x_wconf 82' lang='lat' dir='ltr'>\isitalis</span> <span class='ocrx_word' id='word_1_18' title='bbox 3268 464 3464 519; x_wconf 82' lang='lat' dir='ltr'>affatu:</span> <span class='ocrx_word' id='word_1_19' title='bbox 3510 475 3564 518; x_wconf 89' lang='lat' dir='ltr'>et</span> <span class='ocrx_word' id='word_1_20' title='bbox 3620 466 3759 522; x_wconf 89' lang='lat' dir='ltr'>inter</span> 
     </span>
    </p>
   </div>
   <div class='ocr_carea' id='block_1_3' title="bbox 505 554 2076 623">
    <p class='ocr_par' dir='ltr' id='par_1_3' title="bbox 505 554 2076 623">
     <span class='ocr_line' id='line_1_3' title="bbox 505 554 2076 623; baseline 0.001 -17"><span class='ocrx_word' id='word_1_21' title='bbox 505 554 775 606; x_wconf 84' lang='lat' dir='ltr'>silentium</span> <span class='ocrx_word' id='word_1_22' title='bbox 809 554 943 609; x_wconf 91' lang='lat' dir='ltr'>l.bcr</span> <span class='ocrx_word' id='word_1_23' title='bbox 985 563 1219 609; x_wconf 83' lang='lat' dir='ltr'>accusat.</span> <span class='ocrx_word' id='word_1_24' title='bbox 1262 555 1465 608; x_wconf 87' lang='lat' dir='ltr'>Poteris</span> <span class='ocrx_word' id='word_1_25' title='bbox 1495 565 1667 609; x_wconf 88' lang='lat' dir='ltr'>errata</span> <span class='ocrx_word' id='word_1_26' title='bbox 1712 559 2001 623; x_wconf 62' lang='lat' dir='ltr'>corrPgere,</span> <span class='ocrx_word' id='word_1_27' title='bbox 2033 557 2076 608; x_wconf 91' lang='lat' dir='ltr'><strong>si</strong></span> 
     </span>
    </p>
   </div>
   <div class='ocr_carea' id='block_1_4' title="bbox 508 644 2078 713">
    <p class='ocr_par' dir='ltr' id='par_1_4' title="bbox 508 644 2078 713">
     <span class='ocr_line' id='line_1_4' title="bbox 508 644 2078 713; baseline 0.001 -18"><span class='ocrx_word' id='word_1_28' title='bbox 508 644 789 713; x_wconf 80' lang='lat' dir='ltr'>praesentia</span> <span class='ocrx_word' id='word_1_29' title='bbox 837 658 938 698; x_wconf 89' lang='lat' dir='ltr'>non</span> <span class='ocrx_word' id='word_1_30' title='bbox 983 646 1156 709; x_wconf 86' lang='lat' dir='ltr'>vales,</span> <span class='ocrx_word' id='word_1_31' title='bbox 1199 645 1492 713; x_wconf 78' lang='lat' dir='ltr'>scriptione</span> <span class='ocrx_word' id='word_1_32' title='bbox 1542 644 1836 712; x_wconf 86' lang='lat' dir='ltr'>multiplici.</span> <span class='ocrx_word' id='word_1_33' title='bbox 1881 644 2078 699; x_wconf 75' lang='lat' dir='ltr'>Salutis</span> 
     </span>
    </p>
   </div>
   <div class='ocr_carea' id='block_1_5' title="bbox 506 737 2076 805">
    <p class='ocr_par' dir='ltr' id='par_1_5' title="bbox 506 737 2076 805">
     <span class='ocr_line' id='line_1_5' title="bbox 506 737 2076 805; baseline 0 -17"><span class='ocrx_word' id='word_1_34' title='bbox 506 750 634 805; x_wconf 86' lang='lat' dir='ltr'>ergo</span> <span class='ocrx_word' id='word_1_35' title='bbox 662 738 882 805; x_wconf 78' lang='lat' dir='ltr'><strong>gratiam</strong></span> <span class='ocrx_word' id='word_1_36' title='bbox 915 748 1262 804; x_wconf 68' lang='lat' dir='ltr'>praesentans,</span> <span class='ocrx_word' id='word_1_37' title='bbox 1294 752 1497 805; x_wconf 77' lang='lat' dir='ltr'>quaeso,</span> <span class='ocrx_word' id='word_1_38' title='bbox 1528 746 1583 791; x_wconf 90' lang='lat' dir='ltr'>ut</span> <span class='ocrx_word' id='word_1_39' title='bbox 1615 738 1717 791; x_wconf 91' lang='lat' dir='ltr'>mei</span> <span class='ocrx_word' id='word_1_40' title='bbox 1750 737 2076 802; x_wconf 78' lang='lat' dir='ltr'>memineris,</span> 
     </span>
    </p>
   </div>
   <div class='ocr_carea' id='block_1_6' title="bbox 506 828 2079 896">
    <p class='ocr_par' dir='ltr' id='par_1_6' title="bbox 506 828 2079 896">
     <span class='ocr_line' id='line_1_6' title="bbox 506 828 2079 896; baseline 0.004 -21"><span class='ocrx_word' id='word_1_41' title='bbox 506 828 607 896; x_wconf 83' lang='lat' dir='ltr'>qni</span> <span class='ocrx_word' id='word_1_42' title='bbox 651 842 834 895; x_wconf 81' lang='lat' dir='ltr'>preces</span> <span class='ocrx_word' id='word_1_43' title='bbox 886 836 1004 880; x_wconf 90' lang='lat' dir='ltr'>tuas</span> <span class='ocrx_word' id='word_1_44' title='bbox 1054 829 1193 881; x_wconf 87' lang='lat' dir='ltr'>circa</span> <span class='ocrx_word' id='word_1_45' title='bbox 1245 842 1583 881; x_wconf 77' lang='lat' dir='ltr'>communem</span> <span class='ocrx_word' id='word_1_46' title='bbox 1635 828 1801 881; x_wconf 89' lang='lat' dir='ltr'>filium</span> <span class='ocrx_word' id='word_1_47' title='bbox 1850 837 1902 881; x_wconf 90' lang='lat' dir='ltr'>et</span> <span class='ocrx_word' id='word_1_48' title='bbox 1958 837 2079 881; x_wconf 80' lang='lat' dir='ltr'>vota</span> 
     </span>
    </p>
   </div>
   <div class='ocr_carea' id='block_1_7' title="bbox 510 917 2078 988">
    <p class='ocr_par' dir='ltr' id='par_1_7' title="bbox 510 917 2078 988">
     <span class='ocr_line' id='line_1_7' title="bbox 510 917 2078 988; baseline -0.001 -18"><span class='ocrx_word' id='word_1_49' title='bbox 510 919 779 983; x_wconf 80' lang='lat' dir='ltr'>r-rzecessi.</span> <span class='ocrx_word' id='word_1_50' title='bbox 825 919 956 970; x_wconf 76' lang='lat' dir='ltr'>Ante</span> <span class='ocrx_word' id='word_1_51' title='bbox 996 918 1137 971; x_wconf 87' lang='lat' dir='ltr'>enim</span> <span class='ocrx_word' id='word_1_52' title='bbox 1185 918 1310 988; x_wconf 91' lang='lat' dir='ltr'>quid</span> <span class='ocrx_word' id='word_1_53' title='bbox 1365 918 1666 972; x_wconf 84' lang='lat' dir='ltr'>debuissem</span> <span class='ocrx_word' id='word_1_54' title='bbox 1709 917 2078 980; x_wconf 86' lang='lat' dir='ltr'>consideravi,</span> 
     </span>
    </p>
   </div>
   <div class='ocr_carea' id='block_1_8' title="bbox 506 1007 2081 1077">
    <p class='ocr_par' dir='ltr' id='par_1_8' title="bbox 506 1007 2081 1077">
     <span class='ocr_line' id='line_1_8' title="bbox 506 1007 2081 1077; baseline 0.003 -18"><span class='ocrx_word' id='word_1_55' title='bbox 506 1024 662 1076; x_wconf 85' lang='lat' dir='ltr'>quam</span> <span class='ocrx_word' id='word_1_56' title='bbox 711 1007 835 1075; x_wconf 91' lang='lat' dir='ltr'>quid</span> <span class='ocrx_word' id='word_1_57' title='bbox 878 1009 1039 1063; x_wconf 79' lang='lat' dir='ltr'>velles</span> <span class='ocrx_word' id='word_1_58' title='bbox 1079 1023 1444 1077; x_wconf 79' lang='lat' dir='ltr'>agnoscerem.</span> <span class='ocrx_word' id='word_1_59' title='bbox 1478 1010 1555 1063; x_wconf 90' lang='lat' dir='ltr'>Tu</span> <span class='ocrx_word' id='word_1_60' title='bbox 1604 1009 1771 1064; x_wconf 91' lang='lat' dir='ltr'>Deum</span> <span class='ocrx_word' id='word_1_61' title='bbox 1821 1010 2081 1077; x_wconf 70' lang='lat' dir='ltr'>religione</span> 
     </span>
    </p>
   </div>
   <div class='ocr_carea' id='block_1_9' title="bbox 506 1099 2079 1168">
    <p class='ocr_par' dir='ltr' id='par_1_9' title="bbox 506 1099 2079 1168">
     <span class='ocr_line' id='line_1_9' title="bbox 506 1099 2079 1168; baseline 0.003 -19"><span class='ocrx_word' id='word_1_62' title='bbox 506 1099 671 1165; x_wconf 82' lang='lat' dir='ltr'>placa.</span> <span class='ocrx_word' id='word_1_63' title='bbox 707 1108 758 1152; x_wconf 90' lang='lat' dir='ltr'>et</span> <span class='ocrx_word' id='word_1_64' title='bbox 793 1114 1005 1168; x_wconf 88' lang='lat' dir='ltr'>precum</span> <span class='ocrx_word' id='word_1_65' title='bbox 1038 1099 1177 1154; x_wconf 88' lang='lat' dir='ltr'>circa</span> <span class='ocrx_word' id='word_1_66' title='bbox 1222 1114 1319 1153; x_wconf 88' lang='lat' dir='ltr'>nos</span> <span class='ocrx_word' id='word_1_67' title='bbox 1341 1099 1650 1153; x_wconf 82' lang='lat' dir='ltr'>assiduitate</span> <span class='ocrx_word' id='word_1_68' title='bbox 1672 1115 1933 1166; x_wconf 85' lang='lat' dir='ltr'>compone</span> <span class='ocrx_word' id='word_1_69' title='bbox 1955 1118 1966 1152; x_wconf 93' lang='lat'>:</span> <span class='ocrx_word' id='word_1_70' title='bbox 1988 1099 2079 1167; x_wconf 83' lang='lat' dir='ltr'>qui</span> 
     </span>
    </p>
   </div>
   <div class='ocr_carea' id='block_1_10' title="bbox 510 1188 2082 1257">
    <p class='ocr_par' dir='ltr' id='par_1_10' title="bbox 510 1188 2082 1257">
     <span class='ocr_line' id='line_1_10' title="bbox 510 1188 2082 1257; baseline 0.004 -20"><span class='ocrx_word' id='word_1_71' title='bbox 510 1188 861 1243; x_wconf 74' lang='lat' dir='ltr'>intentionem</span> <span class='ocrx_word' id='word_1_72' title='bbox 912 1205 1083 1244; x_wconf 85' lang='lat' dir='ltr'>meam</span> <span class='ocrx_word' id='word_1_73' title='bbox 1118 1189 1169 1242; x_wconf 90' lang='lat' dir='ltr'>in</span> <span class='ocrx_word' id='word_1_74' title='bbox 1209 1188 1325 1257; x_wconf 85' lang='lat' dir='ltr'>ejus</span> <span class='ocrx_word' id='word_1_75' title='bbox 1369 1189 1662 1256; x_wconf 86' lang='lat' dir='ltr'>profectum</span> <span class='ocrx_word' id='word_1_76' title='bbox 1690 1197 1744 1241; x_wconf 91' lang='lat' dir='ltr'>et</span> <span class='ocrx_word' id='word_1_77' title='bbox 1781 1190 1959 1242; x_wconf 89' lang='lat' dir='ltr'>cordis</span> <span class='ocrx_word' id='word_1_78' title='bbox 1997 1202 2082 1243; x_wconf 84' lang='lat' dir='ltr'>se-</span> 
     </span>
    </p>
   </div>
   <div class='ocr_carea' id='block_1_11' title="bbox 504 1279 2080 1349">
    <p class='ocr_par' dir='ltr' id='par_1_11' title="bbox 504 1279 2080 1349">
     <span class='ocr_line' id='line_1_11' title="bbox 504 1279 2080 1349; baseline 0.001 -18"><span class='ocrx_word' id='word_1_79' title='bbox 504 1290 648 1333; x_wconf 82' lang='lat' dir='ltr'>creta</span> <span class='ocrx_word' id='word_1_80' title='bbox 695 1281 969 1349; x_wconf 77' lang='lat' dir='ltr'>reSpieiat,</span> <span class='ocrx_word' id='word_1_81' title='bbox 1019 1290 1072 1333; x_wconf 92' lang='lat' dir='ltr'>ut</span> <span class='ocrx_word' id='word_1_82' title='bbox 1113 1280 1253 1349; x_wconf 92' lang='lat' dir='ltr'>quod</span> <span class='ocrx_word' id='word_1_83' title='bbox 1301 1294 1400 1349; x_wconf 91' lang='lat' dir='ltr'>ego</span> <span class='ocrx_word' id='word_1_84' title='bbox 1441 1279 1623 1335; x_wconf 86' lang='lat' dir='ltr'>labore</span> <span class='ocrx_word' id='word_1_85' title='bbox 1672 1280 1948 1349; x_wconf 76' lang='lat' dir='ltr'>polliceor,</span> <span class='ocrx_word' id='word_1_86' title='bbox 1992 1281 2080 1333; x_wconf 89' lang='lat' dir='ltr'>ille</span> 
     </span>
    </p>
   </div>
   <div class='ocr_carea' id='block_1_12' title="bbox 506 1373 963 1439">
    <p class='ocr_par' dir='ltr' id='par_1_12' title="bbox 506 1373 963 1439">
     <span class='ocr_line' id='line_1_12' title="bbox 506 1373 963 1439; baseline 0.011 -16"><span class='ocrx_word' id='word_1_87' title='bbox 506 1380 720 1439; x_wconf 75' lang='lat' dir='ltr'>prrestet</span> <span class='ocrx_word' id='word_1_88' title='bbox 750 1373 963 1428; x_wconf 69' lang='lat' dir='ltr'>auxilio.</span> 
     </span>
    </p>
   </div>
   <div class='ocr_carea' id='block_1_13' title="bbox 1041 1460 1549 1515">
    <p class='ocr_par' dir='ltr' id='par_1_13' title="bbox 1041 1460 1549 1515">
     <span class='ocr_line' id='line_1_13' title="bbox 1041 1460 1549 1515; baseline -0.002 -1"><span class='ocrx_word' id='word_1_89' title='bbox 1041 1460 1370 1515; x_wconf 48' lang='lat' dir='ltr'>EPISTULA</span> <span class='ocrx_word' id='word_1_90' title='bbox 1415 1461 1549 1514; x_wconf 74' lang='lat' dir='ltr'>XVI.</span> 
     </span>
    </p>
   </div>
   <div class='ocr_carea' id='block_1_14' title="bbox 1040 1566 1543 1621">
    <p class='ocr_par' dir='ltr' id='par_1_14' title="bbox 1040 1566 1543 1621">
     <span class='ocr_line' id='line_1_14' title="bbox 1040 1566 1543 1621; baseline -0.002 -17"><span class='ocrx_word' id='word_1_91' title='bbox 1040 1567 1294 1605; x_wconf 66' lang='lat' dir='ltr'>assumus</span> <span class='ocrx_word' id='word_1_92' title='bbox 1326 1566 1543 1621; x_wconf 57' lang='lat' dir='ltr'>gausro.</span> 
     </span>
    </p>
   </div>
   <div class='ocr_carea' id='block_1_15' title="bbox 580 1640 2082 1712">
    <p class='ocr_par' dir='ltr' id='par_1_15' title="bbox 580 1640 2082 1712">
     <span class='ocr_line' id='line_1_15' title="bbox 580 1640 2082 1712; baseline -0.001 -18"><span class='ocrx_word' id='word_1_93' title='bbox 580 1642 679 1695; x_wconf 79' lang='lat' dir='ltr'>Par</span> <span class='ocrx_word' id='word_1_94' title='bbox 720 1640 1140 1712; x_wconf 74' lang='lat' dir='ltr'>quidem&#39;fuerat</span> <span class='ocrx_word' id='word_1_95' title='bbox 1171 1643 1383 1696; x_wconf 83' lang='lat' dir='ltr'>sublimi</span> <span class='ocrx_word' id='word_1_96' title='bbox 1428 1644 1542 1695; x_wconf 89' lang='lat' dir='ltr'>viro</span> <span class='ocrx_word' id='word_1_97' title='bbox 1588 1640 1894 1694; x_wconf 86' lang='lat' dir='ltr'>Pamfronio</span> <span class='ocrx_word' id='word_1_98' title='bbox 1932 1655 2082 1693; x_wconf 80' lang='lat' dir='ltr'>eom-</span> 
     </span>
    </p>
   </div>
   <div class='ocr_carea' id='block_1_16' title="bbox 507 1730 2085 1802">
    <p class='ocr_par' dir='ltr' id='par_1_16' title="bbox 507 1730 2085 1802">
     <span class='ocr_line' id='line_1_16' title="bbox 507 1730 2085 1802; baseline -0.001 -15"><span class='ocrx_word' id='word_1_99' title='bbox 507 1742 714 1787; x_wconf 89' lang='lat' dir='ltr'>meaute</span> <span class='ocrx_word' id='word_1_100' title='bbox 758 1734 1109 1787; x_wconf 85' lang='lat' dir='ltr'>ministerium</span> <span class='ocrx_word' id='word_1_101' title='bbox 1138 1734 1344 1802; x_wconf 67' lang='lat' dir='ltr'>pagina:</span> <span class='ocrx_word' id='word_1_102' title='bbox 1382 1732 1446 1786; x_wconf 89' lang='lat' dir='ltr'>ad</span> <span class='ocrx_word' id='word_1_103' title='bbox 1480 1732 1583 1785; x_wconf 69' lang='lat' dir='ltr'>vivi</span> <span class='ocrx_word' id='word_1_104' title='bbox 1616 1731 1881 1785; x_wconf 84' lang='lat' dir='ltr'>sermonis</span> <span class='ocrx_word' id='word_1_105' title='bbox 1911 1730 2085 1785; x_wconf 86' lang='lat' dir='ltr'>officia</span> 
     </span>
    </p>
   </div>
   <div class='ocr_carea' id='block_1_17' title="bbox 2182 557 3761 627">
    <p class='ocr_par' dir='ltr' id='par_1_17' title="bbox 2182 557 3761 627">
     <span class='ocr_line' id='line_1_17' title="bbox 2182 557 3761 627; baseline -0.001 -16"><span class='ocrx_word' id='word_1_106' title='bbox 2182 561 2562 627; x_wconf 78' lang='lat' dir='ltr'>occupationes</span> <span class='ocrx_word' id='word_1_107' title='bbox 2590 569 2642 612; x_wconf 90' lang='lat' dir='ltr'>et</span> <span class='ocrx_word' id='word_1_108' title='bbox 2672 559 2922 612; x_wconf 76' lang='lat' dir='ltr'>excubias</span> <span class='ocrx_word' id='word_1_109' title='bbox 2959 560 3152 626; x_wconf 90' lang='lat' dir='ltr'>quibus</span> <span class='ocrx_word' id='word_1_110' title='bbox 3182 558 3466 611; x_wconf 83' lang='lat' dir='ltr'>universos</span> <span class='ocrx_word' id='word_1_111' title='bbox 3508 557 3761 617; x_wconf 75' lang='lat' dir='ltr'>Ravenna</span> 
     </span>
    </p>
   </div>
   <div class='ocr_carea' id='block_1_18' title="bbox 2182 648 3761 720">
    <p class='ocr_par' dir='ltr' id='par_1_18' title="bbox 2182 648 3761 720">
     <span class='ocr_line' id='line_1_18' title="bbox 2182 648 3761 720; baseline -0.001 -17"><span class='ocrx_word' id='word_1_112' title='bbox 2182 650 2480 720; x_wconf 75' lang='lat' dir='ltr'>distringit,</span> <span class='ocrx_word' id='word_1_113' title='bbox 2512 651 2612 703; x_wconf 87' lang='lat' dir='ltr'>mei</span> <span class='ocrx_word' id='word_1_114' title='bbox 2655 664 2785 703; x_wconf 86' lang='lat' dir='ltr'>cura</span> <span class='ocrx_word' id='word_1_115' title='bbox 2823 664 2927 702; x_wconf 91' lang='lat' dir='ltr'>non</span> <span class='ocrx_word' id='word_1_116' title='bbox 2977 648 3211 717; x_wconf 82' lang='lat' dir='ltr'>punitur.</span> <span class='ocrx_word' id='word_1_117' title='bbox 3250 648 3433 703; x_wconf 84' lang='lat' dir='ltr'>Reddo</span> <span class='ocrx_word' id='word_1_118' title='bbox 3457 663 3585 717; x_wconf 87' lang='lat' dir='ltr'>ergo</span> <span class='ocrx_word' id='word_1_119' title='bbox 3627 648 3761 703; x_wconf 82' lang='lat' dir='ltr'>effu-</span> 
     </span>
    </p>
   </div>
   <div class='ocr_carea' id='block_1_19' title="bbox 2184 740 3761 810">
    <p class='ocr_par' dir='ltr' id='par_1_19' title="bbox 2184 740 3761 810">
     <span class='ocr_line' id='line_1_19' title="bbox 2184 740 3761 810; baseline 0 -17"><span class='ocrx_word' id='word_1_120' title='bbox 2184 741 2410 794; x_wconf 75' lang='lat' dir='ltr'>sissima:</span> <span class='ocrx_word' id='word_1_121' title='bbox 2483 740 2813 794; x_wconf 74' lang='lat' dir='ltr'>salutationis</span> <span class='ocrx_word' id='word_1_122' title='bbox 2872 740 3077 807; x_wconf 91' lang='lat' dir='ltr'>ofﬁcia,</span> <span class='ocrx_word' id='word_1_123' title='bbox 3132 756 3356 810; x_wconf 79' lang='lat' dir='ltr'>sperans</span> <span class='ocrx_word' id='word_1_124' title='bbox 3410 752 3465 794; x_wconf 93' lang='lat' dir='ltr'>ut</span> <span class='ocrx_word' id='word_1_125' title='bbox 3521 755 3761 810; x_wconf 57' lang='lat' dir='ltr'>praesen-</span> 
     </span>
    </p>
   </div>
   <div class='ocr_carea' id='block_1_20' title="bbox 2184 830 3762 898">
    <p class='ocr_par' dir='ltr' id='par_1_20' title="bbox 2184 830 3762 898">
     <span class='ocr_line' id='line_1_20' title="bbox 2184 830 3762 898; baseline 0.001 -15"><span class='ocrx_word' id='word_1_126' title='bbox 2184 832 2307 883; x_wconf 89' lang='lat' dir='ltr'>tiam</span> <span class='ocrx_word' id='word_1_127' title='bbox 2350 845 2518 884; x_wconf 76' lang='lat' dir='ltr'>meam</span> <span class='ocrx_word' id='word_1_128' title='bbox 2549 830 2686 898; x_wconf 87' lang='lat' dir='ltr'>apud</span> <span class='ocrx_word' id='word_1_129' title='bbox 2722 830 2965 885; x_wconf 91' lang='lat' dir='ltr'>dominos</span> <span class='ocrx_word' id='word_1_130' title='bbox 3000 846 3147 883; x_wconf 89' lang='lat' dir='ltr'>meos</span> <span class='ocrx_word' id='word_1_131' title='bbox 3177 831 3404 884; x_wconf 86' lang='lat' dir='ltr'>amantis</span> <span class='ocrx_word' id='word_1_132' title='bbox 3435 830 3629 893; x_wconf 89' lang='lat' dir='ltr'>vestri,</span> <span class='ocrx_word' id='word_1_133' title='bbox 3666 845 3762 898; x_wconf 91' lang='lat' dir='ltr'>pro</span> 
     </span>
    </p>
   </div>
   <div class='ocr_carea' id='block_1_21' title="bbox 2185 921 3762 993">
    <p class='ocr_par' dir='ltr' id='par_1_21' title="bbox 2185 921 3762 993">
     <span class='ocr_line' id='line_1_21' title="bbox 2185 921 3762 993; baseline 0 -18"><span class='ocrx_word' id='word_1_134' title='bbox 2185 922 2489 991; x_wconf 87' lang='lat' dir='ltr'>dignatione</span> <span class='ocrx_word' id='word_1_135' title='bbox 2547 937 2648 993; x_wconf 88' lang='lat' dir='ltr'>qua</span> <span class='ocrx_word' id='word_1_136' title='bbox 2707 921 3293 987; x_wconf 61' lang='lat' dir='ltr'>credentem’fovetis,</span> <span class='ocrx_word' id='word_1_137' title='bbox 3354 922 3556 977; x_wconf 82' lang='lat' dir='ltr'>faciatis</span> <span class='ocrx_word' id='word_1_138' title='bbox 3613 934 3762 991; x_wconf 87' lang='lat' dir='ltr'>opta-</span> 
     </span>
    </p>
   </div>
   <div class='ocr_carea' id='block_1_22' title="bbox 2185 1013 2368 1066">
    <p class='ocr_par' dir='ltr' id='par_1_22' title="bbox 2185 1013 2368 1066">
     <span class='ocr_line' id='line_1_22' title="bbox 2185 1013 2368 1066; baseline -0.016 0"><span class='ocrx_word' id='word_1_139' title='bbox 2185 1013 2368 1066; x_wconf 88' lang='lat' dir='ltr'>bilem.</span> 
     </span>
    </p>
   </div>
   <div class='ocr_carea' id='block_1_23' title="bbox 2696 1101 3255 1156">
    <p class='ocr_par' dir='ltr' id='par_1_23' title="bbox 2696 1101 3255 1156">
     <span class='ocr_line' id='line_1_23' title="bbox 2696 1101 3255 1156; baseline -0.005 0"><span class='ocrx_word' id='word_1_140' title='bbox 2696 1101 3025 1156; x_wconf 82' lang='lat' dir='ltr'>EPISTOLA</span> <span class='ocrx_word' id='word_1_141' title='bbox 3067 1101 3255 1156; x_wconf 71' lang='lat' dir='ltr'>XVI“.</span> 
     </span>
    </p>
   </div>
   <div class='ocr_carea' id='block_1_24' title="bbox 2742 1209 3233 1248">
    <p class='ocr_par' dir='ltr' id='par_1_24' title="bbox 2742 1209 3233 1248">
     <span class='ocr_line' id='line_1_24' title="bbox 2742 1209 3233 1248; baseline 0 -1"><span class='ocrx_word' id='word_1_142' title='bbox 2742 1209 2993 1248; x_wconf 69' lang='lat' dir='ltr'>ENNODIUS</span> <span class='ocrx_word' id='word_1_143' title='bbox 3032 1209 3233 1247; x_wconf 71' lang='lat' dir='ltr'>JflA\Nlo</span> 
     </span>
    </p>
   </div>
   <div class='ocr_carea' id='block_1_25' title="bbox 2248 1283 3762 1354">
    <p class='ocr_par' dir='ltr' id='par_1_25' title="bbox 2248 1283 3762 1354">
     <span class='ocr_line' id='line_1_25' title="bbox 2248 1283 3762 1354; baseline 0.001 -17"><span class='ocrx_word' id='word_1_144' title='bbox 2248 1284 2571 1337; x_wconf 69' lang='lat' dir='ltr'>&#39;Probabilvs</span> <span class='ocrx_word' id='word_1_145' title='bbox 2618 1285 3058 1344; x_wconf 56' lang='lat' dir='ltr'>eausas‘habeo,</span> <span class='ocrx_word' id='word_1_146' title='bbox 3115 1284 3305 1353; x_wconf 89' lang='lat' dir='ltr'>quibus</span> <span class='ocrx_word' id='word_1_147' title='bbox 3356 1283 3762 1354; x_wconf 78' lang='lat' dir='ltr'>unanimitatem</span> 
     </span>
    </p>
   </div>
   <div class='ocr_carea' id='block_1_26' title="bbox 2188 1376 3765 1445">
    <p class='ocr_par' dir='ltr' id='par_1_26' title="bbox 2188 1376 3765 1445">
     <span class='ocr_line' id='line_1_26' title="bbox 2188 1376 3765 1445; baseline 0 -18"><span class='ocrx_word' id='word_1_148' title='bbox 2188 1386 2417 1429; x_wconf 77' lang='lat' dir='ltr'>vestram</span> <span class='ocrx_word' id='word_1_149' title='bbox 2452 1376 2577 1445; x_wconf 83' lang='lat' dir='ltr'>styli</span> <span class='ocrx_word' id='word_1_150' title='bbox 2609 1377 2708 1428; x_wconf 90' lang='lat' dir='ltr'>mei</span> <span class='ocrx_word' id='word_1_151' title='bbox 2744 1391 2956 1437; x_wconf 83' lang='lat' dir='ltr'>morsu,</span> <span class='ocrx_word' id='word_1_152' title='bbox 2987 1376 3228 1442; x_wconf 87' lang='lat' dir='ltr'>quamvis</span> <span class='ocrx_word' id='word_1_153' title='bbox 3268 1376 3511 1444; x_wconf 88' lang='lat' dir='ltr'>rubigine</span> <span class='ocrx_word' id='word_1_154' title='bbox 3542 1376 3765 1429; x_wconf 77' lang='lat' dir='ltr'>sorden-</span> 
     </span>
    </p>
   </div>
   <div class='ocr_carea' id='block_1_27' title="bbox 2190 1465 3766 1532">
    <p class='ocr_par' dir='ltr' id='par_1_27' title="bbox 2190 1465 3766 1532">
     <span class='ocr_line' id='line_1_27' title="bbox 2190 1465 3766 1532; baseline 0 -13"><span class='ocrx_word' id='word_1_155' title='bbox 2190 1466 2280 1527; x_wconf 90' lang='lat' dir='ltr'>tis,</span> <span class='ocrx_word' id='word_1_156' title='bbox 2314 1467 2577 1520; x_wconf 79' lang='lat' dir='ltr'>incessum</span> <span class='ocrx_word' id='word_1_157' title='bbox 2604 1482 2617 1517; x_wconf 86' lang='lat'><strong>:</strong></span> <span class='ocrx_word' id='word_1_158' title='bbox 2649 1482 2799 1532; x_wconf 74' lang='lat' dir='ltr'>quas,</span> <span class='ocrx_word' id='word_1_159' title='bbox 2833 1482 2949 1519; x_wconf 88' lang='lat' dir='ltr'>cum</span> <span class='ocrx_word' id='word_1_160' title='bbox 2980 1466 3051 1518; x_wconf 88' lang='lat' dir='ltr'>sis</span> <span class='ocrx_word' id='word_1_161' title='bbox 3075 1466 3352 1517; x_wconf 88' lang='lat' dir='ltr'>abundans</span> <span class='ocrx_word' id='word_1_162' title='bbox 3388 1475 3590 1519; x_wconf 79' lang='lat' dir='ltr'>natura:</span> <span class='ocrx_word' id='word_1_163' title='bbox 3616 1465 3766 1519; x_wconf 88' lang='lat' dir='ltr'>bonis</span> 
     </span>
    </p>
   </div>
   <div class='ocr_carea' id='block_1_28' title="bbox 2188 1555 3760 1626">
    <p class='ocr_par' dir='ltr' id='par_1_28' title="bbox 2188 1555 3760 1626">
     <span class='ocr_line' id='line_1_28' title="bbox 2188 1555 3760 1626; baseline -0.001 -16"><span class='ocrx_word' id='word_1_164' title='bbox 2188 1569 2238 1610; x_wconf 89' lang='lat' dir='ltr'>et</span> <span class='ocrx_word' id='word_1_165' title='bbox 2273 1558 2465 1626; x_wconf 81' lang='lat' dir='ltr'>ingenii</span> <span class='ocrx_word' id='word_1_166' title='bbox 2504 1555 2847 1610; x_wconf 82' lang='lat' dir='ltr'>facultatibus</span> <span class='ocrx_word' id='word_1_167' title='bbox 2878 1558 3134 1624; x_wconf 76' lang='lat' dir='ltr'>locuples,</span> <span class='ocrx_word' id='word_1_168' title='bbox 3169 1572 3393 1625; x_wconf 81' lang='lat' dir='ltr'>purgare</span> <span class='ocrx_word' id='word_1_169' title='bbox 3424 1573 3526 1609; x_wconf 92' lang='lat' dir='ltr'>non</span> <span class='ocrx_word' id='word_1_170' title='bbox 3570 1557 3760 1623; x_wconf 89' lang='lat' dir='ltr'>possis.</span> 
     </span>
    </p>
   </div>
   <div class='ocr_carea' id='block_1_29' title="bbox 2193 1647 3767 1717">
    <p class='ocr_par' dir='ltr' id='par_1_29' title="bbox 2193 1647 3767 1717">
     <span class='ocr_line' id='line_1_29' title="bbox 2193 1647 3767 1717; baseline -0.001 -16"><span class='ocrx_word' id='word_1_171' title='bbox 2193 1649 2300 1715; x_wconf 76' lang='lat' dir='ltr'>Ego</span> <span class='ocrx_word' id='word_1_172' title='bbox 2345 1663 2571 1717; x_wconf 87' lang='lat' dir='ltr'>unquam</span> <span class='ocrx_word' id='word_1_173' title='bbox 2612 1648 2811 1701; x_wconf 82' lang='lat' dir='ltr'>Credidi</span> <span class='ocrx_word' id='word_1_174' title='bbox 2845 1648 2907 1699; x_wconf 89' lang='lat' dir='ltr'>ad</span> <span class='ocrx_word' id='word_1_175' title='bbox 2958 1648 3119 1699; x_wconf 89' lang='lat' dir='ltr'>alium</span> <span class='ocrx_word' id='word_1_176' title='bbox 3171 1647 3372 1699; x_wconf 90' lang='lat' dir='ltr'>reditus</span> <span class='ocrx_word' id='word_1_177' title='bbox 3406 1648 3562 1700; x_wconf 79' lang='lat' dir='ltr'>vestri</span> <span class='ocrx_word' id='word_1_178' title='bbox 3610 1648 3767 1701; x_wconf 90' lang='lat' dir='ltr'>citius</span> 
     </span>
    </p>
   </div>
   <div class='ocr_carea' id='block_1_30' title="bbox 2192 1736 3768 1805">
    <p class='ocr_par' dir='ltr' id='par_1_30' title="bbox 2192 1736 3768 1805">
     <span class='ocr_line' id='line_1_30' title="bbox 2192 1736 3768 1805; baseline 0 -16"><span class='ocrx_word' id='word_1_179' title='bbox 2192 1737 2385 1790; x_wconf 90' lang='lat' dir='ltr'>indicia</span> <span class='ocrx_word' id='word_1_180' title='bbox 2424 1752 2577 1802; x_wconf 68' lang='lat' dir='ltr'>posse</span> <span class='ocrx_word' id='word_1_181' title='bbox 2608 1736 2868 1805; x_wconf 80' lang='lat' dir='ltr'>perferri?</span> <span class='ocrx_word' id='word_1_182' title='bbox 2897 1736 3007 1804; x_wconf 76' lang='lat' dir='ltr'>Ego</span> <span class='ocrx_word' id='word_1_183' title='bbox 3038 1753 3218 1789; x_wconf 81' lang='lat' dir='ltr'>curam</span> <span class='ocrx_word' id='word_1_184' title='bbox 3254 1738 3353 1789; x_wconf 90' lang='lat' dir='ltr'>mei</span> <span class='ocrx_word' id='word_1_185' title='bbox 3388 1738 3525 1789; x_wconf 88' lang='lat' dir='ltr'>inter</span> <span class='ocrx_word' id='word_1_186' title='bbox 3555 1737 3768 1804; x_wconf 87' lang='lat' dir='ltr'>quasvis</span> 
     </span>
    </p>
   </div>
   <div class='ocr_carea' id='block_1_31' title="bbox 508 1824 2087 1898">
    <p class='ocr_par' dir='ltr' id='par_1_31' title="bbox 508 1824 2083 1893">
     <span class='ocr_line' id='line_1_31' title="bbox 508 1824 2083 1893; baseline -0.002 -15"><span class='ocrx_word' id='word_1_187' title='bbox 508 1824 783 1878; x_wconf 85' lang='lat' dir='ltr'>transferri</span> <span class='ocrx_word' id='word_1_188' title='bbox 813 1842 823 1877; x_wconf 92' lang='lat'><strong>:</strong></span> <span class='ocrx_word' id='word_1_189' title='bbox 857 1839 955 1879; x_wconf 90' lang='lat' dir='ltr'>nec</span> <span class='ocrx_word' id='word_1_190' title='bbox 990 1824 1134 1877; x_wconf 89' lang='lat' dir='ltr'>illum</span> <span class='ocrx_word' id='word_1_191' title='bbox 1177 1824 1445 1893; x_wconf 81' lang='lat' dir='ltr'>episolari</span> <span class='ocrx_word' id='word_1_192' title='bbox 1487 1824 1627 1877; x_wconf 83' lang='lat' dir='ltr'>fasce</span> <span class='ocrx_word' id='word_1_193' title='bbox 1655 1825 1896 1891; x_wconf 90' lang='lat' dir='ltr'>onerari,</span> <span class='ocrx_word' id='word_1_194' title='bbox 1928 1838 2083 1891; x_wconf 91' lang='lat' dir='ltr'>quem</span> 
     </span>
    </p>
   </div>
   <div class='ocr_carea' id='block_1_32' title="bbox 2195 1824 3767 1898">
    <p class='ocr_par' dir='ltr' id='par_1_32' title="bbox 2195 1828 3767 1898">
     <span class='ocr_line' id='line_1_32' title="bbox 2195 1828 3767 1898; baseline -0.001 -15"><span class='ocrx_word' id='word_1_195' title='bbox 2195 1831 2590 1898; x_wconf 84' lang='lat' dir='ltr'>occupationes,</span> <span class='ocrx_word' id='word_1_196' title='bbox 2626 1828 2753 1881; x_wconf 84' lang='lat' dir='ltr'>illud</span> <span class='ocrx_word' id='word_1_197' title='bbox 2785 1828 2967 1881; x_wconf 90' lang='lat' dir='ltr'>amicis</span> <span class='ocrx_word' id='word_1_198' title='bbox 3012 1828 3194 1882; x_wconf 64' lang='lat' dir='ltr'>cen~ui</span> <span class='ocrx_word' id='word_1_199' title='bbox 3240 1836 3612 1880; x_wconf 80' lang='lat' dir='ltr'>consecratum</span> <span class='ocrx_word' id='word_1_200' title='bbox 3648 1842 3767 1896; x_wconf 90' lang='lat' dir='ltr'>pec-</span> 
     </span>
    </p>
   </div>
   <div class='ocr_carea' id='block_1_33' title="bbox 509 1915 2083 1985">
    <p class='ocr_par' dir='ltr' id='par_1_33' title="bbox 509 1915 2083 1985">
     <span class='ocr_line' id='line_1_33' title="bbox 509 1915 2083 1985; baseline 0.001 -17"><span class='ocrx_word' id='word_1_201' title='bbox 509 1932 613 1969; x_wconf 91' lang='lat' dir='ltr'>non</span> <span class='ocrx_word' id='word_1_202' title='bbox 647 1925 751 1969; x_wconf 87' lang='lat' dir='ltr'>tam</span> <span class='ocrx_word' id='word_1_203' title='bbox 786 1917 943 1970; x_wconf 82' lang='lat' dir='ltr'>verba</span> <span class='ocrx_word' id='word_1_204' title='bbox 973 1931 1088 1970; x_wconf 91' lang='lat' dir='ltr'>mea</span> <span class='ocrx_word' id='word_1_205' title='bbox 1117 1916 1338 1985; x_wconf 79' lang='lat' dir='ltr'>contigit</span> <span class='ocrx_word' id='word_1_206' title='bbox 1367 1930 1543 1977; x_wconf 85' lang='lat' dir='ltr'>nosse,</span> <span class='ocrx_word' id='word_1_207' title='bbox 1568 1930 1727 1983; x_wconf 87' lang='lat' dir='ltr'>qnam</span> <span class='ocrx_word' id='word_1_208' title='bbox 1756 1915 1949 1968; x_wconf 89' lang='lat' dir='ltr'>studia.</span> <span class='ocrx_word' id='word_1_209' title='bbox 1977 1915 2083 1970; x_wconf 87' lang='lat' dir='ltr'>Sed</span> 
     </span>
    </p>
   </div>
   <div class='ocr_carea' id='block_1_34' title="bbox 508 2004 2087 2074">
    <p class='ocr_par' dir='ltr' id='par_1_34' title="bbox 508 2004 2087 2074">
     <span class='ocr_line' id='line_1_34' title="bbox 508 2004 2087 2074; baseline -0.003 -14"><span class='ocrx_word' id='word_1_210' title='bbox 508 2008 621 2074; x_wconf 52' lang='lat' dir='ltr'>ejus-</span> <span class='ocrx_word' id='word_1_211' title='bbox 654 2008 707 2060; x_wconf 91' lang='lat' dir='ltr'>in</span> <span class='ocrx_word' id='word_1_212' title='bbox 754 2006 835 2060; x_wconf 91' lang='lat' dir='ltr'>bis</span> <span class='ocrx_word' id='word_1_213' title='bbox 862 2006 1053 2061; x_wconf 89' lang='lat' dir='ltr'>ofﬁciis</span> <span class='ocrx_word' id='word_1_214' title='bbox 1095 2022 1282 2059; x_wconf 89' lang='lat' dir='ltr'>manus</span> <span class='ocrx_word' id='word_1_215' title='bbox 1327 2006 1520 2059; x_wconf 84' lang='lat' dir='ltr'>dantur</span> <span class='ocrx_word' id='word_1_216' title='bbox 1568 2005 1812 2074; x_wconf 72' lang='lat' dir='ltr'>imperio.</span> <span class='ocrx_word' id='word_1_217' title='bbox 1847 2004 2087 2059; x_wconf 85' lang='lat' dir='ltr'>Postulat</span> 
     </span>
    </p>
   </div>
   <div class='ocr_carea' id='block_1_35' title="bbox 508 2098 2083 2168">
    <p class='ocr_par' dir='ltr' id='par_1_35' title="bbox 508 2098 2083 2168">
     <span class='ocr_line' id='line_1_35' title="bbox 508 2098 2083 2168; baseline -0.004 -15"><span class='ocrx_word' id='word_1_218' title='bbox 508 2100 816 2167; x_wconf 89' lang='lat' dir='ltr'>adjntricem</span> <span class='ocrx_word' id='word_1_219' title='bbox 852 2100 1092 2168; x_wconf 85' lang='lat' dir='ltr'>paginam</span> <span class='ocrx_word' id='word_1_220' title='bbox 1126 2098 1404 2152; x_wconf 89' lang='lat' dir='ltr'>latentium</span> <span class='ocrx_word' id='word_1_221' title='bbox 1438 2108 1704 2151; x_wconf 83' lang='lat' dir='ltr'>scrutator</span> <span class='ocrx_word' id='word_1_222' title='bbox 1738 2098 2042 2150; x_wconf 60' lang='lat' dir='ltr'>animorum</span> <span class='ocrx_word' id='word_1_223' title='bbox 2070 2113 2083 2147; x_wconf 93' lang='lat'>:</span> 
     </span>
    </p>
   </div>
   <div class='ocr_carea' id='block_1_36' title="bbox 510 2187 2087 2258">
    <p class='ocr_par' dir='ltr' id='par_1_36' title="bbox 510 2187 2087 2258">
     <span class='ocr_line' id='line_1_36' title="bbox 510 2187 2087 2258; baseline -0.004 -13"><span class='ocrx_word' id='word_1_224' title='bbox 510 2201 561 2245; x_wconf 87' lang='lat' dir='ltr'>et</span> <span class='ocrx_word' id='word_1_225' title='bbox 595 2190 712 2244; x_wconf 90' lang='lat' dir='ltr'>ideo</span> <span class='ocrx_word' id='word_1_226' title='bbox 742 2205 807 2243; x_wconf 91' lang='lat' dir='ltr'>ne</span> <span class='ocrx_word' id='word_1_227' title='bbox 846 2189 971 2258; x_wconf 89' lang='lat' dir='ltr'>quid</span> <span class='ocrx_word' id='word_1_228' title='bbox 1015 2189 1153 2258; x_wconf 89' lang='lat' dir='ltr'>apud</span> <span class='ocrx_word' id='word_1_229' title='bbox 1196 2204 1317 2243; x_wconf 89' lang='lat' dir='ltr'>eum</span> <span class='ocrx_word' id='word_1_230' title='bbox 1367 2188 1532 2242; x_wconf 90' lang='lat' dir='ltr'>nostri</span> <span class='ocrx_word' id='word_1_231' title='bbox 1580 2187 1768 2241; x_wconf 86' lang='lat' dir='ltr'>deesse</span> <span class='ocrx_word' id='word_1_232' title='bbox 1815 2187 2087 2254; x_wconf 82' lang='lat' dir='ltr'>contingat</span> 
     </span>
    </p>
   </div>
   <div class='ocr_carea' id='block_1_37' title="bbox 512 2280 2085 2352">
    <p class='ocr_par' dir='ltr' id='par_1_37' title="bbox 512 2280 2085 2352">
     <span class='ocr_line' id='line_1_37' title="bbox 512 2280 2085 2352; baseline -0.003 -17"><span class='ocrx_word' id='word_1_233' title='bbox 512 2285 782 2352; x_wconf 85' lang='lat' dir='ltr'>obsequii,</span> <span class='ocrx_word' id='word_1_234' title='bbox 815 2283 1009 2351; x_wconf 88' lang='lat' dir='ltr'>scripta</span> <span class='ocrx_word' id='word_1_235' title='bbox 1042 2280 1313 2345; x_wconf 79' lang='lat' dir='ltr'>concessi,</span> <span class='ocrx_word' id='word_1_236' title='bbox 1346 2290 1398 2335; x_wconf 92' lang='lat' dir='ltr'>et</span> <span class='ocrx_word' id='word_1_237' title='bbox 1427 2281 1470 2333; x_wconf 71' lang='lat' dir='ltr'>si</span> <span class='ocrx_word' id='word_1_238' title='bbox 1502 2280 1947 2335; x_wconf 80' lang='lat' dir='ltr'>commendatiOni</span> <span class='ocrx_word' id='word_1_239' title='bbox 1982 2294 2085 2332; x_wconf 89' lang='lat' dir='ltr'>non</span> 
     </span>
    </p>
   </div>
   <div class='ocr_carea' id='block_1_38' title="bbox 511 2369 2085 2439">
    <p class='ocr_par' dir='ltr' id='par_1_38' title="bbox 511 2369 2085 2439">
     <span class='ocr_line' id='line_1_38' title="bbox 511 2369 2085 2439; baseline -0.004 -12"><span class='ocrx_word' id='word_1_240' title='bbox 511 2372 839 2434; x_wconf 85' lang='lat' dir='ltr'>necessaria,</span> <span class='ocrx_word' id='word_1_241' title='bbox 870 2372 1146 2439; x_wconf 68' lang='lat' dir='ltr'>praeceptis</span> <span class='ocrx_word' id='word_1_242' title='bbox 1174 2371 1291 2439; x_wconf 90' lang='lat' dir='ltr'>ejus</span> <span class='ocrx_word' id='word_1_243' title='bbox 1316 2369 1679 2424; x_wconf 89' lang='lat' dir='ltr'>accommoda.</span> <span class='ocrx_word' id='word_1_244' title='bbox 1710 2371 1910 2436; x_wconf 87' lang='lat' dir='ltr'>Quibus</span> <span class='ocrx_word' id='word_1_245' title='bbox 1944 2373 2085 2423; x_wconf 80' lang='lat' dir='ltr'>enim</span> 
     </span>
    </p>
   </div>
   <div class='ocr_carea' id='block_1_39' title="bbox 512 2461 2091 2532">
    <p class='ocr_par' dir='ltr' id='par_1_39' title="bbox 512 2461 2091 2532">
     <span class='ocr_line' id='line_1_39' title="bbox 512 2461 2091 2532; baseline -0.004 -13"><span class='ocrx_word' id='word_1_246' title='bbox 512 2464 848 2519; x_wconf 71' lang='lat' dir='ltr'>sermonibus</span> <span class='ocrx_word' id='word_1_247' title='bbox 881 2461 1282 2532; x_wconf 87' lang='lat' dir='ltr'>prosequendus</span> <span class='ocrx_word' id='word_1_248' title='bbox 1313 2472 1422 2527; x_wconf 89' lang='lat' dir='ltr'>est,</span> <span class='ocrx_word' id='word_1_249' title='bbox 1455 2461 1540 2515; x_wconf 91' lang='lat' dir='ltr'>cui</span> <span class='ocrx_word' id='word_1_250' title='bbox 1573 2470 1738 2515; x_wconf 91' lang='lat' dir='ltr'>totum</span> <span class='ocrx_word' id='word_1_251' title='bbox 1774 2461 2091 2529; x_wconf 84' lang='lat' dir='ltr'>magnitudi-</span> 
     </span>
    </p>
   </div>
   <div class='ocr_carea' id='block_1_40' title="bbox 515 2550 2092 2619">
    <p class='ocr_par' dir='ltr' id='par_1_40' title="bbox 515 2550 2092 2619">
     <span class='ocr_line' id='line_1_40' title="bbox 515 2550 2092 2619; baseline -0.001 -13"><span class='ocrx_word' id='word_1_252' title='bbox 515 2556 598 2607; x_wconf 88' lang='lat' dir='ltr'>nis</span> <span class='ocrx_word' id='word_1_253' title='bbox 627 2561 814 2607; x_wconf 62' lang='lat' dir='ltr'>vestrae</span> <span class='ocrx_word' id='word_1_254' title='bbox 863 2552 985 2605; x_wconf 91' lang='lat' dir='ltr'>licet</span> <span class='ocrx_word' id='word_1_255' title='bbox 1029 2567 1243 2619; x_wconf 79' lang='lat' dir='ltr'>sperare</span> <span class='ocrx_word' id='word_1_256' title='bbox 1274 2550 1341 2606; x_wconf 89' lang='lat' dir='ltr'>de</span> <span class='ocrx_word' id='word_1_257' title='bbox 1388 2552 1593 2618; x_wconf 84' lang='lat' dir='ltr'>gratia?</span> <span class='ocrx_word' id='word_1_258' title='bbox 1644 2552 1716 2605; x_wconf 85' lang='lat' dir='ltr'>fta</span> <span class='ocrx_word' id='word_1_259' title='bbox 1765 2555 2001 2614; x_wconf 70' lang='lat' dir='ltr'>eveniet,</span> <span class='ocrx_word' id='word_1_260' title='bbox 2036 2560 2092 2605; x_wconf 90' lang='lat' dir='ltr'>ut</span> 
     </span>
    </p>
   </div>
   <div class='ocr_carea' id='block_1_41' title="bbox 513 2643 2089 2713">
    <p class='ocr_par' dir='ltr' id='par_1_41' title="bbox 513 2643 2089 2713">
     <span class='ocr_line' id='line_1_41' title="bbox 513 2643 2089 2713; baseline -0.003 -16"><span class='ocrx_word' id='word_1_261' title='bbox 513 2645 819 2713; x_wconf 74' lang='lat' dir='ltr'>angustiora</span> <span class='ocrx_word' id='word_1_262' title='bbox 846 2643 951 2697; x_wconf 90' lang='lat' dir='ltr'>sint</span> <span class='ocrx_word' id='word_1_263' title='bbox 981 2643 1334 2711; x_wconf 87' lang='lat' dir='ltr'>supplicantis</span> <span class='ocrx_word' id='word_1_264' title='bbox 1360 2643 1542 2707; x_wconf 86' lang='lat' dir='ltr'>verba,</span> <span class='ocrx_word' id='word_1_265' title='bbox 1572 2658 1729 2710; x_wconf 90' lang='lat' dir='ltr'>quam</span> <span class='ocrx_word' id='word_1_266' title='bbox 1759 2647 1945 2697; x_wconf 82' lang='lat' dir='ltr'>merita</span> <span class='ocrx_word' id='word_1_267' title='bbox 1974 2657 2089 2710; x_wconf 88' lang='lat' dir='ltr'>per-</span> 
     </span>
    </p>
   </div>
   <div class='ocr_carea' id='block_1_42' title="bbox 517 2732 2091 2802">
    <p class='ocr_par' dir='ltr' id='par_1_42' title="bbox 517 2732 2091 2802">
     <span class='ocr_line' id='line_1_42' title="bbox 517 2732 2091 2802; baseline -0.003 -13"><span class='ocrx_word' id='word_1_268' title='bbox 517 2735 720 2789; x_wconf 82' lang='lat' dir='ltr'>latoris.</span> <span class='ocrx_word' id='word_1_269' title='bbox 750 2732 887 2798; x_wconf 80' lang='lat' dir='ltr'>Quid</span> <span class='ocrx_word' id='word_1_270' title='bbox 929 2733 1068 2786; x_wconf 91' lang='lat' dir='ltr'>enim</span> <span class='ocrx_word' id='word_1_271' title='bbox 1104 2742 1327 2801; x_wconf 74' lang='lat' dir='ltr'>prmstes</span> <span class='ocrx_word' id='word_1_272' title='bbox 1362 2732 1651 2802; x_wconf 88' lang='lat' dir='ltr'>juvaminis</span> <span class='ocrx_word' id='word_1_273' title='bbox 1696 2732 1803 2799; x_wconf 91' lang='lat' dir='ltr'>illi,</span> <span class='ocrx_word' id='word_1_274' title='bbox 1848 2747 1943 2801; x_wconf 92' lang='lat' dir='ltr'>pro</span> <span class='ocrx_word' id='word_1_275' title='bbox 1985 2746 2091 2800; x_wconf 89' lang='lat' dir='ltr'>quo</span> 
     </span>
    </p>
   </div>
   <div class='ocr_carea' id='block_1_43' title="bbox 514 2823 2091 2894">
    <p class='ocr_par' dir='ltr' id='par_1_43' title="bbox 514 2823 2091 2894">
     <span class='ocr_line' id='line_1_43' title="bbox 514 2823 2091 2894; baseline -0.002 -14"><span class='ocrx_word' id='word_1_276' title='bbox 514 2827 856 2894; x_wconf 83' lang='lat' dir='ltr'>quantumvis</span> <span class='ocrx_word' id='word_1_277' title='bbox 887 2839 1025 2894; x_wconf 91' lang='lat' dir='ltr'>popo</span> <span class='ocrx_word' id='word_1_278' title='bbox 1056 2824 1215 2888; x_wconf 87' lang='lat' dir='ltr'>ceris,</span> <span class='ocrx_word' id='word_1_279' title='bbox 1250 2824 1369 2894; x_wconf 88' lang='lat' dir='ltr'>plus</span> <span class='ocrx_word' id='word_1_280' title='bbox 1414 2825 1682 2880; x_wconf 86' lang='lat' dir='ltr'>meretur!</span> <span class='ocrx_word' id='word_1_281' title='bbox 1714 2824 1852 2893; x_wconf 85' lang='lat' dir='ltr'>Ergo</span> <span class='ocrx_word' id='word_1_282' title='bbox 1878 2823 1941 2877; x_wconf 83' lang='lat' dir='ltr'>ad</span> <span class='ocrx_word' id='word_1_283' title='bbox 1968 2823 2091 2893; x_wconf 80' lang='lat' dir='ltr'>styli</span> 
     </span>
    </p>
   </div>
   <div class='ocr_carea' id='block_1_44' title="bbox 514 2916 2095 2986">
    <p class='ocr_par' dir='ltr' id='par_1_44' title="bbox 514 2916 2095 2986">
     <span class='ocr_line' id='line_1_44' title="bbox 514 2916 2095 2986; baseline -0.003 -12"><span class='ocrx_word' id='word_1_284' title='bbox 514 2921 835 2975; x_wconf 42' lang='lat' dir='ltr'>exercitium</span> <span class='ocrx_word' id='word_1_285' title='bbox 860 2918 1159 2986; x_wconf 84' lang='lat' dir='ltr'>junguntur</span> <span class='ocrx_word' id='word_1_286' title='bbox 1190 2918 1324 2981; x_wconf 72' lang='lat' dir='ltr'>lucc,</span> <span class='ocrx_word' id='word_1_287' title='bbox 1357 2931 1459 2971; x_wconf 84' lang='lat' dir='ltr'>non</span> <span class='ocrx_word' id='word_1_288' title='bbox 1489 2916 1554 2970; x_wconf 89' lang='lat' dir='ltr'>ad</span> <span class='ocrx_word' id='word_1_289' title='bbox 1596 2916 1908 2971; x_wconf 89' lang='lat' dir='ltr'>beneficium</span> <span class='ocrx_word' id='word_1_290' title='bbox 1947 2930 2095 2970; x_wconf 87' lang='lat' dir='ltr'>com-</span> 
     </span>
    </p>
   </div>
   <div class='ocr_carea' id='block_1_45' title="bbox 516 3005 2094 3077">
    <p class='ocr_par' dir='ltr' id='par_1_45' title="bbox 516 3005 2094 3077">
     <span class='ocr_line' id='line_1_45' title="bbox 516 3005 2094 3077; baseline -0.003 -13"><span class='ocrx_word' id='word_1_291' title='bbox 516 3011 766 3064; x_wconf 88' lang='lat' dir='ltr'>meantis.</span> <span class='ocrx_word' id='word_1_292' title='bbox 802 3010 956 3064; x_wconf 83' lang='lat' dir='ltr'>Juvat</span> <span class='ocrx_word' id='word_1_293' title='bbox 985 3008 1220 3061; x_wconf 88' lang='lat' dir='ltr'>animum</span> <span class='ocrx_word' id='word_1_294' title='bbox 1265 3008 1364 3062; x_wconf 88' lang='lat' dir='ltr'>sub</span> <span class='ocrx_word' id='word_1_295' title='bbox 1394 3008 1584 3077; x_wconf 87' lang='lat' dir='ltr'>quavis</span> <span class='ocrx_word' id='word_1_296' title='bbox 1614 3008 1895 3062; x_wconf 88' lang='lat' dir='ltr'>occasione</span> <span class='ocrx_word' id='word_1_297' title='bbox 1932 3005 2094 3060; x_wconf 77' lang='lat' dir='ltr'>vestri</span> 
     </span>
    </p>
   </div>
   <div class='ocr_carea' id='block_1_46' title="bbox 517 3097 2088 3168">
    <p class='ocr_par' dir='ltr' id='par_1_46' title="bbox 517 3097 2088 3168">
     <span class='ocr_line' id='line_1_46' title="bbox 517 3097 2088 3168; baseline -0.004 -13"><span class='ocrx_word' id='word_1_298' title='bbox 517 3102 846 3162; x_wconf 84' lang='lat' dir='ltr'>meminisse,</span> <span class='ocrx_word' id='word_1_299' title='bbox 875 3099 997 3153; x_wconf 89' lang='lat' dir='ltr'>licet</span> <span class='ocrx_word' id='word_1_300' title='bbox 1029 3099 1302 3152; x_wconf 83' lang='lat' dir='ltr'>nominato</span> <span class='ocrx_word' id='word_1_301' title='bbox 1334 3098 1627 3168; x_wconf 87' lang='lat' dir='ltr'>scriptione</span> <span class='ocrx_word' id='word_1_302' title='bbox 1671 3097 1803 3151; x_wconf 91' lang='lat' dir='ltr'>nihil</span> <span class='ocrx_word' id='word_1_303' title='bbox 1837 3098 2088 3153; x_wconf 80' lang='lat' dir='ltr'>tribuam.</span> 
     </span>
    </p>
   </div>
   <div class='ocr_carea' id='block_1_47' title="bbox 2192 1916 3769 1975">
    <p class='ocr_par' dir='ltr' id='par_1_47' title="bbox 2192 1916 3769 1975">
     <span class='ocr_line' id='line_1_47' title="bbox 2192 1916 3769 1975; baseline -0.004 0"><span class='ocrx_word' id='word_1_304' title='bbox 2192 1932 2275 1975; x_wconf 90' lang='lat' dir='ltr'>tus</span> <span class='ocrx_word' id='word_1_305' title='bbox 2304 1920 2600 1975; x_wconf 77' lang='lat' dir='ltr'>excedere?</span> <span class='ocrx_word' id='word_1_306' title='bbox 2634 1920 2767 1973; x_wconf 77' lang='lat' dir='ltr'>Ecce</span> <span class='ocrx_word' id='word_1_307' title='bbox 2798 1931 2920 1972; x_wconf 89' lang='lat' dir='ltr'>ante</span> <span class='ocrx_word' id='word_1_308' title='bbox 2945 1919 3129 1971; x_wconf 87' lang='lat' dir='ltr'>oculos</span> <span class='ocrx_word' id='word_1_309' title='bbox 3157 1933 3304 1971; x_wconf 87' lang='lat' dir='ltr'>meos</span> <span class='ocrx_word' id='word_1_310' title='bbox 3332 1916 3626 1971; x_wconf 78' lang='lat' dir='ltr'>redduntur</span> <span class='ocrx_word' id='word_1_311' title='bbox 3652 1917 3769 1970; x_wconf 90' lang='lat' dir='ltr'>aliis</span> 
     </span>
    </p>
   </div>
   <div class='ocr_carea' id='block_1_48' title="bbox 2192 2009 3770 2082">
    <p class='ocr_par' dir='ltr' id='par_1_48' title="bbox 2192 2009 3770 2082">
     <span class='ocr_line' id='line_1_48' title="bbox 2192 2009 3770 2082; baseline -0.002 -17"><span class='ocrx_word' id='word_1_312' title='bbox 2192 2013 2414 2082; x_wconf 76' lang='lat' dir='ltr'>paginae,</span> <span class='ocrx_word' id='word_1_313' title='bbox 2443 2022 2497 2066; x_wconf 91' lang='lat' dir='ltr'>et</span> <span class='ocrx_word' id='word_1_314' title='bbox 2540 2015 2706 2064; x_wconf 89' lang='lat' dir='ltr'>amica</span> <span class='ocrx_word' id='word_1_315' title='bbox 2740 2018 3068 2079; x_wconf 60' lang='lat' dir='ltr'>exspecbto</span> <span class='ocrx_word' id='word_1_316' title='bbox 3110 2010 3210 2063; x_wconf 89' lang='lat' dir='ltr'>sob</span> <span class='ocrx_word' id='word_1_317' title='bbox 3253 2010 3393 2062; x_wconf 77' lang='grc' dir='ltr'>ωιιηὶ</span> <span class='ocrx_word' id='word_1_318' title='bbox 3440 2009 3770 2064; x_wconf 69' lang='lat' dir='ltr'>credulitatis</span> 
     </span>
    </p>
   </div>
   <div class='ocr_carea' id='block_1_49' title="bbox 2191 2101 3770 2171">
    <p class='ocr_par' dir='ltr' id='par_1_49' title="bbox 2191 2101 3770 2171">
     <span class='ocr_line' id='line_1_49' title="bbox 2191 2101 3770 2171; baseline -0.002 -14"><span class='ocrx_word' id='word_1_319' title='bbox 2191 2121 2323 2157; x_wconf 73' lang='lat' dir='ltr'>nica:</span> <span class='ocrx_word' id='word_1_320' title='bbox 2352 2104 2695 2171; x_wconf 80' lang='lat' dir='ltr'>deSpectione</span> <span class='ocrx_word' id='word_1_321' title='bbox 2728 2102 3028 2155; x_wconf 83' lang='lat' dir='ltr'>frustratur.</span> <span class='ocrx_word' id='word_1_322' title='bbox 3062 2101 3189 2154; x_wconf 77' lang='lat' dir='ltr'>Nolo</span> <span class='ocrx_word' id='word_1_323' title='bbox 3214 2102 3421 2155; x_wconf 90' lang='lat' dir='ltr'>litteras</span> <span class='ocrx_word' id='word_1_324' title='bbox 3457 2101 3643 2169; x_wconf 89' lang='lat' dir='ltr'>majori</span> <span class='ocrx_word' id='word_1_325' title='bbox 3676 2102 3770 2155; x_wconf 87' lang='lat' dir='ltr'>ob-</span> 
     </span>
    </p>
   </div>
   <div class='ocr_carea' id='block_1_50' title="bbox 2184 2192 3771 2264">
    <p class='ocr_par' dir='ltr' id='par_1_50' title="bbox 2184 2192 3771 2264">
     <span class='ocr_line' id='line_1_50' title="bbox 2184 2192 3771 2264; baseline -0.003 -16"><span class='ocrx_word' id='word_1_326' title='bbox 2184 2195 2204 2264; x_wconf 91' lang='lat' dir='ltr'>j</span> <span class='ocrx_word' id='word_1_327' title='bbox 2250 2195 2506 2264; x_wconf 87' lang='lat' dir='ltr'>rgationis</span> <span class='ocrx_word' id='word_1_328' title='bbox 2559 2194 2679 2247; x_wconf 74' lang='lat' dir='ltr'>felle</span> <span class='ocrx_word' id='word_1_329' title='bbox 2717 2192 3009 2260; x_wconf 74' lang='lat' dir='ltr'>complere.</span> <span class='ocrx_word' id='word_1_330' title='bbox 3055 2192 3263 2247; x_wconf 89' lang='lat' dir='ltr'>Sufﬁcit</span> <span class='ocrx_word' id='word_1_331' title='bbox 3306 2192 3542 2245; x_wconf 79' lang='lat' dir='ltr'>tristibus</span> <span class='ocrx_word' id='word_1_332' title='bbox 3586 2193 3771 2245; x_wconf 84' lang='lat' dir='ltr'>stricta</span> 
     </span>
    </p>
   </div>
   <div class='ocr_carea' id='block_1_51' title="bbox 2197 2282 3773 2352">
    <p class='ocr_par' dir='ltr' id='par_1_51' title="bbox 2197 2282 3773 2352">
     <span class='ocr_line' id='line_1_51' title="bbox 2197 2282 3773 2352; baseline -0.001 -15"><span class='ocrx_word' id='word_1_333' title='bbox 2197 2286 2452 2339; x_wconf 76' lang='lat' dir='ltr'>narratio.</span> <span class='ocrx_word' id='word_1_334' title='bbox 2486 2286 2538 2337; x_wconf 93' lang='lat' dir='ltr'>ln</span> <span class='ocrx_word' id='word_1_335' title='bbox 2571 2299 2636 2338; x_wconf 90' lang='lat' dir='ltr'>eo</span> <span class='ocrx_word' id='word_1_336' title='bbox 2664 2284 2837 2337; x_wconf 85' lang='lat' dir='ltr'>adhuc</span> <span class='ocrx_word' id='word_1_337' title='bbox 2868 2284 3077 2337; x_wconf 91' lang='lat' dir='ltr'>animus</span> <span class='ocrx_word' id='word_1_338' title='bbox 3109 2297 3276 2346; x_wconf 90' lang='lat' dir='ltr'>meus,</span> <span class='ocrx_word' id='word_1_339' title='bbox 3311 2298 3414 2352; x_wconf 89' lang='lat' dir='ltr'>quo</span> <span class='ocrx_word' id='word_1_340' title='bbox 3446 2282 3773 2352; x_wconf 84' lang='lat' dir='ltr'>magnitudi-</span> 
     </span>
    </p>
   </div>
   <div class='ocr_carea' id='block_1_52' title="bbox 2193 2371 3767 2441">
    <p class='ocr_par' dir='ltr' id='par_1_52' title="bbox 2193 2371 3767 2441">
     <span class='ocr_line' id='line_1_52' title="bbox 2193 2371 3767 2441; baseline -0.004 -12"><span class='ocrx_word' id='word_1_341' title='bbox 2193 2392 2312 2429; x_wconf 89' lang='lat' dir='ltr'>nem</span> <span class='ocrx_word' id='word_1_342' title='bbox 2368 2386 2508 2428; x_wconf 88' lang='lat' dir='ltr'>tuam</span> <span class='ocrx_word' id='word_1_343' title='bbox 2576 2373 2939 2428; x_wconf 75' lang='lat' dir='ltr'>discedentem</span> <span class='ocrx_word' id='word_1_344' title='bbox 2999 2372 3235 2436; x_wconf 89' lang='lat' dir='ltr'>monuit,</span> <span class='ocrx_word' id='word_1_345' title='bbox 3296 2371 3535 2441; x_wconf 90' lang='lat' dir='ltr'>persistit</span> <span class='ocrx_word' id='word_1_346' title='bbox 3583 2382 3767 2426; x_wconf 89' lang='lat' dir='ltr'>statu:</span> 
     </span>
    </p>
   </div>
   <div class='ocr_carea' id='block_1_53' title="bbox 2190 2463 3772 2533">
    <p class='ocr_par' dir='ltr' id='par_1_53' title="bbox 2190 2463 3772 2533">
     <span class='ocr_line' id='line_1_53' title="bbox 2190 2463 3772 2533; baseline -0.002 -13"><span class='ocrx_word' id='word_1_347' title='bbox 2190 2476 2426 2521; x_wconf 88' lang='lat' dir='ltr'>vestrum</span> <span class='ocrx_word' id='word_1_348' title='bbox 2479 2476 2597 2528; x_wconf 87' lang='lat' dir='ltr'>est,</span> <span class='ocrx_word' id='word_1_349' title='bbox 2628 2466 2670 2518; x_wconf 89' lang='lat' dir='ltr'>si</span> <span class='ocrx_word' id='word_1_350' title='bbox 2718 2476 3015 2533; x_wconf 66' lang='lat' dir='ltr'>tenzporum</span> <span class='ocrx_word' id='word_1_351' title='bbox 3062 2464 3196 2517; x_wconf 91' lang='lat' dir='ltr'>mala</span> <span class='ocrx_word' id='word_1_352' title='bbox 3241 2463 3605 2528; x_wconf 67' lang='lat' dir='ltr'>contemnitis,</span> <span class='ocrx_word' id='word_1_353' title='bbox 3652 2477 3772 2531; x_wconf 90' lang='lat' dir='ltr'>pro-</span> 
     </span>
    </p>
   </div>
   <div class='ocr_carea' id='block_1_54' title="bbox 2194 2553 3773 2620">
    <p class='ocr_par' dir='ltr' id='par_1_54' title="bbox 2194 2553 3773 2620">
     <span class='ocr_line' id='line_1_54' title="bbox 2194 2553 3773 2620; baseline 0 -11"><span class='ocrx_word' id='word_1_354' title='bbox 2194 2557 2409 2609; x_wconf 87' lang='lat' dir='ltr'>missam</span> <span class='ocrx_word' id='word_1_355' title='bbox 2457 2570 2675 2610; x_wconf 84' lang='lat' dir='ltr'>servare</span> <span class='ocrx_word' id='word_1_356' title='bbox 2722 2555 3086 2608; x_wconf 86' lang='lat' dir='ltr'>concordiam.</span> <span class='ocrx_word' id='word_1_357' title='bbox 3132 2553 3312 2620; x_wconf 88' lang='lat' dir='ltr'>Salve,</span> <span class='ocrx_word' id='word_1_358' title='bbox 3347 2554 3417 2607; x_wconf 90' lang='lat' dir='ltr'>mi</span> <span class='ocrx_word' id='word_1_359' title='bbox 3454 2554 3690 2619; x_wconf 90' lang='lat' dir='ltr'>domine,</span> <span class='ocrx_word' id='word_1_360' title='bbox 3721 2563 3773 2609; x_wconf 91' lang='lat' dir='ltr'>et</span> 
     </span>
    </p>
   </div>
   <div class='ocr_carea' id='block_1_55' title="bbox 2191 2644 3771 2709">
    <p class='ocr_par' dir='ltr' id='par_1_55' title="bbox 2191 2644 3771 2709">
     <span class='ocr_line' id='line_1_55' title="bbox 2191 2644 3771 2709; baseline -0.002 -10"><span class='ocrx_word' id='word_1_361' title='bbox 2191 2658 2457 2699; x_wconf 90' lang='lat' dir='ltr'>amantem</span> <span class='ocrx_word' id='word_1_362' title='bbox 2488 2647 2559 2698; x_wconf 89' lang='lat' dir='ltr'>tui</span> <span class='ocrx_word' id='word_1_363' title='bbox 2595 2645 2769 2699; x_wconf 88' lang='lat' dir='ltr'>releva</span> <span class='ocrx_word' id='word_1_364' title='bbox 2802 2645 3181 2699; x_wconf 85' lang='lat' dir='ltr'>eoonnunione</span> <span class='ocrx_word' id='word_1_365' title='bbox 3222 2644 3509 2709; x_wconf 79' lang='lat' dir='ltr'>sermonis,</span> <span class='ocrx_word' id='word_1_366' title='bbox 3544 2652 3602 2698; x_wconf 88' lang='lat' dir='ltr'>ut</span> <span class='ocrx_word' id='word_1_367' title='bbox 3637 2644 3771 2698; x_wconf 82' lang='lat' dir='ltr'>scri-</span> 
     </span>
    </p>
   </div>
   <div class='ocr_carea' id='block_1_56' title="bbox 2192 2736 3773 2807">
    <p class='ocr_par' dir='ltr' id='par_1_56' title="bbox 2192 2736 3773 2807">
     <span class='ocr_line' id='line_1_56' title="bbox 2192 2736 3773 2807; baseline -0.002 -14"><span class='ocrx_word' id='word_1_368' title='bbox 2192 2738 2366 2793; x_wconf 87' lang='lat' dir='ltr'>bendo</span> <span class='ocrx_word' id='word_1_369' title='bbox 2395 2737 2576 2792; x_wconf 89' lang='lat' dir='ltr'>deleas</span> <span class='ocrx_word' id='word_1_370' title='bbox 2613 2737 2883 2805; x_wconf 74' lang='lat' dir='ltr'>doloem,</span> <span class='ocrx_word' id='word_1_371' title='bbox 2918 2752 3074 2805; x_wconf 88' lang='lat' dir='ltr'>quem</span> <span class='ocrx_word' id='word_1_372' title='bbox 3108 2736 3257 2791; x_wconf 87' lang='lat' dir='ltr'>vides</span> <span class='ocrx_word' id='word_1_373' title='bbox 3288 2738 3460 2791; x_wconf 88' lang='lat' dir='ltr'>amico</span> <span class='ocrx_word' id='word_1_374' title='bbox 3507 2752 3601 2807; x_wconf 91' lang='lat' dir='ltr'>per</span> <span class='ocrx_word' id='word_1_375' title='bbox 3641 2737 3773 2791; x_wconf 81' lang='lat' dir='ltr'>Scri-</span> 
     </span>
    </p>
   </div>
   <div class='ocr_carea' id='block_1_57' title="bbox 2194 2828 3129 2900">
    <p class='ocr_par' dir='ltr' id='par_1_57' title="bbox 2194 2828 3129 2900">
     <span class='ocr_line' id='line_1_57' title="bbox 2194 2828 3129 2900; baseline -0.002 -17"><span class='ocrx_word' id='word_1_376' title='bbox 2194 2830 2391 2900; x_wconf 90' lang='lat' dir='ltr'>ptionis</span> <span class='ocrx_word' id='word_1_377' title='bbox 2418 2828 2791 2883; x_wconf 88' lang='lat' dir='ltr'>abstinentiam</span> <span class='ocrx_word' id='word_1_378' title='bbox 2818 2828 3129 2897; x_wconf 86' lang='lat' dir='ltr'>contigisse.</span> 
     </span>
    </p>
   </div>
   <div class='ocr_carea' id='block_1_58' title="bbox 2733 2917 3239 2973">
    <p class='ocr_par' dir='ltr' id='par_1_58' title="bbox 2733 2917 3239 2973">
     <span class='ocr_line' id='line_1_58' title="bbox 2733 2917 3239 2973; baseline -0.004 -1"><span class='ocrx_word' id='word_1_379' title='bbox 2733 2918 3053 2973; x_wconf 77' lang='lat' dir='ltr'>EPISTULA</span> <span class='ocrx_word' id='word_1_380' title='bbox 3100 2917 3239 2972; x_wconf 79' lang='lat' dir='ltr'>XIX.</span> 
     </span>
    </p>
   </div>
   <div class='ocr_carea' id='block_1_59' title="bbox 2668 3022 3295 3063">
    <p class='ocr_par' dir='ltr' id='par_1_59' title="bbox 2668 3022 3295 3063">
     <span class='ocr_line' id='line_1_59' title="bbox 2668 3022 3295 3063; baseline -0.005 -2"><span class='ocrx_word' id='word_1_381' title='bbox 2668 3024 2922 3063; x_wconf 66' lang='lat' dir='ltr'>ENNODIUS</span> <span class='ocrx_word' id='word_1_382' title='bbox 2951 3022 3295 3062; x_wconf 72' lang='lat' dir='ltr'>CUNSTANTIO.</span> 
     </span>
    </p>
   </div>
   <div class='ocr_carea' id='block_1_60' title="bbox 2267 3096 3769 3169">
    <p class='ocr_par' dir='ltr' id='par_1_60' title="bbox 2267 3096 3769 3169">
     <span class='ocr_line' id='line_1_60' title="bbox 2267 3096 3769 3169; baseline -0.002 -16"><span class='ocrx_word' id='word_1_383' title='bbox 2267 3099 2494 3153; x_wconf 85' lang='lat' dir='ltr'>Abunde</span> <span class='ocrx_word' id='word_1_384' title='bbox 2525 3099 2740 3169; x_wconf 86' lang='lat' dir='ltr'>gaudio,</span> <span class='ocrx_word' id='word_1_385' title='bbox 2776 3114 2873 3153; x_wconf 90' lang='lat' dir='ltr'>nec</span> <span class='ocrx_word' id='word_1_386' title='bbox 2901 3099 3086 3152; x_wconf 87' lang='lat' dir='ltr'>clauda</span> <span class='ocrx_word' id='word_1_387' title='bbox 3121 3098 3317 3151; x_wconf 66' lang='lat' dir='ltr'>laetitiae</span> <span class='ocrx_word' id='word_1_388' title='bbox 3346 3112 3476 3151; x_wconf 64' lang='lat' dir='ltr'>mea:</span> <span class='ocrx_word' id='word_1_389' title='bbox 3502 3096 3636 3150; x_wconf 84' lang='lat' dir='ltr'>ﬁdes</span> <span class='ocrx_word' id='word_1_390' title='bbox 3660 3104 3769 3162; x_wconf 83' lang='lat' dir='ltr'>est.</span> 
     </span>
    </p>
   </div>
   <div class='ocr_carea' id='block_1_61' title="bbox 519 3183 3773 3260">
    <p class='ocr_par' dir='ltr' id='par_1_61' title="bbox 519 3183 3773 3260">
     <span class='ocr_line' id='line_1_61' title="bbox 519 3183 3773 3260; baseline -0.002 -14"><span class='ocrx_word' id='word_1_391' title='bbox 519 3195 655 3246; x_wconf 79' lang='lat' dir='ltr'>Ecce</span> <span class='ocrx_word' id='word_1_392' title='bbox 685 3202 859 3245; x_wconf 89' lang='lat' dir='ltr'>tamen</span> <span class='ocrx_word' id='word_1_393' title='bbox 902 3190 1027 3256; x_wconf 89' lang='lat' dir='ltr'>quia</span> <span class='ocrx_word' id='word_1_394' title='bbox 1052 3191 1233 3257; x_wconf 84' lang='lat' dir='ltr'>jussus</span> <span class='ocrx_word' id='word_1_395' title='bbox 1275 3205 1423 3254; x_wconf 72' lang='lat' dir='ltr'>sum,</span> <span class='ocrx_word' id='word_1_396' title='bbox 1470 3190 1556 3243; x_wconf 90' lang='lat' dir='ltr'>illa</span> <span class='ocrx_word' id='word_1_397' title='bbox 1604 3205 1723 3257; x_wconf 61' lang='lat' dir='ltr'>quas</span> <span class='ocrx_word' id='word_1_398' title='bbox 1772 3198 2090 3258; x_wconf 64' lang='lat' dir='ltr'>praestantur</span> <span class='ocrx_word' id='word_1_399' title='bbox 2119 3183 2165 3245; x_wconf 90' lang='lat' dir='ltr'>C</span> <span class='ocrx_word' id='word_1_400' title='bbox 2202 3191 2321 3245; x_wconf 58' lang='lat' dir='ltr'>ideo</span> <span class='ocrx_word' id='word_1_401' title='bbox 2351 3192 2526 3260; x_wconf 87' lang='lat' dir='ltr'>aliqua</span> <span class='ocrx_word' id='word_1_402' title='bbox 2561 3208 2653 3259; x_wconf 91' lang='lat' dir='ltr'>per</span> <span class='ocrx_word' id='word_1_403' title='bbox 2684 3192 2997 3245; x_wconf 70' lang='lat' dir='ltr'>diabolieam</span> <span class='ocrx_word' id='word_1_404' title='bbox 3042 3188 3447 3257; x_wconf 84' lang='lat' dir='ltr'>inspirationem</span> <span class='ocrx_word' id='word_1_405' title='bbox 3482 3190 3624 3242; x_wconf 87' lang='lat' dir='ltr'>nasci</span> <span class='ocrx_word' id='word_1_406' title='bbox 3656 3203 3773 3242; x_wconf 85' lang='lat' dir='ltr'>cer-</span> 
     </span>
    </p>
   </div>
   <div class='ocr_carea' id='block_1_62' title="bbox 516 3279 2093 3348">
    <p class='ocr_par' dir='ltr' id='par_1_62' title="bbox 516 3279 2093 3348">
     <span class='ocr_line' id='line_1_62' title="bbox 516 3279 2093 3348; baseline -0.002 -11"><span class='ocrx_word' id='word_1_407' title='bbox 516 3284 804 3341; x_wconf 74' lang='lat' dir='ltr'>extraneis.</span> <span class='ocrx_word' id='word_1_408' title='bbox 842 3280 1212 3334; x_wconf 87' lang='lat' dir='ltr'>insinuationis</span> <span class='ocrx_word' id='word_1_409' title='bbox 1251 3279 1391 3333; x_wconf 78' lang='lat' dir='ltr'>dicta</span> <span class='ocrx_word' id='word_1_410' title='bbox 1436 3280 1717 3348; x_wconf 91' lang='lat' dir='ltr'>subjungo.</span> <span class='ocrx_word' id='word_1_411' title='bbox 1766 3279 1957 3334; x_wconf 85' lang='lat' dir='ltr'>Juvate</span> <span class='ocrx_word' id='word_1_412' title='bbox 1999 3294 2093 3334; x_wconf 89' lang='lat' dir='ltr'>vos</span> 
     </span>
    </p>
   </div>
   <div class='ocr_carea' id='block_1_63' title="bbox 520 3373 2093 3447">
    <p class='ocr_par' dir='ltr' id='par_1_63' title="bbox 520 3373 2093 3447">
     <span class='ocr_line' id='line_1_63' title="bbox 520 3373 2093 3447; baseline 0 -19"><span class='ocrx_word' id='word_1_413' title='bbox 520 3378 864 3447; x_wconf 74' lang='lat' dir='ltr'>peculiariter</span> <span class='ocrx_word' id='word_1_414' title='bbox 912 3384 1280 3444; x_wconf 80' lang='lat' dir='ltr'>expetentem,</span> <span class='ocrx_word' id='word_1_415' title='bbox 1330 3373 1575 3427; x_wconf 86' lang='lat' dir='ltr'>ﬁduciam</span> <span class='ocrx_word' id='word_1_416' title='bbox 1623 3374 1738 3442; x_wconf 87' lang='lat' dir='ltr'>ejus</span> <span class='ocrx_word' id='word_1_417' title='bbox 1787 3374 2093 3443; x_wconf 88' lang='lat' dir='ltr'>dignatione</span> 
     </span>
    </p>
   </div>
   <div class='ocr_carea' id='block_1_64' title="bbox 517 3465 2093 3536">
    <p class='ocr_par' dir='ltr' id='par_1_64' title="bbox 517 3465 2093 3536">
     <span class='ocr_line' id='line_1_64' title="bbox 517 3465 2093 3536; baseline -0.004 -10"><span class='ocrx_word' id='word_1_418' title='bbox 517 3474 867 3526; x_wconf 74' lang='lat' dir='ltr'>laborantes:</span> <span class='ocrx_word' id='word_1_419' title='bbox 900 3466 1151 3536; x_wconf 88' lang='lat' dir='ltr'>quidquid</span> <span class='ocrx_word' id='word_1_420' title='bbox 1182 3480 1277 3535; x_wconf 86' lang='lat' dir='ltr'>spe</span> <span class='ocrx_word' id='word_1_421' title='bbox 1320 3466 1587 3535; x_wconf 67' lang='lat' dir='ltr'>principit,</span> <span class='ocrx_word' id='word_1_422' title='bbox 1642 3465 1915 3523; x_wconf 81' lang='lat' dir='ltr'>inveniat;</span> <span class='ocrx_word' id='word_1_423' title='bbox 1949 3477 2004 3519; x_wconf 91' lang='lat' dir='ltr'>ut</span> <span class='ocrx_word' id='word_1_424' title='bbox 2048 3468 2093 3519; x_wconf 91' lang='lat' dir='ltr'>si</span> 
     </span>
    </p>
   </div>
   <div class='ocr_carea' id='block_1_65' title="bbox 519 3558 2093 3628">
    <p class='ocr_par' dir='ltr' id='par_1_65' title="bbox 519 3558 2093 3628">
     <span class='ocr_line' id='line_1_65' title="bbox 519 3558 2093 3628; baseline -0.003 -12"><span class='ocrx_word' id='word_1_425' title='bbox 519 3564 828 3618; x_wconf 89' lang='lat' dir='ltr'>meritorum</span> <span class='ocrx_word' id='word_1_426' title='bbox 877 3575 1095 3615; x_wconf 89' lang='lat' dir='ltr'>suorum</span> <span class='ocrx_word' id='word_1_427' title='bbox 1142 3570 1398 3628; x_wconf 86' lang='lat' dir='ltr'>angustus</span> <span class='ocrx_word' id='word_1_428' title='bbox 1446 3559 1739 3613; x_wconf 71' lang='lat' dir='ltr'>testimator</span> <span class='ocrx_word' id='word_1_429' title='bbox 1767 3566 1876 3622; x_wconf 90' lang='lat' dir='ltr'>est,</span> <span class='ocrx_word' id='word_1_430' title='bbox 1910 3558 1974 3611; x_wconf 87' lang='lat' dir='ltr'>ad</span> <span class='ocrx_word' id='word_1_431' title='bbox 2000 3572 2093 3612; x_wconf 86' lang='lat' dir='ltr'>me</span> 
     </span>
    </p>
   </div>
   <div class='ocr_carea' id='block_1_66' title="bbox 518 3648 2087 3721">
    <p class='ocr_par' dir='ltr' id='par_1_66' title="bbox 518 3648 2087 3721">
     <span class='ocr_line' id='line_1_66' title="bbox 518 3648 2087 3721; baseline -0.004 -13"><span class='ocrx_word' id='word_1_432' title='bbox 518 3652 715 3708; x_wconf 88' lang='lat' dir='ltr'>referat</span> <span class='ocrx_word' id='word_1_433' title='bbox 742 3650 994 3721; x_wconf 79' lang='lat' dir='ltr'>quidquid</span> <span class='ocrx_word' id='word_1_434' title='bbox 1030 3650 1186 3704; x_wconf 86' lang='lat' dir='ltr'>fuerit</span> <span class='ocrx_word' id='word_1_435' title='bbox 1213 3659 1552 3703; x_wconf 90' lang='lat' dir='ltr'>consecutus.</span> <span class='ocrx_word' id='word_1_436' title='bbox 1583 3648 1907 3717; x_wconf 85' lang='lat' dir='ltr'>Obsequium</span> <span class='ocrx_word' id='word_1_437' title='bbox 1943 3648 2087 3701; x_wconf 90' lang='lat' dir='ltr'>salu—</span> 
     </span>
    </p>
   </div>
   <div class='ocr_carea' id='block_1_67' title="bbox 520 3738 2083 3810">
    <p class='ocr_par' dir='ltr' id='par_1_67' title="bbox 520 3738 2083 3810">
     <span class='ocr_line' id='line_1_67' title="bbox 520 3738 2083 3810; baseline -0.002 -14"><span class='ocrx_word' id='word_1_438' title='bbox 520 3743 733 3798; x_wconf 83' lang='lat' dir='ltr'>tationis</span> <span class='ocrx_word' id='word_1_439' title='bbox 762 3741 1071 3810; x_wconf 88' lang='lat' dir='ltr'>impendens</span> <span class='ocrx_word' id='word_1_440' title='bbox 1103 3741 1379 3809; x_wconf 89' lang='lat' dir='ltr'>supplico,</span> <span class='ocrx_word' id='word_1_441' title='bbox 1409 3748 1465 3792; x_wconf 93' lang='lat' dir='ltr'>ut</span> <span class='ocrx_word' id='word_1_442' title='bbox 1488 3738 1694 3795; x_wconf 89' lang='lat' dir='ltr'>crebris</span> <span class='ocrx_word' id='word_1_443' title='bbox 1724 3754 1809 3794; x_wconf 89' lang='lat' dir='ltr'>me</span> <span class='ocrx_word' id='word_1_444' title='bbox 1840 3739 2083 3793; x_wconf 85' lang='lat' dir='ltr'>relevan-</span> 
     </span>
    </p>
   </div>
   <div class='ocr_carea' id='block_1_68' title="bbox 518 3830 2093 3896">
    <p class='ocr_par' dir='ltr' id='par_1_68' title="bbox 518 3830 2093 3896">
     <span class='ocr_line' id='line_1_68' title="bbox 518 3830 2093 3896; baseline -0.003 -7"><span class='ocrx_word' id='word_1_445' title='bbox 518 3838 644 3891; x_wconf 87' lang='lat' dir='ltr'>dum</span> <span class='ocrx_word' id='word_1_446' title='bbox 684 3834 886 3888; x_wconf 87' lang='lat' dir='ltr'>ducatis</span> <span class='ocrx_word' id='word_1_447' title='bbox 932 3831 1206 3896; x_wconf 75' lang='lat' dir='ltr'>affatibus;</span> <span class='ocrx_word' id='word_1_448' title='bbox 1247 3832 1329 3886; x_wconf 90' lang='lat' dir='ltr'>cui</span> <span class='ocrx_word' id='word_1_449' title='bbox 1383 3832 1520 3885; x_wconf 92' lang='lat' dir='ltr'>inter</span> <span class='ocrx_word' id='word_1_450' title='bbox 1564 3830 1810 3885; x_wconf 73' lang='lat' dir='ltr'>mmroris</span> <span class='ocrx_word' id='word_1_451' title='bbox 1853 3831 2093 3885; x_wconf 90' lang='lat' dir='ltr'>sarcinas</span> 
     </span>
    </p>
   </div>
   <div class='ocr_carea' id='block_1_69' title="bbox 519 3923 2093 3999">
    <p class='ocr_par' dir='ltr' id='par_1_69' title="bbox 519 3923 2093 3999">
     <span class='ocr_line' id='line_1_69' title="bbox 519 3923 2093 3999; baseline -0.004 -17"><span class='ocrx_word' id='word_1_452' title='bbox 519 3928 755 3991; x_wconf 88' lang='lat' dir='ltr'>nullum,</span> <span class='ocrx_word' id='word_1_453' title='bbox 788 3934 979 3999; x_wconf 69' lang='lat' dir='ltr'>praeter</span> <span class='ocrx_word' id='word_1_454' title='bbox 1019 3923 1131 3977; x_wconf 92' lang='lat' dir='ltr'>oris</span> <span class='ocrx_word' id='word_1_455' title='bbox 1154 3923 1313 3977; x_wconf 83' lang='lat' dir='ltr'>vestri</span> <span class='ocrx_word' id='word_1_456' title='bbox 1357 3923 1568 3987; x_wconf 90' lang='lat' dir='ltr'>solatia,</span> <span class='ocrx_word' id='word_1_457' title='bbox 1604 3932 1780 3991; x_wconf 86' lang='lat' dir='ltr'>potest</span> <span class='ocrx_word' id='word_1_458' title='bbox 1820 3936 1937 3976; x_wconf 87' lang='lat' dir='ltr'>esse</span> <span class='ocrx_word' id='word_1_459' title='bbox 1969 3924 2093 3977; x_wconf 89' lang='lat' dir='ltr'>sob-</span> 
     </span>
    </p>
   </div>
   <div class='ocr_carea' id='block_1_70' title="bbox 518 4018 735 4071">
    <p class='ocr_par' dir='ltr' id='par_1_70' title="bbox 518 4018 735 4071">
     <span class='ocr_line' id='line_1_70' title="bbox 518 4018 735 4071; baseline -0.014 0"><span class='ocrx_word' id='word_1_460' title='bbox 518 4018 735 4071; x_wconf 70' lang='lat' dir='ltr'>sidium.</span> 
     </span>
    </p>
   </div>
   <div class='ocr_carea' id='block_1_71' title="bbox 1043 4102 1573 4157">
    <p class='ocr_par' dir='ltr' id='par_1_71' title="bbox 1043 4102 1573 4157">
     <span class='ocr_line' id='line_1_71' title="bbox 1043 4102 1573 4157; baseline -0.004 0"><span class='ocrx_word' id='word_1_461' title='bbox 1043 4102 1367 4157; x_wconf 71' lang='lat' dir='ltr'>EPISTULA</span> <span class='ocrx_word' id='word_1_462' title='bbox 1412 4102 1492 4155; x_wconf 68' lang='lat' dir='ltr'>Xt</span> <span class='ocrx_word' id='word_1_463' title='bbox 1513 4102 1573 4155; x_wconf 88' lang='lat' dir='ltr'>ll.</span> 
     </span>
    </p>
   </div>
   <div class='ocr_carea' id='block_1_72' title="bbox 970 4195 1641 4249">
    <p class='ocr_par' dir='ltr' id='par_1_72' title="bbox 970 4195 1641 4249">
     <span class='ocr_line' id='line_1_72' title="bbox 970 4195 1641 4249; baseline -0.004 -1"><span class='ocrx_word' id='word_1_464' title='bbox 970 4207 1223 4249; x_wconf 70' lang='lat' dir='ltr'>Essemus</span> <span class='ocrx_word' id='word_1_465' title='bbox 1249 4195 1263 4224; x_wconf 87' lang='grc'>¹</span> <span class='ocrx_word' id='word_1_466' title='bbox 1293 4208 1641 4248; x_wconf 69' lang='lat' dir='ltr'>CONSTANTIO.</span> 
     </span>
    </p>
   </div>
   <div class='ocr_carea' id='block_1_73' title="bbox 592 4283 2089 4356">
    <p class='ocr_par' dir='ltr' id='par_1_73' title="bbox 592 4283 2089 4356">
     <span class='ocr_line' id='line_1_73' title="bbox 592 4283 2089 4356; baseline -0.003 -14"><span class='ocrx_word' id='word_1_467' title='bbox 592 4286 759 4343; x_wconf 83' lang='lat' dir='ltr'>Nemo</span> <span class='ocrx_word' id='word_1_468' title='bbox 808 4284 1049 4356; x_wconf 85' lang='lat' dir='ltr'>peritiam</span> <span class='ocrx_word' id='word_1_469' title='bbox 1093 4298 1343 4353; x_wconf 86' lang='lat' dir='ltr'>pomposa</span> <span class='ocrx_word' id='word_1_470' title='bbox 1389 4284 1690 4338; x_wconf 85' lang='lat' dir='ltr'>elocutione</span> <span class='ocrx_word' id='word_1_471' title='bbox 1736 4283 2089 4348; x_wconf 88' lang='lat' dir='ltr'>condemnat;</span> 
     </span>
    </p>
   </div>
   <div class='ocr_carea' id='block_1_74' title="bbox 522 4361 2091 4446">
    <p class='ocr_par' dir='ltr' id='par_1_74' title="bbox 522 4361 2091 4446">
     <span class='ocr_line' id='line_1_74' title="bbox 522 4361 2091 4446; baseline -0.005 -10"><span class='ocrx_word' id='word_1_472' title='bbox 522 4361 621 4436; x_wconf 74' lang='lat' dir='ltr'>nec</span> <span class='ocrx_word' id='word_1_473' title='bbox 645 4377 1003 4446; x_wconf 88' lang='lat' dir='ltr'>spernendum</span> <span class='ocrx_word' id='word_1_474' title='bbox 1030 4390 1151 4429; x_wconf 90' lang='lat' dir='ltr'>cum</span> <span class='ocrx_word' id='word_1_475' title='bbox 1181 4374 1381 4443; x_wconf 89' lang='lat' dir='ltr'>pudore</span> <span class='ocrx_word' id='word_1_476' title='bbox 1422 4374 1550 4428; x_wconf 89' lang='lat' dir='ltr'>dicit</span> <span class='ocrx_word' id='word_1_477' title='bbox 1579 4388 1696 4429; x_wconf 90' lang='lat' dir='ltr'>esse</span> <span class='ocrx_word' id='word_1_478' title='bbox 1740 4374 1880 4444; x_wconf 89' lang='lat' dir='ltr'>quod</span> <span class='ocrx_word' id='word_1_479' title='bbox 1912 4375 2091 4443; x_wconf 88' lang='lat' dir='ltr'>sequi-</span> 
     </span>
    </p>
   </div>
   <div class='ocr_carea' id='block_1_75' title="bbox 524 4466 2088 4538">
    <p class='ocr_par' dir='ltr' id='par_1_75' title="bbox 524 4466 2088 4538">
     <span class='ocr_line' id='line_1_75' title="bbox 524 4466 2088 4538; baseline -0.002 -15"><span class='ocrx_word' id='word_1_480' title='bbox 524 4482 630 4523; x_wconf 90' lang='lat' dir='ltr'>tur.</span> <span class='ocrx_word' id='word_1_481' title='bbox 662 4469 751 4523; x_wconf 88' lang='lat' dir='ltr'>Sui</span> <span class='ocrx_word' id='word_1_482' title='bbox 802 4469 1138 4538; x_wconf 86' lang='lat' dir='ltr'>impuguator</span> <span class='ocrx_word' id='word_1_483' title='bbox 1180 4475 1291 4529; x_wconf 91' lang='lat' dir='ltr'>est,</span> <span class='ocrx_word' id='word_1_484' title='bbox 1325 4467 1564 4534; x_wconf 85' lang='lat' dir='ltr'>qui-quis</span> <span class='ocrx_word' id='word_1_485' title='bbox 1604 4466 1927 4520; x_wconf 82' lang='lat' dir='ltr'>e&#39;ucubratis</span> <span class='ocrx_word' id='word_1_486' title='bbox 1974 4481 2088 4520; x_wconf 89' lang='lat' dir='ltr'>ser-</span> 
     </span>
    </p>
   </div>
   <div class='ocr_carea' id='block_1_76' title="bbox 2201 3280 3774 3352">
    <p class='ocr_par' dir='ltr' id='par_1_76' title="bbox 2201 3280 3774 3352">
     <span class='ocr_line' id='line_1_76' title="bbox 2201 3280 3774 3352; baseline -0.001 -17"><span class='ocrx_word' id='word_1_487' title='bbox 2201 3285 2420 3347; x_wconf 90' lang='lat' dir='ltr'>tamina,</span> <span class='ocrx_word' id='word_1_488' title='bbox 2455 3292 2510 3336; x_wconf 91' lang='lat' dir='ltr'>ut</span> <span class='ocrx_word' id='word_1_489' title='bbox 2539 3294 2619 3346; x_wconf 91' lang='lat' dir='ltr'>tu,</span> <span class='ocrx_word' id='word_1_490' title='bbox 2654 3283 2741 3352; x_wconf 91' lang='lat' dir='ltr'>qui</span> <span class='ocrx_word' id='word_1_491' title='bbox 2791 3291 2843 3336; x_wconf 86' lang='lat' dir='ltr'>te</span> <span class='ocrx_word' id='word_1_492' title='bbox 2889 3282 3023 3334; x_wconf 87' lang='lat' dir='ltr'>ultra</span> <span class='ocrx_word' id='word_1_493' title='bbox 3061 3280 3493 3335; x_wconf 83' lang='lat' dir='ltr'>emendationem</span> <span class='ocrx_word' id='word_1_494' title='bbox 3535 3280 3774 3334; x_wconf 87' lang='lat' dir='ltr'>omnium</span> 
     </span>
    </p>
   </div>
   <div class='ocr_carea' id='block_1_77' title="bbox 2198 3371 3774 3444">
    <p class='ocr_par' dir='ltr' id='par_1_77' title="bbox 2198 3371 3774 3444">
     <span class='ocr_line' id='line_1_77' title="bbox 2198 3371 3774 3444; baseline -0.002 -18"><span class='ocrx_word' id='word_1_495' title='bbox 2198 3376 2497 3444; x_wconf 85' lang='lat' dir='ltr'>protulisti,</span> <span class='ocrx_word' id='word_1_496' title='bbox 2531 3374 2784 3442; x_wconf 91' lang='lat' dir='ltr'>triumphi</span> <span class='ocrx_word' id='word_1_497' title='bbox 2830 3374 3032 3427; x_wconf 91' lang='lat' dir='ltr'>honore</span> <span class='ocrx_word' id='word_1_498' title='bbox 3077 3373 3383 3441; x_wconf 85' lang='lat' dir='ltr'>gratuleris.</span> <span class='ocrx_word' id='word_1_499' title='bbox 3416 3371 3529 3425; x_wconf 88' lang='lat' dir='ltr'>Non</span> <span class='ocrx_word' id='word_1_500' title='bbox 3570 3379 3685 3435; x_wconf 89' lang='lat' dir='ltr'>est,</span> <span class='ocrx_word' id='word_1_501' title='bbox 3717 3379 3774 3423; x_wconf 87' lang='lat' dir='ltr'>ut</span> 
     </span>
    </p>
   </div>
   <div class='ocr_carea' id='block_1_78' title="bbox 2198 3463 3775 3534">
    <p class='ocr_par' dir='ltr' id='par_1_78' title="bbox 2198 3463 3775 3534">
     <span class='ocr_line' id='line_1_78' title="bbox 2198 3463 3775 3534; baseline -0.001 -16"><span class='ocrx_word' id='word_1_502' title='bbox 2198 3466 2384 3530; x_wconf 82' lang='lat' dir='ltr'>video,</span> <span class='ocrx_word' id='word_1_503' title='bbox 2420 3467 2573 3520; x_wconf 77' lang='lat' dir='ltr'>effeta</span> <span class='ocrx_word' id='word_1_504' title='bbox 2619 3466 2827 3534; x_wconf 85' lang='lat' dir='ltr'>[.iguria</span> <span class='ocrx_word' id='word_1_505' title='bbox 2859 3483 2872 3519; x_wconf 88' lang='lat'>:</span> <span class='ocrx_word' id='word_1_506' title='bbox 2906 3464 3240 3518; x_wconf 91' lang='lat' dir='ltr'>nobilitatem</span> <span class='ocrx_word' id='word_1_507' title='bbox 3291 3464 3531 3533; x_wconf 89' lang='lat' dir='ltr'>pariendi</span> <span class='ocrx_word' id='word_1_508' title='bbox 3580 3478 3678 3517; x_wconf 91' lang='lat' dir='ltr'>nec</span> <span class='ocrx_word' id='word_1_509' title='bbox 3722 3463 3775 3516; x_wconf 88' lang='lat' dir='ltr'>in</span> 
     </span>
    </p>
   </div>
   <div class='ocr_carea' id='block_1_79' title="bbox 2200 3553 3770 3625">
    <p class='ocr_par' dir='ltr' id='par_1_79' title="bbox 2200 3553 3770 3625">
     <span class='ocr_line' id='line_1_79' title="bbox 2200 3553 3770 3625; baseline -0.002 -16"><span class='ocrx_word' id='word_1_510' title='bbox 2200 3568 2497 3625; x_wconf 90' lang='lat' dir='ltr'>temporum</span> <span class='ocrx_word' id='word_1_511' title='bbox 2556 3556 2895 3609; x_wconf 74' lang='lat' dir='ltr'>extremitate</span> <span class='ocrx_word' id='word_1_512' title='bbox 2955 3555 3221 3622; x_wconf 84' lang='lat' dir='ltr'>deposuit.</span> <span class='ocrx_word' id='word_1_513' title='bbox 3283 3553 3561 3607; x_wconf 90' lang='lat' dir='ltr'>Inimicum</span> <span class='ocrx_word' id='word_1_514' title='bbox 3624 3553 3770 3606; x_wconf 84' lang='lat' dir='ltr'>vitiis</span> 
     </span>
    </p>
   </div>
   <div class='ocr_carea' id='block_1_80' title="bbox 2204 3642 3775 3714">
    <p class='ocr_par' dir='ltr' id='par_1_80' title="bbox 2204 3642 3775 3714">
     <span class='ocr_line' id='line_1_80' title="bbox 2204 3642 3775 3714; baseline -0.003 -15"><span class='ocrx_word' id='word_1_515' title='bbox 2204 3648 2378 3701; x_wconf 88' lang='lat' dir='ltr'>adhuc</span> <span class='ocrx_word' id='word_1_516' title='bbox 2407 3658 2459 3701; x_wconf 87' lang='lat' dir='ltr'>et</span> <span class='ocrx_word' id='word_1_517' title='bbox 2493 3648 2543 3700; x_wconf 93' lang='lat' dir='ltr'>in</span> <span class='ocrx_word' id='word_1_518' title='bbox 2572 3646 2841 3700; x_wconf 90' lang='lat' dir='ltr'>cineribus</span> <span class='ocrx_word' id='word_1_519' title='bbox 2870 3646 3037 3699; x_wconf 84' lang='lat' dir='ltr'>nutrit</span> <span class='ocrx_word' id='word_1_520' title='bbox 3068 3645 3368 3714; x_wconf 76' lang='lat' dir='ltr'>incendium</span> <span class='ocrx_word' id='word_1_521' title='bbox 3394 3660 3407 3698; x_wconf 92' lang='lat'>:</span> <span class='ocrx_word' id='word_1_522' title='bbox 3441 3644 3492 3698; x_wconf 92' lang='lat' dir='ltr'>in</span> <span class='ocrx_word' id='word_1_523' title='bbox 3520 3644 3672 3711; x_wconf 86' lang='lat' dir='ltr'>cujus</span> <span class='ocrx_word' id='word_1_524' title='bbox 3702 3642 3775 3695; x_wconf 87' lang='lat' dir='ltr'>fa-</span> 
     </span>
    </p>
   </div>
   <div class='ocr_carea' id='block_1_81' title="bbox 2200 3735 3774 3799">
    <p class='ocr_par' dir='ltr' id='par_1_81' title="bbox 2200 3735 3774 3799">
     <span class='ocr_line' id='line_1_81' title="bbox 2200 3735 3774 3799; baseline -0.003 -8"><span class='ocrx_word' id='word_1_525' title='bbox 2200 3739 2338 3792; x_wconf 88' lang='lat' dir='ltr'>villis</span> <span class='ocrx_word' id='word_1_526' title='bbox 2363 3738 2515 3791; x_wconf 67' lang='lat' dir='ltr'>ultriv</span> <span class='ocrx_word' id='word_1_527' title='bbox 2542 3753 2584 3790; x_wconf 92' lang='lat' dir='ltr'>c.</span> <span class='ocrx_word' id='word_1_528' title='bbox 2602 3737 2822 3791; x_wconf 89' lang='lat' dir='ltr'>iminum</span> <span class='ocrx_word' id='word_1_529' title='bbox 2847 3736 3057 3790; x_wconf 85' lang='lat' dir='ltr'>flamma</span> <span class='ocrx_word' id='word_1_530' title='bbox 3084 3752 3187 3789; x_wconf 92' lang='lat' dir='ltr'>non</span> <span class='ocrx_word' id='word_1_531' title='bbox 3213 3738 3459 3799; x_wconf 90' lang='lat' dir='ltr'>moritur,</span> <span class='ocrx_word' id='word_1_532' title='bbox 3483 3750 3581 3788; x_wconf 88' lang='lat' dir='ltr'>nec</span> <span class='ocrx_word' id='word_1_533' title='bbox 3605 3735 3774 3788; x_wconf 81' lang='lat' dir='ltr'>hostis</span> 
     </span>
    </p>
   </div>
   <div class='ocr_carea' id='block_1_82' title="bbox 2196 3825 3777 3905">
    <p class='ocr_par' dir='ltr' id='par_1_82' title="bbox 2196 3825 3777 3905">
     <span class='ocr_line' id='line_1_82' title="bbox 2196 3825 3777 3905; baseline -0.005 -20"><span class='ocrx_word' id='word_1_534' title='bbox 2196 3845 2436 3885; x_wconf 90' lang='lat' dir='ltr'>errorum</span> <span class='ocrx_word' id='word_1_535' title='bbox 2470 3829 2605 3898; x_wconf 83' lang='lat' dir='ltr'>ignis</span> <span class='ocrx_word' id='word_1_536' title='bbox 2635 3830 2894 3896; x_wconf 89' lang='lat' dir='ltr'>operitur.</span> <span class='ocrx_word' id='word_1_537' title='bbox 2922 3828 3087 3895; x_wconf 89' lang='lat' dir='ltr'>Quam</span> <span class='ocrx_word' id='word_1_538' title='bbox 3121 3828 3268 3882; x_wconf 80' lang='lat' dir='ltr'>t&#39;mui</span> <span class='ocrx_word' id='word_1_539' title='bbox 3303 3843 3368 3881; x_wconf 90' lang='lat' dir='ltr'>ne</span> <span class='ocrx_word' id='word_1_540' title='bbox 3399 3827 3546 3880; x_wconf 87' lang='lat' dir='ltr'>velut</span> <span class='ocrx_word' id='word_1_541' title='bbox 3571 3825 3777 3905; x_wconf 47' lang='lat' dir='ltr'>exhanf</span> 
     </span>
    </p>
   </div>
   <div class='ocr_carea' id='block_1_83' title="bbox 2196 3917 3779 3989">
    <p class='ocr_par' dir='ltr' id='par_1_83' title="bbox 2196 3917 3779 3989">
     <span class='ocr_line' id='line_1_83' title="bbox 2196 3917 3779 3989; baseline -0.006 -12"><span class='ocrx_word' id='word_1_542' title='bbox 2196 3932 2277 3977; x_wconf 88' lang='lat' dir='ltr'>sta</span> <span class='ocrx_word' id='word_1_543' title='bbox 2318 3930 2585 3989; x_wconf 86' lang='lat' dir='ltr'>cessaret,</span> <span class='ocrx_word' id='word_1_544' title='bbox 2614 3922 2738 3975; x_wconf 87' lang='lat' dir='ltr'>dum</span> <span class='ocrx_word' id='word_1_545' title='bbox 2789 3921 3030 3989; x_wconf 72' lang='lat' dir='ltr'>epistolae</span> <span class='ocrx_word' id='word_1_546' title='bbox 3070 3930 3263 3975; x_wconf 74' lang='lat' dir='ltr'>vestra:</span> <span class='ocrx_word' id='word_1_547' title='bbox 3313 3919 3542 3973; x_wconf 87' lang='lat' dir='ltr'>frontem</span> <span class='ocrx_word' id='word_1_548' title='bbox 3588 3917 3779 3971; x_wconf 79' lang='lat' dir='ltr'>alienis</span> 
     </span>
    </p>
   </div>
   <div class='ocr_carea' id='block_1_84' title="bbox 2198 4010 3774 4084">
    <p class='ocr_par' dir='ltr' id='par_1_84' title="bbox 2198 4010 3774 4084">
     <span class='ocr_line' id='line_1_84' title="bbox 2198 4010 3774 4084; baseline -0.006 -14"><span class='ocrx_word' id='word_1_549' title='bbox 2198 4017 2454 4071; x_wconf 88' lang='lat' dir='ltr'>fuscatam</span> <span class='ocrx_word' id='word_1_550' title='bbox 2500 4015 2779 4084; x_wconf 72' lang='lat' dir='ltr'>prmstigiis</span> <span class='ocrx_word' id='word_1_551' title='bbox 2809 4013 3068 4068; x_wconf 90' lang='lat' dir='ltr'>sollicitus</span> <span class='ocrx_word' id='word_1_552' title='bbox 3118 4012 3403 4067; x_wconf 90' lang='lat' dir='ltr'>trutinator</span> <span class='ocrx_word' id='word_1_553' title='bbox 3446 4010 3774 4080; x_wconf 88' lang='lat' dir='ltr'>aspicerem!</span> 
     </span>
    </p>
   </div>
   <div class='ocr_carea' id='block_1_85' title="bbox 2198 4098 3779 4174">
    <p class='ocr_par' dir='ltr' id='par_1_85' title="bbox 2198 4098 3779 4174">
     <span class='ocr_line' id='line_1_85' title="bbox 2198 4098 3779 4174; baseline -0.006 -14"><span class='ocrx_word' id='word_1_554' title='bbox 2198 4122 2347 4161; x_wconf 92' lang='lat' dir='ltr'>more</span> <span class='ocrx_word' id='word_1_555' title='bbox 2394 4105 2627 4174; x_wconf 88' lang='lat' dir='ltr'>parentis</span> <span class='ocrx_word' id='word_1_556' title='bbox 2673 4104 2912 4168; x_wconf 89' lang='lat' dir='ltr'>attoniti,</span> <span class='ocrx_word' id='word_1_557' title='bbox 2956 4104 3041 4173; x_wconf 86' lang='lat' dir='ltr'>qui</span> <span class='ocrx_word' id='word_1_558' title='bbox 3090 4118 3209 4157; x_wconf 90' lang='lat' dir='ltr'>cum</span> <span class='ocrx_word' id='word_1_559' title='bbox 3254 4116 3432 4156; x_wconf 90' lang='lat' dir='ltr'>carum</span> <span class='ocrx_word' id='word_1_560' title='bbox 3480 4103 3668 4169; x_wconf 88' lang='lat' dir='ltr'>pignus</span> <span class='ocrx_word' id='word_1_561' title='bbox 3713 4098 3779 4151; x_wconf 93' lang='lat' dir='ltr'>ad</span> 
     </span>
    </p>
   </div>
   <div class='ocr_carea' id='block_1_86' title="bbox 2198 4192 3780 4263">
    <p class='ocr_par' dir='ltr' id='par_1_86' title="bbox 2198 4192 3780 4263">
     <span class='ocr_line' id='line_1_86' title="bbox 2198 4192 3780 4263; baseline -0.003 -12"><span class='ocrx_word' id='word_1_562' title='bbox 2198 4200 2335 4253; x_wconf 90' lang='lat' dir='ltr'>bella</span> <span class='ocrx_word' id='word_1_563' title='bbox 2376 4198 2719 4263; x_wconf 75' lang='lat' dir='ltr'>transmittit,</span> <span class='ocrx_word' id='word_1_564' title='bbox 2754 4212 2851 4251; x_wconf 84' lang='lat' dir='ltr'>nec</span> <span class='ocrx_word' id='word_1_565' title='bbox 2878 4197 2944 4251; x_wconf 89' lang='lat' dir='ltr'>de</span> <span class='ocrx_word' id='word_1_566' title='bbox 2972 4196 3246 4261; x_wconf 82' lang='lat' dir='ltr'>explorata</span> <span class='ocrx_word' id='word_1_567' title='bbox 3288 4210 3407 4249; x_wconf 86' lang='lat' dir='ltr'>esse</span> <span class='ocrx_word' id='word_1_568' title='bbox 3448 4194 3644 4261; x_wconf 88' lang='lat' dir='ltr'>patitur</span> <span class='ocrx_word' id='word_1_569' title='bbox 3675 4192 3780 4246; x_wconf 82' lang='lat' dir='ltr'>vir-</span> 
     </span>
    </p>
   </div>
   <div class='ocr_carea' id='block_1_87' title="bbox 2196 4286 3780 4346">
    <p class='ocr_par' dir='ltr' id='par_1_87' title="bbox 2196 4286 3780 4346">
     <span class='ocr_line' id='line_1_87' title="bbox 2196 4286 3780 4346; baseline -0.004 -4"><span class='ocrx_word' id='word_1_570' title='bbox 2196 4300 2308 4346; x_wconf 90' lang='lat' dir='ltr'>tute</span> <span class='ocrx_word' id='word_1_571' title='bbox 2348 4305 2588 4346; x_wconf 80' lang='lat' dir='ltr'>securus.</span> <span class='ocrx_word' id='word_1_572' title='bbox 2625 4290 2702 4343; x_wconf 91' lang='lat' dir='ltr'>Ad</span> <span class='ocrx_word' id='word_1_573' title='bbox 2755 4291 3082 4343; x_wconf 89' lang='lat' dir='ltr'>incrementa</span> <span class='ocrx_word' id='word_1_574' title='bbox 3125 4286 3543 4342; x_wconf 90' lang='lat' dir='ltr'>sollicitudinum</span> <span class='ocrx_word' id='word_1_575' title='bbox 3590 4286 3780 4337; x_wconf 90' lang='lat' dir='ltr'>trium-</span> 
     </span>
    </p>
   </div>
   <div class='ocr_carea' id='block_1_88' title="bbox 2198 4374 3772 4454">
    <p class='ocr_par' dir='ltr' id='par_1_88' title="bbox 2198 4374 3772 4454">
     <span class='ocr_line' id='line_1_88' title="bbox 2198 4374 3772 4454; baseline -0.003 -18"><span class='ocrx_word' id='word_1_576' title='bbox 2198 4385 2329 4454; x_wconf 82' lang='lat' dir='ltr'>phos</span> <span class='ocrx_word' id='word_1_577' title='bbox 2358 4384 2448 4435; x_wconf 89' lang='lat' dir='ltr'>filii</span> <span class='ocrx_word' id='word_1_578' title='bbox 2479 4390 2746 4443; x_wconf 84' lang='lat' dir='ltr'>numerat.</span> <span class='ocrx_word' id='word_1_579' title='bbox 2784 4396 2888 4435; x_wconf 90' lang='lat' dir='ltr'>non</span> <span class='ocrx_word' id='word_1_580' title='bbox 2912 4379 3105 4451; x_wconf 91' lang='lat' dir='ltr'>quietis</span> <span class='ocrx_word' id='word_1_581' title='bbox 3134 4398 3144 4430; x_wconf 88' lang='lat'>:</span> <span class='ocrx_word' id='word_1_582' title='bbox 3178 4380 3294 4447; x_wconf 88' lang='lat' dir='ltr'>plus</span> <span class='ocrx_word' id='word_1_583' title='bbox 3316 4386 3551 4447; x_wconf 71' lang='lat' dir='ltr'>expertae</span> <span class='ocrx_word' id='word_1_584' title='bbox 3580 4374 3772 4431; x_wconf 89' lang='lat' dir='ltr'>metuit</span> 
     </span>
    </p>
   </div>
   <div class='ocr_carea' id='block_1_89' title="bbox 2200 4470 3778 4542">
    <p class='ocr_par' dir='ltr' id='par_1_89' title="bbox 2200 4470 3778 4542">
     <span class='ocr_line' id='line_1_89' title="bbox 2200 4470 3778 4542; baseline -0.003 -12"><span class='ocrx_word' id='word_1_585' title='bbox 2200 4477 2466 4542; x_wconf 89' lang='lat' dir='ltr'>felicitati,</span> <span class='ocrx_word' id='word_1_586' title='bbox 2513 4475 2598 4529; x_wconf 91' lang='lat' dir='ltr'>cui</span> <span class='ocrx_word' id='word_1_587' title='bbox 2646 4474 2984 4529; x_wconf 84' lang='lat' dir='ltr'>formidinem</span> <span class='ocrx_word' id='word_1_588' title='bbox 3036 4472 3302 4527; x_wconf 90' lang='lat' dir='ltr'>ministrat</span> <span class='ocrx_word' id='word_1_589' title='bbox 3352 4471 3564 4525; x_wconf 77' lang='lat' dir='ltr'>affectio</span> <span class='ocrx_word' id='word_1_590' title='bbox 3600 4489 3611 4523; x_wconf 93' lang='lat'><strong>:</strong></span> <span class='ocrx_word' id='word_1_591' title='bbox 3654 4470 3778 4540; x_wconf 88' lang='lat' dir='ltr'>quia</span> 
     </span>
    </p>
   </div>
   <div class='ocr_carea' id='block_1_90' title="bbox 522 4551 3779 4637">
    <p class='ocr_par' dir='ltr' id='par_1_90' title="bbox 522 4551 3779 4637">
     <span class='ocr_line' id='line_1_90' title="bbox 522 4551 3779 4637; baseline -0.001 -20"><span class='ocrx_word' id='word_1_592' title='bbox 522 4562 763 4617; x_wconf 81' lang='lat' dir='ltr'>monibus</span> <span class='ocrx_word' id='word_1_593' title='bbox 789 4562 979 4629; x_wconf 69' lang='lat' dir='ltr'>lingum</span> <span class='ocrx_word' id='word_1_594' title='bbox 1000 4560 1199 4613; x_wconf 88' lang='lat' dir='ltr'>cultum</span> <span class='ocrx_word' id='word_1_595' title='bbox 1222 4557 1479 4626; x_wconf 69' lang='lat' dir='ltr'>prmdicat</span> <span class='ocrx_word' id='word_1_596' title='bbox 1502 4555 1753 4623; x_wconf 69' lang='lat' dir='ltr'>altjurari.</span> <span class='ocrx_word' id='word_1_597' title='bbox 1782 4557 1891 4625; x_wconf 86' lang='lat' dir='ltr'>Ego</span> <span class='ocrx_word' id='word_1_598' title='bbox 1916 4567 2091 4611; x_wconf 88' lang='lat' dir='ltr'>tamen</span> <span class='ocrx_word' id='word_1_599' title='bbox 2126 4551 2175 4610; x_wconf 83' lang='grc' dir='ltr'>Ι)</span> <span class='ocrx_word' id='word_1_600' title='bbox 2202 4571 2381 4637; x_wconf 70' lang='lat' dir='ltr'>ignara</span> <span class='ocrx_word' id='word_1_601' title='bbox 2424 4567 2685 4622; x_wconf 67' lang='lat' dir='ltr'>cautionis</span> <span class='ocrx_word' id='word_1_602' title='bbox 2717 4573 2799 4619; x_wconf 79' lang='lat' dir='ltr'>est</span> <span class='ocrx_word' id='word_1_603' title='bbox 2842 4579 2993 4617; x_wconf 85' lang='lat' dir='ltr'>mens</span> <span class='ocrx_word' id='word_1_604' title='bbox 3039 4563 3279 4615; x_wconf 89' lang='lat' dir='ltr'>instituta</span> <span class='ocrx_word' id='word_1_605' title='bbox 3320 4562 3557 4615; x_wconf 85' lang='lat' dir='ltr'>victoriis</span> <span class='ocrx_word' id='word_1_606' title='bbox 3586 4578 3599 4614; x_wconf 88' lang='lat'><strong>:</strong></span> <span class='ocrx_word' id='word_1_607' title='bbox 3634 4570 3687 4615; x_wconf 90' lang='lat' dir='ltr'>et</span> <span class='ocrx_word' id='word_1_608' title='bbox 3726 4561 3779 4616; x_wconf 89' lang='lat' dir='ltr'>in</span> 
     </span>
    </p>
   </div>
   <div class='ocr_carea' id='block_1_91' title="bbox 523 4646 2091 4721">
    <p class='ocr_par' dir='ltr' id='par_1_91' title="bbox 523 4646 2091 4721">
     <span class='ocr_line' id='line_1_91' title="bbox 523 4646 2091 4721; baseline -0.004 -14"><span class='ocrx_word' id='word_1_609' title='bbox 523 4658 573 4707; x_wconf 87' lang='lat' dir='ltr'>in</span> <span class='ocrx_word' id='word_1_610' title='bbox 606 4652 842 4721; x_wconf 62' lang='lat' dir='ltr'>epistolis</span> <span class='ocrx_word' id='word_1_611' title='bbox 870 4648 1248 4718; x_wconf 60' lang='lat' dir='ltr'>magnitudinis</span> <span class='ocrx_word' id='word_1_612' title='bbox 1276 4658 1466 4701; x_wconf 55' lang='lat' dir='ltr'>ve4tra:</span> <span class='ocrx_word' id='word_1_613' title='bbox 1501 4646 1830 4715; x_wconf 89' lang='lat' dir='ltr'>diligentiam</span> <span class='ocrx_word' id='word_1_614' title='bbox 1859 4661 2091 4715; x_wconf 90' lang='lat' dir='ltr'>semper,</span> 
     </span>
    </p>
   </div>
   <div class='ocr_carea' id='block_1_92' title="bbox 522 4738 2097 4807">
    <p class='ocr_par' dir='ltr' id='par_1_92' title="bbox 522 4738 2097 4807">
     <span class='ocr_line' id='line_1_92' title="bbox 522 4738 2097 4807; baseline -0.003 -10"><span class='ocrx_word' id='word_1_615' title='bbox 522 4760 627 4797; x_wconf 83' lang='lat' dir='ltr'>non</span> <span class='ocrx_word' id='word_1_616' title='bbox 664 4740 821 4797; x_wconf 75' lang='lat' dir='ltr'>verba</span> <span class='ocrx_word' id='word_1_617' title='bbox 867 4742 1079 4807; x_wconf 86' lang='lat' dir='ltr'>pensavi</span> <span class='ocrx_word' id='word_1_618' title='bbox 1110 4756 1122 4790; x_wconf 85' lang='lat'><strong>:</strong></span> <span class='ocrx_word' id='word_1_619' title='bbox 1156 4753 1252 4790; x_wconf 90' lang='lat' dir='ltr'>nec</span> <span class='ocrx_word' id='word_1_620' title='bbox 1298 4738 1610 4805; x_wconf 80' lang='lat' dir='ltr'>adjutrirem</span> <span class='ocrx_word' id='word_1_621' title='bbox 1658 4738 1867 4791; x_wconf 72' lang='lat' dir='ltr'>uialitim</span> <span class='ocrx_word' id='word_1_622' title='bbox 1918 4738 2097 4792; x_wconf 84' lang='lat' dir='ltr'>facun-</span> 
     </span>
    </p>
   </div>
   <div class='ocr_carea' id='block_1_93' title="bbox 520 4829 2095 4900">
    <p class='ocr_par' dir='ltr' id='par_1_93' title="bbox 520 4829 2095 4900">
     <span class='ocr_line' id='line_1_93' title="bbox 520 4829 2095 4900; baseline -0.004 -12"><span class='ocrx_word' id='word_1_623' title='bbox 520 4837 661 4888; x_wconf 70' lang='lat' dir='ltr'>diam</span> <span class='ocrx_word' id='word_1_624' title='bbox 718 4832 885 4900; x_wconf 86' lang='lat' dir='ltr'>majus</span> <span class='ocrx_word' id='word_1_625' title='bbox 916 4832 1140 4899; x_wconf 90' lang='lat' dir='ltr'>pretium</span> <span class='ocrx_word' id='word_1_626' title='bbox 1183 4829 1380 4883; x_wconf 89' lang='lat' dir='ltr'>habere</span> <span class='ocrx_word' id='word_1_627' title='bbox 1423 4830 1602 4882; x_wconf 87' lang='lat' dir='ltr'>censui</span> <span class='ocrx_word' id='word_1_628' title='bbox 1643 4844 1798 4898; x_wconf 84' lang='lat' dir='ltr'>quant</span> <span class='ocrx_word' id='word_1_629' title='bbox 1840 4829 2095 4897; x_wconf 85' lang='lat' dir='ltr'>simplici-</span> 
     </span>
    </p>
   </div>
   <div class='ocr_carea' id='block_1_94' title="bbox 524 4920 2092 4991">
    <p class='ocr_par' dir='ltr' id='par_1_94' title="bbox 524 4920 2092 4991">
     <span class='ocr_line' id='line_1_94' title="bbox 524 4920 2092 4991; baseline 0 -17"><span class='ocrx_word' id='word_1_630' title='bbox 524 4938 705 4987; x_wconf 72' lang='lat' dir='ltr'>tatem,</span> <span class='ocrx_word' id='word_1_631' title='bbox 734 4937 849 4991; x_wconf 80' lang='lat' dir='ltr'>quae</span> <span class='ocrx_word' id='word_1_632' title='bbox 874 4921 1104 4974; x_wconf 75' lang='lat' dir='ltr'>infucata</span> <span class='ocrx_word' id='word_1_633' title='bbox 1133 4920 1307 4973; x_wconf 79' lang='lat' dir='ltr'>fronte</span> <span class='ocrx_word' id='word_1_634' title='bbox 1329 4932 1592 4974; x_wconf 82' lang='lat' dir='ltr'>secretum</span> <span class='ocrx_word' id='word_1_635' title='bbox 1620 4924 1809 4975; x_wconf 90' lang='lat' dir='ltr'>mentis</span> <span class='ocrx_word' id='word_1_636' title='bbox 1834 4925 2092 4976; x_wconf 89' lang='lat' dir='ltr'>enuntiat.</span> 
     </span>
    </p>
   </div>
   <div class='ocr_carea' id='block_1_95' title="bbox 522 5013 2089 5084">
    <p class='ocr_par' dir='ltr' id='par_1_95' title="bbox 522 5013 2089 5084">
     <span class='ocr_line' id='line_1_95' title="bbox 522 5013 2089 5084; baseline -0.003 -13"><span class='ocrx_word' id='word_1_637' title='bbox 522 5018 635 5073; x_wconf 69' lang='lat' dir='ltr'>Hoc.</span> <span class='ocrx_word' id='word_1_638' title='bbox 668 5017 717 5069; x_wconf 92' lang='lat' dir='ltr'>in</span> <span class='ocrx_word' id='word_1_639' title='bbox 751 5016 947 5069; x_wconf 90' lang='lat' dir='ltr'>sanctis</span> <span class='ocrx_word' id='word_1_640' title='bbox 978 5013 1281 5067; x_wconf 83' lang='lat' dir='ltr'>hominibus</span> <span class='ocrx_word' id='word_1_641' title='bbox 1312 5015 1560 5067; x_wconf 80' lang='lat' dir='ltr'>et-amavi</span> <span class='ocrx_word' id='word_1_642' title='bbox 1605 5030 1815 5084; x_wconf 89' lang='lat' dir='ltr'>semper</span> <span class='ocrx_word' id='word_1_643' title='bbox 1854 5026 1905 5069; x_wconf 89' lang='lat' dir='ltr'>et</span> <span class='ocrx_word' id='word_1_644' title='bbox 1932 5016 2089 5068; x_wconf 56' lang='lat' dir='ltr'>colui.</span> 
     </span>
    </p>
   </div>
   <div class='ocr_carea' id='block_1_96' title="bbox 524 5106 2091 5179">
    <p class='ocr_par' dir='ltr' id='par_1_96' title="bbox 524 5106 2091 5179">
     <span class='ocr_line' id='line_1_96' title="bbox 524 5106 2091 5179; baseline -0.004 -14"><span class='ocrx_word' id='word_1_645' title='bbox 524 5115 637 5179; x_wconf 75' lang='lat' dir='ltr'>Ago</span> <span class='ocrx_word' id='word_1_646' title='bbox 685 5122 825 5162; x_wconf 88' lang='lat' dir='ltr'>nunc</span> <span class='ocrx_word' id='word_1_647' title='bbox 869 5116 1029 5175; x_wconf 85' lang='lat' dir='ltr'>atque</span> <span class='ocrx_word' id='word_1_648' title='bbox 1080 5106 1249 5159; x_wconf 88' lang='lat' dir='ltr'>habeo</span> <span class='ocrx_word' id='word_1_649' title='bbox 1300 5108 1527 5177; x_wconf 81' lang='lat' dir='ltr'>gratias,</span> <span class='ocrx_word' id='word_1_650' title='bbox 1579 5108 1718 5176; x_wconf 84' lang='lat' dir='ltr'>quod</span> <span class='ocrx_word' id='word_1_651' title='bbox 1778 5109 2091 5175; x_wconf 71' lang='lat' dir='ltr'>partitatcm</span> 
     </span>
    </p>
   </div>
   <div class='ocr_carea' id='block_1_97' title="bbox 605 5259 2091 5331">
    <p class='ocr_par' dir='ltr' id='par_1_97' title="bbox 605 5259 2091 5331">
     <span class='ocr_line' id='line_1_97' title="bbox 605 5259 2091 5331; baseline -0.001 -16"><span class='ocrx_word' id='word_1_652' title='bbox 605 5264 619 5293; x_wconf 84' lang='grc'>¹</span> <span class='ocrx_word' id='word_1_653' title='bbox 666 5259 995 5329; x_wconf 74' lang='lat' dir='ltr'>Constantio]</span> <span class='ocrx_word' id='word_1_654' title='bbox 1041 5260 1221 5331; x_wconf 64' lang='lat' dir='ltr'>Virum</span> <span class='ocrx_word' id='word_1_655' title='bbox 1276 5261 1534 5316; x_wconf 87' lang='lat' dir='ltr'>illustrem</span> <span class='ocrx_word' id='word_1_656' title='bbox 1584 5263 1812 5328; x_wconf 88' lang='lat' dir='ltr'>apnellat</span> <span class='ocrx_word' id='word_1_657' title='bbox 1863 5263 1953 5315; x_wconf 90' lang='lat' dir='ltr'>lib.</span> <span class='ocrx_word' id='word_1_658' title='bbox 2009 5279 2091 5331; x_wconf 69' lang='lat' dir='ltr'>tv,</span> 
     </span>
    </p>
   </div>
   <div class='ocr_carea' id='block_1_98' title="bbox 521 5330 2095 5401">
    <p class='ocr_par' dir='ltr' id='par_1_98' title="bbox 521 5330 2095 5401">
     <span class='ocr_line' id='line_1_98' title="bbox 521 5330 2095 5401; baseline 0.001 -16"><span class='ocrx_word' id='word_1_659' title='bbox 521 5338 677 5396; x_wconf 73' lang='lat' dir='ltr'>ep’st.</span> <span class='ocrx_word' id='word_1_660' title='bbox 704 5333 791 5401; x_wconf 71' lang='grc'>15.</span> <span class='ocrx_word' id='word_1_661' title='bbox 825 5333 888 5383; x_wconf 79' lang='lat' dir='ltr'>Et</span> <span class='ocrx_word' id='word_1_662' title='bbox 918 5330 1081 5401; x_wconf 55' lang='lat' dir='ltr'>patria</span> <span class='ocrx_word' id='word_1_663' title='bbox 1127 5331 1474 5384; x_wconf 84' lang='lat' dir='ltr'>Mediolanum</span> <span class='ocrx_word' id='word_1_664' title='bbox 1493 5374 1506 5395; x_wconf 91' lang='lat'>,</span> <span class='ocrx_word' id='word_1_665' title='bbox 1532 5342 1587 5385; x_wconf 89' lang='lat' dir='ltr'>et</span> <span class='ocrx_word' id='word_1_666' title='bbox 1615 5334 1937 5401; x_wconf 59' lang='lat' dir='ltr'>eloquentia!</span> <span class='ocrx_word' id='word_1_667' title='bbox 1984 5335 2095 5398; x_wconf 85' lang='lat' dir='ltr'>pie-</span> 
     </span>
    </p>
   </div>
   <div class='ocr_carea' id='block_1_99' title="bbox 524 5400 2083 5473">
    <p class='ocr_par' dir='ltr' id='par_1_99' title="bbox 524 5400 2083 5473">
     <span class='ocr_line' id='line_1_99' title="bbox 524 5400 2083 5473; baseline 0.001 -18"><span class='ocrx_word' id='word_1_668' title='bbox 524 5410 751 5473; x_wconf 64' lang='lat' dir='ltr'>ta&#39;isque</span> <span class='ocrx_word' id='word_1_669' title='bbox 778 5403 888 5473; x_wconf 82' lang='lat' dir='ltr'>laus</span> <span class='ocrx_word' id='word_1_670' title='bbox 911 5416 1025 5468; x_wconf 73' lang='lat' dir='ltr'>qua:</span> <span class='ocrx_word' id='word_1_671' title='bbox 1046 5400 1359 5473; x_wconf 71' lang='lat' dir='ltr'>constantia</span> <span class='ocrx_word' id='word_1_672' title='bbox 1378 5402 1510 5473; x_wconf 84' lang='lat' dir='ltr'>huic</span> <span class='ocrx_word' id='word_1_673' title='bbox 1533 5400 1804 5463; x_wconf 87' lang='lat' dir='ltr'>tribuitur,</span> <span class='ocrx_word' id='word_1_674' title='bbox 1829 5403 2083 5470; x_wconf 79' lang='lat' dir='ltr'>epitaphii</span> 
     </span>
    </p>
   </div>
   <div class='ocr_carea' id='block_1_100' title="bbox 522 5470 2082 5541">
    <p class='ocr_par' dir='ltr' id='par_1_100' title="bbox 522 5470 2082 5541">
     <span class='ocr_line' id='line_1_100' title="bbox 522 5470 2082 5541; baseline 0.001 -18"><span class='ocrx_word' id='word_1_675' title='bbox 522 5470 808 5525; x_wconf 72' lang='lat' dir='ltr'>admonent</span> <span class='ocrx_word' id='word_1_676' title='bbox 834 5470 1125 5525; x_wconf 83' lang='lat' dir='ltr'>Constantii</span> <span class='ocrx_word' id='word_1_677' title='bbox 1156 5474 1313 5537; x_wconf 88' lang='lat' dir='ltr'>togati</span> <span class='ocrx_word' id='word_1_678' title='bbox 1346 5471 1774 5536; x_wconf 85' lang='lat' dir='ltr'>Mediolanensis,</span> <span class='ocrx_word' id='word_1_679' title='bbox 1807 5474 1945 5541; x_wconf 88' lang='lat' dir='ltr'>quod</span> <span class='ocrx_word' id='word_1_680' title='bbox 1980 5489 2082 5526; x_wconf 87' lang='lat' dir='ltr'>non</span> 
     </span>
    </p>
   </div>
   <div class='ocr_carea' id='block_1_101' title="bbox 498 5542 2083 5607">
    <p class='ocr_par' dir='ltr' id='par_1_101' title="bbox 498 5542 2083 5607">
     <span class='ocr_line' id='line_1_101' title="bbox 498 5542 2083 5607; baseline 0.003 -17"><span class='ocrx_word' id='word_1_681' title='bbox 498 5546 772 5594; x_wconf 45' lang='lat' dir='ltr'>vanuorret</span> <span class='ocrx_word' id='word_1_682' title='bbox 798 5544 861 5593; x_wconf 88' lang='lat' dir='ltr'>ab</span> <span class='ocrx_word' id='word_1_683' title='bbox 887 5556 1022 5603; x_wconf 70' lang='lat' dir='ltr'>mvo,</span> <span class='ocrx_word' id='word_1_684' title='bbox 1054 5555 1151 5594; x_wconf 83' lang='lat' dir='ltr'>nec</span> <span class='ocrx_word' id='word_1_685' title='bbox 1181 5554 1209 5591; x_wconf 86' lang='lat' dir='ltr'>a</span> <span class='ocrx_word' id='word_1_686' title='bbox 1241 5542 1380 5607; x_wconf 89' lang='lat' dir='ltr'>ston</span> <span class='ocrx_word' id='word_1_687' title='bbox 1414 5542 1740 5594; x_wconf 73' lang='lat' dir='ltr'>Ennodiano.</span> <span class='ocrx_word' id='word_1_688' title='bbox 1775 5544 1952 5605; x_wconf 83' lang='lat' dir='ltr'>Quare</span> <span class='ocrx_word' id='word_1_689' title='bbox 1985 5544 2083 5595; x_wconf 85' lang='lat' dir='ltr'>hoc</span> 
     </span>
    </p>
   </div>
   <div class='ocr_carea' id='block_1_102' title="bbox 525 5609 2083 5676">
    <p class='ocr_par' dir='ltr' id='par_1_102' title="bbox 525 5609 2083 5676">
     <span class='ocr_line' id='line_1_102' title="bbox 525 5609 2083 5676; baseline 0.007 -22"><span class='ocrx_word' id='word_1_690' title='bbox 525 5610 643 5663; x_wconf 54' lang='lat' dir='ltr'>loco</span> <span class='ocrx_word' id='word_1_691' title='bbox 684 5611 990 5672; x_wconf 80' lang='lat' dir='ltr'>subjiciam,</span> <span class='ocrx_word' id='word_1_692' title='bbox 1021 5618 1076 5660; x_wconf 88' lang='lat' dir='ltr'>ttt</span> <span class='ocrx_word' id='word_1_693' title='bbox 1109 5609 1297 5676; x_wconf 69' lang='lat' dir='ltr'>legitur</span> <span class='ocrx_word' id='word_1_694' title='bbox 1340 5610 1389 5661; x_wconf 93' lang='lat' dir='ltr'>in</span> <span class='ocrx_word' id='word_1_695' title='bbox 1425 5612 1761 5663; x_wconf 86' lang='lat' dir='ltr'>monimentis</span> <span class='ocrx_word' id='word_1_696' title='bbox 1792 5614 1960 5665; x_wconf 84' lang='lat' dir='ltr'>sacris</span> <span class='ocrx_word' id='word_1_697' title='bbox 1994 5627 2083 5665; x_wconf 86' lang='lat' dir='ltr'>ve-</span> 
     </span>
    </p>
   </div>
   <div class='ocr_carea' id='block_1_103' title="bbox 527 5681 1151 5745">
    <p class='ocr_par' dir='ltr' id='par_1_103' title="bbox 527 5681 1151 5745">
     <span class='ocr_line' id='line_1_103' title="bbox 527 5681 1151 5745; baseline -0.006 -14"><span class='ocrx_word' id='word_1_698' title='bbox 527 5688 696 5732; x_wconf 82' lang='lat' dir='ltr'>terum</span> <span class='ocrx_word' id='word_1_699' title='bbox 732 5681 1151 5745; x_wconf 71' lang='lat' dir='ltr'>inscriptionum.</span> 
     </span>
    </p>
   </div>
   <div class='ocr_carea' id='block_1_104' title="bbox 645 5768 1762 5832">
    <p class='ocr_par' dir='ltr' id='par_1_104' title="bbox 645 5768 1762 5832">
     <span class='ocr_line' id='line_1_104' title="bbox 645 5768 1762 5832; baseline -0.003 -12"><span class='ocrx_word' id='word_1_700' title='bbox 645 5768 838 5830; x_wconf 73' lang='lat' dir='ltr'>Ingenii</span> <span class='ocrx_word' id='word_1_701' title='bbox 866 5770 1128 5832; x_wconf 63' lang='lat' dir='ltr'>legumque</span> <span class='ocrx_word' id='word_1_702' title='bbox 1154 5776 1325 5831; x_wconf 85' lang='lat' dir='ltr'>potens</span> <span class='ocrx_word' id='word_1_703' title='bbox 1344 5770 1378 5819; x_wconf 66' lang='grc' dir='ltr'>Ε</span> <span class='ocrx_word' id='word_1_704' title='bbox 1414 5772 1644 5819; x_wconf 74' lang='lat' dir='ltr'>ustantius</span> <span class='ocrx_word' id='word_1_705' title='bbox 1664 5777 1762 5820; x_wconf 83' lang='lat' dir='ltr'>atra</span> 
     </span>
    </p>
   </div>
   <div class='ocr_carea' id='block_1_105' title="bbox 2204 4651 3779 4729">
    <p class='ocr_par' dir='ltr' id='par_1_105' title="bbox 2204 4651 3779 4729">
     <span class='ocr_line' id='line_1_105' title="bbox 2204 4651 3779 4729; baseline -0.005 -16"><span class='ocrx_word' id='word_1_706' title='bbox 2204 4662 2316 4714; x_wconf 82' lang='lat' dir='ltr'>acie</span> <span class='ocrx_word' id='word_1_707' title='bbox 2342 4674 2491 4712; x_wconf 88' lang='lat' dir='ltr'>amor</span> <span class='ocrx_word' id='word_1_708' title='bbox 2524 4656 2691 4710; x_wconf 89' lang='lat' dir='ltr'>laudis</span> <span class='ocrx_word' id='word_1_709' title='bbox 2720 4656 2908 4709; x_wconf 90' lang='lat' dir='ltr'>salutis</span> <span class='ocrx_word' id='word_1_710' title='bbox 2936 4654 3164 4717; x_wconf 87' lang='lat' dir='ltr'>oblivio;</span> <span class='ocrx_word' id='word_1_711' title='bbox 3201 4653 3388 4729; x_wconf 65' lang='lat' dir='ltr'>tropaei</span> <span class='ocrx_word' id='word_1_712' title='bbox 3416 4666 3601 4722; x_wconf 83' lang='lat' dir='ltr'>gusms</span> <span class='ocrx_word' id='word_1_713' title='bbox 3629 4651 3779 4705; x_wconf 86' lang='lat' dir='ltr'>abdi-</span> 
     </span>
    </p>
   </div>
   <div class='ocr_carea' id='block_1_106' title="bbox 2203 4744 3777 4817">
    <p class='ocr_par' dir='ltr' id='par_1_106' title="bbox 2203 4744 3777 4817">
     <span class='ocr_line' id='line_1_106' title="bbox 2203 4744 3777 4817; baseline -0.006 -14"><span class='ocrx_word' id='word_1_714' title='bbox 2203 4751 2313 4804; x_wconf 74' lang='lat' dir='ltr'>(ari</span> <span class='ocrx_word' id='word_1_715' title='bbox 2345 4752 2567 4817; x_wconf 86' lang='lat' dir='ltr'>imperat</span> <span class='ocrx_word' id='word_1_716' title='bbox 2598 4748 2731 4801; x_wconf 90' lang='lat' dir='ltr'>lucis</span> <span class='ocrx_word' id='word_1_717' title='bbox 2763 4746 3030 4800; x_wconf 72' lang='lat' dir='ltr'>affectum.</span> <span class='ocrx_word' id='word_1_718' title='bbox 3067 4744 3237 4811; x_wconf 87' lang='lat' dir='ltr'>Sapor</span> <span class='ocrx_word' id='word_1_719' title='bbox 3264 4745 3386 4798; x_wconf 73' lang='lat' dir='ltr'>vita:</span> <span class='ocrx_word' id='word_1_720' title='bbox 3419 4744 3540 4797; x_wconf 89' lang='lat' dir='ltr'>illos</span> <span class='ocrx_word' id='word_1_721' title='bbox 3575 4751 3777 4797; x_wconf 89' lang='lat' dir='ltr'>tantum</span> 
     </span>
    </p>
   </div>
   <div class='ocr_carea' id='block_1_107' title="bbox 2206 4835 3779 4911">
    <p class='ocr_par' dir='ltr' id='par_1_107' title="bbox 2206 4835 3779 4911">
     <span class='ocr_line' id='line_1_107' title="bbox 2206 4835 3779 4911; baseline -0.004 -16"><span class='ocrx_word' id='word_1_722' title='bbox 2206 4842 2470 4911; x_wconf 49' lang='lat' dir='ltr'>poss‘det,</span> <span class='ocrx_word' id='word_1_723' title='bbox 2501 4841 2586 4909; x_wconf 90' lang='lat' dir='ltr'>qui</span> <span class='ocrx_word' id='word_1_724' title='bbox 2636 4839 2703 4893; x_wconf 90' lang='lat' dir='ltr'>de</span> <span class='ocrx_word' id='word_1_725' title='bbox 2746 4837 3081 4893; x_wconf 76' lang='lat' dir='ltr'>conﬂictibus</span> <span class='ocrx_word' id='word_1_726' title='bbox 3129 4837 3395 4890; x_wconf 88' lang='lat' dir='ltr'>venientia</span> <span class='ocrx_word' id='word_1_727' title='bbox 3450 4837 3587 4889; x_wconf 73' lang='lat' dir='ltr'>bo.:a</span> <span class='ocrx_word' id='word_1_728' title='bbox 3637 4835 3779 4889; x_wconf 89' lang='lat' dir='ltr'>nulla</span> 
     </span>
    </p>
   </div>
   <div class='ocr_carea' id='block_1_108' title="bbox 2205 4925 3783 4997">
    <p class='ocr_par' dir='ltr' id='par_1_108' title="bbox 2205 4925 3783 4997">
     <span class='ocr_line' id='line_1_108' title="bbox 2205 4925 3783 4997; baseline -0.003 -16"><span class='ocrx_word' id='word_1_729' title='bbox 2205 4932 2544 4985; x_wconf 86' lang='lat' dir='ltr'>didicerunt:</span> <span class='ocrx_word' id='word_1_730' title='bbox 2579 4944 2791 4997; x_wconf 90' lang='lat' dir='ltr'>semper</span> <span class='ocrx_word' id='word_1_731' title='bbox 2838 4928 2902 4981; x_wconf 89' lang='lat' dir='ltr'>ad</span> <span class='ocrx_word' id='word_1_732' title='bbox 2952 4929 3177 4997; x_wconf 87' lang='lat' dir='ltr'>gloriam</span> <span class='ocrx_word' id='word_1_733' title='bbox 3224 4928 3485 4997; x_wconf 87' lang='lat' dir='ltr'>jungitur,</span> <span class='ocrx_word' id='word_1_734' title='bbox 3527 4926 3667 4990; x_wconf 90' lang='lat' dir='ltr'>quod</span> <span class='ocrx_word' id='word_1_735' title='bbox 3714 4925 3783 4978; x_wconf 89' lang='lat' dir='ltr'>de</span> 
     </span>
    </p>
   </div>
   <div class='ocr_carea' id='block_1_109' title="bbox 2210 5016 3783 5088">
    <p class='ocr_par' dir='ltr' id='par_1_109' title="bbox 2210 5016 3783 5088">
     <span class='ocr_line' id='line_1_109' title="bbox 2210 5016 3783 5088; baseline -0.003 -15"><span class='ocrx_word' id='word_1_736' title='bbox 2210 5022 2587 5076; x_wconf 79' lang='lat' dir='ltr'>incolumitatis</span> <span class='ocrx_word' id='word_1_737' title='bbox 2634 5020 2859 5088; x_wconf 73' lang='lat' dir='ltr'>propria:</span> <span class='ocrx_word' id='word_1_738' title='bbox 2902 5034 3027 5072; x_wconf 88' lang='lat' dir='ltr'>cura</span> <span class='ocrx_word' id='word_1_739' title='bbox 3058 5018 3369 5073; x_wconf 86' lang='lat' dir='ltr'>decesserit.</span> <span class='ocrx_word' id='word_1_740' title='bbox 3411 5016 3513 5071; x_wconf 90' lang='lat' dir='ltr'>Sed</span> <span class='ocrx_word' id='word_1_741' title='bbox 3554 5016 3683 5070; x_wconf 91' lang='lat' dir='ltr'>mihi</span> <span class='ocrx_word' id='word_1_742' title='bbox 3729 5017 3783 5080; x_wconf 82' lang='lat' dir='ltr'>in</span> 
     </span>
    </p>
   </div>
   <div class='ocr_carea' id='block_1_110' title="bbox 2210 5107 3782 5179">
    <p class='ocr_par' dir='ltr' id='par_1_110' title="bbox 2210 5107 3782 5179">
     <span class='ocr_line' id='line_1_110' title="bbox 2210 5107 3782 5179; baseline -0.002 -15"><span class='ocrx_word' id='word_1_743' title='bbox 2210 5112 2605 5179; x_wconf 63' lang='lat' dir='ltr'>praesentiarum</span> <span class='ocrx_word' id='word_1_744' title='bbox 2648 5108 3099 5177; x_wconf 84' lang='lat' dir='ltr'>supersedendum</span> <span class='ocrx_word' id='word_1_745' title='bbox 3151 5121 3234 5163; x_wconf 88' lang='lat' dir='ltr'>est</span> <span class='ocrx_word' id='word_1_746' title='bbox 3281 5107 3590 5176; x_wconf 86' lang='lat' dir='ltr'>ltujusmodi</span> <span class='ocrx_word' id='word_1_747' title='bbox 3644 5107 3782 5162; x_wconf 82' lang='lat' dir='ltr'>scri-</span> 
     </span>
    </p>
   </div>
   <div class='ocr_carea' id='block_1_111' title="bbox 2454 5260 3534 5322">
    <p class='ocr_par' dir='ltr' id='par_1_111' title="bbox 2454 5260 3534 5322">
     <span class='ocr_line' id='line_1_111' title="bbox 2454 5260 3534 5322; baseline -0.001 -13"><span class='ocrx_word' id='word_1_748' title='bbox 2454 5263 2616 5309; x_wconf 81' lang='lat' dir='ltr'>Mortis</span> <span class='ocrx_word' id='word_1_749' title='bbox 2638 5268 2770 5311; x_wconf 89' lang='lat' dir='ltr'>sorte</span> <span class='ocrx_word' id='word_1_750' title='bbox 2789 5262 2957 5322; x_wconf 83' lang='lat' dir='ltr'>jacens</span> <span class='ocrx_word' id='word_1_751' title='bbox 2979 5263 3198 5310; x_wconf 80' lang='lat' dir='ltr'>conlitur</span> <span class='ocrx_word' id='word_1_752' title='bbox 3226 5261 3298 5307; x_wconf 88' lang='lat' dir='ltr'>his</span> <span class='ocrx_word' id='word_1_753' title='bbox 3325 5260 3534 5308; x_wconf 87' lang='lat' dir='ltr'>tumulis.</span> 
     </span>
    </p>
   </div>
   <div class='ocr_carea' id='block_1_112' title="bbox 2330 5320 3756 5380">
    <p class='ocr_par' dir='ltr' id='par_1_112' title="bbox 2330 5320 3756 5380">
     <span class='ocr_line' id='line_1_112' title="bbox 2330 5320 3756 5380; baseline -0.001 -9"><span class='ocrx_word' id='word_1_754' title='bbox 2330 5323 2451 5371; x_wconf 85' lang='lat' dir='ltr'>lline</span> <span class='ocrx_word' id='word_1_755' title='bbox 2473 5329 2636 5377; x_wconf 66' lang='lat' dir='ltr'>gemat</span> <span class='ocrx_word' id='word_1_756' title='bbox 2661 5320 3038 5380; x_wconf 80' lang='lat' dir='ltr'>huneprobitas,</span> <span class='ocrx_word' id='word_1_757' title='bbox 3060 5324 3209 5371; x_wconf 88' lang='lat' dir='ltr'>tristis</span> <span class='ocrx_word' id='word_1_758' title='bbox 3230 5324 3443 5380; x_wconf 86' lang='lat' dir='ltr'>suspiret</span> <span class='ocrx_word' id='word_1_759' title='bbox 3465 5323 3715 5379; x_wconf 83' lang='lat' dir='ltr'>honestas,</span> <span class='ocrx_word' id='word_1_760' title='bbox 3744 5320 3756 5380; x_wconf 83' lang='lat' dir='ltr'>l</span> 
     </span>
    </p>
   </div>
   <div class='ocr_carea' id='block_1_113' title="bbox 2466 5383 3448 5443">
    <p class='ocr_par' dir='ltr' id='par_1_113' title="bbox 2466 5383 3448 5443">
     <span class='ocr_line' id='line_1_113' title="bbox 2466 5383 3448 5443; baseline -0.002 -12"><span class='ocrx_word' id='word_1_761' title='bbox 2466 5384 2524 5431; x_wconf 91' lang='lat' dir='ltr'>Et</span> <span class='ocrx_word' id='word_1_762' title='bbox 2549 5386 2735 5431; x_wconf 78' lang='lat' dir='ltr'>comitis</span> <span class='ocrx_word' id='word_1_763' title='bbox 2757 5384 2898 5431; x_wconf 86' lang='lat' dir='ltr'>funus</span> <span class='ocrx_word' id='word_1_764' title='bbox 2923 5383 3119 5443; x_wconf 73' lang='lat' dir='ltr'>plangat</span> <span class='ocrx_word' id='word_1_765' title='bbox 3143 5386 3289 5431; x_wconf 87' lang='lat' dir='ltr'>amica</span> <span class='ocrx_word' id='word_1_766' title='bbox 3313 5383 3448 5429; x_wconf 84' lang='lat' dir='ltr'>fides.</span> 
     </span>
    </p>
   </div>
   <div class='ocr_carea' id='block_1_114' title="bbox 2322 5445 3561 5503">
    <p class='ocr_par' dir='ltr' id='par_1_114' title="bbox 2322 5445 3561 5503">
     <span class='ocr_line' id='line_1_114' title="bbox 2322 5445 3561 5503; baseline 0.001 -14"><span class='ocrx_word' id='word_1_767' title='bbox 2322 5449 2440 5503; x_wconf 81' lang='lat' dir='ltr'>Qu‘s</span> <span class='ocrx_word' id='word_1_768' title='bbox 2465 5458 2551 5503; x_wconf 69' lang='lat' dir='ltr'>pe&#39;</span> <span class='ocrx_word' id='word_1_769' title='bbox 2579 5445 2704 5492; x_wconf 72' lang='lat' dir='ltr'>bella</span> <span class='ocrx_word' id='word_1_770' title='bbox 2730 5447 2813 5492; x_wconf 83' lang='lat' dir='ltr'>fori</span> <span class='ocrx_word' id='word_1_771' title='bbox 2842 5447 3022 5494; x_wconf 90' lang='lat' dir='ltr'>totiens</span> <span class='ocrx_word' id='word_1_772' title='bbox 3045 5446 3107 5492; x_wconf 85' lang='lat' dir='ltr'>de.</span> <span class='ocrx_word' id='word_1_773' title='bbox 3135 5446 3239 5499; x_wconf 88' lang='lat' dir='ltr'>iure</span> <span class='ocrx_word' id='word_1_774' title='bbox 3264 5446 3561 5503; x_wconf 86' lang='lat' dir='ltr'>triumphum</span> 
     </span>
    </p>
   </div>
   <div class='ocr_carea' id='block_1_115' title="bbox 2410 5458 3442 5566">
    <p class='ocr_par' dir='ltr' id='par_1_115' title="bbox 2410 5458 3442 5566">
     <span class='ocr_line' id='line_1_115' title="bbox 2418 5458 3442 5550; baseline -0.002 -59"><span class='ocrx_word' id='word_1_775' title='bbox 2418 5460 2440 5491; x_wconf 90' lang='lat' dir='ltr'>s</span> <span class='ocrx_word' id='word_1_776' title='bbox 2462 5458 2551 5550; x_wconf 51' lang='grc' dir='ltr'>ἔδον</span> <span class='ocrx_word' id='word_1_777' title='bbox 2580 5458 2704 5492; x_wconf 69' lang='lat' dir='ltr'>neua</span> <span class='ocrx_word' id='word_1_778' title='bbox 2730 5458 2813 5492; x_wconf 83' lang='lat' dir='ltr'>tori</span> <span class='ocrx_word' id='word_1_779' title='bbox 2842 5458 3022 5494; x_wconf 81' lang='lat' dir='ltr'>totiens</span> <span class='ocrx_word' id='word_1_780' title='bbox 3045 5458 3239 5515; x_wconf 40' lang='lat' dir='ltr'>tte-mre</span> <span class='ocrx_word' id='word_1_781' title='bbox 3264 5458 3442 5539; x_wconf 72' lang='lat' dir='ltr'>trmmp</span> 
     </span>
     <span class='ocr_line' id='line_1_116' title="bbox 2410 5505 3428 5566; baseline -0.001 -13"><span class='ocrx_word' id='word_1_782' title='bbox 2410 5536 2415 5540; x_wconf 94' lang='lat'><em>-</em></span> <span class='ocrx_word' id='word_1_783' title='bbox 2445 5506 2459 5553; x_wconf 84' lang='grc' dir='ltr'><strong>Ι</strong></span> <span class='ocrx_word' id='word_1_784' title='bbox 2487 5505 2663 5564; x_wconf 84' lang='lat' dir='ltr'>ettulit,</span> <span class='ocrx_word' id='word_1_785' title='bbox 2694 5515 2744 5554; x_wconf 90' lang='lat' dir='ltr'>et</span> <span class='ocrx_word' id='word_1_786' title='bbox 2768 5520 2920 5555; x_wconf 67' lang='lat' dir='ltr'>saevos</span> <span class='ocrx_word' id='word_1_787' title='bbox 2943 5506 3149 5566; x_wconf 81' lang='lat' dir='ltr'>perculit</span> <span class='ocrx_word' id='word_1_788' title='bbox 3173 5517 3260 5552; x_wconf 86' lang='lat' dir='ltr'>ore</span> <span class='ocrx_word' id='word_1_789' title='bbox 3281 5518 3395 5554; x_wconf 89' lang='lat' dir='ltr'>reos</span> <span class='ocrx_word' id='word_1_790' title='bbox 3419 5543 3428 5552; x_wconf 89' lang='lat'>.</span> 
     </span>
    </p>
   </div>
   <div class='ocr_carea' id='block_1_116' title="bbox 2324 5567 3397 5629">
    <p class='ocr_par' dir='ltr' id='par_1_116' title="bbox 2324 5567 3397 5629">
     <span class='ocr_line' id='line_1_117' title="bbox 2324 5567 3397 5629; baseline -0.002 -15"><span class='ocrx_word' id='word_1_791' title='bbox 2324 5567 2523 5615; x_wconf 87' lang='lat' dir='ltr'>Ornavit</span> <span class='ocrx_word' id='word_1_792' title='bbox 2553 5569 2741 5627; x_wconf 86' lang='lat' dir='ltr'>proprio</span> <span class='ocrx_word' id='word_1_793' title='bbox 2766 5580 2963 5629; x_wconf 86' lang='lat' dir='ltr'>semper</span> <span class='ocrx_word' id='word_1_794' title='bbox 2986 5568 3175 5623; x_wconf 81' lang='lat' dir='ltr'>fulgore</span> <span class='ocrx_word' id='word_1_795' title='bbox 3202 5573 3397 5627; x_wconf 86' lang='lat' dir='ltr'>togatus</span> 
     </span>
    </p>
   </div>
   <div class='ocr_carea' id='block_1_117' title="bbox 2444 5629 3374 5695">
    <p class='ocr_par' dir='ltr' id='par_1_117' title="bbox 2444 5629 3374 5695">
     <span class='ocr_line' id='line_1_118' title="bbox 2444 5629 3374 5695; baseline -0.003 -20"><span class='ocrx_word' id='word_1_796' title='bbox 2444 5629 2645 5695; x_wconf 68' lang='lat' dir='ltr'>Eloquio</span> <span class='ocrx_word' id='word_1_797' title='bbox 2670 5630 3089 5695; x_wconf 32' lang='lat' dir='ltr'>moreshmoribns</span> <span class='ocrx_word' id='word_1_798' title='bbox 3112 5630 3374 5695; x_wconf 68' lang='lat' dir='ltr'>eloquium.</span> 
     </span>
    </p>
   </div>
   <div class='ocr_carea' id='block_1_118' title="bbox 2320 5686 3526 5745">
    <p class='ocr_par' dir='ltr' id='par_1_118' title="bbox 2320 5686 3526 5745">
     <span class='ocr_line' id='line_1_119' title="bbox 2320 5686 3526 5745; baseline -0.006 -8"><span class='ocrx_word' id='word_1_799' title='bbox 2320 5687 2421 5737; x_wconf 82' lang='lat' dir='ltr'>Non</span> <span class='ocrx_word' id='word_1_800' title='bbox 2450 5688 2647 5734; x_wconf 87' lang='lat' dir='ltr'>multum</span> <span class='ocrx_word' id='word_1_801' title='bbox 2674 5701 2801 5735; x_wconf 82' lang='lat' dir='ltr'>mors</span> <span class='ocrx_word' id='word_1_802' title='bbox 2823 5690 2925 5735; x_wconf 92' lang='lat' dir='ltr'>dira</span> <span class='ocrx_word' id='word_1_803' title='bbox 2952 5703 3098 5735; x_wconf 85' lang='lat' dir='ltr'>noces</span> <span class='ocrx_word' id='word_1_804' title='bbox 3123 5690 3166 5735; x_wconf 89' lang='lat' dir='ltr'>in</span> <span class='ocrx_word' id='word_1_805' title='bbox 3194 5686 3366 5734; x_wconf 81' lang='lat' dir='ltr'>limere</span> <span class='ocrx_word' id='word_1_806' title='bbox 3384 5686 3526 5745; x_wconf 83' lang='lat' dir='ltr'>justi:</span> 
     </span>
    </p>
   </div>
   <div class='ocr_carea' id='block_1_119' title="bbox 2444 5748 3535 5811">
    <p class='ocr_par' dir='ltr' id='par_1_119' title="bbox 2444 5748 3535 5811">
     <span class='ocr_line' id='line_1_120' title="bbox 2444 5748 3535 5811; baseline -0.004 -14"><span class='ocrx_word' id='word_1_807' title='bbox 2444 5750 2516 5797; x_wconf 77' lang='lat' dir='ltr'>Nil</span> <span class='ocrx_word' id='word_1_808' title='bbox 2546 5757 2624 5797; x_wconf 85' lang='lat' dir='ltr'>tua</span> <span class='ocrx_word' id='word_1_809' title='bbox 2650 5748 2745 5797; x_wconf 88' lang='lat' dir='ltr'>tela</span> <span class='ocrx_word' id='word_1_810' title='bbox 2771 5759 3002 5810; x_wconf 78' lang='lat' dir='ltr'>gravant:</span> <span class='ocrx_word' id='word_1_811' title='bbox 3028 5751 3239 5811; x_wconf 85' lang='lat' dir='ltr'>possidet</span> <span class='ocrx_word' id='word_1_812' title='bbox 3265 5758 3388 5797; x_wconf 66' lang='lat' dir='ltr'>astra</span> <span class='ocrx_word' id='word_1_813' title='bbox 3412 5750 3535 5808; x_wconf 85' lang='lat' dir='ltr'>pius.</span> 
     </span>
    </p>
   </div>
  </div>
