4186 6252
572 393 630 444 5|
1664 393 1927 448 ENNODII
1972 392 2266 448 EPISCOPI
2305 394 2683 451 TICINENSIS
3746 395 3815 451 52

573 521 690 557 netu
714 504 1039 559 occultorum
1063 503 1355 559 facinorum
1380 504 1592 558 ferenda
1622 515 1745 559 sunt
1766 521 1885 576 quat
1911 504 2126 559 fatetur.
2171 510 2215 565 Α
2247 516 2295 558 et
2318 509 2559 576 quamvis
2590 508 2951 577 utilitatiejus
2988 509 3117 562 nihil
3151 506 3420 577 adjiciam,
3454 521 3692 561 amorem
3736 516 3814 560 ta-

572 594 693 648 V'ult
724 594 862 648 enim
896 594 960 647 ad
992 594 1124 647 illud
1177 595 1499 663 pertingere.
1546 594 1825 648 Neminem
1862 610 1960 649 suo
2009 595 2141 648 vitio

569 695 662 740 aut
692 687 1009 757 negligentia
1042 687 1236 754 perire,
1267 687 1310 741 si
1344 688 1505 742 homo
1534 688 1812 755 utriusque
1840 688 1914 741 rei
1944 686 2065 741 boni
2089 696 2146 741 et

569 777 693 829 mali
749 792 843 845 per
894 787 1213 846 petestatem
1261 792 1511 831 concessa
1561 776 1832 831 electione
1881 776 2139 843 privatur.

571 869 676 921 llos
709 878 909 923 tantum
936 868 1105 937 jactat
1144 872 1378 939 potuisse
1406 869 1602 925 salvari
1630 871 1747 924 sine
1787 870 1971 923 labore
2008 870 2139 934 ullo,

572 959 684 1013 sine
735 960 1103 1014 mandatorum
1153 962 1417 1025 amicitia,
1468 977 1603 1030 quos
1652 963 2052 1031 peregrinantes
2109 976 2137 1014 a

573 1051 754 1104 merito
785 1050 936 1107 favor
964 1062 1165 1106 tantum
1192 1053 1426 1107 ccclesiis
1453 1053 1665 1121 eripuit.
1711 1052 1962 1121 Proinde,
1995 1052 2135 1121 quod

565 1140 617 1192 in
668 1141 839 1209 ipsum
897 1143 1186 1206 referatur,
1234 1143 1352 1195 illos
1404 1143 1626 1210 periisse
1676 1141 1958 1211 intelligit,
2003 1157 2137 1209 quos

562 1231 726 1296 gratia
762 1231 928 1284 noluit
964 1230 1140 1284 divina
1187 1232 1433 1283 libetare.
1472 1230 1548 1283 Ttt
1593 1231 1664 1283 mi
1712 1232 1945 1293 domine,
1988 1232 2137 1286 Salve

561 1318 723 1383 dicto,
757 1320 835 1372 fac
879 1320 1016 1387 apud
1057 1330 1109 1374 te
1137 1330 1191 1374 ut
1221 1320 1327 1373 sies
1355 1337 1369 1372 :
1402 1330 1455 1373 et
1496 1320 1541 1372 si
1585 1322 1763 1374 sanari
1811 1321 2134 1389 mancipium

562 1410 748 1459 mortis
777 1424 878 1461 non
912 1417 1119 1476 potest,
1148 1423 1176 1460 a
1207 1409 1548 1461 contentione
1578 1409 1777 1462 des‘ste
1804 1427 1815 1459 :
1845 1424 1912 1463 ne
1938 1424 2057 1463 eum
2084 1420 2137 1465 te

561 1495 686 1547 tidei
731 1498 907 1551 radice
952 1497 1115 1549 fultus
1144 1497 1318 1549 valida
1347 1497 1555 1562 niteris,
1586 1498 1678 1551 ille
1724 1498 1826 1553 sub
1851 1498 2134 1554 occasione

562 1585 719 1654 hujus
748 1596 886 1642 cont:
901 1589 1142 1651 oversir,
1176 1597 1299 1641 ante
1322 1586 1571 1640 editionis
1603 1597 1831 1655 tempus,
1856 1587 2019 1643 divini
2050 1604 2134 1643 se-

560 1678 718 1730 minis
745 1678 812 1731 ab
838 1679 1132 1746 aliquorum
1162 1686 1316 1751 utero
1345 1686 1525 1741 partus
1552 1677 1807 1731 excutiat.

1106 1764 1431 1819 EPISTULA
1464 1764 1580 1819 XX.

1020 1872 1274 1912 ILNNIHHI‘S
1324 1873 1669 1911 CONSTANTI".

630 1948 787 2002 Dabis
814 1950 1018 2003 veniam
1046 1949 1195 2018 quod
1220 1949 1365 2002 celer
1394 1948 1665 2015 rescripsi,
1695 1947 1816 2016 quia
1862 1948 2002 2001 tralati
2030 1948 2125 2001 atl-

558 2038 661 2093 huc
686 2038 857 2094 debeo
879 2040 1161 2094 indocilem
1196 2040 1609 2095 festinationem.
1636 2040 1742 2093 Vos
1773 2046 2048 2094 maturitas
2075 2053 2129 2096 et

557 2133 764 2200 pondus
790 2132 961 2187 decet.
998 2134 1228 2187 Proinde
1283 2133 1587 2187 credentem
1622 2132 1825 2195 fovete,
1878 2144 1931 2186 et
1966 2148 2135 2202 nugas

556 2239 703 2279 meas
729 2240 759 2278 a
790 2225 1002 2293 publico
1029 2225 1205 2294 rigore
1237 2226 1545 2279 Subducite:
1575 2225 1693 2292 quia
1724 2226 1766 2277 si
1800 2224 1987 2293 pagina
2033 2240 2131 2277 no-

553 2328 662 2369 stra
692 2317 706 2346 ¹
734 2330 819 2370 res
841 2331 1060 2384 crepera
1092 2326 1252 2385 atque
1278 2332 1474 2385 auceps
1514 2326 1617 2378 est,
1645 2316 1903 2383 jussiouis
1930 2329 2127 2370 vesme

552 2422 612 2459 se
639 2416 813 2460 tttetur
855 2407 1171 2474 patrocinio,
1229 2406 1296 2460 ab
1327 2406 1432 2461 hoc
1481 2409 1620 2476 quod
1672 2424 1828 2462 nemo
1868 2409 2125 2477 imperata

553 2498 773 2553 fastidit.
801 2499 931 2553 Vale
962 2513 1091 2569 ergo
1123 2498 1331 2563 dicens,
1374 2498 1596 2567 legenda
1644 2498 2002 2553 commendo:
2036 2500 2126 2553 fiet

552 2592 757 2645 etenim.
800 2600 856 2643 ιιι
883 2591 1105 2659 posthac
1125 2591 1259 2645 bene
1289 2592 1493 2661 accepti
1530 2591 1599 2645 ad
1648 2590 1941 2660 parendum
1970 2591 2123 2648 dele-

552 2682 722 2736 nilime
743 2681 1060 2737 obedientize
1080 2683 1307 2737 stimulis
1327 2683 1627 2737 incitemur.

1082 2773 1414 2829 EPISTULA
1443 2774 1584 2829 XXI.

1046 2880 1302 2919 ENNODIL‘S
1342 2866 1361 2894 ’
1418 2878 1624 2918 ALBINO.

619 2954 817 3020 Quater
831 2955 894 3007 ad
916 2955 1329 3023 magnitudinem
1348 2964 1589 3008 vestram
1604 2955 1799 3023 scripta
1819 2955 2120 3023 prorogavi,

548 3056 602 3099 et
645 3045 817 3099 adhuc
855 3055 1102 3115 tanquam
1152 3046 1309 3099 deses
1367 3060 1594 3100 accusor-
1646 3047 1870 3114 :Iingua
1926 3044 2123 3099 milita-

548 3134 622 3187 vit
674 3134 883 3189 alfectui
920 3176 932 3197 ,
981 3135 1263 3188 assiduitas
1317 3134 1649 3203 ddigentiam
1711 3150 1814 3189 non
1862 3146 2117 3190 meretur.

2159 1866 2208 1927 Β

2247 613 2366 650 men
2398 613 2626 661 mereor,
2651 600 2790 667 quod
2822 600 3062 667 pr:cdiCti
3090 600 3239 667 jussa
3267 596 3547 665 complevi.
3578 596 3811 651 Venera-

2248 686 2334 739 bili
2363 702 2501 756 ergo-
2519 688 2736 741 domino
2758 690 3093 742 salutationis
3124 689 3441 756 obsequium
3475 686 3810 754 impertiens,

2246 779 2699 844 precor,ut-ciroa
2726 779 3053 847 diligentiam
3086 793 3234 832 suam
3280 777 3563 846 praedictus
3590 776 3669 829 vir
3695 791 3810 829 ma-

2242 866 2466 933 gnificus
2496 869 2738 935 recipiat,
2788 869 2930 937 quod
2964 869 3119 932 mihi,
3150 869 3276 922 dum
3326 882 3421 920 vos
3468 866 3618 931 colit,
3663 864 3810 919 exhi-

2244 957 2375 1011 buit.
2406 959 2533 1012 Novi
2565 960 2706 1013 enim
2734 960 2844 1014 cito
2867 958 3259 1026 amplissimum
3307 959 3478 1012 virum
3524 959 3589 1010 ad
3633 956 3810 1011 cordis

2243 1049 2400 1102 vestri
2425 1065 2544 1104 esse
2573 1050 2866 1119 penetralia
2897 1050 3320 1116 perducendum,
3360 1063 3518 1118 quem
3552 1049 3809 1103 innocens

2243 1140 2566 1209 propositum
2596 1139 2719 1193 suis
2740 1140 2843 1193 erit
2870 1140 3007 1208 apud
3044 1154 3144 1193 vos
3175 1138 3739 1208 dotibusadjuturum.

2753 1251 3079 1307 EPISTOLA
3109 1251 3295 1305 XXIII.

2451 1357 2624 1397 DOHNO
2662 1357 2756 1397 δυο
2794 1358 2995 1397 FAUSTO
3035 1358 3287 1398 ENNODIUS
3325 1359 3593 1400 DlACONUSs

2309 1453 2438 1509 Sine
2464 1452 2748 1521 dispendio
2775 1454 2952 1508 tutela:
2980 1454 3260 1518 orbantur,
3294 1471 3428 1524 quos
3466 1457 3530 1509 ad
3562 1472 3658 1512 vos
3687 1473 3806 1528 per-

2239 1545 2408 1599 tinere
2434 1544 2756 1613 contigerit:
2790 1559 2895 1597 non
2926 1545 3119 1599 desunt
3152 1546 3257 1598 illis
3300 1556 3515 1614 paterna
3545 1532 3804 1616 subsidia,

2237 1650 2373 1704 quos
2426 1634 2643 1689 foVetis.
2684 1635 2998 1703 Lupicinum
3030 1635 3357 1704 ’Enprepia:
3404 1648 3597 1691 nostra:
3642 1640 3803 1693 lilium

2235 1727 2453 1795 loquor:
2483 1726 2548 1779 ad
2578 1728 2749 1794 ipsum
2780 1726 3009 1794 pertinet
3055 1729 3212 1795 prmia
3241 1743 3269 1779 a
3325 1730 3639 1793 generalitas
3682 1748 3694 1782 :
3738 1732 3816 1785 de

2235 1817 2387 1882 cujus
2415 1816 2712 1869 substantia
2741 1816 2985 1869 sublimis
3017 1818 3119 1879 vir,
3156 1828 3437 1871 venerator
3467 1830 3642 1874 Vt'SICI‘
3669 1820 3691 1851 ⁸
3717 1824 3804 1877 (δοέ

2235 1920 2348 1959 mes
2375 1905 2589 1959 Taucila
2610 1906 2742 1959 dixit
2772 1906 2922 1969 mihi,
2955 1920 2984 1958 a
3013 1907 3032 1936 ¹⁵
3061 1906 3471 1961 (Ιυηιυυνηυειτο
3497 1924 3637 1978 rege,
3664 1910 3802 1978 quod

2230 1996 2415 2051 referri
2444 2010 2604 2065 grave
2626 1995 2715 2061 sit,
2747 1995 3105 2064 impetratum.
3137 1994 3266 2048 Nam
3300 1997 3573 2050 universas
3622 1999 3819 2052 matris-

2229 2091 2345 2157 ejits
2368 2088 2698 2143 tacultatulas
2727 2102 2755 2141 a
2774 2086 2981 2152 Torisa,
3006 2087 3086 2141 vel
3113 2086 3229 2141 aliis
3252 2086 3441 2140 asserit
3465 2088 3627 2143 fuisse
3657 2100 3803 2143 eum;

2231 2181 2445 2249 petitas.
2500 2178 2657 2235 Aliud
2710 2178 2849 2247 quod
2910 2178 3203 2232 infelicitati
3262 2180 3446 2247 pupilli
3508 2182 3809 2248 potuissem.

2231 2282 2506 2342 prmstare,
2542 2285 2655 2323 non
2679 2270 2861 2336 habui,
2895 2268 2996 2322 nisi
3054 2277 3111 2322 ut
3165 2277 3395 2345 vestram
3424 2271 3665 2325 notitiam
3708 2272 3805 2324 itt-

2227 2375 2517 2429 struerem,
2552 2372 2605 2418 et
2634 2364 2742 2417 veri
2776 2362 3021 2429 fungerer
3050 2362 3293 2415 relatoris
3324 2362 3518 2416 officio.
3556 2363 3815 2418 Vesmtm.

2227 2469 2333 2527 εει,
2364 2459 2659 2528 inspirante
2703 2461 2832 2525 Deo,
2862 2463 3002 2515 circa
3052 2461 3306 2515 miserum
3344 2461 3624 2528 prov'dere
3662 2462 3815 2529 quod

2227 2550 2476 2617 adjuvet:
2507 2550 2574 2604 ad
2605 2567 2687 2605 me
2711 2552 2964 2621 respexit,
2995 2567 3112 2620 quae
3159 2551 3285 2604 mihi
3340 2551 3608 2620 resignata
3655 2562 3813 2617 sunt,

2228 2639 2485 2696 indicare.
2520 2642 2725 2696 Domini
2756 2658 2879 2697 vere
2901 2645 3002 2696 mei
3031 2643 3368 2696 salutationis
3394 2643 3648 2711 obsequia
3664 2658 3803 2711 pra:-

2226 2743 2466 2797 seuaus,
2494 2734 2561 2789 de
2581 2734 2862 2789 clementia
2892 2736 3068 2789 divina
3095 2735 3325 2804 postulo,
3357 2746 3413 2789 ut
3441 2735 3675 2789 laborem
3706 2750 3799 2789 ve-

2224 2836 2393 2881 strum
2409 2826 2662 2895 juvamen
2689 2828 2909 2881 cmleste
2937 2828 3243 2882 comitetur.

2734 2939 3061 2995 EPISTOLA
3112 2936 3299 2994 XXIV.

2475 3047 2645 3089 DOINO
2682 3046 2780 3087 SUO
2810 3048 3010 3087 FAUSTO
3043 3047 3294 3086 ENNODIUS
3323 3047 3595 3086 DIACONUS.

2299 3125 2642 3195 Dispendium
2686 3124 2851 3179 credo
2906 3138 3025 3178 esse
3079 3123 3387 3192 diligentiae,
3435 3122 3608 3176 nullas
3658 3136 3804 3176 rom-

547 3226 719 3281 credo
771 3226 1041 3294 portitoris
1105 3237 1195 3278 aut
1261 3227 1574 3295 negligentia
1632 3235 1724 3279 aut
1771 3228 1966 3281 invidi...
1989 3270 2004 3291 ,
2050 3227 2115 3281 ad
2144 3225 2190 3288 ρ
2224 3216 2513 3270 meantium
2544 3230 2733 3270 manus
2770 3214 3069 3269 litterarum
3095 3214 3219 3268 dote
3245 3213 3533 3277 munerari,
3564 3228 3681 3282 qua:
3714 3226 3802 3267 so-

549 3320 687 3372 hanc
737 3334 822 3373 me
851 3318 1105 3372 oll‘ensam
1145 3316 1311 3371 fuisse
1362 3318 1700 3386 perductum.
1756 3318 1893 3373 Ecce
1941 3328 2119 3373 tamen

547 3409 743 3476 scripta
775 3408 1089 3476 ntultip‘ico,
1123 3416 1177 3461 et
1206 3422 1301 3473 pro
1350 3417 1471 3460 toto
1525 3416 1703 3461 vestro
1755 3408 2122 3476 prosperitatis

547 3497 888 3553 memindicia
921 3497 1143 3553 faciens.
1188 3496 1254 3550 de
1283 3508 1463 3551 vestra
1494 3497 1654 3564 cupio
1698 3496 1951 3551 felicitate
1994 3514 2123 3566 gau-

545 3594 693 3645 dere.
724 3592 997 3659 Salve,mi
1022 3590 1258 3654 domine,
1289 3598 1341 3643 et
1366 3599 1634 3643 amantem
1669 3589 1831 3643 vestri
1861 3590 1957 3644 sub
1979 3588 2123 3642 omni

545 3683 852 3751 dignatione
891 3686 1155 3737 relevate:
1186 3682 1305 3750 quia
1335 3680 1441 3735 Deo
1489 3681 1787 3749 proximam
1836 3697 1946 3735 rem
1990 3682 2118 3734 fuci-

546 3779 634 3840 tis,
670 3774 959 3845 patrocinio
990 3784 1167 3829 vestro
1209 3773 1517 3828 credentem
1547 3772 1702 3842 plena
1726 3772 1829 3828 fide
1876 3783 1931 3827 et
1968 3788 2117 3827 com-

546 3867 798 3921 munione
822 3866 1084 3921 relevare.

1067 3954 1396 4010 EPISTOLA
1438 3952 1604 4007 XXII.

1073 4060 1331 4101 ENMMUS
1370 4060 1598 4100 FAUSTO.

616 4141 974 4210 Supervacuis
1002 4139 1066 4191 ad
1117 4137 1371 4191 beneficia
1423 4138 1630 4192 laborat
1675 4136 2117 4208 impendiis,'qui

545 4232 712 4286 solem
736 4239 905 4285 certat
936 4229 1136 4283 facibus
1165 4229 1417 4297 adjuvare
1458 4246 1469 4281 :
1503 4232 1686 4298 gratia:
1718 4231 1993 4298 plenitudo
2019 4232 2112 4286 ad-

543 4323 774 4391 iectione
805 4338 908 4376 non
941 4322 1140 4391 indiget
1182 4338 1194 4373 :
1226 4336 1323 4388 nae
1357 4322 1461 4375 ulla
1492 4322 1715 4391 requirit
1766 4323 2117 4378 commenda-

544 4420 703 4474 tionis
755 4425 1058 4488 augmeuta,
1106 4432 1262 4493 quem
1320 4416 1384 4469 ad
1443 4416 1793 4470 amicitiarum
1842 4417 2111 4470 cumulum

544 4511 734 4565 merita
764 4510 1110 4578 pertulerunt.
1146 4508 1406 4561 lllustrem
1439 4518 1492 4562 et
1520 4509 1797 4575 patricium
1828 4509 1998 4561 virum
2024 4508 2116 4560 Al-

2225 3307 2335 3361 lent
2369 3308 2601 3362 lectione
2626 3307 2786 3362 etiam
2815 3306 2989 3360 vultus
3024 3304 3090 3358 ad
3146 3304 3431 3374 longinqua
3478 3313 3712 3373 portare,
3746 3313 3809 3359 et.

2224 3410 2469 3450 carorum
2504 3398 2758 3465 imagines
2774 3397 2951 3451 ofﬁcio
2967 3406 3287 3463 praesentare
3303 3396 3587 3450 sermonis.
3606 3396 3681 3449 Ad
3700 3397 3797 3449 ista

2221 3486 2461 3557 jungitur
2484 3487 2642 3540 etiam
2666 3487 2804 3541 bene
2830 3486 2897 3540 de
2926 3487 3203 3555 utriusque
3239 3487 3493 3541 merentis
3521 3485 3805 3540 sublimis-

2223 3577 2344 3632 simi
2375 3576 2649 3630 Luminosi
2681 3576 2957 3645 portitoris
2984 3576 3220 3640 occasio,
3246 3576 3332 3643 qui
3375 3576 3439 3629 ad
3490 3576 3800 3645 religionem

2223 3669 2536 3722 meritorum
2569 3677 2875 3721 vestrorum
2900 3682 3011 3721 suae
3033 3680 3247 3735 quoque
3276 3668 3461 3735 gratize
3484 3666 3686 3720 fructus
3715 3667 3800 3720 ad-

2224 3756 2418 3826 jttugit.
2446 3756 2577 3823 Quis
2605 3755 2851 3824 geminus
2888 3756 3122 3824 patiatur
3149 3764 3207 3810 ut
3233 3757 3331 3809 sub
3355 3770 3669 3825 quacunque
3700 3770 3797 3810 ne-

2224 3848 2475 3918 gligcntia
2520 3848 2807 3901 haberetur
2843 3847 3087 3912 allectus,
3115 3848 3212 3901 sia
3244 3847 3449 3916 paginis
3482 3856 3809 3916 temperem,

2224 3956 2354 4011 quas
2384 3941 2815 4009 dignatio-vestra
2844 3942 3040 4010 exegit,
3072 3941 3185 3995 etsi
3216 3940 3334 3994 illas
3366 3940 3669 3994 nominatus
3690 3956 3799 3993 non

2223 4029 2450 4098 accipiat
2491 4030 2838 4099 perferendas
2864 4032 2893 4084 τι
2938 4031 3044 4085 Deo
3073 4031 3295 4101 gratias,
3321 4030 3460 4099 quod
3517 4031 3569 4084 in
3625 4031 3799 4085 fronte

2223 4123 2467 4191 epistula:
2494 4123 2778 4176 locandum
2806 4123 2922 4192 fuit,
2953 4124 3074 4192 quia
3108 4122 3337 4177 felicitas
3388 4132 3566 4177 vestra
3608 4122 3798 4176 votivis

2224 4213 2442 4282 erigitur
2472 4222 2623 4267 aucta
2646 4213 2983 4267 successibus
3008 4228 3031 4279 ;
3052 4213 3193 4282 quod
3235 4212 3433 4266 tumida
3466 4212 3798 4266 inimicorum

2223 4306 2405 4361 cervix
2434 4303 2647 4360 Christo
2681 4307 2788 4360 Deo
2811 4322 2914 4360 non
2939 4318 3153 4376 gravata
3179 4307 3500 4361 succumbit.
3530 4307 3634 4374 Spe
3653 4322 3807 4375 prat-t

2224 4412 2469 4475 ceperam
2500 4399 2639 4468 quod
2680 4399 2911 4454 allectus
2927 4398 3179 4454 ostendit.
3210 4401 3352 4454 liene
3395 4400 3536 4453 enim
3592 4408 3808 4454 sentem

2225 4492 2311 4545 tiae
2339 4493 2576 4546 cmlestis
2611 4492 2768 4546 finem
2818 4494 3123 4561 pratnoscit,
3160 4494 3249 4561 qui
3296 4492 3443 4545 novit
3487 4492 3807 4561 qualitatem

543 4601 724 4656 binum
754 4607 1026 4669 parentem
1051 4609 1282 4652 vestrum
1315 4597 1437 4665 styli
1463 4597 1564 4650 mei
1587 4612 1709 4650 cura
1733 4598 2109 4665 prosequitur:
2147 4586 2195 4644 D
2219 4583 2337 4650 ejus
2380 4582 2448 4637 de
2491 4592 2707 4636 actuum
2782 4584 3135 4636 humanorum
3183 4584 3471 4636 serenitate
3520 4583 3793 4651 colligere.

544 4694 627 4746 cui
652 4707 744 4761 per
768 4692 1009 4761 paginam
1035 4705 1139 4743 non
1164 4687 1413 4756 impendo
1443 4687 1765 4752 necessaria,
1783 4686 1877 4741 sed
1903 4688 2111 4741 votiva:

616 4829 632 4856 ⁸
670 4828 764 4880 Res
805 4842 1010 4894 erepere
1035 4836 1185 4893 atque
1231 4822 1449 4894 {triceps}
1486 4823 1837 4894 Symmachus
1860 4824 2016 4893 epi5t.
2052 4827 2069 4877 l
2102 4845 2111 4877 :

550 4898 629 4949 Im
661 4913 741 4949 res
771 4893 975 4956 σημεῖα
1014 4906 1164 4964 atque
1204 4911 1391 4961 auceps
1418 4893 1626 4947 dubium
1670 4911 1746 4945 me
1790 4893 1957 4949 habet.
2001 4894 2115 4949 Vox

544 4967 785 5034 antiqua,
815 4980 909 5034 pro
930 4965 1092 5016 dttbiu
1123 4974 1175 5018 ct
1201 4964 1423 5018 incerto.
1474 4965 1653 5034 Itaque
1699 4964 1985 5017 Martiautu
2009 4965 2109 5017 Ca-

543 5032 689 5105 pella
717 5032 842 5089 Iib.i
870 5035 1089 5102 opponit
1122 5034 1421 5102 perSpicuo.
1464 5032 1546 5087 Ne
1580 5045 1653 5096 tu,
1679 5034 1867 5098 inquit,
1900 5035 2109 5102 desipis,

542 5106 935 5181 admodumqne
971 5106 1221 5181 perspicui
1263 5106 1428 5181 aperis
1457 5107 1878 5181 ἐγειρομνημεῐοςδ,
1904 5120 2116 5181 noscens

543 5191 803 5243 creperum
825 5177 993 5241 sapis;
1022 5191 1110 5226 nec
1148 5174 1299 5240 liquet
1350 5174 1630 5243 Hymettum
1654 5175 1984 5238 prazsullanle
2006 5174 2118 5228 αἱς-ι

544 5248 732 5315 positas
758 5246 959 5313 nuptias
989 5244 1253 5315 resultare.
1287 5244 1410 5297 Inde
1432 5255 1484 5297 et
1514 5243 1884 5315 crepusculum
1910 5244 2108 5315 dictum

543 5313 745 5379 volunt,
780 5315 898 5383 quia
933 5315 987 5366 in
1011 5314 1141 5365 lucis
1170 5314 1442 5378 noctisque
1470 5316 1720 5366 ccutiuio.
1759 5313 2111 5381 Symmachus

543 5387 682 5440 idem
715 5388 873 5448 epist.
898 5384 930 5437 7
984 5384 1259 5437 Ausonio:
1294 5384 1447 5435 Prius
1470 5400 1625 5452 quam
1655 5384 1956 5451 manifestus
2002 5384 2109 5438 dies

543 5473 800 5523 creperum
821 5454 1119 5507 absolveret.

613 5521 636 5556 ’⁷
662 5524 883 5595 Albino]
917 5525 975 5576 V.
1014 5521 1305 5595 l.patric_io
1331 5562 1346 5586 ,
1394 5522 1540 5588 quod
1583 5524 1740 5578 docet
1790 5539 1893 5576 non
1928 5524 2107 5595 solum

545 5600 782 5661 proxima
815 5592 1036 5662 epistola
1071 5592 1316 5662 Ennodii,
1344 5606 1527 5644 verum
1552 5596 1711 5645 etiam
1747 5594 1987 5661 epistulae
2014 5594 2107 5646 ali-

543 5676 671 5731 qnut
699 5661 1013 5717 Tlteodorici
1046 5662 1184 5731 apud
1214 5661 1612 5716 Cassiodornm.
1644 5665 1771 5715 Item
1818 5665 2104 5717 consulari.

544 5736 674 5787 Nam
714 5737 893 5787 CthltI
944 5734 1112 5787 fuerat
1140 5748 1278 5785 anno
1321 5731 1425 5783 495
1470 5732 1577 5785 ‘hoc
1625 5746 1701 5785 est
1734 5736 1961 5786 triennio
1991 5744 2107 5800 post

546 5805 817 5859 Faustum.
853 5804 1030 5871 Itaque
1079 5802 1329 5857 Albinum
1351 5804 1683 5859 consularem
1718 5816 1861 5858 vocat
1895 5804 2109 5860 Boetius

2223 4677 2356 4730 \‘ale
2381 4690 2509 4744 ergo
2546 4676 2793 4745 longum,
2842 4676 2913 4728 mi
2943 4676 3187 4741 domine,
3232 4686 3285 4729 et
3326 4684 3592 4729 amantem
3636 4673 3799 4729 vestri

2220 4810 2311 4863 lib.
2346 4809 2458 4879 ide
2503 4809 2909 4875 Consolatione,
2948 4810 3015 4863 de
3060 4809 3400 4862 accusatione
3449 4823 3633 4875 agens,
3694 4823 3796 4873 qua

2221 4881 2515 4946 majestatis
2545 4881 2682 4947 apud
2726 4880 3011 4933 Theodori.
3032 4896 3121 4932 um
3152 4879 3285 4933 faISo
3308 4880 3519 4931 delatus
3545 4889 3645 4931 est.
3692 4879 3794 4932 Sed

2219 4965 2283 5002 ex
2320 4950 2547 5004 Eunodii
2589 4950 2767 5004 verbis
2799 4951 2897 5003 It-tc
2944 4960 3203 5019 prmterea
3232 4949 3506 5011 discimus,
3547 4949 3796 5001 Albinum

2223 5019 2400 5075 Fauin
2431 5030 2730 5090 parentem,
2764 5019 2865 5074 hoc
2887 5032 2970 5075 est
3002 5022 3353 5089 pmpinquum
3394 5034 3443 5072 et
3475 5021 3801 5085 causanguis

2218 5104 2377 5142 neum
2405 5093 2589 5145 fuisse.

2297 5162 2319 5193 ³
2348 5159 2621 5231 Euprepia:
2667 5160 2883 5231 nostt'w]
2915 5160 3126 5215 Sororis
3158 5159 3341 5231 Eunod
3367 5158 3400 5211 i.
3431 5158 3601 5226 Supra
3629 5156 3803 5225 epist..

2220 5239 2310 5299 15,
2339 5243 2391 5287 et
2417 5230 2619 5295 Iib.'ut,
2643 5232 2801 5299 epist.
2839 5230 2903 5287 15
2930 5247 2989 5284 ac
3017 5231 3087 5285 28
3109 5242 3162 5284 et
3182 5230 3320 5283 aliis.
3465 5296 3477 5299 _
3800 5278 3801 5285 η

2286 5296 2309 5337 ⁸
2336 5302 2513 5357 Comes
2567 5296 2819 5371 Tancila]
2854 5303 3026 5355 Locus
3057 5310 3211 5353 antea
3266 5299 3410 5371 mire,
3448 5296 3797 5371 depravatus.

2213 5375 2448 5432 Tancilae
2478 5388 2671 5428 nomen
2697 5367 2901 5427 restitui
2932 5387 2999 5426 ex
3036 5372 3184 5423 libris
3212 5369 3463 5436 antiquis,
3494 5377 3549 5420 et
3571 5382 3634 5419 ex
3669 5367 3801 5418 (λιες

2220 5446 2463 5501 εξοάοτοε
2496 5445 2690 5499 isenim
2713 5454 2796 5496 est
2819 5441 3059 5503 Tancila,
3089 5441 3168 5493 vir
3194 5439 3521 5506 spectabilis,
3547 5437 3610 5489 ad
3637 5451 3801 5502 ιιι-ειη

2220 5518 2287 5571 de
2328 5514 2678 5584 perquirenda
2710 5533 2735 5562 ει
2757 5528 2854 5567 nea
2899 5521 3077 5584 statua
3095 5525 3219 5584 qua:
3242 5526 3275 5584 e_
3305 5506 3551 5584 Comensi
3581 5507 3798 5584 civitate

2220 5574 2359 5641 furtit
2385 5574 2591 5637 sublata
2634 5584 2833 5646 fuerat,
2863 5582 3047 5638 scribit
3093 5574 3459 5634 TIICOIIOI‘ICIh
3492 5576 3583 5631 lib.
3618 5592 3653 5630 tt
3695 5574 3803 5628 Vu—

2222 5662 2375 5715 riar..
2402 5657 2557 5722 epist.
2582 5656 2671 5708 55.

2290 5730 2310 5759 ⁵
2335 5717 2533 5780 Damno
2574 5734 2746 5776 nostra
2794 5720 2930 5791 rege]
2961 5719 3333 5775 Theoderico:
3370 5726 3527 5791 atque
3571 5717 3639 5791 ita
3673 5729 3793 5783 per-

2222 5808 2404 5869 petuo,
2431 5811 2551 5851 cum
2569 5803 2656 5848 aut
2684 5786 2868 5862 regem
2888 5786 3143 5857 nominat,
3164 5799 3253 5843 aut
3285 5803 3460 5844 rerum
3489 5786 3787 5841 dominum.
