4186 6252
289 434 354 491 53
1535 419 2012 481 EPISTOLARUM
2049 419 2178 476 LIB.
2219 420 2289 475 Il'.’
3452 410 3519 463 54
3557 445 3564 451 ι

288 544 397 614 styli
425 555 526 597 usu
551 541 826 607 relevate;
857 547 916 595 ut
939 538 1193 609 quidquid
1217 538 1537 593 subtrahunt
1559 537 1834 592 intervalla
1876 539 1928 597 Α
1956 534 2065 587 rui.
2098 534 2345 588 Vestrum
2371 539 2454 585 est
2482 530 2533 584 in
2568 544 2650 584 me
2674 529 2871 583 fovere
2910 525 3051 597 quod
3081 522 3416 594 ‘recepistis;
3452 540 3515 587 nc

289 644 564 701 terrarum,
593 631 870 687 tabellaria
909 635 1220 699 compenset
1242 627 1464 682 oblatio.

796 739 1129 799 EPISTOLA
1166 738 1329 792 XXV.

491 838 755 891 ίήυετο
783 847 1055 896 ρυιεετοιιι
1095 844 1349 886 essomus
1391 841 1677 883 euocans.-

347 949 446 1004 Pro
471 946 681 1002 caelesti
724 943 1075 1014 dispositione
1100 941 1309 997 reditus
1354 939 1479 994 mei-
1501 938 1696 993 indicia
1732 937 1846 992 ﬁeri

285 1042 422 1097 nullo
450 1039 623 1109 magis
643 1050 801 1107 quam
828 1036 1000 1089 amico
1024 1034 1332 1087 Ravennam
1349 1040 1689 1100 properante
1714 1043 1843 1083 con-

284 1132 450 1187 venit:
484 1128 642 1198 cujus
684 1125 858 1180 ﬁdelis
914 1122 1107 1178 relatio
1159 1121 1550 1190 etiam-«pagina
1598 1126 1844 1174 cessante

283 1203 576 1274 suffecerat.
607 1215 716 1272 Sed
747 1229 846 1267 usu
872 1213 1144 1266 abstinere
1173 1227 1278 1265 non
1301 1212 1444 1279 potui
1474 1228 1486 1261 :
1516 1225 1623 1279 quo
1667 1209 1711 1262 si
1742 1206 1869 1261 sub-

285 1321 593 1379 quocunque
639 1306 880 1373 neglectu
947 1312 1268 1369 temperem,
1322 1299 1506 1353 videor
1558 1298 1843 1352 damnasse

283 1398 400 1468 styli
430 1394 784 1465 frequentiam
809 1407 966 1462 quam
994 1390 1188 1444 amavi.
1235 1389 1504 1457 Jungitur,
1536 1386 1674 1457 quod
1707 1401 1845 1456 pra:-

287 1489 419 1542 dicto
447 1487 632 1541 obvias
655 1486 707 1539 iu
740 1485 1025 1552 negatione
1038 1496 1232 1535 manus
1251 1481 1509 1535 exhibere
1535 1494 1639 1532 non
1674 1479 1838 1547 potui,

284 1580 491 1649 quiscit
517 1579 582 1631 ab
624 1577 928 1631 amantibus
952 1576 1033 1629 sui
1063 1588 1295 1629 securus
1325 1574 1563 1641 exigere,
1592 1570 1843 1640 quod-eis

284 1683 379 1738 pro
420 1668 672 1737 religione
716 1667 1061 1720 conscientia:
1109 1665 1256 1717 novit
1306 1664 1531 1717 ﬁdeliter
1558 1662 1854 1716 exhibere.~

286 1762 305 1790 ’
331 1760 636 1813 Ravennam
667 1772 797 1826 ergo
827 1756 1126 1825 digressus,
1157 1769 1273 1822 qua:
1304 1752 1560 1823 quidquid
1600 1754 1655 1806 in
1702 1767 1843 1819 pra:-

283 1852 412 1907 senti
464 1850 566 1903 vita
612 1847 785 1901 habeo
828 1846 985 1900 dulce
1037 1845 1427 1912 complectitur,
1480 1841 1834 1897 Mediolanum

282 1947 418 1999 silva
447 1942 685 2011 corporis
708 1939 1029 2001 valetudine,
1055 1936 1271 1991 Christo
1301 1942 1676 2004 prosequente,
1714 1948 1835 2002 per-

280 2037 432 2100 veni;
462 2033 599 2089 male
627 2031 804 2087 ferens
830 2044 984 2099 quam
1025 2028 1077 2082 in
1111 2027 1404 2089 redeundo,
1446 2026 1624 2080 hieme
1654 2024 1839 2093 impel-

280 2128 441 2190 lente,
474 2124 649 2192 optavi
695 2122 913 2176 forsitan
942 2130 1140 2175 contra
1167 2118 1433 2172 desideria
1481 2117 1834 2171 celeritatem.

279 2219 386 2274 Sed
407 2218 470 2272 ad
500 2218 668 2272 Deum
690 2224 874 2269 cuncta
905 2212 1182 2268 referenda
1218 2220 1367 2271 sunt,
1387 2211 1472 2265 cui
1494 2211 1711 2277 adjact-t
1742 2209 1852 2262 lin--

274 2327 426 2365 mam
468 2309 603 2364 facta
650 2321 1000 2375 componere,
1035 2303 1469 2373 et‘diligentiam
1501 2301 1864 2370 corporalem

272 2400 453 2455 aeterni
480 2400 681 2453 amoris
714 2412 905 2467 sapore
937 2404 1164 2451 mutare.
1218 2395 1377 2449 Nunc
1412 2393 1477 2447 ad
1526 2392 1835 2461 scriptionis

269 2508 479 2548 causam
505 2492 644 2547 dicta
671 2490 861 2545 humili
902 2488 1221 2543 salutatione
1266 2495 1319 2540 et
1366 2484 1834 2539 commendatione

270 2600 350 2639 me
374 2583 588 2639 confero
619 2580 938 2652 perlatoris:
969 2579 1057 2648 qui
1085 2579 1129 2632 si
1162 2593 1259 2648 pro
1282 2577 1479 2632 mentis
1519 2584 1712 2630 vestrm
1752 2588 1836 2627 se-

270 2675 489 2727 renitate
514 2671 815 2742 gratuletur
845 2667 1155 2733 beneﬁciis,
1174 2667 1429 2737 agnoscit
1470 2673 1667 2720 se~aut'
1686 2677 1834 2717 rece-

271 2765 414 2831 pisse
437 2762 575 2833 quod
603 2762 797 2817 vestris
838 2760 1104 2829 praestitit,
1132 2769 1223 2812 aut
1272 2757 1504 2827 qualiter
1533 2770 1714 2810 amare
1742 2754 1834 2808 de-

273 2854 416 2921 beat,
471 2852 698 2907 incitari.
746 2852 914 2919 Quem
952 2850 995 2905 si
1044 2850 1127 2905 vel
1172 2849 1325 2913 nolit,
1365 2849 1611 2903 fesﬁnum
1658 2846 1833 2902 redire

269 2943 593 3013 compellite:
624 2944 744 3013 quia
770 2950 829 2996 et
850 2940 1066 2995 alfectni
1097 2954 1217 2994 meo
1256 2941 1539 3009 praesentia
1585 2938 1704 3005 ejus
1749 2943 1834 2991 est

269 3034 594 3097 necessaria;
620 3042 674 3087 et
714 3032 760 3085 si
792 3032 933 3085 Deus
961 3028 1370 3100 promissionem
1420 3024 1685 3089 statuerit,
1710 3038 1851 3078 cum.

268 3127 372 3194 ipse
392 3124 635 3194 jusserit,
661 3122 874 3177 utilitati
896 3126 1240 3190 exspectatur
1265 3115 1635 3173 accommoda.

774 3230 1100 3286 EPISTOLA
1143 3228 1328 3284 XXVI.

765 3337 1021 3379 sanemus
1034 3323 1063 3363 ο³
1099 3335 1327 3375 Ltecmo.

341 3439 443 3490 Aut
468 3436 647 3501 alitur,
682 3444 774 3489 aut
816 3442 1145 3489 sustentatur
1192 3430 1485 3500 scriptione
1524 3425 1831 3497 diligentia:

271 3532 506 3584 ministra
530 3529 833 3585 affectionis
852 3525 1250 3596 estepistolaris
1270 3521 1631 3578 confabulatio
1656 3529 1833 3574 :muta

269 3626 449 3680 caritas
486 3624 843 3680 simulacrum
883 3626 1240 3691 reprtesentit
1278 3619 1467 3686 ingrati
1511 3632 1526 3670 :
1572 3613 1837 3682 depretiat

264 3718 463 3784 genium
487 3733 675 3781 suum,
709 3731 827 3785 quze
857 3715 906 3768 in
942 3727 1265 3767 vocem-non
1295 3708 1616 3779 prorumpit,
1649 3706 1834 3759 amici-

262 3809 345 3862 tia.
380 3810 532 3865 Bene
563 3816 830 3864 secretum
864 3805 1097 3875 pectoris
1127 3811 1397 3857 reseratur
1439 3800 1596 3853 clave
1633 3812 1837 3853 sermo-

260 3901 337 3954 nis
364 3918 380 3955 :
407 3901 783 3970 dignationem
813 3906 1042 3952 vestram
1065 3895 1174 3964 jam
1203 3893 1397 3963 patior.
1429 3891 1557 3945 llzec
1578 3904 1677 3959 pro
1692 3889 1838 3957 inge-

259 3992 325 4045 nii
357 3993 572 4047 viribus
599 3990 859 4060 paginalis
898 3986 1207 4043 commercii
1244 3985 1527 4039 libamenta
1569 3980 1863 4047 dedicari,

260 4098 349 4151 per
370 4100 493 4153 quae
525 4097 728 4150 usurpo
757 4081 1025 4136 vindicare
1057 4078 1187 4133 mihi
1221 4076 1469 4131 meritum
1503 4074 1621 4143 plus
1650 4087 1838 4127 aman-

257 4180 337 4230 tis.
368 4175 552 4230 Nemo
580 4175 721 4229 enim
752 4172 1126 4227 taciturnitatis
1169 4168 1421 4238 repagulo
1468 4182 1558 4221 ora
1593 4165 1853 4235 porrigit,

255 4282 407 4334 quam
435 4265 618 4321 decisi
654 4263 868 4319 hederis
913 4276 1205 4316 memorem
1250 4258 1507 4329 proditor
1532 4256 1729 4310 mentis
1759 4255 1837 4308 lo-

252 4358 406 4425 quela
432 4371 554 4410 non
572 4354 790 4409 deserit.
818 4352 1115 4420 Principem
1142 4366 1270 4419 ergo
1290 4351 1466 4404 locum
1499 4346 1550 4400 in
1583 4345 1841 4399 litteraria

251 4450 645 4501 communione
671 4443 941 4514 possideo,
965 4452 1019 4496 et
1040 4442 1224 4509 majori
1256 4437 1683 4505 oulturadignns
1701 4449 1853 4497 sum,

252 4540 336 4605 qui
362 4539 521 4607 prior
558 4535 684 4604 quid
709 4534 982 4603 gestirem,
1027 4530 1251 4598 patefeci
1285 4529 1474 4596 lingua:
1507 4524 1832 4580 testimonio.

1951 621 2412 692 judiciaculminis
2429 621 2614 687 vestri,
2635 634 2719 673 me
2733 619 2965 688 jacente,
2985 617 3251 686 patiantur
3271 600 3519 691 examen.

1950 714 2187 783 Exponit
2242 712 2680 768 enim-censura:
2725 710 3042 765 sententiam
3073 723 3222 763 suam
3279 688 3546 776 quisqu’s‘

1953 802 2094 872 quod
2126 803 2307 872 elegit
2339 816 2444 856 non
2478 810 2678 855 tuetur.
2714 799 2936 854 Domine
2959 800 3051 863 mi,
3081 797 3412 852 salutationis
3441 811 3500 849 re

1951 895 2243 949 verentiam
2278 894 2435 961 pleno
2463 891 2772 959 dependens
2797 889 3071 959 obsequio,
3097 888 3262 943 Deum
3288 902 3438 956 rogo,
3463 896 3517 938 ut

1952 984 2333 1040 beneﬁciorum
2362 983 2506 1037 circa
2531 998 2624 1036 vos
2653 996 2877 1036 suorum
2903 980 3233 1035 incrementa
3265 972 3516 1046 multiplil

1951 1083 2037 1128 cet
2062 1090 2076 1128 :
2106 1074 2234 1143 quia
2268 1072 2415 1126 solus
2445 1087 2639 1126 census
2661 1080 2743 1125 est
2768 1085 3004 1124 meorum
3030 1069 3334 1139 plenissime
3369 1081 3513 1120 com-

1950 1165 2251 1227 modorum,
2273 1164 2362 1231 qui
2385 1162 2757 1217 celsitudinem
2786 1169 3022 1215 vestram
3055 1162 3123 1212 ad
3150 1156 3365 1225 fastigia
3394 1171 3511 1225 qua:

1948 1256 2207 1309 debentur
2231 1256 2523 1306 extulrlt;

2094 1330 2101 1337 ’
2314 1380 2316 1382 τ
2436 1341 2762 1395 EPISTOLA
2814 1340 3025 1394 XXVII.

2407 1432 2430 1461 ⁶
2467 1446 2743 1485 ιιοκοιιλτο
2798 1445 3067 1484 exsomnis.

2016 1525 2070 1578 In
2099 1523 2365 1578 vicinitate
2392 1537 2489 1575 vos
2520 1521 2713 1589 degere
2736 1520 2991 1574 moderna
3016 1517 3309 1586 scriptione
3334 1498 3519 1587 signa;

1942 1616 2069 1679 stis,
2092 1616 2371 1683 jungentes
2395 1613 2459 1665 ad
2495 1611 2772 1678 dispendia
2801 1610 3139 1677 gaudiorum,
3191 1615 3393 1661 statum
3421 1623 3508 1661 ve-

1941 1715 2065 1759 εει-αξ
2090 1701 2406 1757 valetudinis
2433 1701 2796 1754 imminutum.
2830 1698 2943 1752 Non
2978 1713 3135 1766 negti,
3161 1698 3518 1763 sicsmereor,

1941 1807 2218 1864 utsemper
2240 1794 2365 1846 mihi
2392 1808 2511 1847 cum
2531 1791 2775 1845 dulcibus
2798 1804 2975 1843 amara
3000 1789 3292 1844 Socientur.
3319 1789 3507 1842 llacte-

1871 1902 1911 1959 Β
1942 1902 2040 1942 nos
2070 1902 2161 1940 vos
2185 1884 2577 1939 Ravennatibus
2606 1892 2892 1952 occupatos
2917 1881 3153 1935 excubiis
3184 1880 3404 1934 adversa
3430 1887 3507 1933 te-

1941 1986 2186 2032 nuerunt.
2215 1976 2365 2030 Unde
2393 1974 2513 2043 quia
2546 1974 2708 2027 laxari
2734 1971 2976 2040 contigit,
3001 1970 3242 2037 corporis
3275 1969 3329 2022 in
3356 1969 3507 2023 vobis

1938 2080 2019 2125 est
2045 2068 2352 2123 labefactum
2376 2065 2691 2130 substantia,
2724 2080 2793 2118 ne
2823 2064 2873 2117 in
2897 2072 3064 2118 totum
3100 2062 3290 2117 liceret
3324 2070 3504 2130 optata

1938 2160 2251 2231 promereri.
2282 2158 2449 2224 Quam
2468 2156 2598 2210 dura
2619 2166 2702 2210 est
2722 2154 3073 2209 humanarum
3110 2168 3288 2207 rerum
3319 2151 3504 2205 condi-

1938 2244 2717 2318 tio,«qu:equotiensdesideriis
2729 2245 2908 2313 aliquo
2926 2258 3116 2307 sapore
3140 2242 3500 2311 responderit,
3552 2274 3555 2277 ν

1938 2354 2060 2394 mox
2100 2338 2230 2393 etin
2262 2337 2464 2392 foribus
2490 2324 2747 2391 concessa
2778 2340 3068 2403 permutat;
3100 2327 3500 2400 Expavi'tamcn

1937 2430 2277 2492 calumniam,
2318 2438 2474 2497 Quam
2517 2426 2752 2481 oratoria
2790 2434 2844 2479 et
2874 2424 3033 2477 nimis
3081 2421 3287 2475 Dmdala
3331 2422 3507 2488 provi-

1937 2520 2294 2575 sionelittcris
2322 2518 2579 2581 ittdidisti,
2612 2527 2669 2571 ut
2723 2516 2957 2584 injuncta
3001 2529 3098 2583 pro
3143 2513 3373 2568 Utilitate
3419 2522 3527 2565 tua-
3563 2558 3566 2563 .

1938 2612 2079 2666 nolle
2098 2624 2187 2664 me
2208 2608 2416 2672 credas,
2443 2608 2488 2663 si
2511 2608 2561 2662 el
2570 2609 2730 2664 licere
2752 2622 2857 2659 non
2883 2605 3117 2673 potuisse
3144 2604 3445 2671 signavero.
3463 2601 3507 2655 0

1937 2700 2154 2755 artiﬁcis
2207 2698 2403 2769 ingenii
2453 2705 2743 2763 secretum,
2782 2695 2920 2765 quod
2981 2695 3100 2763 plus
3140 2691 3503 2768 commoditati

1940 2792 2213 2861 prospicit,
2242 2805 2428 2858 .quant
2450 2788 2517 2843 de
2558 2802 2739 2841 amore
2760 2784 2983 2840 conﬁdat
3010 2787 3023 2837 ι
3056 2785 3196 2838 Deus
3228 2782 3379 2837 tesﬁs
3417 2793 3499 2835 est

1938 2897 2024 2936 me
2059 2881 2153 2936 tibi
2183 2895 2290 2935 non
2318 2888 2632 2947 negaturum
2666 2891 2788 2932 esse
2832 2874 2989 2944 quod
3014 2875 3181 2928 valeo.
3222 2873 3298 2927 Tu
3336 2872 3501 2925 Deum

1937 2990 2086 3044 roga,
2111 2983 2168 3029 ut
2189 2974 2658 3028 actionem‘meam
2685 2967 2999 3031 infelicium,
3031 2980 3164 3033 quas
3192 2964 3381 3031 diligit,
3413 2963 3500 3015 li!-

1938 3075 2168 3118 terarum
2218 3076 2322 3115 non
2355 3060 2583 3127 patiatur
2604 3054 2999 3110 calamitatibus
3051 3051 3318 3115 impediri.
3361 3049 3498 3102 Nihil

1938 3155 2080 3211 enim
2111 3161 2213 3219 est,
2247 3149 2387 3220 quod
2430 3149 2598 3219 magis
2648 3161 2742 3217 pro
2782 3146 2937 3199 obice
2987 3152 3217 3197 metuam
3281 3142 3504 3194 actionis

1863 3250 1909 3312 C-
1940 3244 2223 3314 impositas,
2248 3256 2406 3311 quam
2433 3245 2565 3294 illud
2590 3247 2732 3308 quod
2760 3251 2904 3301 novi,
2948 3232 3186 3302 accipere
3225 3229 3501 3286 scholasti-

1935 3351 2055 3391 cum
2074 3334 2153 3389 nil
2170 3330 2601 3388 merericConfer
2614 3328 2779 3396 magis
2800 3325 3069 3396 ingenium
3094 3332 3239 3377 tuum
3257 3323 3320 3376 ad
3348 3336 3503 3392 squa-

1937 3430 2096 3486 lentia
2118 3429 2276 3499 jura:
2302 3441 2397 3497 per
2435 3440 2553 3495 qua:
2575 3421 2830 3493 quidquid
2861 3418 3101 3474 scabrida
3130 3416 3369 3487 poposcit
3397 3416 3521 3469 lin-7

1936 3537 2058 3594 gua,
2109 3536 2230 3575 mox
2264 3518 2454 3573 meruit
2478 3533 2493 3583 ;
2516 3524 2609 3570 aut
2649 3515 2694 3569 si
2726 3529 2829 3568 non
2872 3511 3085 3576 meruit,
3117 3525 3238 3563 mox
3287 3507 3500 3561 avulsit.
3532 3558 3535 3561 ,

1937 3614 2178 3679 Domine,
2200 3610 2529 3667 salutationis
2549 3609 2769 3678 gratiam
2794 3606 3003 3659 solvens
3034 3617 3211 3672 spero,
3231 3612 3287 3655 ut
3313 3600 3498 3654 ellusis
3520 3636 3533 3641 ι

1939 3706 2174 3760 laborem
2198 3716 2373 3757 meum
2400 3697 2806 3769 precibusjuves
2827 3695 2976 3764 :qnia
3002 3708 3122 3748 cum
3146 3706 3249 3746 non
3271 3690 3521 3743 habeam-

1939 3795 2081 3849 docti
2112 3801 2203 3847 aut
2230 3790 2424 3846 eruditi
2456 3787 2727 3849 meritum,
2766 3799 2907 3855 saepe
2956 3785 3008 3839 in
3038 3782 3503 3838 causissustineo

1942 3887 2076 3943 facta
2102 3884 2339 3956 perfecti.
2848 3940 2865 3962 ο

2421 3968 2748 4025 EPISTULA
2780 3966 3010 4022 XXVIII.

2445 4064 2464 4092 ³
2486 4074 2687 4116 unum
2720 4074 2828 4111 tua
2856 4073 2989 4111 mus.
3504 4104 3507 4107 ,

2016 4159 2124 4213 Deo
2150 4157 2367 4219 gratias,
2399 4153 2538 4222 quod
2584 4152 2835 4223 principis
2879 4149 2999 4203 loco
3046 4144 3346 4215 ponendum
3395 4152 3517 4212 est,

1944 4251 2032 4321 qui
2060 4247 2475 4318 magnitudinem
2508 4254 2674 4309 tuam,
2704 4258 2818 4311 qua:
2850 4257 2879 4295 a
2912 4256 2997 4299 me
3022 4250 3172 4293 erant
3203 4237 3502 4301 oll'erenda,

1944 4341 2069 4395 fecit
2095 4340 2327 4405 exigere.
2360 4335 2557 4389 Dedisti
2586 4334 2809 4399 pretium
2839 4326 3090 4398 gari-ulita
3119 4330 3154 4392 i,
3198 4344 3355 4395 quam
3405 4328 3494 4381 vix

1947 4428 2201 4483 hactenus
2220 4428 2356 4480 intra
2381 4420 2739 4478 verecundum
2768 4418 3041 4487 penetrale
3056 4417 3290 4470 continui
3313 4434 3325 4467 :
3350 4416 3510 4469 eliciti

1948 4530 2068 4577 utor
2095 4519 2218 4591 styli
2258 4517 2446 4587 genio,
2480 4528 2636 4583 quem
2679 4511 2883 4566 duriter
2918 4510 2985 4563 ab
3025 4509 3322 4576 importuna
3384 4506 3513 4559 scri-

250 4631 387 4685 Ecce
417 4627 752 4697 religionem
781 4623 1073 4695 dirigendae
1115 4624 1318 4691 pagina:
1363 4620 1479 4673 sine
1505 4618 1644 4673 nube
1674 4616 1843 4671 di~se—
1872 4607 1926 4668 ι)
1955 4612 2133 4683 ptione
2163 4608 2442 4665 revocavi:
2473 4604 2721 4660 meritum
2745 4609 2943 4657 coacta:
2982 4599 3124 4654 vocis
3154 4596 3403 4651 inusitata
3434 4596 3513 4650 lo-

316 4763 333 4793 ‘
385 4761 603 4815 Fausto
657 4757 894 4823 quwston’
938 4754 955 4825 ]

250 4831 491 4886 Faustus
525 4818 722 4883 ordine
752 4818 1069 4881 consecutus
1098 4835 1198 4879 est.
1250 4823 1379 4877 Nam
1431 4821 1679 4889 magister
1723 4818 1843 4871 ofﬁ-

251 4902 457 4955 ciorum
504 4908 640 4953 ante
670 4898 866 4964 aliquot
908 4911 1079 4949 annos
1125 4895 1324 4954 fuerat,
1366 4892 1553 4945 Albino
1585 4889 1841 4964 consule;

250 4972 297 5023 in
326 4986 515 5041 eoque
566 4959 771 5041 honore
817 4966 1020 5034 legatus
1059 4980 1086 5016 a
1117 4963 1453 5041 Theoderico
1478 4974 1608 5041 rege
1643 4959 1853 5013 missus-

250 5042 310 5093 ad
334 5030 699 5095 An'as'asinm
726 5030 893 5106 Aug;
914 5044 969 5088 tit
989 5042 1197 5089 constat
1221 5049 1283 5087 ex
1318 5030 1508 5106 G_elasi_i
1539 5045 1684 5106 papae
1702 5043 1847 5106 com-

252 5110 558 5164 monitorio
596 5105 661 5160 ad
696 5096 947 5161 Faustum
981 5110 1293 5171 magistrum
1348 5096 1624 5170 legatio—nis
1664 5096 1845 5171 ofﬁcio

249 5176 737 5246 ConstantinOpoli
768 5168 1093 5246 fungentem.
1125 5173 1272 5246 Nunc
1303 5168 1731 5246 qua'rsmrasacri
1757 5184 1847 5246 pa-

257 5249 360 5304 latii
393 5238 673 5317 fungitur.
701 5246 827 5299 Post
854 5238 991 5317 hanc
1012 5238 1343 5317 praefectura:
1364 5240 1709 5317 prmtorianae
1734 5238 1846 5317 ciu:

253 5306 431 5385 gutum
466 5306 714 5385 adeptus
736 5324 839 5385 est.
873 5306 1144 5384 Epigram.
1168 5311 1269 5366 142
1286 5322 1343 5385 et
1364 5306 1455 5364 lib.
1488 5310 1746 5385 nt_,_eprislt.

256 5377 315 5458 ad
342 5377 720 5458 Stephaniam
751 5377 931 5439 Fausti
960 5377 1228 5458 svororem‘:
1276 5381 1471 5447 Nempe
1506 5379 1653 5458 illius
1678 5377 1851 5458 donati

259 5457 439 5529 Fausti
452 5446 728 5529 'germaun
748 5471 823 5520 es,
837 5461 897 5509 .ln
917 5455 1065 5523 cujus
1090 5446 1555 5529 prwfccttt'raéqnotr‘i
1583 5446 1851 5529 monerhos

256 5517 493 5583 instituat
533 5517 855 5580 invenitur:
881 5533 936 5578 et
973 5517 1179 5591 passim
1201 5517 1262 5574 in
1299 5520 1470 5573 Variis
1498 5517 1839 5591 Cassiodori:

258 5601 351 5651 etsi
383 5602 439 5652 in
474 5597 577 5652 his
602 5597 795 5649 vitiose
836 5588 1034 5662 ubique
1066 5590 1261 5662 Fausto
1290 5590 1560 5662 praeposito
1589 5588 1841 5653 scriptum

259 5677 358 5733 εει,
391 5683 499 5735 pro
530 5669 777 5734 praefecto
809 5659 1069 5735 prwtorio.
1101 5660 1336 5735 Denique
1370 5659 1843 5735 patriciatuzorna-

262 5726 356 5791 tus
380 5726 466 5792 est
496 5726 713 5798 z'cui'us
760 5726 910 5788 tesns
944 5730 1215 5785 Enuodius
1252 5726 1324 5782 ad
1356 5728 1636 5796 Agapitum
1665 5726 1757 5778 lib.
1790 5742 1840 5788 ν,

260 5818 419 5872 epist.
449 5806 554 5859 26.
591 5805 728 5858 Ante
767 5804 943 5856 omnia
974 5811 1150 5854 autem
1190 5798 1653 5872 consulatuinjam
1684 5810 1841 5864 gran-

259 5867 376 5930 dior
406 5886 687 5945 gesserat,
713 5883 767 5926 ut
794 5875 990 5928 dictum
1020 5880 1100 5925 cst
1148 5868 1211 5921 ad
1241 5870 1395 5937 epist.
1425 5868 1477 5927 5,
1512 5867 1599 5919 lib.
1630 5881 1663 5916 ι.

1029 4756 1277 4811 Summas
1328 4766 1516 4807 omnes
1560 4750 1853 4818 dignitates

2022 4746 2139 4799 "In
2165 4744 2296 4798 edit.
2327 4741 2554 4806 Schotti,
2583 4739 2844 4793 Ravenna.

2023 4812 2304 4880 "Liberiol
2334 4813 2408 4866 De
2434 4805 2626 4880 quoad
2650 4810 2803 4876 epist.
2835 4808 2892 4880 In,
2918 4805 3008 4880 lib.
3059 4844 3092 4880 -.

2024 4885 2045 4915 ⁸
2090 4874 2378 4951 Ηοηονάιο]
2407 4874 2574 4935 Fratri
2604 4874 2971 4951 Decorati,_cui
3000 4874 3160 4929 etiam
3176 4882 3505 4951 novo‘exem-

1953 4956 2041 5024 p'o
2069 4956 2119 5007 in
2137 4942 2417 5024 qumstura:
2440 4952 2639 5024 hono_re
2663 4948 2937 5024 successit,
2963 4955 3013 5024 u_t
3043 4956 3117 4997 est
3145 4943 3281 5010 apud
3298 4942 3495 5024 Cassio

1952 5012 2140 5078 dorum
2155 5012 2266 5077 'lib.
2303 5037 2356 5087 v,
2378 5022 2535 5088 epiSt.
2564 5019 2597 5070 5
2618 5026 2671 5070 et
2691 5015 2748 5088 4,
2770 5014 3108 5088 verumbmc
3137 5020 3341 5088 postea.
3368 5012 3518 5088 Nunc

1948 5094 2192 5149 excubiis
2241 5081 2653 5150 Ravennatibus,
2689 5087 2788 5138 hoc
2812 5092 2896 5138 est
2936 5084 3042 5137 alio
3091 5081 3318 5151 quodam
3346 5082 3521 5135 aulico

1950 5180 2172 5219 munere
2202 5177 2370 5219 nuper
2405 5158 2684 5212 defunctus
2712 5164 2847 5207 crat.

2025 5180 2172 5218 tnere
2202 5178 2270 5215 nu
2312 5177 2370 5214 er
2405 5177 2684 5212 ueluncws
2712 5177 2847 5207 crat.

2020 5236 2041 5265 ⁸
2085 5177 2308 5301 Avia:on
2339 5230 2649 5301 Multasunt
2680 5226 2737 5301 in‘
2794 5221 3148 5301 liacepistola
3189 5229 3520 5301 qumuosten-

1951 5304 2082 5358 dunt
2133 5288 2293 5357 alium
2347 5312 2465 5353 esse
2511 5296 2652 5349 hunc
2710 5288 2971 5349 Avienum
3017 5308 3043 5344 a
3078 5288 3253 5346 Fausti
3289 5290 3418 5350 lilio,
3454 5288 3521 5339 de

1952 5374 2104 5442 cujus
2128 5370 2402 5426 consulatu
2434 5376 2625 5442 actum
2653 5374 2735 5420 est
2757 5364 2861 5442 lib.
2894 5378 2934 5442 ιλ
2969 5363 3212 5442 ερίδςθ..5.
3247 5361 3311 5412 Et
3336 5367 3518 5410 tamen

1954 5432 2094 5497 hu'uc
2132 5444 2289 5496 etiam
2322 5437 2593 5493 consulem
2618 5432 2868 5505 appellat.
2897 5434 3015 5499 Quo
3046 5432 3281 5485 adduc-or
3310 5440 3376 5505 ut
3400 5439 3521 5505 ere:

1952 5494 2163 5568 clames
2193 5509 2398 5562 duobus
2424 5494 2668 5569 Avienis,
2693 5494 2942 5571 'quorum'
2964 5516 3099 5571 unus
3136 5510 3276 5550 anno
3318 5494 3519 5571 Christi

1953 5564 2073 5637 {illi
2102 5564 2285 5634 consul
2317 5578 2435 5639 fuit,
2472 5564 2672 5643 collega
2725 5564 2977 5638 Pompeio
3002 5587 3015 5635 ;
3041 5570 3190 5643 alter
3235 5579 3377 5619 anno
3418 5564 3522 5643 599

1951 5635 2071 5705 cum
2106 5649 2279 5703 l’roho
2305 5663 2318 5709 ;
2348 5635 2580 5715 priorem
2611 5635 2791 5715 Fausti
2818 5635 2987 5715 lilium
3035 5635 3525 5715 luisse,_post_erios

1955 5737 2068 5775 rem
2103 5720 2242 5772 hunc
2268 5706 2490 5771 alterum
2538 5715 2602 5767 de
2633 5727 2737 5781 quo
2783 5710 2863 5762 hic
2915 5723 3115 5781 sermo,
3150 5708 3250 5781 _qui
3288 5706 3525 5759 Avienus

1953 5791 2129 5859 jnnior
2158 5789 2210 5842 in
2245 5787 2417 5859 Fastis
2441 5776 2664 5859 aliisque
2688 5779 3026 5833 monimcatis
3058 5776 3275 5843 dicitur,
3308 5791 3412 5830 non
3452 5786 3523 5822 113+

1958 5853 2083 5927 tato,
2110 5859 2203 5915 sed
2232 5858 2416 5913 ordine
2445 5853 2771 5909 consulatus.
2812 5880 2813 5883 η
