4186 6252
652 407 723 465 55
1755 405 2023 460 ENXODJ
2066 406 2369 462 EPISCOPI
2406 407 2783 464 TICINENSIS

3851 384 3941 467 δέ

652 523 921 591 quacitate
940 522 1211 592 possideo.
1228 521 1357 574 Nam
1374 528 1656 590 postquam
1684 521 1982 590 mejussisti
2005 521 2208 587 paginas

2334 533 2418 579 tttr
2436 527 2700 594 accipere.
2722 526 2966 588 Gemina,
2986 526 3176 594 pudor,
3203 525 3329 579 mihi
3346 524 3611 579 hilaritate
3636 526 3923 594 profuisti:

652 615 945 677 destinare,
969 615 1146 668 animo
1175 613 1471 683 meo,quod
1493 624 1782 678 tacueram,
1812 613 2232 668 commendasti.‘

657 703 835 773 Euge,
865 704 1012 758 frons
1042 704 1130 758 diu
1163 704 1414 773 prodiga:
1447 704 1731 775 aliquando
1755 704 1887 758 milii
1914 705 2132 771 contigit
2160 704 2225 756 ad

652 795 950 851 affectionis
985 798 1191 864 copiam
1240 799 1356 852 sine
1385 798 1457 851 tui
1483 799 1759 867 dispendia
1791 795 2090 864 pervenire.
2140 796 2228 849 Di-

653 901 864 939 scamus
895 902 996 939 non
1024 888 1199 942 odisse
1221 888 1357 957 quod
1380 890 1613 957 adjuvat.
1636 888 1843 942 Silentii
1872 888 2043 955 gratia
2075 885 2218 949 fecit,

652 985 709 1029 ut
724 984 774 1030 te
795 976 957 1030 libera
974 978 1080 1041 jam
1106 979 1419 1046 loquamur:
1446 986 1826 1046 exspectantur
1841 991 1868 1028 a
1902 976 2059 1029 nobis
2077 989 2223 1039 szepe

650 1065 885 1119 fastidita
917 1067 1205 1135 colloquia.
1239 1068 1349 1121 Non
1370 1068 1458 1122 ibo
1489 1068 1695 1135 longius
1721 1084 1733 1117 :
1759 1065 2043 1126 asseritur,
2071 1076 2121 1117 ut
2149 1065 2225 1116 vi-

645 1154 769 1219 deo,
796 1155 988 1224 lingua:
1017 1156 1249 1211 officium
1275 1159 1489 1211 raritate
1518 1170 1845 1211 sermonum.
1867 1154 1918 1206 In
1943 1169 2042 1222 qua
2065 1162 2215 1220 parte

647 1260 752 1300 non
779 1248 965 1302 clauda
995 1248 1195 1303 latitia:
1227 1264 1359 1303 mete
1397 1249 1528 1303 fides
1574 1258 1655 1302 est
1689 1265 1703 1301 :
1736 1247 1999 1301 sententia
2037 1255 2221 1297 neStra

642 1333 761 1389 veri
803 1336 1180 1405 astipulatione
1230 1337 1464 1390 fulcitur.
1508 1338 1643 1390 Ecce
1676 1335 1769 1388 ille
1799 1336 1891 1402 qui
1938 1334 2221 1385 doctorum

645 1425 900 1493 epistolas
923 1427 1108 1496 grandi
1141 1427 1347 1482 dotatas
1389 1443 1564 1481 messe
1599 1426 1846 1492 colloquii
1879 1425 2107 1477 summis
2140 1422 2216 1473 la-

647 1514 752 1568 biis
782 1515 868 1568 vix
899 1515 1119 1584 libabat,
1157 1517 1369 1571 tabella:
1398 1528 1592 1571 nosmn
1614 1516 1817 1570 enlmos
1841 1528 1944 1567 non
1969 1511 2219 1579 dedigna-

2334 632 2453 670 eum
2485 627 2537 670 tu
2562 617 2614 671 in
2645 618 2873 671 Statioue
2903 626 3083 670 certus
3106 631 3185 681 es,
3218 625 3273 668 et
3301 631 3421 669 cum
3450 616 3764 683 frequenter
3790 614 3921 670 coni

2336 708 2527 771 templi.
2548 707 2920 761 desiderantur
2935 708 3145 770 aliatus,
3165 706 3300 759 facta
3328 716 3555 766 estecce
3585 706 3774 759 melior
3801 707 3918 775 ejus

2334 798 2597 851 sententia
2617 812 2773 866 quem
2798 811 3057 848 amamus.
3084 795 3246 849 Nobis
3265 810 3391 863 ergo
3416 794 3757 858 verecundia,
3783 810 3915 849 con-

2333 889 2435 941 suli
2465 897 2647 941 nostro
2671 887 3041 941 emendatione
3078 889 3474 954 prospeximus.
3502 883 3606 940 Sed
3636 900 3701 938 ne
3724 885 3775 937 in
3799 886 3919 938 lon-

2329 994 2452 1048 gum
2467 978 2722 1047 procedat
2736 980 2919 1045 pagina
2936 976 3316 1030 transcenderis
3330 976 3583 1029 terminos
3601 976 3911 1045 prazfinitos,

2332 1082 2385 1126 et
2412 1070 2677 1140 loquendo
2722 1070 2909 1135 multa,
2954 1069 3097 1137 quod
3136 1068 3425 1133 tacuimus,
3476 1068 3915 1123 demonstremus

2334 1179 2438 1217 non
2468 1164 2629 1215 fuisse
2650 1162 2889 1223 Consilii;
2920 1162 3057 1222 vale.
3096 1161 3168 1214 mi
3205 1160 3446 1224 domine,
3475 1171 3533 1215 et.
3551 1171 3794 1214 amantes
3836 1160 3913 1213 tui

2337 1252 2435 1306 hac
2473 1251 2847 1305 communione
2894 1250 3113 1319 dignare
3147 1267 3159 1303 :
3193 1249 3326 1318 quia
3354 1248 3597 1318 praecelsi
3646 1250 3910 1303 bonarum

2335 1356 2545 1399 tuorum
2578 1343 2753 1408 apices
2777 1340 2890 1393 Itzec
2916 1341 3028 1393 sola
3053 1340 3319 1408 recipiunt
3342 1350 3675 1410 argumenta,
3698 1354 3818 1410 qua:
3841 1340 3910 1394 de

2333 1436 2630 1489 humilitate
2664 1441 2968 1486 nascuntur.

2134 1661 3897 1700 Μ

636 1690 2131 1722 ww”...—

1712 1784 2123 1885 LIBER
2202 1766 2823 1925 TERTIUS.‘

1125 2043 1458 2099 EPISTULA
1507 2040 1734 2093 PRIML

970 2137 994 2167 ¹’
1026 2148 1283 2190 sexuum
1325 2148 1570 2187 EPISCOPO
1620 2143 1890 2183 ENXODIUS.

710 2227 885 2283 Prima
923 2240 1012 2283 res
1047 2237 1131 2282 est
1171 2233 1357 2280 sancto
1383 2224 1712 2278 conveniens
1750 2222 1865 2272 sine
1887 2214 2217 2270 dubitatione

640 2320 939 2385 proposito,
974 2324 1164 2385 spente
1197 2329 1307 2384 pro
1335 2314 1543 2382 justitia
1582 2312 1756 2365 facere
1778 2349 1792 2373 ,
1834 2303 2087 2377 quidquid
2120 2301 2210 2356 alii

637 2407 815 2465 solent
859 2408 1047 2462 moniti
1095 2406 1351 2462 exhibere
1390 2404 1522 2459 :sed
1558 2402 1821 2456 honestati
1863 2398 2103 2469 proxima
2131 2393 2213 2448 vel

636 2500 892 2567 secunda,
936 2499 1097 2555 rectis
1128 2498 1561 2569 suggestionibus
1595 2510 1699 2549 non
1742 2492 1975 2563 gravari.
2013 2492 2068 2544 In
2107 2502 2212 2557 qua

638 2598 788 2661 parte
814 2598 873 2645 et‘
890 2590 1261 2659 si-principem
1276 2590 1449 2645 locum
1482 2604 1587 2642 non
1624 2586 1855 2655 possidet
1897 2584 1985 2652 qtti
2027 2594 2213 2635 mone-

638 2690 744 2747 tur,
768 2681 930 2737 habet
952 2692 1127 2736 tamen
1155 2681 1247 2736 Dei
1274 2683 1523 2751 gratiam,
1548 2680 1688 2749 quod
1715 2677 1953 2733 veritatis
1976 2674 2210 2728 insinua-

637 2774 874 2829 tionibus
897 2789 1004 2829 non
1027 2783 1305 2843 repugnat.
1345 2772 1572 2827 Causam
1608 2785 1736 2840 ergo
1767 2767 2093 2839 praafationis
2128 2765 2208 2819 in-

635 2866 823 2932 sinuo,
872 2881 941 2922 ne
979 2874 1034 2922 et
1081 2880 1180 2934 ego
1221 2863 1500 2919 utilitatem
1550 2878 1721 2917 meam
1765 2861 1984 2915 differre
2024 2858 2208 2913 videar

634 2957 1286 3025 prolixitate'sermonnm.
1308 2954 1515 3008 Dudum
1552 2969 1643 3021 per
1666 2968 1749 3007 me
1774 2951 2083 3019 suppliciter
2113 2963 2205 3019 po-

631 3047 846 3111 stnLvi,
889 3055 954 3102 ut’
982 3049 1057 3103 de
1081 3046 1361 3114 mancipiis
1404 3059 1522 3116 qua:
1546 3045 1613 3098 de
1641 3057 1766 3097 casa
1805 3057 1921 3096 utea
1952 3056 1992 3095 aa
2010 3041 2205 3096 vestris
2281 3080 2284 3082 η

630 3138 913 3192 solieFt‘ata
964 3136 1281 3200 constabat,
1313 3149 1474 3188 unum
1516 3134 1642 3187 mibi
1672 3132 1811 3202 quod
1849 3139 2202 3192 remanserat,

630 3226 963 3281 redderetur.
987 3225 1216 3279 Dedistis
1241 3225 1482 3290 precibus
1507 3224 1637 3275 meis
1656 3231 1835 3274 sancta
1854 3221 2204 3287 promissione

2246 2008 2291 2066 Β
2319 2016 2579 2088 praestari.
2614 2014 2802 2069 Videte
2829 2013 2873 2066 si
2908 2026 3030 2065 reus
3068 2026 3208 2076 sum,
3237 2010 3327 2079 qui
3368 2009 3504 2079 elegi
3551 2008 3723 2063 virum
3755 2006 3907 2060 anti-

2327 2108 2511 2162 stitum
2550 2105 2787 2159 moribus
2816 2111 3237 2171 congruentem:
3271 2101 3358 2169 qui
3392 2100 3474 2154 vel
3509 2108 3694 2154 contra
3729 2097 3901 2166 aequi-

2325 2206 2491 2252 tatem
2516 2195 2927 2265 repugnantium
2962 2192 3218 2246 indomita
3253 2200 3434 2259 posset
3476 2188 3900 2244 corda-mollire.

2326 2286 2584 2342 Effectum
2618 2284 2747 2339 mihi
2778 2283 2974 2353 negotii
3000 2282 3106 2350 jam
3145 2279 3387 2351 promisi,
3427 2280 3515 2347 qui
3548 2277 3702 2345 legati
3737 2292 3804 2329 tu.
3825 2277 3902 2330 ri-

2325 2386 2434 2432 tum
2476 2374 2843 2444 comprobavi.
2902 2371 3203 2437 Providete,
3235 2372 3279 2425 si
3329 2370 3640 2439 religionem
3680 2369 3905 2435 deceat,

2322 2468 2367 2521 si
2398 2482 2426 2520 a
2455 2466 2709 2536 pontifice
2740 2465 2958 2533 dignum
3010 2463 3104 2525 sit,
3142 2460 3287 2515 ilum
3320 2459 3406 2528 qui
3440 2467 3614 2527 potest
3653 2458 3900 2513 cautibus

2318 2556 2609 2626 imperare,
2636 2554 2930 2609 contemni;
2970 2552 3085 2605 Duo
3118 2558 3242 2603 sunt
3270 2563 3388 2612 qua:
3432 2562 3640 2601 mecum
3674 2547 3896 2611 faciunt,

2321 2648 2516 2717 negotii
2545 2646 2853 2711 sinceritas,
2905 2652 2959 2698 et
2987 2657 3157 2712 genus
3195 2639 3547 2709 supplicantis
3590 2655 3602 2691 :
3634 2637 3897 2707 quidquid

2316 2746 2498 2792 contra
2527 2739 2627 2792 hoc
2653 2735 2947 2801 obstiterit,
2980 2735 3241 2789 bonorum
3286 2731 3604 2787 sententiam
3635 2734 3756 2784 tuo:
3782 2743 3896 2784 me‘

2318 2842 2486 2886 retur.

2882 2918 3218 2976 EPISTOLA
3256 2918 3320 2973 ll.

2754 3016 2774 3044 ³
2815 3026 3072 3067 EUGENETI
3104 3024 3377 3066 ENNODIUS.

2381 3126 2632 3193 Quamvis
2678 3124 2996 3180 commercia
3028 3122 3324 3176 litterarum
3348 3120 3515 3187 magis
3544 3127 3668 3173 sunt
3691 3122 3894 3172 laetitia:

2316 3233 2478 3288 quam
2513 3217 2761 3273 maeroris
2786 3232 2800 3282 ;
2826 3230 2923 3270 nec
2952 3224 3215 3269 secretum
3246 3213 3483 3283 pectoris
3517 3220 3609 3265 aut
3637 3210 3894 3265 amicitiae

630 3316 966 3384 responsum,
1000 3325 1058 3368 ut
1082 3287 1251 3368 etiam-
1272 3312 1316 3365 si
1349 3313 1497 3366 vobis
1538 3329 1668 3377 puer
1693 3313 1803 3378 ipse
1838 3312 1960 3378 jure
1994 3324 2210 3376 compe-
2240 3287 2285 3348 (ἶ
2315 3287 2640 3379 diligentiam
2691 3309 2825 3363 bene
2875 3307 2927 3361 itt
2976 3306 3151 3360 lucem
3195 3304 3404 3374 digerat
3441 3302 3626 3357 clauda
3682 3302 3891 3359 recenti

630 3412 790 3474 teret,
816 3419 910 3458 vos
943 3410 1119 3458 tamen
1163 3402 1384 3472 gratiam
1439 3402 1733 3456 commods
1760 3400 2045 3453 anteferre.
2099 3399 2206 3453 Re-

628 3509 813 3564 gresso
853 3510 938 3549 me
968 3493 1036 3549 de
1065 3484 1318 3546 Ravenna
1367 3492 1528 3562 (quod
1566 3493 1707 3563 dictu
1755 3490 1903 3544 nefas
1948 3490 2053 3555 est)
2108 3502 2206 3556 pro

628 3585 860 3655 νεα-ωε
905 3584 1037 3639 meis
1066 3583 1315 3639 effectum
1350 3582 1698 3636 sacerdotalis
1729 3580 1980 3634 diffinitio
2009 3580 2206 3633 habere

628 3689 734 3729 non
768 3674 956 3743 potuit.
985 3674 1208 3727 Ascribo
1225 3672 1429 3727 meritis
1462 3671 1616 3734 meis,
1644 3671 1783 3739 Quod
1813 3671 1963 3736 cujus
1992 3683 2085 3722 ore
2111 3668 2205 3722 da-

626 3773 840 3823 mnatur
866 3764 1223 3829 mendacium,
1253 3772 1445 3818 statuta
1478 3762 1706 3817 violavit.
1736 3761 1873 3815 Ecce
1895 3761 2086 3814 iterum
2118 3774 2203 3814 me

626 3853 693 3911 ad
721 3856 1100 3912 conscientiam
1150 3863 1380 3909 vestram
1414 3853 1590 3910 refero
1631 3872 1643 3905 :
1683 3868 1829 3916 ecce,
1862 3852 2002 3922 quod
2033 3852 2199 3906 lilium

625 3948 800 4012 decet,
832 3947 1079 4011 exhibeo,
1124 3955 1187 4001 ut
1227 3963 1319 4014 per
1346 3947 1631 4001 sublimem
1673 3955 1726 4000 et
1748 3947 2089 4014 magnificum
2120 3945 2200 3998 vi-

631 4052 750 4094 rum
796 4037 1051 4091 domuum
1101 4036 1367 4091 Victorem
1400 4036 1465 4090 ad
1512 4036 1862 4091 humilitatem
1905 4036 2197 4098 conferam,

623 4127 1032 4198 cuidqn'r’d'mihi
1066 4135 1273 4197 poterat
1310 4128 1484 4197 legum
1512 4126 1849 4182 sa-culariutn
1880 4125 2197 4180 auctoritate

699 4262 717 4293 ³
748 4261 909 4315 Sentit
944 4261 998 4332 ri
1022 4259 1474 4332 episwpojﬂnjns
1503 4260 1646 4332 sedis
1681 4260 1853 4332 fuerit,
1884 4258 2195 4332 episeopus,

622 4330 909 4386 incertum.
956 4330 1138 4397 Neque
1183 4330 1324 4385 enim
1383 4332 1451 4384 de
1502 4331 1760 4385 Senat'ore
1811 4330 2122 4385 Mediolanea
2150 4332 2195 4384 si

621 4402 874 4470 episcopo
908 4401 1128 4469 intelligi
1168 4410 1363 4468 potest,
1395 4401 1445 4455 in
1475 4416 1632 4469 quem
1676 4402 1931 4468 scriptum
1960 4409 2042 4455 est
2072 4402 2190 4460 epi-

619 4486 858 4540 gramnra
884 4472 971 4525 87‘.
1006 4470 1051 4524 ls
1079 4471 1220 4525 enim
1252 4471 1403 4525 haud.
1420 4473 1574 4540 paulo
1601 4471 1903 4539 antiquior:
1931 4486 2049 4523 cum
2084 4470 2194 4524 Me-

619 4539 988 4597 diolancnsem
1012 4541 1320 4593 cathedram
1347 4539 1787 4605 postSenatorem
1807 4540 1999 4592 rexerit
2019 4540 2193 4591 Theo—

617 4583 1320 4677 ιῖἇὶῖέῖίξόζίτιιῗὲξζιόἑὲἱὶἐ
1348 4583 1691 4673 ﬁliiﬁlii};
1708 4583 2195 4677 Ij'ii'i'tiiiiib'diii'iﬁt‘ic
2224 4583 2275 4639 ο

617 4682 886 4735 scribente
918 4680 1159 4734 florebat.
1202 4680 1474 4747 Senatoris
1494 4693 1622 4733 sane
1653 4694 1844 4732 nomen
1879 4678 1969 4731 illo
1996 4681 2192 4731 saeculo

616 4764 835 4816 gessere
872 4750 1205 4817 cmuplnres-
1226 4749 1370 4803 Inter
1389 4763 1522 4818 quos
1544 4749 1872 4812 notissimus,
1903 4759 1954 4801 et
1982 4749 2193 4815 scriptis

620 4817 1019 4887 bonorbesque
1050 4821 1380 4873 clarissimus
1409 4817 1704 4873 ’Variaruni
1764 4833 1981 4882 auctor,
2032 4834 2191 4885 quem

615 4887 995 4942 Cassiodorum
1024 4888 1230 4955 inolito,
1264 4893 1305 4944 si
1336 4890 1517 4944 dicere
1544 4889 1685 4948 licet.
1730 4904 1913 4943 errore
1958 4889 2192 4956 appella-

618 4972 757 5011 mus.
788 4957 1049 5028 Audiendi
1076 4958 1272 5028 quippe
1304 4974 1406 5013 non
1438 4968 1581 5028 sunt.
1616 4959 1703 5027 qui
1735 4959 2045 5013 Senatorem
2070 4958 2183 5012 κατ’

615 5027 1026 5098 ἰξοχὴνᾲάὶοιιιῐη
1069 5038 1285 5098 putant,
1316 5027 1470 5097 quasi
1519 5028 1788 5096 preprinm
1833 5028 1948 5095 ejus
1993 5044 2186 5083 nomen

616 5095 774 5151 fuerit
801 5095 1171 5152 Cassiodorus.
1204 5095 1346 5152 Nam
1360 5095 1541 5153 verum
1569 5113 1629 5151 ac
1659 5098 1926 5165 proprium
1950 5098 2063 5162 ejus
2093 5111 2188 5152 no-

615 5182 736 5221 men
770 5166 867 5221 fuit
889 5168 1115 5237 Senator
1138 5184 1152 5232 ;
1177 5169 1457 5237 quodipse
1506 5168 1618 5221 suis
1658 5168 1907 5222 omnibus
1941 5167 2185 5234 epistolis

617 5236 843 5317 prtefigit
998 5252 1049 5317 at
1072 5235 1229 5317 etnait
1272 5238 1564 5317 Varini-uin,
1596 5247 1648 5291 et
1677 5237 1815 5317 quod
1864 5252 2025 5290 unum
2073 5237 2184 5291 suis

617 5306 734 5374 ipse
766 5307 939 5362 Fastis
997 5306 1186 5376 indidit
1239 5322 1380 5376 anno
1410 5308 1535 5371 515,
1582 5322 1701 5360 cum
1742 5309 1809 5361 de
1859 5321 1956 5358 suo
2002 5316 2184 5376 ageret

614 5376 1046 5433 consulatn.Tam
1071 5375 1228 5444 igitur
1256 5375 1355 5428 hoc
1377 5377 1425 5429 ei
1454 5392 1635 5430 verum
1658 5392 1850 5431 nomen
1882 5376 1999 5440 fuit,
2023 5375 2180 5444 quam

610 5457 795 5517 verum
826 5450 993 5501 fuerat
1015 5444 1467 5517 alteri_Se_natori5,
1492 5446 1854 5517 quianno‘lSG
1875 5447 2060 5500 consul
2087 5447 2183 5499 fuit

612 5514 730 5569 cum
759 5517 839 5571 Fl.
866 5518 1150 5572 Anthemio
1179 5514 1400 5568 Isidoro.
1434 5518 1535 5568 Sed
1577 5514 1799 5569 invaluit
1841 5533 1995 5571 error
2021 5533 2089 5569 ex
2119 5530 2181 5569 ea

612 5601 771 5655 quam
802 5589 908 5640 dixi
936 5588 1185 5655 opinione
1217 5596 1391 5648 natus,
1433 5584 1583 5653 quasi
1611 5585 1837 5639 Senator
1883 5587 2177 5654 epitlietum

611 5665 775 5718 esset,
808 5671 910 5709 non
945 5674 1159 5721 nomen,
1196 5666 1250 5709 nt
1296 5655 1647 5710 Cassiodorus
1679 5667 1928 5723 tauquam
1964 5656 2179 5725 proprio

610 5731 828 5781 tientine
854 5727 1132 5790 vocitetur,
1157 5741 1277 5780 cum
1302 5727 1350 5779 id
1380 5741 1673 5795 cognomen
1706 5741 1761 5777 re
1793 5742 1912 5777 vera
1942 5728 2121 5785 fuerit,
2150 5741 2177 5777 :t

610 5796 777 5864 patris
802 5798 1014 5852 nomine
1028 5799 1275 5852 ductum.
1304 5796 1442 5853 Patri
1476 5797 1617 5856 enim
1657 5796 1927 5852 Setta'oris
1978 5813 2168 5852 nomen

2316 3400 2626 3454 confusione
2657 3399 2925 3454 elocutio:
2959 3399 3146 3453 videro
3176 3408 3373 3461 tamen,
3429 3406 3608 3451 utrum
3668 3396 3892 3465 dispen-

2314 3490 2459 3544 dium
2491 3490 2701 3543 caritati
2726 3488 2920 3544 inferat
2940 3503 3117 3543 scrmo
3140 3489 3353 3553 rarior;
3383 3496 3647 3540 monstrat
3680 3495 3890 3550 tamen,

2313 3583 2359 3637 si
2409 3581 2583 3636 nullus
2631 3590 2968 3650 prorogetur,
3028 3580 3304 3634 infantiam
3337 3596 3351 3634 :
3384 3588 3572 3634 testem
3629 3577 3888 3633 divinitas

2310 3675 2498 3743 gratia:
2526 3674 2719 3743 lingua?
2748 3673 2894 3729 dedit
2923 3673 3179 3728 officium.
3212 3671 3319 3728 Sed
3344 3672 3510 3740 dicas,
3542 3671 3612 3725 mi
3640 3670 3882 3736 domine,

2310 3766 2423 3821 haec
2460 3767 2631 3820 aliena
2659 3780 2779 3821 esse
2806 3765 2879 3820 ab
2894 3780 2958 3820 eo
2983 3780 3139 3834 quem
3174 3764 3414 3818 noverim
3446 3762 3695 3817 maximis
3721 3762 3887 3815 ιιι-Ιη-

2310 3856 2455 3910 ribus
2498 3866 2812 3924 occupatum
2853 3870 2870 3912 :
2919 3870 3161 3923 pressum
3213 3864 3396 3922 pectus
3456 3854 3765 3922 angoribus,
3805 3853 3880 3907 ad
3932 3914 3935 3915 ν

2308 3947 2507 4001 amoris
2528 3945 2688 4000 verba
2736 3960 2840 4000 non
2871 3946 3001 4014 erigi
3029 3964 3040 3997 :
3068 3960 3165 4000 nec
3195 3944 3481 4014 quidquam
3532 3943 3883 3998 delenificum

2308 4036 2537 4091 lamenta
2584 4036 2821 4091 sentire:
2853 4051 2937 4089 res
2965 4049 3082 4104 qua:
3111 4042 3344 4088 mentem
3375 4033 3602 4102 premit,
3636 4033 3883 4100 repudiat

2306 4133 2445 4201 quod
2475 4131 2710 4186 oblectat
2734 4132 2970 4185 auditum
3000 4148 3010 4181 :
3041 4131 3129 4198 qui
3159 4130 3327 4199 major
3356 4130 3548 4184 anima:
3576 4128 3675 4183 fuit
3701 4129 3881 4197 portio

2306 4266 2404 4319 fuit
2438 4264 2805 4329 Cassiodotus,
2841 4266 2867 4317 a
2908 4278 3013 4333 quo
3063 4264 3198 4316 filius
3229 4261 3578 4333 f‘assiodorus
3621 4260 3877 4333 Senator,

2305 4347 2357 4389 et
2389 4338 2631 4389 omnibus
2674 4330 2975 4387 nominibus
3008 4334 3223 4403 Magnus
3244 4333 3491 4385 Aurelius
3519 4330 3877 4403 Gassiodoms

2302 4406 2527 4459 Senator
2580 4406 2753 4459 dictus
2806 4414 2908 4467 est.
2957 4400 3108 4458 sicut
3145 4418 3173 4456 a
3223 4402 3416 4455 Fausto
3452 4411 3599 4469 patte
3646 4400 3875 4469 Faustus

2303 4478 2555 4529 Avienus.
2589 4477 2641 4527 In
2671 4491 2775 4543 quo
2799 4489 3007 4527 rursum
3049 4473 3321 4543 refellendi
3352 4468 3502 4542 sunt,
3529 4468 3875 4543 qui__Cass‘in-

2301 4546 2512 4614 dorum,
2541 4545 2624 4614 cui
2657 4537 2963 4612 patriciatus
3005 4553 3123 4614 post
3162 4540 3531 4614 praefecturam
3562 4556 3590 4593 a
3620 4537 3873 4593 Theode-

2302 4615 2413 4667 rico
2437 4612 2561 4678 rege
2591 4612 2848 4676 defertur,
2883 4621 2934 4666 et
2983 4613 3049 4665 de
3081 4627 3204 4680 quo,
3234 4612 3456 4679 ejusque
3482 4617 3667 4680 avoet
3692 4617 3871 4675 patre,

2300 4685 2462 4736 multa
2494 4684 2581 4737 lib.
2612 4699 2648 4749 ι,
2681 4684 2836 4751 epist.
2868 4680 2900 4736 5
2928 4692 2976 4736 et
3005 4683 3058 4747 4,
3092 4679 3259 4750 ipsum
3284 4690 3553 4734 auctorem
3591 4679 3872 4751 Variarutn

2298 4768 2417 4808 esse
2440 4747 2686 4819 credunt,
2711 4747 2830 4806 cum
2859 4752 2925 4806 de
2966 4747 3131 4821 ipsius
3181 4760 3329 4819 patre
3358 4750 3524 4818 accipi
3565 4747 3738 4821 omnia
3776 4749 3873 4801 de-

2298 4822 2484 4892 beant;
2511 4824 2573 4876 ad
2605 4817 2761 4892 quem
2793 4824 2952 4875 etiam
2987 4817 3191 4885 scripta
3219 4832 3301 4875 est
3332 4817 3493 4889 epist.
3538 4820 3626 4892 28,
3661 4817 3753 4892 lib.
3786 4833 3870 4872 ιιι.

2297 4888 2542 4947 SirnzttOri
2568 4888 2826 4960 siquidem
2854 4894 2963 4945 lilio
3005 4894 3392 4956 praefecturam,
3441 4904 3506 4943 ac
3534 4888 3726 4960 deinde
3756 4903 3873 4960 pa-

2300 4965 2562 5017 triciatum
2609 4958 2798 5017 detulit
2842 4980 2943 5015 non
2978 4960 3360 5023 Theodericus,
3392 4961 3484 5012 sed
3530 4958 3872 5012 Atltalaricus

2298 5034 2413 5099 ejus
2437 5049 2603 5101 nepos
2646 5034 2735 5087 lib.
2767 5049 2837 5095 tx,
2885 5034 3039 5099 epist.
3086 5032 3151 5085 24
3194 5031 3373 5101 οιᾲὲὄ,
3401 5030 3686 5101 inquibus
3718 5038 3872 5101 recto

2298 5097 2521 5155 nomine
2555 5104 2780 5157 Senator
2830 5097 3161 5169 nunt-upatur
3188 5118 3199 5151 :
3226 5097 3627 5161 Cumulavimus,
3672 5098 3868 5164 inquit,

2300 5172 2363 5225 Ρ.
2396 5172 2452 5224 (Ι.
2508 5173 2762 5234 beneﬁciis
2805 5168 3297 5237 nostris’copiosum
3335 5170 3617 5230 virtutibus,
3663 5168 3870 5221 divitem

2294 5243 2536 5304 moribus,
2571 5243 2771 5306 plenum
2797 5243 2962 5311 magis
2988 5241 3263 5294 honoribus
3291 5241 3609 5311 Senatorem.

2363 5314 2381 5341 ²
2416 5310 2680 5381 Ευρεηειέι
2726 5312 2795 5364 De
2824 5307 2928 5378 quo
2987 5310 3051 5363 ad
3097 5310 3349 5381 epist._24
3396 5309 3591 5381 l_ib.tv.
3641 5307 3868 5381 Doctntu

2296 5377 2581 5448 Engenetis
2614 5377 2830 5434 fratrem
2860 5382 3010 5446 cujus
3041 5377 3242 5433 obitum
3272 5379 3356 5433 ltic
3385 5379 3650 5448 deplorat,
3688 5377 3870 5440 snSpi-

2291 5466 2384 5503 cor
2412 5450 2575 5504 fuisse
2628 5468 2875 5514 magnum
2930 5450 3228 5518 Olybrium,
3277 5450 3343 5503 tle
3374 5465 3480 5516 quo
3528 5448 3725 5518 dictum
3780 5455 3868 5500 est

2288 5523 2445 5584 epist.
2478 5522 2510 5574 9
2542 5522 2630 5573 lib.
2666 5537 2701 5573 l.
2738 5521 2869 5574 llinc
2896 5531 2976 5573 est
3005 5519 3230 5573 fortasse
3263 5520 3398 5586 quod
3433 5533 3532 5571 una
3566 5517 3867 5586 junguntur

2289 5592 2337 5642 in
2367 5594 2523 5657 epist.
2552 5590 2623 5643 95
2651 5590 2886 5658 ejusdem
2920 5591 3037 5643 libri
3068 5584 3292 5659 Olybrio
3315 5601 3365 5642 et
3392 5589 3643 5657 Engeneti
3668 5602 3701 5659 εν-
3722 5584 3865 5659 etin

2286 5654 2507 5725 epistola
2538 5654 2827 5712 Atltalarici
2854 5660 2946 5712 lib.
2980 5675 3068 5711 vnt
3099 5654 3375 5712 variarunt
3414 5654 3547 5712 l‘J'et
3566 5656 3706 5726 quod
3732 5654 3863 5722 Oly-

2284 5731 2381 5784 brii
2412 5732 2661 5797 deinceps
2693 5731 2835 5784 nulla
2862 5730 2999 5803 apud
3026 5730 3324 5784 Ennodium
3356 5730 3575 5783 mentio.
