4186 6252
334 386 397 443 ὅτ

1572 373 2049 433 EPISTQLARUM
2091 375 2216 432 LIB.
2257 373 2341 430 I‘II.

3516 378 3585 436 58

335 504 494 571 frater
521 496 578 551 in
603 492 832 565 superis,
877 492 1013 545 lianc
1039 486 1304 544 transtulit
1348 486 1414 541 ad
1445 487 1685 555 sepulcra
1729 504 1742 539 ε
1775 486 1900 556 quid
1930 486 1983 544 Α
2010 485 2114 549 tiae,
2139 485 2225 553 qui
2253 495 2556 540 sanctorum
2579 494 2815 561 meretur
2836 486 3119 556 colloquia.
3147 488 3321 555 Quare
3346 490 3471 543 dum
3496 505 3582 546 me

337 588 651 657 exigendum
682 587 748 639 ab
783 584 873 638 illo
899 583 988 645 sit,
1012 580 1163 659 cujus
1192 577 1475 631 dimidium
1522 576 1713 630 salutis
1744 577 1902 630 busta

338 677 675 737 clauserunt?
706 676 758 728 in
776 674 999 727 summis
1024 672 1402 726 afﬂictionibus
1424 670 1587 739 qtueri
1623 682 1728 721 non
1752 682 1907 734 posse

338 791 365 826 v
399 786 540 835 cem;
572 767 857 840 gemitibus
880 764 1247 833 subjugatam:
1280 764 1634 833 lacrymarum
1670 770 1909 828 tempore

340 864 540 919 dicitur
569 862 872 928 importuna
921 858 1176 909 narratio.
1235 853 1610 921 llespondebo.
1639 852 1780 920 quod
1813 867 1909 918 par

339 967 548 1023 quoque
573 964 751 1004 meum
776 956 958 1016 peetus
979 947 1155 999 acerbi
1186 960 1340 998 casus
1368 959 1565 998 tlttBt‘Ot‘
1599 942 1905 996 intraverit:

341 1062 431 1102 nec
458 1043 733 1098 dividiuie
762 1054 919 1110 po~se
946 1041 1012 1092 ab
1051 1039 1167 1105 ejus
1201 1039 1435 1099 ll'IrlIlIa,
1469 1052 1625 1103 quem
1656 1035 1783 1087 mihi
1813 1050 1909 1101 pro

341 1141 672 1195 voluntatum
696 1132 1045 1189 similitudine
1068 1144 1442 1198 nonnunquam
1466 1128 1910 1193 Itetajunxerunt.

343 1230 572 1287 Ostende
606 1236 781 1281 tamen
811 1238 953 1291 saepe
980 1220 1239 1290 gravioris
1270 1221 1395 1273 mali
1430 1220 1485 1272 in
1512 1218 1743 1271 luctibus
1777 1216 1913 1271 indi-

345 1336 454 1377 cem
514 1319 681 1373 fuisse
723 1328 1045 1376 sermonem,
1080 1322 1135 1364 et
1186 1311 1475 1375 intercepta
1528 1308 1912 1362 taciturnitatis

346 1410 574 1467 remedia
607 1406 881 1477 proditore
916 1403 1203 1472 Colloqztio.
1257 1401 1459 1465 Dicam,
1504 1398 1593 1466 qui
1642 1397 1907 1451 lamenta-

350 1503 608 1557 tionisute
628 1498 845 1568 paginas
873 1495 1120 1562 denegat,
1172 1492 1224 1545 in
1257 1505 1361 1544 una
1399 1495 1558 1542 mtate
1600 1488 1710 1540 vult
1734 1488 1909 1556 perire

332 1592 483 1663 quod
510 1591 703 1645 deﬂet:
734 1604 839 1640 non
872 1593 1105 1640 meretur
1139 1580 1440 1637 recordatio
1467 1579 1645 1633 fr.itris
1673 1586 1727 1632 et
1746 1578 1912 1643 docti,

352 1696 409 1741 ut
446 1684 715 1739 nobiscum
759 1679 886 1749 quid
915 1679 980 1730 de
1012 1681 1125 1745 ipso
1156 1675 1502 1737 senserimus,
1537 1671 1857 1725 occumbat:
1884 1685 1913 1721 a

358 1777 535 1831 I'criato
563 1788 655 1827 ore
680 1775 732 1825 in
780 1768 1075 1839 planctibus
1109 1780 1299 1834 parcus
1343 1771 1427 1817 cst
1468 1760 1679 1814 animus
1708 1777 1726 1811 ι
1751 1758 1913 1811 amati

334 1860 785 1929 commemoratio
805 1872 925 1927 qute
951 1856 1230 1909 mandatur
1261 1854 1491 1915 tabellis,
1524 1854 1735 1904 viscera
1760 1863 1915 1902 caro-
1947 1833 1992 1891 Β

352 1971 463 2010 rum
516 1952 715 2007 aculeis
765 1950 1025 2004 violenter
1069 1946 1313 2013 irrumpit
1359 1960 1371 1995 :
1408 1956 1676 2008 nunquam
1719 1940 1917 2008 patitur

355 2049 549 2103 obitum
574 2055 912 2098 veterascere
930 2040 1119 2093 relatio
1140 2038 1281 2092 Iunci
1298 2037 1342 2090 is
1354 2037 1558 2105 digesta
1579 2049 1670 2103 per
1689 2033 1915 2086 litteras.

356 2140 466 2192 Hoc
495 2136 669 2190 studio
698 2132 1115 2203 magnitudinem
1148 2140 1288 2184 tuam
1318 2128 1453 2183 ﬂens
1481 2127 1786 2180 consolatur
1815 2139 1916 2192 ap-

352 2232 519 2300 -pel!o,
545 2239 602 2281 ut
631 2226 809 2280 vicarii
832 2224 1092 2280 sermonis
1119 2220 1408 2287 beneﬁcio,
1427 2228 1481 2273 et
1512 2216 1919 2286 promissussub

354 2321 689 2375 ini-oratione
718 2317 807 2371 Dei
836 2318 969 2370 inter
998 2328 1095 2368 nos
1136 2312 1398 2366 nutriatur
1425 2309 1669 2375 allectus,
1711 2316 1766 2362 et
1798 2321 1919 2371 pcr-

352 2430 476 2468 sona
508 2414 766 2467 facundiae
787 2426 904 2480 quae
930 2408 1135 2463 meritis
1156 2405 1268 2473 suis
1296 2418 1543 2459 occasum
1569 2417 1674 2457 non
1703 2402 1919 2471 patitur,

352 2515 526 2560 nostra
557 2517 771 2573 quoque
799 2499 1231 2556 confabulatione
1262 2495 1558 2549 reviviscat.

917 2587 1251 2644 EPISTULA
1277 2586 1362 2639 Ill.

700 2696 877 2737 00380
914 2695 1009 2735 SUO
1048 2692 1249 2732 ηυδτο
1288 2688 1564 2730 Ειςκουιυε.

422 2779 548 2831 Cum
567 2773 832 2830 scribendi
858 2772 1090 2834 occasio,
1120 2780 1173 2823 et
1201 2768 1500 2823 domestica
1522 2774 1575 2820 et
1603 2765 1776 2818 amica
1797 2777 1923 2831 sup-

359 2869 579 2939 peditet,
604 2882 769 2937 quare
798 2881 831 2919 a
863 2863 1069 2934 paginis
1094 2873 1410 2929 temperem,
1435 2870 1684 2927 tanquam
1713 2856 1923 2923 indigus

352 2961 629 3030 perlatoris
644 2976 665 3009 ι
684 2956 913 3009 maxime
930 2969 1049 3008 cum
1071 2951 1326 3006 sedulitas
1339 2950 1649 3004 litterarum.
1668 2958 1923 3014 responsa

352 3054 476 3109 mihi
504 3053 671 3107 soleat
696 3065 837 3117 smpc
868 3055 1119 3117 praestare
1145 3048 1168 3097 Ἰ
1218 3042 1348 3096 lIuic
1384 3057 1442 3095 se
1469 3040 1648 3093 studio
1673 3039 1921 3092 comitem

350 3146 492 3199 dedit
518 3140 848 3198 honorabiis
874 3137 995 3202 viri,
1028 3132 1351 3190 veneratoris
1384 3131 1541 3184 vestri
1575 3128 1751 3183 fratris
1779 3125 1921 3180 Con-

308 3271 312 3275 -
351 3238 527 3291 stantii
555 3230 864 3305 postulatio,
884 3232 969 3299 qui
1002 3229 1311 3283 industriam
1342 3239 1491 3279 suam
1524 3239 1624 3291 qua
1664 3220 1800 3285 apud
1832 3236 1924 3272 vos
1953 3194 1999 3257 ε

357 3328 612 3389 Domnus,
638 3336 697 3378 ut
730 3324 999 3377 eilicacem
1025 3320 1198 3382 decet,
1223 3318 1465 3379 innotuit,
1496 3313 1629 3368 meis
1659 3312 1927 3366 desiderat

360 3419 626 3483 beneﬁciis
647 3416 956 3485 subjctgare.
981 3411 1314 3469 Transcribit
1346 3410 1487 3464 enim
1511 3409 1575 3461 ad
1605 3407 1774 3461 aliena
1801 3404 1921 3472 jura

360 3510 604 3564 sudorem
627 3524 807 3572 suum,
830 3506 919 3576 qui
942 3507 1134 3561 debere
1166 3505 1277 3559 vult
1306 3498 1761 3558 commendatitiis
1783 3494 1924 3562 quod

356 3611 613 3657 meretur.
663 3601 791 3656 Dedi
839 3609 1014 3653 tamen
1070 3612 1258 3652 manus
1280 3595 1545 3664 precibus,
1592 3604 1646 3646 et
1677 3606 1774 3659 pro
1806 3589 1925 3657 ejus

350 3692 620 3746 desiderio
654 3691 754 3745 sub
789 3690 1073 3749 occasione
1102 3685 1418 3742 exhibendae
1451 3681 1764 3737 humilltatis
1791 3696 1926 3732 scr.-

349 3794 443 3851 pta
461 3783 753 3852 prorogavi
774 3822 789 3847 ,
824 3781 987 3835 Deum
1016 3793 1231 3847 rogans,
1255 3785 1311 3831 ut
1338 3776 1436 3833 sub
1464 3774 1606 3827 ontni
1648 3772 1925 3824 celeritate

345 3878 576 3929 rmntius
598 3890 685 3927 me
708 3889 799 3928 ves
827 3888 901 3927 ra:
922 3871 1243 3927 valetudinis
1282 3883 1332 3923 et
1358 3867 1733 3936 prosperitatis
1763 3864 1924 3917 attol—

345 3970 438 4024 lat.
488 3969 839 4024 Nominatum
893 3979 1066 4022 tamen
1095 3981 1192 4036 pro
1219 3965 1321 4019 mei
1346 3962 1775 4019 consideratione
1815 3973 1927 4012 ma-

342 4062 577 4130 gnitudo
608 4070 783 4115 vestra
833 4060 1067 4129 gemino,
1115 4058 1160 4112 si
1213 4057 1463 4126 indignus
1509 4062 1756 4124 precator
1812 4065 1920 4105 non

343 4167 491 4219 sum,
534 4151 716 4207 favore
742 4152 1046 4206 comitetur.
1666 4141 1679 4155 ’

921 4240 1251 4295 EPISTULA
1288 4238 1373 4292 IV.

721 4347 976 4387 sumptus
1010 4334 1026 4363 ¹
1057 4347 1240 4385 ABBA'I‘I
1278 4341 1573 4383 summa.

338 4474 341 4477 .
417 4424 750 4479 Litterarum
781 4434 1082 4477 vestrarum
1114 4437 1277 4491 quam
1300 4420 1454 4474 du‘ce
1504 4415 1785 4485 negotium
1824 4419 1927 4474 est,

339 4515 489 4585 quod
524 4514 666 4568 mihi
701 4514 941 4581 spiritale
986 4527 1187 4568 munus
1224 4512 1498 4566 exhibuit!
1551 4523 1706 4577 quam
1752 4506 1931 4559 votiva

338 4609 690 4677 perlaturum
721 4606 1034 4667 necessitas,
1065 4620 1183 4673 quae
1215 4604 1439 4658 remedii
1471 4602 1552 4656 sui
1585 4598 1764 4654 studio
1792 4597 1936 4651 desi-

340 4701 521 4756 deriis
559 4698 803 4753 medetur
833 4697 1059 4752 alienis!
1113 4695 1408 4759 Conﬁteor,
1458 4694 1557 4746 nisi
1613 4695 1933 4759 repugnaret

337 4790 657 4862 proposito.
706 4780 920 4843 inimica
970 4801 1111 4857 pene
1153 4786 1224 4840 ad
1278 4784 1594 4839 turbandam
1625 4781 1927 4849 aliquorum

338 4886 703 4940 securitatem
732 4891 850 4934 vota
881 4880 1240 4949 conciperem.
1271 4879 1404 4931 Ecce
1420 4871 1932 4944 praestantadversa,

334 4976 487 5045 quod
524 4972 763 5029 secunda
787 4987 891 5026 non
918 4970 1181 5026 tribuunt.
1208 4969 1526 5025 Sanctorum
1554 4966 1758 5018 litteras
1783 4971 1932 5014 tran-

336 5068 536 5137 quillis
579 5066 742 5119 rebus
767 5064 912 5119 unde
960 5072 1206 5132 peccator
1254 5062 1590 5128 acciperem,
1623 5071 1753 5126 quas
1797 5070 1935 5107 nun-

335 5174 509 5231 quam
544 5157 859 5211 meritorum
895 5170 1132 5208 meorum
1166 5154 1305 5207 nitor
1332 5150 1540 5219 esegit?
1573 5150 1708 5203 Ecce
1762 5161 1932 5216 quan-

338 5264 460 5309 tum
498 5252 639 5307 mihi
674 5250 1016 5305 contulerunt
1046 5248 1379 5317 snitragium,
1410 5248 1497 5314 qui
1531 5261 1559 5297 a
1609 5243 1757 5297 vobis
1790 5240 1929 5294 obti-

338 5347 539 5401 nuisse
562 5358 623 5398 se
643 5342 983 5398 conﬁtentur.
1012 5342 1247 5395 Divinam
1298 5342 1509 5393 aestimo
1542 5336 1929 5404 providentiam

340 5438 433 5493 illa
470 5436 719 5491 tribuere
752 5454 764 5487 :
800 5434 1023 5489 multum
1069 5432 1180 5501 jam
1229 5432 1414 5496 credo,
1471 5430 1609 5500 quod
1660 5428 1729 5483 de
1777 5427 1934 5479 mal-.2

339 5529 786 5587 conversationis
810 5527 951 5582 Iasce
989 5526 1236 5595 deposui.
1270 5524 1548 5578 Proximus
1580 5531 1662 5577 est
1687 5525 1939 5574 iitum-en-

419 5644 436 5674 ⁸
474 5642 663 5695 Abbati
723 5639 1301 5712 StepltanojAthuem
1334 5640 1525 5712 iterum
1551 5637 1705 5700 epist.
1752 5635 1832 5690 I2.
1868 5704 1879 5712 _
1924 5624 1927 5625 ν

419 5712 446 5745 ³
492 5713 764 5766 Artemian
796 5704 1082 5781 presbytero
1114 5710 1125 5779 ]
1156 5704 1407 5781 Iitclesiaa
1450 5709 1722 5781 llomanat,
1758 5716 1825 5781 nt_
1850 5704 1940 5781 tle-

346 5782 711 5847 claramque
733 5776 803 5837 ad
832 5776 1078 5839 eumdem
1107 5776 1293 5834 scribit
1323 5780 1414 5832 lib.
1450 5794 1541 5841 vn,
1576 5779 1733 5843 epist.
1758 5777 1847 5847 27.
1898 5776 1943 5847 Is

346 5862 436 5909 est
471 5845 731 5923 ferta—ssc,
754 5854 844 5926 qui
870 5855 921 5910 in
944 5853 1148 5925 synodo
1178 5852 1345 5922 priiva
1376 5847 1680 5919 Symmachi
1711 5845 1940 5899 suchri-

2012 581 2285 636 saecularis
2313 582 2527 636 licentia
2559 584 2829 638 immunda
2862 584 3121 653 possedit,
3146 599 3417 652 nunquam
3449 583 3583 637 tanti

2014 671 2310 739 viriapices
2327 674 2493 726 merui
2533 692 2542 724 :
2579 685 2696 740 p0~l
2737 675 2897 729 etiam
2949 690 3040 743 per
3078 676 3232 743 longa
3283 674 3585 737 intervalla,

2015 777 2282 831 nunquam
2312 764 2611 831 hujusmodi
2637 766 2771 819 bona
2792 781 2881 820 sus
2916 768 3026 835 cpi.
3054 768 3193 821 Deus
3217 780 3587 834 magne,quam

2014 856 2322 924 dignitatem
2373 858 2730 911 servientibus
2761 860 2852 912 tibi
2879 860 3088 924 tribuis,
3146 869 3202 912 ut
3251 873 3387 928 quos
3420 857 3590 924 respi-

2014 961 2136 1000 cere
2155 950 2400 1014 cmperis,
2417 948 2575 1000 etiam
2596 950 2782 1002 amicis
2807 949 2909 1002 tuis
2942 950 3133 1003 reddas
3157 950 3425 1014 acceptus!
3449 947 3588 1001 Vere

2016 1052 2227 1105 semper
2271 1052 2364 1090 vos
2417 1038 2674 1106 singulari
2704 1041 2911 1092 cultura
2952 1041 3203 1107 suspexi:
3238 1054 3450 1104 semper
3498 1053 3588 1091 ve—

2017 1131 2277 1184 nerandis
2314 1132 2551 1183 moribus
2601 1141 2820 1199 gravata
2871 1131 3103 1202 peccatis
3148 1132 3281 1185 colla
3340 1130 3581 1184 submisi.

2018 1220 2155 1273 Ecce
2180 1220 2289 1288 jam
2323 1220 2471 1287 quasi
2496 1221 2715 1288 :rqualis
2748 1222 2985 1288 appellor
3018 1238 3037 1272 :7
3059 1221 3230 1275 erexit
3268 1235 3354 1273 me
3382 1220 3469 1272 diu
3497 1232 3589 1271 cn-

2016 1311 2206 1364 stodita
2238 1311 2523 1377 sobjectim
2582 1311 2723 1363 Fove
2765 1325 2857 1364 me
2892 1326 3030 1379 ergo
3068 1310 3401 1364 orationibus
3449 1309 3586 1363 tuis:

2018 1401 2257 1454 ostendis
2293 1402 2442 1453 enim
2467 1400 2696 1467 paginis,
2742 1400 2929 1467 I'ragi!e
2972 1416 3000 1451 a
3032 1401 3181 1453 vobis
3212 1417 3317 1453 non
3345 1400 3587 1454 exhiberi

2019 1498 2171 1558 [ntro
2192 1492 2389 1542 inium.
2414 1489 2543 1542 Nam
2564 1500 2617 1543 et
2648 1490 2731 1543 isti
2751 1491 2984 1559 suscepti
3018 1499 3161 1555 sunt,
3182 1492 3269 1558 qui
3303 1491 3588 1545 mihibona

2017 1580 2085 1634 de
2116 1581 2307 1645 quibus
2334 1580 2536 1647 gestio,
2566 1580 2927 1633 contulerunt.
2960 1578 3040 1633 Ad
3094 1595 3204 1634 rem
3235 1579 3418 1633 redeo.
3464 1579 3592 1633 Per-

2018 1670 2164 1724 ditus
2190 1671 2274 1725 ille
2302 1671 2528 1725 clericus
2566 1671 2778 1737 expavit
2823 1684 3038 1724 causam
3079 1671 3266 1725 ‘diccre
3308 1672 3446 1738 apud
3473 1670 3591 1735 epi-

2019 1773 2256 1827 sc0pum,
2297 1769 2569 1827 postquam
2619 1758 2829 1813 defendi
2877 1775 2906 1812 a
2958 1775 3043 1813 me
3079 1760 3209 1813 vidit
3249 1774 3343 1813 eos
3392 1758 3586 1826 quibus

2024 1866 2201 1904 meum
2226 1851 2521 1918 deputastis
2549 1851 2882 1919 obsequium.
2916 1851 3175 1920 Suggero,
3211 1851 3252 1904 si
3289 1850 3507 1919 jubetis,
3539 1858 3594 1903 et

2023 1956 2162 1994 unus
2188 1940 2255 1994 de
2285 1941 2413 2008 ipsis
2445 1940 2749 1995 Ravennam
2776 1941 3011 1995 ambulet
3033 1956 3153 1995 cum
3206 1942 3399 1995 vestris
3424 1941 3488 1993 ad
3528 1940 3590 1992 I‘r-

2028 2033 2159 2086 lium
2194 2042 2432 2086 vestrutn
2459 2032 2710 2085 domuum
2747 2033 2996 2086 Faustum
3029 2032 3496 2095 commendatitiis,
3528 2046 3595 2086 ne

2022 2121 2075 2175 in
2108 2121 2419 2190 praijudieio
2450 2122 2684 2188 ipsorum
2716 2122 2919 2176 venalis
2963 2122 3220 2190 judicium
3273 2122 3362 2191 qui
3394 2121 3594 2177 Medio-

2024 2213 2129 2268 lani
2158 2214 2436 2276 exuberat,
2487 2213 2752 2267 sententia
2782 2213 3157 2281 deprnmatur.

2601 2304 2930 2358 EPISTOLA
2977 2303 3037 2357 V.

2550 2410 2802 2449 ENNODIUS
2839 2409 3060 2448 MAXIMO.

2097 2482 2338 2538 Grandes
2362 2482 2537 2539 hiatus
2561 2495 2773 2553 paterer
2803 2486 3096 2539 litterarum
3141 2492 3453 2539 vestrarum
3482 2484 3595 2539 ele-

2024 2585 2174 2628 vatus
2204 2574 2458 2643 all-tquio,
2484 2577 2527 2629 si
2565 2591 2668 2628 non
2701 2576 2802 2629 mei
2835 2576 3082 2629 conscius
3125 2574 3445 2644 imperitiam
3498 2591 3595 2643 pu-

2024 2665 2155 2719 dore
2176 2667 2606 2733 contprimerent,
2627 2677 2677 2719 et
2703 2666 2888 2735 judicii
2916 2667 3120 2720 lancem
3150 2674 3406 2735 tenerem,
3434 2666 3594 2720 etiam

2027 2772 2146 2809 cum
2191 2755 2379 2808 laudor
2419 2755 2739 2810 immeritus.
2801 2756 2903 2809 Vos
2933 2756 3173 2824 dignatio
3198 2769 3443 2809 censura:
3475 2754 3598 2809 fecit

2027 2846 2409 2900 immemores:
2444 2861 2528 2901 tne
2569 2847 2905 2915 propositum.
2946 2847 3082 2900 intra
3114 2840 3476 2900 verecundum
3506 2846 3599 2900 de-

2024 2952 2152 3006 gere
2183 2938 2457 3006 penetrale
2481 2938 2753 3007 compellit
2779 2957 2793 2992 :
2822 2954 2915 2991 vos
2950 2938 3147 3006 scripta
3184 2953 3309 2992 mea-
3347 2947 3598 3003 tanquam

2026 3037 2266 3081 amantes
2294 3028 2564 3081 attollitis:
2602 3044 2687 3081 me
2714 3043 2933 3081 necesse
2955 3039 3035 3081 est
3078 3028 3198 3081 iltos
3228 3036 3486 3088 metuere,
3511 3027 3600 3092 qui

2030 3117 2246 3182 rancide
2275 3117 2632 3184 dcspicientes
2659 3128 2846 3169 Cuncta
2880 3117 3127 3184 neglectu
3155 3158 3169 3182 ,
3221 3116 3381 3168 etiam
3424 3116 3600 3167 edeci-

2031 3218 2170 3262 mata
2217 3209 2558 3261 condemnat.
2613 3208 2725 3276 Ago
2770 3217 2943 3260 tamen
2997 3206 3197 3276 gratias
3267 3205 3408 3273 quod
3461 3205 3601 3273 apud

2029 3300 2282 3353 domuum
2315 3299 2602 3352 Patricium
2637 3298 2795 3353 talem
2823 3313 2908 3351 me
2930 3298 3169 3365 judicare
3200 3296 3456 3361 scribitis,
3477 3308 3605 3361 qua-

2030 3392 2135 3446 lem
2170 3403 2346 3455 vestro
2392 3390 2699 3444 testimonio
2726 3388 3049 3443 reddidistis.
3096 3386 3443 3444 Insinuationi
3472 3401 3602 3453 ergo

2033 3502 2181 3541 amor
2205 3486 2431 3539 debetur
2457 3485 2579 3550 iste,
2614 3501 2719 3538 non
2751 3483 2974 3553 pagimc,
3008 3498 3167 3550 quam
3207 3482 3396 3535 scaber
3436 3482 3608 3548 stylus

2032 3580 2147 3632 sine
2178 3575 2496 3645 eloquentiae
2528 3577 2650 3629 dote
2698 3575 2945 3643 signavit.
2989 3572 3374 3628 Salutationem
3429 3578 3607 3622 tamen

2034 3666 2384 3737 magnitudini
2431 3676 2623 3720 vestra:
2678 3664 2893 3733 dignam
2946 3664 3207 3725 referens,
3257 3660 3367 3713 Deo
3412 3658 3610 3727 gratias

2035 3774 2154 3828 ago,
2179 3760 2315 3825 quod
2349 3758 2542 3811 votivis
2570 3772 2665 3809 vos
2686 3765 2872 3809 auctos
2908 3754 3251 3808 successibus
3300 3750 3509 3806 reduxit
3543 3749 3610 3802 ad

2036 3854 2270 3921 propria.
2321 3866 2455 3921 quos
2488 3865 2641 3904 mens
2686 3862 2803 3902 mea
2852 3862 2946 3916 pro
2990 3848 3217 3901 connexi
3257 3861 3325 3900 ne
3371 3844 3612 3898 caritatis

2039 3959 2305 4013 nunquam
2332 3943 2493 3996 sentit
2523 3942 2797 3995 absentes.

2609 4028 2933 4085 El‘ISTOLA
2953 4021 3046 4081 VI.

2513 4138 2770 4179 ENNGDIUS
2810 4135 3125 4175 LAl‘BEN'I'IO.

2118 4215 2312 4271 Dandae
2350 4223 2476 4268 sunt
2506 4230 2697 4268 manus
2725 4215 2925 4267 amoris
2960 4211 3186 4281 imperio
3216 4227 3227 4262 :
3264 4209 3497 4262 vinctum
3531 4222 3615 4261 ine

2043 4316 2186 4360 tenet
2209 4305 2452 4359 all‘tctio:
2486 4305 2568 4358 cui
2601 4304 2762 4357 verba
2786 4304 3048 4363 concessi,
3092 4312 3148 4354 ut
3181 4299 3321 4367 quod
3353 4299 3418 4351 ad
3469 4298 3614 4351 salve

2040 4396 2277 4451 debitum
2308 4396 2534 4463 pertinet
2574 4407 2680 4447 non
2713 4400 2967 4445 tacerem.
3017 4388 3304 4442 Domestici
3335 4387 3617 4454 perlato:is

2043 4490 2255 4543 occasio
2281 4488 2409 4540 mihi
2437 4484 2609 4554 perire
2643 4498 2747 4538 non
2776 4486 2963 4551 potuit,
2995 4479 3091 4534 nisi
3124 4480 3189 4533 ad
3219 4479 3510 4546 diligent'm
3539 4485 3617 4530 te-

2041 4580 2350 4635 stimonium
2378 4577 2574 4645 scripta
2599 4575 3037 4630 transmitterem.
3067 4570 3316 4627 Salutans
3357 4583 3486 4636 ergo
3528 4582 3617 4621 re-

2034 4671 2270 4726 verentia
2294 4669 2490 4734 debita,
2514 4683 2704 4738 precor
2723 4676 2783 4721 ut
2804 4666 3004 4720 vicario
3032 4680 3116 4719 me
3142 4661 3392 4718 relevetis
3415 4661 3575 4714 allato
3601 4678 3615 4726 ;

2036 4765 2158 4830 quia
2212 4762 2467 4832 promitto
2524 4759 2654 4813 mihi
2702 4748 3010 4819 litterarum
3085 4756 3461 4825 prorogatione
3531 4768 3619 4808 re-

2034 4870 2313 4928 sponsum.

2599 4941 2929 4996 EPIS’IOLA
2950 4940 3057 4993 VII.

2329 5049 2579 5092 ENNODIUS
2610 5037 2628 5065 '
2660 5047 2937 5087 Αυεουιιτο
2974 5046 3335 5087 Ριιεεωτειιο.

2078 5129 2245 5195 ~Quis
2279 5137 2467 5183 vestra:
2496 5124 2791 5179 affectionis
2823 5123 3127 5185 immemor,
3179 5123 3276 5174 nisi
3306 5121 3396 5190 qui
3425 5131 3507 5176 est
3538 5121 3619 5173 itt-

2050 5218 2342 5281 Iiumanus,
2387 5215 2625 5270 existat?
2671 5212 2790 5282 quis
2835 5213 2998 5264 totius
3046 5210 3320 5279 religionis
3381 5222 3623 5279 personat

2049 5310 2191 5380 apud
2224 5309 2391 5363 Deum
2424 5304 2560 5358 nolit
2610 5303 2806 5358 habere
2848 5301 3191 5373 sulfragium?
3224 5302 3332 5371 Ego
3371 5300 3620 5361 maxime,

2047 5403 2137 5472 qui
2185 5410 2239 5453 et
2293 5398 2542 5469 gravibus
2612 5404 2949 5464 peccatorum
2999 5396 3221 5450 sarcinis
3268 5404 3503 5459 premor,
3569 5399 3618 5440 et

2051 5501 2281 5547 vestram
2335 5489 2559 5558 gratiam
2605 5488 2846 5542 obtinui:
2888 5502 3006 5555 qua:
3047 5499 3131 5539 res
3172 5480 3299 5535 mihi
3331 5477 3621 5532 absolutio-

2050 5626 2126 5681 bit
2153 5626 2232 5679 bis
2286 5624 2462 5677 verbis
2493 5644 2506 5677 :
2539 5623 2829 5677 Adeodatus
2855 5617 3109 5686 presbyter
3161 5612 3221 5666 S.
3258 5609 3473 5686 Martini
3511 5608 3618 5686 Tir.

2053 5680 2270 5769 Equitii.
2304 5695 2625 5769 Neprorsiis
2653 5680 2936 5769 allirtttetn,
2968 5680 3293 5769 I'dcitnqttod.
3317 5682 3369 5761 in
3414 5680 3623 5769 synodo

2050 5755 2236 5847 iv'dno
2266 5755 2503 5833 ejusdem
2548 5761 2776 5817 numinis
2803 5766 2854 5812 et
2883 5756 3076 5827 gradus
3112 5755 3372 5817 Adeodati
3403 5755 3627 5820 ptest-y-

2051 5846 2147 5894 tcrt
2180 5854 2282 5891 ειη-ι
2307 5846 2541 5890 urantur.
