4186 6252
270 366 321 420 tll
1488 346 1871 405 EPISTOLAR‘

1966 356 1971 359 λ
2006 350 2139 405 LIB-
2173 350 2257 405 III.

3439 347 3506 401 62

271 496 362 536 non
386 477 495 532 cito
524 474 591 527 ab
616 486 681 528 eo
709 471 794 527 cui
837 465 1165 537 imposuistis
1206 461 1363 516 amici
1392 476 1607 527 nomen,
1639 462 1823 516 absce-
1854 464 1907 523 Α
1935 463 2163 517 breviter
2188 462 2485 531 explicans,
2514 458 2773 513 adustam
2792 443 3194 527 mepegiunlem
3216 467 3499 525 converto,

270 574 409 635 dere;
440 582 511 622 ne
538 581 643 621 non
672 576 883 631 semper
910 560 976 614 ad
1005 572 1177 613 meam
1205 557 1415 625 culpam
1447 554 1658 619 redeat,
1690 553 1833 623 quod

272 658 511 731 promissa
547 653 677 709 mihi
707 666 812 706 non
851 656 1064 704 tenetur
1089 646 1321 700 affectio.
1355 644 1506 699 Solet
1532 643 1676 698 enim
1708 657 1828 697 esse

273 754 430 820 ignara
470 740 826 799 districtionis
848 737 1081 794 devincti
1111 734 1457 799 conscientia,
1498 741 1549 787 et
1590 748 1724 802 opus
1756 741 1837 787 est

274 853 323 895 ut
348 846 601 909 perpetuo
640 840 818 890 teneat
856 827 1115 901 quidquid
1142 826 1308 883 semei
1340 826 1500 882 fidum
1534 836 1716 894 pectu~
1750 839 1838 879 ac-

274 931 474 1002 ceperit.
507 928 751 984 Salutem
780 939 908 994 ergo
938 922 1174 976 debitam
1204 918 1410 983 dicens,
1442 931 1623 986 spero,
1658 928 1712 969 ut
1746 916 1839 970 de-

275 1021 548 1093 spicientes
594 1014 811 1071 rancida
850 1021 1130 1083 potentum
1174 1008 1406 1075 fastidia,
1454 1007 1713 1061 honorem
1747 1020 1837 1061 ve-

277 1123 450 1175 strum,
489 1120 547 1165 et
574 1123 735 1179 quam
766 1106 906 1159 Deus
940 1103 1126 1157 tribuit
1155 1099 1629 1169 possibilitatem,‘
1666 1095 1840 1152 inuni-

275 1204 416 1260 litatis
442 1202 684 1257 fascibus
724 1195 1043 1253 sublimetis.
1079 1194 1242 1264 Cujus
1270 1194 1347 1247 rei
1379 1191 1547 1245 fidem
1571 1192 1838 1258 interpres

278 1299 561 1352 animorum
607 1292 783 1360 lingua
826 1287 1128 1352 confirmet,
1170 1292 1225 1339 et
1265 1282 1631 1339 testimonium
1680 1282 1841 1339 ﬁdele

280 1385 527 1443 mentibus
552 1380 762 1437 deferat
788 1379 985 1433 caritas
1015 1383 1311 1430 monstrata
1343 1387 1440 1443 per
1464 1372 1694 1426 litteras.

804 1467 1142 1526 EPISTOLA
1183 1466 1298 1522 XII.

637 1578 893 1622 ENNODIUS
930 1577 1115 1617 ΔΒΒΔἸΊ
1156 1572 1446 1615 ετεενιιηο.

346 1660 685 1718 Geminantur
717 1654 811 1710 Dei
845 1654 986 1713 dona
1014 1649 1374 1721 sperantibus,
1408 1655 1462 1703 et
1488 1643 1687 1716 duplici
1714 1658 1845 1698 exu-

288 1753 429 1806 berat
454 1762 677 1819 superna
707 1745 877 1814 gratia
909 1741 1191 1799 beneﬂcio.
1224 1738 1409 1807 Largis
1444 1735 1705 1790 meatibus
1729 1746 1844 1787 coe-

1939 570 2037 624 per
2066 554 2207 623 quod
2252 550 2630 621 magnitudinis
2660 558 2855 604 vestra:
2892 548 3020 602 mibi
3052 546 3390 615 praesentiam
3417 560 3527 601 se-'

1938 647 2102 701 cretis
2142 645 2444 698 animorum
2483 642 2767 697 itineribus
2812 649 3115 709 exspectata
3154 654 3250 707 per
3291 638 3511 707 paginas

1938 738 2103 792 verba
2159 736 2485 792 concedunt.
2540 736 2668 790 Vale
2713 749 2866 802 ergo,
2916 733 2988 787 mi
3041 733 3280 800 domine,
3326 738 3383 785 et
3422 730 3511 784 illa

1896 824 1902 831 ’
1940 844 2096 899 quam
2122 828 2286 882 debes
2304 826 2511 896 generi,
2538 823 2825 879 serenitate
2853 822 3218 891 frequentibus
3244 826 3513 874 amantem

1942 920 2064 973 fove
2096 918 2377 985 colloquiis
2403 934 2416 969 :
2446 916 2567 983 quia
2594 915 2804 969 nullum.
2817 923 2899 967 est
2928 924 3032 967 tam
3062 912 3370 968 venerabile
3396 926 3514 964 mu-

1942 1023 2041 1063 nus
2082 1008 2349 1073 sollicito,
2383 1022 2542 1077 quam
2578 1007 2623 1060 si
2662 1020 2805 1074 saepe
2839 1018 2935 1058 vos
2965 1018 3249 1073 agnoscam
3286 1008 3517 1057 vestram

1946 1099 2217 1166 nuntiare,
2253 1113 2425 1153 meam
2455 1111 2695 1163 quaerere
2725 1095 3055 1163 sospitatem.

2471 1188 2802 1244 EPISTULA
2837 1187 2986 1241 'XIV.

2458 1293 2715 1333 BNNODIUS
2754 1292 3015 1333 PROMOTO.
3043 1310 3049 1317 α

2018 1373 2335 1443 Frequentia
2386 1380 2445 1437 et
2488 1370 2873 1425 necessitudini
2926 1379 2980 1424 et
3026 1370 3195 1423 amori
3249 1369 3519 1425 exhiberet

1944 1463 2209 1533 colloquia
2246 1470 2433 1532 pectus
2473 1460 2793 1524 obnoxium,
2827 1460 2930 1512 nisi
2960 1459 3244 1512 desideriis
3287 1460 3521 1513 remedia

1946 1555 2268 1610 subduceret
2327 1552 2680 1631 discretarum
2724 1548 3089 1603 consideratio
3151 1548 3265 1602 sine
3318 1548 3522 1602 medela

1950 1658 2235 1702 terrarum.
2266 1642 2544 1713 Quidquid
2565 1642 2708 1697 enim
2732 1642 2963 1696 caritate
2983 1639 3229 1709 junctum
3268 1647 3353 1693 est
3374 1639 3523 1708 quid-

1952 1742 2080 1811 quid
2123 1737 2396 1807 sanguinis
2434 1746 2623 1793 catena
2665 1735 2918 1799 sociatur,
2956 1732 3057 1788 hoe
3093 1733 3406 1787 distractum
3437 1733 3525 1785 vim

290 1844 485 1897 lestium
530 1851 815 1894 munerum
856 1832 996 1889 unda
1047 1829 1360 1901 procurrit:
1393 1831 1671 1881 transeunt
1719 1823 1847 1877 bau-
1881 1816 1923 1874 B
1958 1833 2187 1901 respirat
2228 1847 2322 1903 per
2351 1829 2634 1885 intervalla
2676 1827 2975 1897 regionum,
3008 1826 3138 1892 Qum
3175 1827 3316 1881 enim
3361 1825 3525 1894 possi,

287 1932 459 1987 rientis
486 1931 761 1992 ambitum,
793 1942 911 1996 qua:
942 1938 973 1976 a
1002 1921 1217 1977 Christo
1244 1919 1467 1975 veniunt
1508 1917 1704 1970 ﬂuenta
1744 1912 1839 1968 do-

285 2040 484 2079 norum.
505 2022 627 2077 Sola
662 2033 795 2074 vena
821 2024 904 2071 est
925 2029 1042 2085 qua:
1073 2013 1295 2067 maciem
1322 2010 1489 2064 nescit
1515 2016 1569 2063 et
1597 2006 1842 2061 defectus

283 2116 502 2184 abierat,
539 2120 739 2164 tantum
784 2107 1028 2162 cursibus
1072 2105 1181 2159 suis
1234 2112 1553 2171 suggerens,
1585 2105 1844 2167 quantum

288 2214 515 2260 meretur
540 2210 722 2271 pectus
750 2198 979 2254 sitientis
1010 2196 1275 2263 accipere.
1300 2194 1393 2248 Cui
1428 2190 1690 2246 advertite
1722 2186 1847 2255 quid

284 2297 521 2352 occultus
565 2308 727 2361 sapor
772 2288 1034 2357 infundat,
1083 2286 1309 2355 quando
1335 2283 1584 2337 ardorem
1630 2277 1847 2348 lympha

281 2387 539 2455 conciliat,
583 2394 636 2440 et
676 2384 970 2439 siccitatem
1019 2379 1173 2434 labiis
1203 2386 1463 2432 mstuante
1506 2376 1685 2430 animo
1726 2371 1850 2427 irri-

282 2481 448 2551 guitas
482 2476 586 2531 vivi
617 2474 851 2529 ﬂuminis
877 2472 1064 2543 gignit.
1095 2469 1240 2524 Talis
1267 2477 1349 2523 est
1380 2476 1681 2520 vestrarum
1716 2462 1852 2517 ratio

284 2574 567 2625 litterarum
602 2587 614 2620 :
642 2581 763 2637 quae
788 2573 1041 2635 quantam
1071 2560 1299 2616 aﬂerunt
1325 2556 1607 2613 desideriis
1634 2553 1851 2607 satieta-

288 2675 409 2727 tem,
438 2669 576 2714 tauta
618 2658 835 2727 pariunt
873 2665 927 2711 et
955 2661 1235 2723 augmenta
1274 2664 1288 2708 :
1318 2662 1541 2719 quarum
1575 2643 1855 2727 profundi-

286 2762 361 2805 tas
385 2725 437 2806 et
469 2725 662 2805 bibitur
687 2756 741 2802 et
762 2754 978 2816 optatur
1012 2762 1026 2800 :
1051 2754 1106 2799 et
1152 2743 1221 2797 ita
1254 2756 1386 2810 puro
1409 2739 1583 2793 ditant
1604 2725 1851 2807 gurgite,

289 2853 348 2897 ut
386 2844 587 2898 occulto
631 2842 699 2895 ab
723 2842 803 2896 eis
831 2843 1035 2894 viscera
1075 2836 1449 2892 suﬂundantur
1490 2830 1762 2887 inccndio.
1798 2827 1852 2882 lu

287 2936 473 3004 quibus
496 2943 746 3004 cognatas
771 2933 929 2987 video
966 2931 1227 2994 ﬂammas,
1261 2936 1321 2983 et,
1345 2926 1556 2996 pocula,
1598 2933 1652 2977 et
1682 2922 1856 2975 diver-

285 3027 486 3080 sitatem
530 3034 733 3079 natura:
782 3024 834 3078 in
884 3023 1221 3092 peregrinam
1269 3018 1445 3073 coisse
1487 3012 1863 3071 concordiam.

288 3119 500 3174 Domine
530 3118 627 3184 mi,
650 3117 867 3186 longum
901 3114 1075 3179 terris,
1103 3113 1213 3165 Deo
1242 3119 1424 3164 nostro
1455 3108 1747 3169 tribuente,
1780 3102 1857 3155 vi-

1954 1923 2156 1977 babere
2198 1920 2467 1985 subsidia,
2519 1919 2603 1974 eui
2647 1918 2902 1987 frequens
2945 1916 3242 1986 denegatur
3278 1916 3430 1984 eupia
3475 1926 3527 1967 et

1952 2013 2215 2085 paginalis
2264 2012 2512 2080 alloquii!
2573 2021 2715 2064 muta
2763 2009 2906 2063 inter
2952 2008 3203 2062 absentes
3246 2007 3528 2076 diligentia

1950 2118 2058 2173 quo
2098 2112 2233 2157 teste
2274 2100 2589 2170 pandetur?
2624 2102 2731 2154 Aut
2773 2099 2916 2153 enim
2962 2100 3338 2168 opportunitas
3386 2112 3531 2151 com~

1955 2194 2245 2249 iocantium
2288 2200 2597 2260 exspectata
2645 2189 3001 2254 subtrahitur,
3048 2198 3139 2243 aut
3185 2189 3529 2243 inveniuntur

1954 2286 2110 2354 tales,
2165 2283 2364 2353 quibus
2417 2298 2531 2336 non.
2572 2282 2777 2351 possint
2813 2280 3091 2336 reddenda
3143 2281 3283 2335 caris
3338 2281 3532 2349 scripta

1953 2378 2238 2433 committi.
2264 2375 2363 2429 Vix
2398 2385 2574 2428 tamen
2606 2388 2774 2442 usque
2803 2371 2867 2426 ad
2900 2371 3251 2425 domesticum
3297 2370 3534 2438 perlato9

1955 2484 2068 2523 rem
2108 2467 2197 2521 diu
2240 2465 2397 2519 anxia
2442 2473 2563 2517 vota
2615 2461 2868 2531 suspendi
2902 2478 2914 2514 :
2950 2476 3049 2529 per
3081 2475 3237 2531 quem
3279 2450 3535 2513 honorem

1956 2559 2171 2615 salutati
2196 2558 2478 2623 exhibens,
2507 2564 2687 2622 Optata
2720 2554 2871 2608 vobis
2899 2552 3213 2621 patefaciam
3250 2566 3382 2604 mea:
3415 2566 3536 2618 pro~

1963 2652 2237 2723 speritatis
2268 2649 2493 2713 indicia,
2515 2657 2568 2702 et
2596 2648 2893 2700 litterarum
2924 2644 3057 2698 mibi
3086 2642 3378 2711 spondeam
3420 2656 3539 2710 pro-

1960 2744 2291 2814 mulgatione
2321 2755 2658 2810 responsum,
2693 2724 2909 2807 quibus,
2942 2737 2985 2790 si
3017 2736 3068 2789 in
3101 2744 3260 2805 portu
3291 2743 3372 2788 est
3402 2735 3540 2811 sani-

1960 2850 2041 2891 tas
2070 2846 2268 2900 vestra,
2296 2830 2680 2903 amplectendis
2712 2837 2982 2883 reseretur
3008 2826 3274 2881 aﬂatibus.
3514 2820 3517 2823 ’

2509 2920 2841 2975 EPISTULA
2884 2918 3001 2972 XV.

2447 3027 2703 3066 ENNODIUS
2728 3010 2747 3039 ³
2776 3024 3071 3062 ευιιηιῖιηιε.

2035 3107 2234 3159 Rarum
2264 3111 2349 3158 est
2378 3112 2434 3155 ut
2458 3098 2763 3154 neceSsitati
2792 3112 2941 3149 amor
2966 3096 3125 3148 fultus
3150 3094 3543 3149 necessitudine

291 3222 353 3264 tte
379 3209 702 3265 beatissima:
743 3206 1045 3275 exemplum
1093 3212 1314 3274 praesta,
1349 3210 1405 3256 et
1446 3216 1540 3270 per
1580 3196 1855 3266 religionis
1886 3179 1933 3241 εἶ
1964 3200 2101 3254 colla
2132 3196 2413 3252 submittat
2444 3211 2455 3245 :
2493 3192 2579 3245 vix
2608 3189 2869 3258 contingit
2898 3198 2954 3242 ut
2973 3188 3172 3243 serviat
3193 3189 3279 3257 qui
3314 3189 3543 3256 impera-

288 3312 475 3357 sanctae
506 3298 904 3370 philosophiam
955 3312 1073 3349 non
1106 3297 1156 3349 in
1190 3294 1289 3348 hac
1336 3295 1441 3347 vita
1487 3300 1693 3345 tantum
1739 3301 1860 3357 spe-

296 3395 505 3450 randum
536 3407 683 3457 esse,
722 3399 1036 3458 contemptu
1077 3388 1259 3442 smculi
1293 3384 1579 3455 prmsentis
1609 3379 1858 3436 ostende.

812 3479 1149 3535 EPISTOLA
1194 3477 1330 3531 XIII.

742 3586 1000 3627 ENNODIUS
1022 3572 1042 3601 ’
1065 3582 1399 3624 APOLLINARI.

352 3665 624 3733 Quantum
654 3679 783 3720 cura
814 3678 954 3728 mea,
996 3676 1115 3732 quae
1159 3658 1371 3713 aﬂectui
1419 3662 1599 3711 vestro
1638 3666 1734 3724 per
1764 3666 1862 3707 ne-

286 3759 670 3814 cessitudinem
714 3756 928 3820 militat,
968 3754 1022 3809 in
1065 3752 1179 3807 dies
1224 3749 1484 3821 suggerit,
1530 3746 1672 3802 nulla
1718 3761 1865 3800 com-

278 3850 565 3904 meantium
598 3855 787 3903 essent
813 3846 1005 3903 damna
1034 3850 1397 3910 contemptus.
1433 3836 1533 3893 tiist
1556 3837 1623 3892 ad
1649 3837 1863 3891 unicum

278 3940 400 3993 illud
425 3942 675 3995 solamen
708 3938 1009 3993 absentium
1034 3934 1172 4006 quod
1203 3934 1257 3988 in
1286 3932 1477 3988 litteris
1510 3930 1712 3984 invenit
1743 3942 1867 3997 pro-

276 4033 505 4088 videntia
558 4046 820 4101 superna,
862 4034 1268 4084 concurrerent.
1309 4024 1419 4080 Sed
1467 4023 1595 4092 quid
1650 4021 1865 4084 faciam,

274 4125 486 4191 quando
541 4133 690 4178 tanta
735 4130 818 4177 cst
866 4120 1199 4176 venientium
1243 4115 1508 4181 confusio,
1560 4123 1617 4168 ut
1660 4114 1868 4168 nescias

272 4217 358 4286 qui
389 4216 734 4284 potissimum
764 4212 1077 4282 deligendus
1103 4211 1194 4278 sit,
1234 4210 1320 4265 cui
1364 4206 1637 4263 reddenda
1667 4214 1868 4259 sancta:

272 4310 628 4363 conscientia:
672 4313 863 4361 vestrae
894 4310 1115 4374 possent
1158 4303 1356 4372 scripta
1400 4298 1709 4356 committi?
1737 4297 1871 4351 Tra-

270 4400 403 4454 bunt
452 4402 605 4455 cnim
655 4401 707 4455 in
757 4398 1094 4453 occasionem
1144 4394 1450 4466 compendii
1502 4392 1585 4447 sui
1624 4390 1870 4453 viliores,

270 4493 530 4563 quidquid
588 4507 690 4547 nos
734 4501 1054 4561 praestamus
1099 4489 1347 4553 aﬂectui;
1386 4496 1439 4541 ct
1468 4498 1630 4556 grave
1678 4490 1782 4547 est,
1814 4486 1872 4542 ut

1966 3302 2049 3347 tor
2077 3300 2160 3346 est
2186 3308 2197 3344 :
2228 3302 2443 3357 semper
2482 3296 2534 3341 et
2554 3300 2651 3339 suo
2675 3286 2795 3352 jure
2826 3282 3133 3338 dominatus
3161 3281 3400 3336 aﬂectus.
3433 3282 3547 3347 Quo

1941 3398 2199 3453 ,unquam
2232 3381 2435 3449 regium
2478 3377 2751 3445 diligentia
2802 3390 2996 3428 nomen
3045 3372 3336 3442 impeditur
3365 3373 3549 3425 obsta-

1965 3474 2120 3529 culo?
2141 3474 2227 3527 cui
2260 3473 2429 3527 libera
2458 3471 2653 3525 caritas
2687 3468 3021 3535 mancipatur
3046 3466 3339 3534 obsequio?
3374 3466 3549 3519 Excu-

1966 3566 2231 3620 satiouem
2262 3562 2329 3617 de
2358 3562 2535 3631 aliquo
2569 3562 2761 3615 timore
2790 3575 2892 3613 non
2921 3558 3160 3625 adhibet,
3197 3558 3297 3611 nisi
3325 3557 3415 3626 qui
3438 3558 3550 3617 ani-

1969 3673 2112 3711 tnum
2142 3653 2496 3710 devinctionis
2523 3652 2741 3721 abjecit.
2784 3652 2933 3705 Mens
2960 3665 3078 3720 qua:
3108 3648 3306 3719 pietate
3334 3634 3549 3710 militat,

1968 3749 2067 3803 etsi
2118 3749 2225 3802 sint
2249 3746 2381 3799 dura
2437 3744 2731 3814 principum
2771 3743 2941 3811 jussa,
2992 3758 3095 3795 non
3140 3742 3347 3795 metuit.
3396 3722 3548 3792 Nulla

1969 3848 2095 3894 sunt
2135 3847 2241 3893 tam
2280 3838 2506 3891 barbara
2533 3838 2681 3905 jussa
2729 3835 3066 3904 pOpuIOtum,
3106 3848 3225 3901 qua:
3265 3847 3370 3885 non
3401 3829 3553 3884 reddi

1972 3931 2081 3985 lilio
2106 3929 2283 3984 debita
2314 3936 2563 3982 materna.
2592 3926 2857 3996 patiantur
2888 3940 2901 3975 :
2930 3921 3183 3992 quidquid
3210 3921 3263 3975 in
3304 3919 3435 3974 orbe
3458 3933 3554 3987 ge-

1971 4024 2139 4078 nitum
2164 4030 2268 4087 est,
2302 4021 2368 4075 ab
2397 4018 2730 4073 humanitate
2760 4031 2867 4070 non
2892 4013 3162 4082 discrepat
3187 4030 3199 4065 :
3226 4009 3479 4080 quidquid
3505 4010 3556 4062 in

1973 4115 2252 4172 mundana
2274 4114 2392 4169 luce
2420 4113 2674 4184 gignitur,
2709 4109 2911 4164 fructus
2936 4107 3073 4161 uteri
3105 4105 3329 4175 requirit
3367 4113 3421 4157 et
3456 4117 3556 4157 sei-

1975 4207 2134 4263 minis
2160 4222 2175 4261 :
2200 4205 2315 4260 sola
2359 4203 2514 4257 nobis
2558 4216 2680 4256 cum
2726 4199 2936 4254 cunctis
2971 4196 3291 4251 animalibus
3321 4208 3480 4248 causa
3507 4200 3558 4249 et

1974 4296 2281 4352 sollicitudo
2331 4291 2630 4347 communis
2679 4298 2782 4343 est.
2831 4288 2994 4355 Cujus
3041 4285 3394 4340 mstimibitur
3443 4297 3559 4338 esse

1975 4404 2128 4444 mens
2156 4389 2242 4442 illa
2276 4386 2522 4448 feritatis,
2555 4396 2674 4451 quae
2701 4395 2826 4448 erga
2852 4394 3034 4433 curam
3068 4377 3267 4431 sobolis
3294 4374 3560 4444 posterior

1978 4482 2044 4535 ab
2092 4475 2553 4535 irrationabilibus
2600 4470 2900 4526 invenitur?
2950 4467 3368 4523 Germanitatem
3417 4475 3559 4518 tuam

267 4584 470 4639 serviat
519 4583 804 4653 cupiditati
861 4583 1001 4653 quod
1056 4583 1220 4653 exigit
1260 4552 1341 4634 vis
1391 4552 1611 4632 am'oris.
1668 4564 1875 4628 Idcirco
1908 4552 1954 4611 D
1985 4572 2205 4643 respicit
2235 4568 2458 4639 prmfata
2498 4566 2860 4620 coucinnatio.
2905 4561 2985 4615 Tu
3011 4558 3155 4613 unici
3183 4558 3345 4613 oblita
3377 4557 3561 4626 pigno-

268 4678 514 4730 animum
565 4690 737 4743 usque
770 4676 834 4728 ad
867 4673 1152 4729 domestici
1184 4671 1469 4742 perlaturis
1496 4663 1873 4737 opportunita-

269 4776 372 4823 tem
428 4769 506 4824 ab
562 4767 862 4836 scriptione
911 4766 1165 4836 suspendi
1208 4781 1222 4817 :
1264 4778 1333 4818 ne
1389 4759 1679 4829 diligentia:
1735 4756 1875 4811 ratio

268 4873 457 4927 sparsa
478 4874 595 4928 per
619 4858 920 4912 immeritos
946 4858 1241 4927 perlatores
1265 4855 1438 4908 aliena
1468 4846 1875 4918 importunitate

269 4952 571 5017 ranciscat,
597 4960 654 5004 et
680 4949 745 5003 ad
769 4964 855 5004 me
876 4949 1028 5018 culpa
1056 4947 1245 5002 redeat
1271 4958 1389 5013 quae
1413 4957 1443 4996 a
1468 4955 1554 4995 me
1580 4954 1688 4993 non
1722 4951 1873 4990 sum-

268 5046 366 5114 psit
414 5043 740 5100 exordium.
770 5042 1156 5097 Necessitatem
1188 5053 1317 5107 ergo
1359 5033 1629 5106 procurati
1664 5028 1880 5085 silentii

334 5183 348 5211 ¹
387 5178 740 5233 Ilumilitatis
774 5175 997 5244 fascibus
1034 5172 1197 5243 llltec
1227 5170 1440 5244 propria
1473 5169 1588 5223 laus
1630 5164 1865 5244 Senar‘ii.

270 5250 644 5303 Cassiodorus
675 5236 831 5312 epist.
860 5247 894 5300 4
921 5263 932 5297 :
959 5236 1063 5300 Sed
1091 5244 1200 5297 lucc
1229 5236 1455 5311 'amplius
1487 5236 1875 5312 commendabat

272 5318 572 5385 humilitas,
616 5308 732 5387 qud?
760 5326 863 5368 tam
905 5317 1046 5369 clara
1083 5331 1236 5387 quam
1263 5308 1381 5365 rara
1424 5320 1528 5387 ρει.-
1565 5308 1769 5361 Nouum
1806 5314 1878 5360 eu

272 5392 394 5442 enim
427 5390 532 5444 sub
556 5380 741 5441 ornare
765 5387 1012 5456 principis
1032 5380 1290 5438 custodire
1315 5380 1634 5456 modestiam:

336 5464 356 5490 ³
399 5448 775 5530 Αροιιιηανὶ]’
806 5448 944 5530 Sex'
977 5456 1219 5530 epistola:
1276 5460 1564 5530 sequentes
1619 5448 1878 5502 hactenus

275 5524 544 5586 ἀνέκδῇοι
595 5524 750 5582 nunc'
767 5529 999 5596 primum
1042 5530 1093 5578 in
1129 5525 1300 5579 lucem
1346 5524 1543 5596 dantur
1573 5535 1643 5575 ex
1693 5532 1883 5596 manu-

276 5603 515 5668 scriptis.
552 5600 639 5653 Ad
681 5588 1173 5667 Apollinarcmjam
1200 5596 1419 5668 scripsit
1450 5592 1541 5668 lib.
1570 5605 1607 5654 ι,
1630 5591 1800 5668 epist.
1825 5588 1880 5652 8,

280 5664 615 5749 scribetqtte.
648 5664 841 5722 iterum
876 5667 972 5749 lib.
1007 5682 1081 5731 tv,
1127 5665 1290 5735 epist.
1328 5664 1413 5731 19,
1449 5665 1497 5716 in
1531 5676 1633 5731 qua
1668 5664 1887 5714 fratrem

277 5756 395 5793 cum
429 5740 650 5793 amoris
674 5752 725 5793 et
755 5740 927 5793 aetatis
954 5752 1114 5792 causa
1148 5746 1326 5790 vocat.

349 5810 367 5839 ³
401 5809 714 5881 Ειρνερὶω]
746 5810 1060 5877 Expostnlat
1086 5822 1206 5862 cum
1230 5821 1440 5871 sorore,
1467 5803 1608 5873 quod
1641 5800 1707 5857 ad
1733 5800 1892 5869 Lupi-

1982 4669 2078 4731 ris,
2109 4674 2165 4721 et
2193 4662 2595 4719 miserationem
2643 4657 2843 4722 orbati,
2884 4664 2938 4709 et
2979 4651 3283 4708 felicitatem
3324 4652 3438 4720 ejus
3478 4647 3562 4702 cui

1984 4768 2154 4813 mater
2181 4748 2455 4826 superest,
2478 4751 2772 4807 abstulisti.
2806 4749 2940 4803 Vere
2972 4745 3142 4799 fateor
3191 4742 3292 4796 sub
3320 4740 3565 4796 libertate

1982 4850 2262 4922 propositi,
2289 4849 2451 4902 modo
2482 4846 2715 4901 maxime
2743 4840 2956 4911 quando
2996 4838 3045 4893 ei
3082 4851 3113 4889 a
3144 4846 3195 4890 te
3225 4843 3283 4891 et
3307 4820 3565 4903 colloquia

1979 4946 2340 5014 denegantur,
2383 4955 2513 5009 pace
2559 4939 2667 4991 Deo
2701 4934 2934 5003 prepitio
2966 4932 3104 4985 inter
3156 4927 3431 4997 regionum
3473 4941 3567 4978 no-

1988 5048 2221 5093 strarum
2269 5034 2514 5089 dominos
2563 5026 2706 5082 omni
2737 5025 2917 5079 radice
2954 5021 3201 5084 solidata,
3236 5018 3476 5088 tigridem
3520 5027 3570 5070 te

1987 5174 2167 5227 cinum
2219 5171 2384 5223 lilium
2437 5162 2563 5217 nihil
2604 5159 2825 5223 seribat,
2871 5168 2997 5211 tunc
3047 5153 3301 5227 maxime,
3358 5150 3574 5227 quando

2330 5220 2917 5314 regioltunndoutinos,
2964 5227 3089 5309 hoc_
3114 5236 3197 5314 est
3239 5225 3378 5314 inter
3411 5223 3482 5302 Ita
3508 5220 3573 5299 ia:

1999 5289 2141 5368 {inde
2459 5301 2750 5364 Ettttodius,
2775 5311 2832 5355 et
2856 5289 3143 5367 provincia:
3167 5291 3491 5368 Arelatensis
3521 5289 3576 5341 in

1993 5359 2394 5451 {iiii'tt‘égéiiiti
2444 5359 3063 5451 Euprepia,“princiyes
3115 5359 3577 5451 firmata,.-lib§t:a

1991 5429 2153 5507 erant
2178 5429 2247 5505 et“
2262 5448 2378 5501 sine
2417 5429 2737 5515 suspicione
2758 5429 3430 5515 li'tterartnn_commercia.
3474 5429 3577 5515 lte-

1991 5500 2374 5592 satiasse
2395 5500 2662 5592 delﬁnos.
2694 5514 3017 5592 ίηιθτρεθιοτ
3047 5500 3579 5592 Τ¹¹⁰οξ¹εξτίίὶιὶ¹ξ¹ὲξῗί

2000 5571 2585 5647 Iiaa-vet‘Cuu‘dobadum
2629 5571 3064 5652 Burgundionum
3099 5572 3416 5652 regem,qtti
3438 5571 3579 5652 I’ro-

1995 5644 2180 5719 vinci—zu
2205 5644 2237 5716 Il
2271 5677 2463 5725 magna
2495 5676 2559 5715 ex
2589 5644 3171 5728 partcvdontiuabatur,
3198 5644 3281 5698 vel
3307 5644 3585 5696 Μιιι-ἰςιιηδ

1999 5737 2081 5791 cui
2110 5734 2328 5804 parebat
2357 5733 2591 5787 Arelate.
