4186 6252
610 331 680 388 63
1731 325 1998 384 ENNODII
2041 323 2351 383 EI’ISLOPI'
2378 320 2751 382 TICINENSIS
3795 323 3862 379 Μ

612 441 940 496 ἱιιιιιιδιιὶιειιῦ
981 446 1280 510 superasse.
1324 439 1545 504 Quando
1589 439 1812 492 inveniri
1846 440 2035 505 potuit,
2083 447 2173 491 aut
2202 437 2254 497 Α
2282 452 2453 490 meam
2481 437 2798 504 pontiﬁcalis
2825 432 3490 489 n'on'accuset‘ancteritas
3517 448 3527 484 :
3561 430 3645 486 vix
3678 439 3778 496 est,
3803 445 3858 489 ut

611 532 748 599 quod
791 533 906 599 plus
947 547 1129 585 amare
1179 529 1348 599 possis
1397 544 1426 582 a
1472 529 1600 595 ﬁlio,
1641 538 1731 582 aut
1771 537 1987 598 propter
2015 529 2178 581 ﬁlium

609 621 747 689 quod
790 620 1015 675 timere?
1059 620 1367 673 facultatum
1427 634 1556 672 cura
1601 619 1786 672 debuit
1831 617 2179 687 posthaberi:

607 711 729 776 quia
781 724 1051 778 nunquam
1094 709 1231 763 bene
1260 709 1547 764 hat-reditas
1598 705 1816 778 quaesiita
1847 719 1929 763 est
1971 708 2182 764 lizerede

605 812 933 868 mnteinpto.
994 802 1132 856 Ecce
1170 801 1310 864 dico,
1362 804 1414 855 ni
1461 803 1599 856 Deus
1639 819 1728 869 per
1767 803 2180 856 sollicitudinem

608 903 780 941 mnam
809 891 946 943 servi
979 890 1061 944 sui
1107 892 1371 945 malivola
1400 893 1713 955 obstitisset,
1757 894 1931 947 omnis
1971 893 2184 961 generis

610 979 683 1030 tui
718 979 888 1034 fuerat
919 981 1094 1050 planta
1137 983 1366 1036 succisa.
1401 982 1604 1036 Leaena:
1634 982 1839 1036 catulos
1870 983 1995 1037 tutis
2022 983 2184 1037 silva-

607 1083 724 1122 rum
751 1079 839 1122 aut
868 1071 1034 1124 eremi
1062 1071 1434 1124 commendant
1481 1071 1867 1138 penetralibus,
1902 1087 1968 1125 ne
1997 1082 2178 1138 partus

606 1173 791 1213 earum
816 1160 993 1227 prmda
1017 1162 1086 1214 sit
1117 1161 1413 1214 hominum.
1451 1162 1601 1214 Dicas
1633 1145 1874 1224 lorsit‘an,
1901 1161 2038 1229 quod
2071 1162 2184 1216 [nec

608 1251 949 1316 exprobratio
989 1252 1223 1319 graviter
1267 1264 1352 1304 me
1385 1249 1526 1305 ferre
1562 1251 1844 1318 impactam
1887 1251 1954 1305 de
2002 1251 2185 1306 adule-

609 1351 794 1395 scente
821 1341 1085 1395 sarcinam
1118 1351 1398 1394 monstret.
1421 1341 1578 1394 Novit
1609 1342 1747 1395 Dens
1773 1341 1874 1394 hoc
1899 1342 2068 1395 solum
2102 1357 2186 1397 me

607 1431 800 1484 acerbe
831 1430 1058 1498 perpeti,
1092 1431 1230 1495 quod
1277 1440 1331 1484 et
1363 1431 1644 1500 prmsentia
1692 1441 1778 1484 tua
1807 1446 1988 1495 careo,
2020 1442 2070 1486 et
2103 1444 2182 1486 to-

611 1520 720 1573 tius
743 1529 794 1573 te
816 1534 910 1588 per
936 1519 1207 1574 silentium
1235 1520 1598 1575 immemorem
1627 1520 1925 1577 all‘ectionis
1949 1537 2069 1577 esse
2096 1538 2186 1577 co-

609 1627 832 1682 gnosco.
874 1615 1145 1669 Beneﬁcio
1187 1623 1364 1669 tamen
1404 1616 1494 1670 Dei
1534 1624 1756 1682 paterna
1799 1631 1960 1683 puero
2001 1625 2185 1672 nostro

611 1719 720 1758 non
749 1703 1043 1773 derogatur
1089 1705 1362 1758 instantia.
1411 1705 1731 1759 Imbuendus
1762 1705 2071 1760 liberalibus
2105 1706 2184 1759 di-

2286 530 2560 597 diligentia
2603 528 2728 598 quid
2779 528 2916 595 juris
2953 529 3121 595 possit
3164 527 3364 580 habere
3404 523 3674 591 reapieiat.
3715 523 3854 578 Nun-

2283 634 2443 686 quam
2473 634 2532 673 se
2567 620 2808 682 metitur,
2837 633 2995 686 quem
3023 617 3260 672 stimulat
3288 616 3526 670 caritatis
3555 617 3857 683 imperium.

2283 711 2509 766 Additur
2552 710 2694 779 quod
2742 710 2994 778 perlatori
3047 709 3389 777 praesentium
3437 707 3624 761 obvias
3671 721 3860 760 manus

2284 798 2540 853 adhibere
2587 812 2690 852 non
2727 798 2893 868 potui,
2938 798 3038 851 nisi
3087 806 3144 850 ut
3186 796 3533 864 Benenatum,
3583 794 3856 848 hominem

2285 890 2482 945 Gallias
2515 907 2610 960 pro
2656 891 2818 946 certis
2859 890 3085 959 negotiis
3133 898 3497 957 expetenten,
3533 888 3598 941 ad
3640 901 3859 940 coronze

2283 991 2475 1037 vestra:
2524 983 2766 1036 notitiam
2800 983 2899 1037 mei
2945 982 3292 1055 perducerem
3340 979 3603 1034 sermonis
3631 979 3854 1032 officio:

2283 1087 2440 1142 quem
2465 1081 2572 1126 tota
2611 1072 2909 1126 humilitate
2940 1070 3346 1133 commendans,
3380 1085 3510 1138 rogo
3533 1077 3588 1123 nt
3609 1084 3704 1138 per
3732 1084 3857 1124 eum

2286 1162 2500 1216 vivariis
2529 1161 2751 1216 relevari
2793 1175 3047 1229 procurer
3082 1159 3351 1228 alloquiis.
3389 1160 3611 1217 Domine
3645 1159 3739 1222 mi,
3769 1173 3858 1211 sa-

2283 1253 2556 1307 lutationis
2585 1253 2895 1306 servitutem
2917 1260 3026 1305 tota
3054 1252 3338 1306 devotione
3366 1252 3675 1320 persolvens
3697 1265 3858 1319 spero

2285 1343 2522 1412 principe
2548 1343 2687 1406 loco,
2727 1351 2799 1395 ut
2821 1357 3053 1410 precum
3081 1352 3379 1394 vestrarum
3431 1342 3690 1394 serenitas
3720 1355 3855 1392 mea:

2283 1447 2496 1502 quoque
2533 1432 2801 1486 mentione
2825 1450 2854 1483 ιι
2904 1447 3007 1484 non
3040 1433 3253 1485 omittat
3281 1431 3478 1495 facere,
3516 1447 3634 1483 cum
3665 1429 3856 1484 divini-

2288 1523 2379 1576 tati
2413 1523 2829 1591 supplicat‘sine
2862 1522 3278 1585 intermissione,
3312 1535 3568 1588 personae.

2789 1611 3118 1666 EPISTULA
3169 1611 3356 1666 XVIII.

2637 1717 2892 1758 ENNODIUS
2917 1704 2936 1734 °
2961 1717 3187 1757 EULALIO
3225 1716 3490 1757 EPISCOPO.

611 1794 854 1864 sciplinis
889 1795 1051 1850 limen
1079 1795 1384 1849 nobilitatis
1414 1796 1686 1863 ingressus
1713 1803 1812 1850 est.
1847 1795 2018 1864 Ipsam
2049 1812 2179 1865 quo—
2213 1779 2255 1839 Β
2355 1794 2430 1848 Ad
2463 1807 2716 1862 quantum
2765 1810 2851 1849 me
2885 1794 3152 1862 fastigium
3183 1794 3489 1862 perduxerit
3515 1793 3709 1846 denum
3753 1791 3855 1861 spi-

610 1898 714 1950 que
738 1883 802 1937 ad
833 1893 884 1938 te
907 1886 928 1914 "
955 1885 1244 1939 dictionem
1288 1900 1388 1954 qua
1436 1885 1840 1939 commendatus
1871 1897 1971 1949 cst,
2015 1887 2180 1940 desti-

607 1975 728 2026 navi
759 1990 772 2027 :
805 1973 858 2027 in
893 1990 992 2040 qua
1026 1989 1129 2028 non
1168 1975 1545 2043 eloquentiam,
1588 1975 1681 2028 sed
1715 1985 1832 2028 vota
1867 1989 2178 2044 cognoscas.

613 2062 742 2118 Vale
777 2079 928 2133 ergo,
973 2066 1047 2118 mi
1077 2068 1310 2130 domina,
1355 2077 1408 2120 et
1447 2069 1491 2121 si
1525 2067 1636 2121 ﬁeri
1668 2077 1865 2136 potest,
1897 2069 2092 2123 nostris
2133 2079 2183 2123 te

606 2166 725 2208 eum
757 2154 849 2210 Dei
879 2156 1217 2210 ordinatione
1255 2157 1419 2211 redde
1453 2158 1849 2226 conspectibus.

1135 2247 1468 2303 EPISTOLA
1510 2248 1552 2301 Χ
1567 2249 1646 2301 \‘I.

1104 2333 1360 2371 ENNnDlUs
1388 2320 1408 2348 ¹
1437 2333 1681 2372 ιΑεοκιο.

677 2391 774 2446 Diu
802 2403 885 2448 est
917 2394 1058 2464 quod
1098 2396 1305 2450 animus
1352 2412 1502 2451 meus
1535 2399 1620 2450 illa
1652 2412 1752 2466 qua
1802 2397 2008 2452 solebat
2045 2398 2180 2452 relc-

605 2483 740 2548 rari,
782 2485 1186 2553 exspectatione
1229 2496 1525 2554 torquetur.
1574 2486 1630 2540 In
1681 2487 1893 2556 longum
1940 2490 2180 2543 traxistis

604 2572 839 2643 silentia,
884 2575 1028 2629 nulla
1071 2577 1389 2631 necessitate
1425 2579 1705 2647 compulsi.
1752 2580 1868 2633 Non
1902 2580 1976 2634 fui
2023 2581 2180 2647 hujus

605 2663 840 2719 imitator
880 2667 1234 2736 negligentiae,
1279 2679 1335 2722 nt
1385 2684 1498 2724 mea
1543 2685 1641 2738 ego
1689 2671 1886 2745 scripta
1923 2686 2180 2740 proroga-

606 2771 721 2811 rem
748 2775 762 2810 :
794 2758 888 2813 sed
919 2759 984 2813 ad
1015 2760 1132 2816 dies
1161 2762 1411 2828 conticui,
1457 2765 1836 2830 superventuri
1867 2780 1964 2834 spe
1993 2766 2182 2820 illusus

604 2847 845 2919 alloquii.
873 2849 1023 2905 Nunc
1051 2860 1228 2907 tamen
1257 2854 1387 2907 vicit
1410 2853 1847 2908 deliberationem
1873 2871 2040 2909 meam
2069 2855 2177 2924 jam

604 2949 811 2994 matura
842 2942 1206 3010 amplitudinis
1230 2954 1420 2998 vestrae
1448 2946 1803 2998 taciturnitas.
1831 2944 1997 2999 Debet
2022 2944 2177 2998 evelli

604 3029 896 3099 silentium,
927 3035 1066 3103 quod
1096 3035 1300 3090 dur'ter
1329 3036 1382 3090 in
1413 3037 1642 3104 quadam
1676 3037 1853 3091 radice
1883 3038 2174 3092 convaluit.

605 3120 842 3176 Geminis
871 3139 1000 3191 ergo
1029 3126 1353 3194 irospiciunt
1375 3127 1568 3197 scripta
1597 3137 1774 3181 nostra
1807 3130 2136 3197 compendiis
2161 3149 2172 3183 :
2205 3131 2250 3192 C

605 3221 659 3265 et
695 3214 1011 3280 perlatorem
1035 3214 1054 3244 ³
1088 3215 1412 3270 Benenatum
1443 3217 1712 3272 hominem
1741 3217 1760 3246 ’⁸
1786 3228 2002 3286 prOpter
2031 3220 2178 3288 fuga—

606 3315 699 3354 ces
752 3315 879 3355 suos
931 3303 1232 3357 venientem
1285 3306 1625 3369 commendo,
1683 3315 1737 3358 et
1788 3307 2176 3362 desideriorum

608 3391 749 3445 bona
779 3407 884 3445 non
909 3385 1118 3446 dilfero.
1157 3395 1292 3462 Ergo
1318 3395 1455 3459 vale,
1489 3397 1559 3448 mi
1584 3394 1820 3458 domine,
1853 3406 1905 3449 et
1937 3411 2030 3464 pro
2054 3408 2179 3450 voto

610 3491 700 3535 tuo
729 3483 870 3536 circa
904 3497 989 3536 me
1017 3483 1128 3553 geri
1159 3498 1412 3552 prospera
1454 3498 1806 3554 cognoscens,
1845 3487 2063 3553 paribus
2095 3503 2180 3541 me

609 3571 793 3627 attolle
824 3573 1160 3629 sermonibus
1191 3591 1206 3629 :
1237 3575 1487 3644 quatinus
1531 3587 1582 3630 et
1624 3577 1854 3645 perlator
1886 3579 1953 3632 de
1983 3578 2180 3633 beneﬁ-

610 3666 694 3720 cio
722 3665 966 3735 gaudeat,
997 3675 1052 3721 et
1083 3682 1182 3737 ego
1221 3668 1470 3722 sublever
1496 3669 1562 3722 de
1593 3683 1868 3736 reSponso.

1129 3759 1456 3813 EPISTOL'\
1503 3760 1666 3813 XVII.

946 3844 1202 3884 essemus
1225 3831 1244 3861 ⁵
1268 3846 1544 3884 sremuso
1585 3846 1848 3884 EPISCOPD.

684 3906 970 3976 Postquam
1020 3911 1226 3964 meritis
1256 3911 1444 3964 vestris
1472 3911 1700 3979 dignitas
1729 3919 1903 3964 vestra
1937 3914 2180 3967 restituta

611 4007 715 4064 est,
745 4009 798 4054 et
823 4001 993 4054 honor
1015 4016 1170 4070 quem
1193 4001 1356 4071 exigit
1385 4002 1512 4063 vita,
1546 4002 1793 4068 collatus,
1834 4003 1976 4057 nulla
2019 4004 2184 4058 beati-

614 4088 816 4144 tudinis
856 4102 1047 4146 vestrm
1102 4109 1197 4160 pro
1251 4095 1482 4161 peccatis
1535 4095 1668 4148 meis
1706 4094 1901 4161 scripta
1949 4098 2178 4166 suscepi.

609 4179 802 4237 Aliena
844 4190 927 4235 est
954 4197 982 4234 a
1027 4184 1298 4250 proliosito
1328 4187 1413 4238 vel
1455 4200 1483 4238 a
1537 4185 1776 4239 moribus
1809 4186 2002 4241 vestris
2042 4188 2184 4241 circa

614 4269 900 4338 supplices,
933 4287 1050 4341 qua:
1085 4273 1135 4326 in
1168 4288 1253 4329 me
1275 4283 1520 4328 servatur
1546 4273 1768 4330 oblivio.
1803 4276 2184 4332 Temeritatem

687 4404 705 4434 ¹
732 4402 1013 4458 Dictionem
1034 4423 1133 4474 qua
1154 4408 1414 4460 commend
1435 4407 1554 4477 ltus]
1590 4410 1957 4466 Prmfalionem
1986 4411 2182 4466 dictam

617 4474 890 4571 aniciloo',
919 4492 1038 4556 quc
1067 4480 1356 4532 secundum
1391 4474 1564 4532 locum
1597 4480 1802 4534 obtinet
1831 4481 1972 4535 inter
1997 4483 2186 4536 dictio-
2220 4513 2268 4571 Β

617 4559 713 4599 nes
737 4547 1105 4600 scholasticas.

687 4616 707 4643 ³
737 4614 959 4668 Laconia
975 4613 994 4683 1.
1026 4615 1338 4669 Gundebadi
1388 4617 1529 4685 regis
1570 4619 1912 4682 consiliario,
1955 4629 2009 4675 et
2044 4621 2189 4676 velut

619 4687 893 4757 quaestori,
927 4686 1045 4757 viro
1084 4685 1246 4740 nobili
1279 4701 1341 4739 ac
1379 4687 1484 4757 pio.
1534 4686 1587 4739 In
1620 4687 1732 4740 Vita
1769 4690 2045 4757 Epiphanii
2078 4710 2090 4743 :
2122 4693 2186 4744 At

621 4754 730 4816 ille,
755 4755 1138 4820 Gumlobadns,
1171 4767 1344 4809 vocato
1369 4755 1613 4819 Laconia,
1639 4761 1721 4809 cui
1744 4772 1788 4812 et
1812 4754 1980 4813 rerum
2006 4770 2053 4813 et
2080 4778 2189 4814 ver-

621 4824 796 4875 borum
827 4825 951 4900 ﬁdes
976 4825 1037 4876 ab
1065 4827 1154 4900 illo
1188 4842 1384 4895 semper
1417 4838 1522 4879 tuto
1545 4828 1789 4882 mandata
1818 4843 1890 4882 est
1923 4845 1941 4883 :
1971 4847 2116 4900 quem
2145 4842 2189 4885 et

622 4895 953 4970 prseroga-tiua
982 4896 1252 4970 natalium,
1276 4908 1326 4970 et
1354 4913 1566 4950 ararum
1588 4899 1787 4951 curules
1818 4917 1906 4965 per
1935 4895 2192 4970 magistra:

623 4964 885 5039 probitatis
911 4965 1132 5039 ittsigu'a
1152 4967 1488 5020 sublimarunt
1519 4982 1537 5039 ς
1559 4983 1670 5020 cum
1693 4985 1793 5035 quo
1819 4964 2040 5036 confert:
2064 4987 2193 5039 quo-

623 5034 714 5084 ties
741 5033 826 5100 pia
851 5045 897 5084 et
921 5033 1047 5087 sicut
1072 5052 1170 5088 non
1191 5047 1261 5087 est
1283 5053 1396 5089 cum
1426 5038 1557 5089 vitiis
1587 5033 1781 5090 sociata
1815 5033 2086 5101 nobilitas,-
2104 5059 2192 5093 nec

621 5103 922 5177 astriugitur
952 5107 1018 5157 ad
1046 5106 1303 5158 illecebras
1328 5109 1415 5160 Ius:
1449 5117 1573 5160 natu
1593 5122 1668 5167 ω,
1707 5109 1898 5177 siquid
1935 5110 2023 5162 ille
2048 5111 2190 5164 beni-

610 5188 718 5243 gne
743 5171 912 5243 [acere
940 5177 1172 5241 valuerit,
1207 5177 1296 5229 iste
1325 5177 1558 5230 hortatur
1585 5171 1877 5230 adhibitus.-

696 5241 716 5270 ³
746 5241 1081 5313 Benenatum]
1114 5244 1184 5315 De
1224 5263 1328 5311 quo
1366 5258 1420 5299 et
1465 5250 1621 5313 epist.
1673 5250 1939 5315 sequenti,
1991 5259 2044 5304 et
2087 5251 2191 5303 lor-

625 5326 766 5369 tasse
792 5315 929 5380 apud
954 5314 1195 5368 Cassiod.
1219 5316 1308 5368 lib.
1335 5332 1387 5368 tv
1412 5318 1566 5383 epist.
1607 5318 1689 5370 I5.
1716 5314 1790 5371 Aid
1818 5335 1945 5373 θειιιι
1966 5320 2189 5374 formant

626 5402 818 5441 nomen
845 5385 1100 5444 efﬁctntn,
1130 5401 1230 5455 qua
1262 5385 1553 5440 Seronatus
1582 5387 1720 5455 apud
1762 5389 2067 5452 Sidonium,
2103 5392 2189 5444 Ci-

628 5469 749 5510 tona
779 5474 842 5510 us
891 5457 1026 5525 apud
1059 5455 1371 5526 Gregorium
1420 5457 1682 5521 Magnum,
1727 5467 1782 5510 et
1827 5461 1936 5514 alia.
1971 5462 2188 5526 passim.

628 5527 967 5594 Epitaphium
1025 5527 1206 5580 Ilontae
1271 5525 1537 5596 διγλωττον
1589 5527 1842 5594 Lupicno
1897 5541 1949 5585 et
2004 5531 2193 5585 Jovino

627 5613 766 5649 (oss.
797 5601 948 5666 cuius
991 5599 1103 5650 lucc
1134 5599 1306 5664 portio
1336 5615 1346 5647 ε

699 5679 771 5719 BV
811 5680 1008 5722 ΕΙΡΗἫί
1048 5678 1276 5723 ANEIIAII
1319 5676 1655 5722 IZEVI'JNATOC

701 5748 964 5797 ΘΕΟΘΙΛΑ
1007 5747 1020 5761 ⁶
1064 5749 1318 5794 EIIOIIIGA
1359 5749 1598 5794 (ΖΪΜΒΙΩ.

2285 1885 2456 1940 ritalis
2489 1887 2730 1956 alloquii,
2755 1885 2997 1956 angustia
3029 1894 3334 1948 testuretur,
3365 1887 3407 1939 si
3443 1899 3692 1940 sermone
3714 1885 3856 1939 vale-

2284 1985 2366 2031 ret
2407 1977 2618 2031 ambiri.
2671 1977 2750 2031 Ad
2793 1976 2953 2045 quod
2987 1976 3342 2030 enarrandum
3387 1976 3578 2031 idonea
3627 1991 3738 2029 non
3773 1985 3857 2030 est

2285 2069 2477 2122 mentis
2519 2068 2754 2133 exilitas,
2804 2082 2902 2120 nec
2932 2066 3134 2120 suflicit
3164 2066 3273 2120 oris
3301 2075 3536 2134 egestas.
3579 2065 3684 2118 Vos
3713 2053 3856 2119 e'trim

2284 2160 2386 2214 mei
2419 2174 2684 2213 memores
2711 2160 2982 2212 exstitisse
3004 2157 3300 2226 quid'aliud
3324 2155 3662 2224 computabo,
3696 2170 3854 2224 quam

2283 2261 2498 2320 peccata
2522 2250 2802 2319 superari?
2832 2251 3092 2304 M'emoria
3113 2249 3272 2303 vestri
3297 2263 3457 2302 omne
3473 2247 3614 2314 quod
3634 2253 3856 2314 “actuum

2283 2343 2583 2397 obscenitas
2614 2342 2782 2409 potuit
2813 2342 3136 2403 ministrare,
3171 2339 3278 2408 jam
3312 2337 3742 2406 depulit,-et'per
3769 2353 3858 2390 su-

2282 2431 2406 2485 dum
2451 2431 2714 2500 reSpicere
2760 2432 3048 2498 supernum
3099 2443 3290 2482 munus
3341 2427 3583 2480 indulsit.
3630 2427 3857 2481 Demine

2284 2523 2377 2586 mi,
2411 2521 2746 2576 salutationis
2776 2521 3029 2590 obsequia
3054 2520 3305 2574 decenter
3330 2517 3660 2586 impertiens,
3689 2516 3856 2571 Deum

2283 2627 2433 2681 rogo,
2481 2620 2537 2666 ut
2575 2612 2717 2666 circa
2752 2603 3061 2680 parvitatem
3106 2623 3279 2664 meam
3307 2597 3410 2661 illa
3450 2607 3623 2660 anima
3657 2607 3708 2659 in
3753 2622 3854 2674 qui

2283 2719 2442 2759 omne
2482 2704 2623 2772 quod
2680 2703 2820 2756 Deus
2870 2701 3108 2766 mandat,
3166 2699 3445 2763 exuberat,
3494 2697 3854 2766 dignationem

2284 2793 2570 2862 pollicitam
2595 2793 2711 2846 sine
2739 2792 2915 2859 aliqua
2944 2798 3198 2858 procuret
3221 2787 3590 2842 imminutione
3615 2802 3854 2841 servare.

2284 2884 2450 2950 Quam
2479 2899 2590 2938 rem
2633 2899 2693 2938 ex
2729 2883 2951 2937 arbitrio
2980 2882 3110 2936 mihi
3139 2881 3470 2951 contingere,
3503 2879 3856 2950 frequentium

2283 2976 2552 3032 declarate
2575 2975 2882 3031 testimonio
2914 2975 3235 3028 litterarum.

2816 3062 3143 3117 EPISTULA
3182 3060 3324 3115 XIX.

2807 3170 3061 3211 RNNODIUS
3102 3169 3324 3210 FAUSTO.

2356 3250 2462 3304 Deo
2492 3247 2710 3317 gratias,
2744 3248 2833 3317 qni
2861 3246 3009 3316 juxta
3039 3245 3324 3310 desideria,
3357 3259 3425 3299 ne
3466 3242 3754 3313 aliquando
3785 3242 3854 3298 ab

2282 3341 2572 3409 scriptione
2605 3351 2919 3408 temperem,
2953 3337 3227 3406 negotiosa
3259 3336 3385 3392 facit
3408 3351 3527 3391 esse
3553 3335 3853 3402 colloquia:

2284 3437 2456 3498 potest
2506 3430 2648 3482 enim
2707 3438 2762 3482 et
2810 3426 3022 3480 utilitati
3068 3425 3342 3495 prodi-ssc,
3387 3425 3526 3495 quod
3574 3425 3738 3494 exigit
3770 3424 3857 3493 jus

2284 3520 2502 3573 amoris.
2537 3517 2807 3583 Proinde,
2851 3517 3087 3583 domine,
3136 3516 3326 3571 indicia
3371 3532 3504 3570 mea:
3541 3515 3856 3570 valetudinis

2282 3609 2508 3677 faciens,
2544 3607 2785 3676 fugacem
2811 3622 3032 3676 puerum
3063 3617 3318 3676 vesnum,
3348 3606 3670 3662 Germanum
3701 3618 3858 3658 voca-

2285 3700 2432 3764 bulo,
2465 3700 2552 3768 qui
2581 3709 2704 3753 ante
2727 3699 3014 3753 triennium
3047 3699 3225 3768 lapsus
3260 3711 3362 3765 εει,
3394 3714 3478 3752 me
3503 3714 3564 3752 su
3598 3699 3649 3766 pi
3682 3712 3745 3752 or
3775 3698 3860 3750 in-

2285 3792 2526 3855 venisse;
2573 3790 2641 3844 de
2683 3805 2788 3860 quo
2842 3789 3134 3844 indiculutn
3182 3789 3485 3844 destinavi:
3519 3789 3608 3859 qui
3647 3789 3694 3844 si
3737 3803 3862 3843 vere

2284 3895 2464 3940 vester
2484 3893 2587 3950 est,
2619 3896 2826 3938 mature
2847 3883 3120 3952 sequenda
3159 3897 3501 3951 cognoscam.

2825 3971 3160 4028 EPISTOLA
3202 3971 3318 4026 XX.

2815 4077 3011 4116 FAUSTO
3051 4076 3326 4115 ENNODIUS.

2358 4154 2750 4223 Multiplicibus
2790 4155 3124 4208 veneratoris
3166 4154 3367 4208 vestri'
3391 4152 3565 4207 afﬁnis
3607 4153 3736 4216 mei,
3774 4151 3864 4205 .Iu~

2289 4249 2416 4303 liani
2470 4248 2738 4316 negotium
2787 4246 3076 4301 Marcellini
3125 4246 3329 4300 laborat
3375 4245 3626 4299 insidiis:
3657 4243 3746 4312 qui
3799 4243 3866 4300 ad

2289 4342 2558 4412 querelam
2588 4339 2950 4397 tantummodo
2983 4348 3216 4409 paratus,
3244 4338 3310 4393 de
3337 4336 3520 4406 judicii
3555 4337 3865 4406 integritate

2302 4508 2322 4524 ς
2366 4476 2726 4530 BENENATO
2784 4475 3125 4530 TIIEOFILA
3192 4475 3390 4530 FECIT
3440 4473 3626 4530 UXOR
3691 4473 3868 4529 EJUS.

2370 4547 2391 4576 ‘
2424 4547 2638 4615 PrOpter
2663 4551 2867 4616 fugaces
2901 4543 3041 4614 suos]
3067 4545 3265 4599 Servos
3297 4545 3414 4613 fuga
3439 4548 3674 4616 elapsos,
3700 4543 3866 4616 Epist.

2301 4616 2402 4669 I9:
2434 4614 2672 4683 fugacem
2700 4632 2894 4668 seri-um
2935 4625 3170 4678 vestrum,
3213 4616 3300 4684 qui
3339 4626 3456 4669 ante
3495 4614 3870 4684 trienniumilu-

2299 4703 2425 4756 psus
2456 4695 2551 4738 est.
2602 4686 2861 4756 Fugaeem
2907 4683 3246 4756 servumﬂpro
3285 4684 3502 4756 fugitivo
3539 4683 3684 4756 dixit
3709 4683 3879 4756 etiam

2300 4753 2564 4809 Ilonorius
2596 4757 2723 4823 imp.
2768 4755 2868 4824 leg.
2903 4755 2934 4808 8
2962 4754 3084 4809 cod.
3117 4755 3322 4809 'Iheod.
3350 4753 3433 4809 ide
3468 4753 3884 4823 jurisdietione,

2301 4836 2354 4880 ct
2387 4826 2608 4893 Grcgor.
2638 4825 2837 4879 anon.
2869 4825 2962 4878 lib.
2992 4841 3060 4886 vi,
3089 4839 3205 4893 cap.
3236 4826 3324 4878 5i.

2375 4896 2395 4926 ⁸
2425 4891 2686 4964 Stephano
2726 4893 2979 4963 episwpo]
3011 4891 3428 4960 llanddubium,
3459 4893 3585 4964 quin
3618 4891 3873 4964 Ecclesize

2306 4963 2694 5034 Lugdunensis,
2730 4965 2814 5017 ubi
2847 4971 2906 5016 et-
2933 4965 3213 5030 Laconius,
3237 4965 3301 5017 ad
3332 4963 3580 5034 quetnide
3605 4963 3790 5034 eadem
3819 4977 3874 5016 io

2301 5032 2537 5103 scripsit.
2575 5036 2719 5087 Ilanc
2753 5035 2911 5096 igitur
2939 5034 3161 5100 gratiam
3203 5034 3445 5088 Ennodio
3491 5032 3874 5100 Lugdunenses

2299 5105 2519 5165 debent.
2551 5104 2689 5172 quod
2738 5104 2971 5170 episcopi
3011 5104 3093 5157 sui
3152 5104 3484 5165 tnemoriam,
3533 5117 3652 5172 qua:
3695 5104 3873 5156 tennis

2301 5174 2438 5235 apud
2469 5175 2612 5296 ipsihs
2637 5181 2692 5226 et
2721 5174 2947 5226 obscura
2974 5174 3230 5238 restabat,
3274 5177 3370 5228 hac
3399 5174 3624 5242 epistola
3654 5187 3874 5226 conscr-

2310 5256 2482 5296 vatain
2511 5260 2559 5296 vi
2602 5254 2711 5295 cttl.

2310 5256 2482 5296 valatn
2511 5246 2711 5296 vident.

2373 5315 2392 5342 ⁶
2421 5312 2630 5366 Eulalio
2651 5311 2907 5379 αριστομοῖ
2945 5312 3073 5367 Vide
3111 5329 3186 5365 an
3205 5312 3568 5383 Syracusano,
3596 5313 3686 5380 qui
3716 5328 3877 5383 syno-

2300 5383 2383 5437 dis
2411 5385 2615 5450 aliquot
2644 5383 2947 5451 Symmachi
2983 5398 3129 5451 papa:
3157 5382 3393 5436 interfuit
3424 5402 3436 5435 :
3467 5393 3521 5438 et
3552 5383 3732 5435 multis
3765 5382 3876 5432 Ιειεν-

2301 5453 2456 5506 tlibns
2482 5462 2701 5505 ornatur
2729 5454 2778 5506 in
2815 5453 2926 5506 Vita
2959 5455 3019 5508 S.
3055 5453 3338 5521 Fulgentii.
3390 5453 3493 5508 Sed
3538 5453 3648 5506 Iieri
3681 5460 3874 5519 potest.

2303 5531 2358 5579 ut
2402 5524 2534 5573 alias
2564 5524 2723 5576 etiam
2775 5523 3019 5576 habuerit
3065 5534 3195 5576 mtas
3235 5523 3602 5591 illa-ejusdem
3647 5521 3876 5574 nominis

2303 5591 2602 5660 cpiscopus.

2376 5681 2395 5708 ⁷
2417 5679 2589 5746 Afﬁnis
2613 5681 2707 5731 mci
2735 5679 2952 5748 Iuliani]
2980 5679 3052 5732 Ad
3085 5695 3241 5748 quem
3274 5681 3363 5733 Iih.
3396 5697 3469 5742 tv,
3495 5681 3649 5746 epist.
3679 5680 3728 5732 7.

2372 5749 2386 5768 ⁸
2412 5766 2554 5799 υευυ.
2577 5750 2593 5810 ]
2615 5751 2692 5800 Sic
2717 5751 2860 5799 editzo
2881 5749 3024 5799 Sirtm
3054 5750 3196 5800 Forte
3219 5752 3588 5801 rcscrilendutn
3609 5767 3745 5802 υευο.
