4146 6260
208 385 270 442 63
1442 384 1912 443 EPISTOLARUM
1952 385 2079 443 LIB.
2110 380 2204 441 Ill.
3386 385 3455 441 66

205 496 379 554 diffidit
406 514 421 553 :
452 496 581 551 vitat
607 510 725 567 quae
749 504 894 566 Optat
922 497 1186 553 examina.
1217 498 1344 552 Nam
1371 512 1647 570 postquam
1674 518 1762 555 ne-
1794 504 1840 560 A
1868 502 2042 553 standi
2084 516 2200 554 mos
2230 510 2331 561 est,
2382 501 2633 555 tarditate
2678 500 2959 569 depretiat.
2999 498 3252 571 Virgilius
3284 503 3453 555 subli-

205 592 311 644 scio
338 588 486 656 quod
517 597 841 657 prtecoptum
885 589 951 642 ad
983 587 1228 643 chicam
1265 591 1570 646 exhibuisse
1598 593 1774 661 perhi-

207 682 370 743 betur,
425 678 713 746 praedictus
758 679 983 746 supplex
1032 688 1209 734 vester
1252 680 1316 732 ad
1359 676 1774 735 Mediolanensis

208 769 298 823 fori
336 769 663 822 audientiam
704 783 827 821 mox
877 769 1168 836 concurrit,
1219 778 1273 822 et
1300 784 1400 838 per
1428 769 1638 840 triginta
1684 780 1776 826 aut

205 856 543 929 quadraginta
604 857 719 912 dies
774 858 1112 927 praesentiam
1160 872 1309 912 suam
1358 859 1592 927 publico,
1638 863 1775 915 sicut

206 949 495 1016 opmtebat,
547 948 770 1012 ingessit
807 947 1025 1016 judicis.
1072 947 1413 1005 Contestatus
1466 963 1546 1006 est
1600 953 1772 1021 ipsum

206 1038 469 1100 chitam,
517 1039 607 1103 qui
639 1037 652 1068 ¹
682 1037 955 1093 ordinatus
998 1041 1345 1109 asserebatur
1385 1043 1645 1111 impulsor
1678 1053 1774 1097 :ut

207 1137 499 1195 susceptum
542 1143 698 1182 suum
742 1128 807 1180 ad
852 1127 1050 1196 judicia
1095 1129 1416 1194 destinaret,
1471 1134 1768 1187 admonuit.

210 1220 454 1272 Domuum
512 1234 725 1288 quoque
774 1219 1221 1283 Trasemundum,
1274 1220 1412 1275 sicut
1467 1236 1533 1276 ex
1579 1224 1772 1278 litteris

207 1312 356 1377 ipsius
388 1309 636 1378 poteritis
656 1323 968 1379 agnoscere,
1004 1310 1129 1364 fecit
1158 1311 1315 1366 scire.
1339 1312 1443 1373 Sed
1476 1314 1611 1366 nihil
1631 1314 1769 1381 apud

206 1415 315 1454 eum
343 1399 564 1468 profuit,
609 1400 693 1453 cui
718 1400 848 1454 sola:
877 1400 1090 1454 latebrae
1130 1402 1183 1455 iu
1227 1416 1389 1457 eausa
1428 1406 1621 1457 misera
1657 1420 1772 1473 pos-

206 1502 323 1545 sunt
356 1507 479 1547 esse
509 1492 762 1546 remedio.
814 1492 917 1546 Pro
943 1507 1047 1562 quo
1095 1510 1245 1563 rogo,
1277 1512 1574 1565 quanquam
1629 1500 1768 1565 apud

207 1597 295 1636 vos
327 1583 572 1650 precibus
602 1596 735 1649 opus
776 1596 880 1635 non
914 1593 1016 1649 est,
1060 1582 1360 1652 ubicunque
1389 1585 1584 1639 veritas
1612 1587 1769 1640 inno-

207 1670 372 1735 tcscit,
399 1671 522 1737 quia
545 1671 722 1724 omnia
762 1670 917 1738 hujus
964 1672 1039 1724 rei
1069 1672 1420 1727 instrumenta
1451 1676 1766 1739 transmisit,

208 1775 262 1817 ttt
287 1764 615 1818 ordinatione
645 1771 825 1819 vestra
854 1764 923 1818 ab
945 1764 1249 1833 hnjosmodi
1282 1767 1537 1820 molestiis
1567 1766 1769 1821 efticia-

1879 591 1980 644 tuis
2011 593 2109 657 vir,
2146 599 2249 643 tam
2296 592 2553 658 sanguine
2593 606 2748 658 quam
2799 590 3077 644 honestate
3127 593 3449 659 prmeipnm,

1875 679 2073 749 imponi
2106 682 2203 733 sibi
2238 680 2303 734 ab
2334 681 2523 733 illustri
2556 681 2671 733 viro
2706 693 2980 733 sacrarum
3008 666 3201 734 coniitc
3241 680 3453 733 Raven-

1877 786 1996 822 nam
2020 770 2339 822 excurrcndi
2367 770 2738 840 necessitatem
2765 768 3050 837 plurimum
3083 770 3276 822 dellet:
3303 770 3455 833 cujus

1873 858 1918 911 si
1962 856 2061 910 hoc
2094 857 2350 910 haberent
2377 857 2661 920 desideria,
2692 859 2877 911 obvias
2909 873 3095 912 manus
3138 868 3266 910 :rtas
3306 855 3455 909 all'cr-

1874 959 1975 1001 ret.
2005 948 2101 1014 Qui
2128 948 2267 1017 apud
2296 962 2387 1001 vos
2420 964 2503 1001 me
2537 958 2815 1015 precatore
2859 950 3045 1013 utitur,
3088 959 3144 1002 ttt
3170 953 3236 1001 ab
3264 964 3328 1001 eo
3357 949 3453 1000 hu-

1870 1038 2102 1106 jnsmodi
2133 1041 2342 1093 sarcina
2383 1039 2471 1092 fiat
2500 1040 2671 1093 aliena
2702 1057 2713 1092 :
2748 1040 3097 1093 relationibus
3121 1041 3447 1107 frequenter,

1875 1129 1998 1196 quid
2027 1134 2198 1199 egerit
2237 1132 2547 1185 instructam
2582 1132 2820 1199 praedicti
2844 1132 3081 1199 suggerit
3111 1139 3449 1199 potestatem.

1878 1219 2121 1284 Domine,
2150 1221 2406 1272 honorem
2432 1222 2694 1273 salutandi
2719 1221 2982 1274 exhibens
3008 1237 3219 1289 precor,
3245 1230 3301 1273 ut
3323 1235 3450 1275 con-

1874 1307 2197 1361 sideratione
2231 1310 2335 1361 mei
2369 1310 2420 1361 in
2466 1311 2827 1363 teStimonium
2879 1311 3169 1379 diligentia:
3212 1310 3450 1379 postula-

1874 1400 1941 1453 tis
1971 1399 2126 1453 detur
2154 1398 2398 1453 etfectus.

2367 1536 2697 1591 EPISTULA
2738 1535 2925 1590 XXIV.

2346 1665 2599 1703 ENNODIUS
2641 1664 2956 1703 ΜΑιοΑτοιυ.

1941 1761 2087 1814 Novo
2120 1777 2202 1815 me
2228 1744 2383 1831 genio
2411 1762 2638 1814 infucata
2674 1762 2905 1828 pectoris
2936 1761 3096 1813 vestri
3128 1760 3339 1814 ornavit
3359 1760 3448 1815 di-

207 1865 287 1909 tur
310 1856 532 1910 alienus.
560 1855 803 1919 Domine,
847 1856 1185 1909 salutationis
1224 1856 1477 1925 obsequia
1517 1857 1766 1912 deferens
1787 1862 1843 1937 ,Β
1871 1849 2085 1917 ligentia
2117 1868 2127 1903 ε
2163 1852 2324 1904 θιίοῖιὶ
2358 1860 2477 1909 tllOl‘
2509 1850 2630 1919 styli
2666 1850 2995 1915 ῑεεῑίηιοηίον
3030 1853 3119 1919 (Illi
3152 1851 3322 1905 άοεῑίδ
3362 1867 3449 1905 ευ⁴

206 1960 374 2013 Spero,
419 1955 536 2000 uta
583 1947 835 2015 praedicto
880 1946 1299 2014 inquietudinem
1346 1950 1633 2011 removeri,
1666 1964 1765 2017 qua

201 2037 379 2090 soletis
406 2052 532 2091 cura
573 2038 802 2103 faciatis,
830 2049 883 2091 et
914 2052 1085 2090 meam
1121 2036 1533 2093 sollicitudinem
1557 2038 1623 2093 de
1648 2055 1765 2107 tro-

202 2129 471 2198 Speritatis
500 2138 688 2184 vestrae
706 2139 841 2185 statu
878 2130 1069 2183 litteris
1094 2130 1407 2185 sublevelis.

724 2218 1048 2275 EPISTULA
1092 2220 1230 2274 XXI.

728 2322 977 2362 LNNODIUS
1013 2324 1232 2362 FAUSTO.

265 2400 457 2453 Paucis
483 2398 800 2452 asscrendus
838 2407 941 2462 est,
982 2416 1139 2468 quem
1182 2407 1236 2453 ct
1276 2401 1459 2453 notitia
1488 2402 1686 2466 senior,
1713 2412 1766 2457 et

198 2490 461 2560 opinionis
491 2490 645 2543 bona:
677 2489 848 2559 lingua
879 2491 1218 2545 commendat
1244 2508 1255 2542 :
1288 2507 1389 2544 non
1420 2492 1614 2561 indiget
1646 2508 1766 2561 prti-

196 2584 398 2638 Iisitate
427 2598 764 2646 sermonum,
794 2584 1018 2652 quisuis
1056 2583 1195 2651 apud
1234 2584 1644 2652 magnitudinem
1678 2601 1766 2641 ve-

197 2685 354 2729 stram
394 2674 610 2728 dotibus
651 2673 950 2741 adjuvatur.
989 2673 1282 2729 Sublimem
1320 2675 1486 2727 virum
1532 2674 1764 2729 Vitalem

197 2766 425 2835 loquitur
456 2766 672 2833 prmfata
702 2766 1062 2831 concinuatio,
1099 2781 1257 2834 quem
1294 2781 1352 2818 os
1383 2778 1615 2820 vestrum
1643 2767 1767 2821 fecit

206 2856 342 2909 sacri
369 2856 640 2912 cou~ortio
670 2856 901 2926 gaudere
924 2856 1152 2924 collegii.
1187 2857 1325 2926 Ergo
1352 2861 1621 2911 extraneis
1649 2874 1765 2912 mu-

197 2947 367 3001 nietur
396 2946 664 3013 epistolis,
705 2946 797 3015 qui
838 2945 1096 2999 orationis
1135 2960 1325 3000 veStrie
1363 2947 1625 3001 benelicio
1665 2963 1762 3002 cu-

195 3039 315 3093 riam
344 3054 451 3093 non
485 3038 798 3107 peregrinus
825 3037 1155 3107 ingreditur?
1195 3048 1247 3092 et
1276 3039 1360 3092 cui
1391 3040 1673 3094 reserastis
1700 3040 1763 3093 li-

197 3129 404 3183 btrtatis
452 3129 768 3197 penetralia,
807 3128 878 3182 illi
912 3128 1141 3197 peetoris
1182 3142 1376 3183 arcana
1409 3129 1763 3183 claudentur?

195 3218 295 3289 Ego
331 3228 514 3274 autem
560 3220 768 3289 gaudeo
819 3220 1108 3288 scriptione
1148 3220 1431 3289 multiplici
1473 3238 1484 3272 :

196 3324 367 3379 parum
415 3310 656 3364 tribuam
710 3311 996 3379 periatori,
1053 3311 1195 3364 nulla
1252 3310 1451 3379 proprii
1508 3310 1762 3366 desiderii

195 3398 369 3453 damna
414 3402 682 3455 sustineo.
732 3398 976 3465 Domine,
1027 3401 1402 3454 salutatouem
1452 3403 1755 3469 restituens,

194 3504 337 3557 quam
371 3490 570 3555 debeo,
606 3505 815 3559 precor,
849 3499 905 3545 ut
934 3499 989 3545 et
1023 3491 1163 3545 circa
1204 3490 1426 3558 praefatu
1450 3510 1477 3540 n
1511 3492 1677 3559 gratia
1703 3507 1761 3547 se

194 3580 433 3634 culminis
481 3583 646 3635 veSIri
680 3582 907 3651 propius
952 3581 1270 3646 manifeSIet,
1306 3589 1356 3634 ct
1396 3581 1523 3634 mlhi
1557 3585 1761 3650 prospi-

196 3671 285 3724 ciat
308 3672 654 3727 reatitutione
681 3670 915 3740 alloquii.

708 3762 1034 3819 EPISTOIA
1078 3762 1239 3817 XXII.

715 3867 967 3908 ENNODIUS
1005 3869 1225 3907 FAUSTO.

248 3944 416 4000 Illudit
456 3944 589 3999 mihi
626 3958 771 4013 spes,
803 3959 924 4013 quac
952 3944 1113 4013 exigit
1144 3943 1499 4014 frequentiam
1546 3944 1754 3998 littera-

190 4048 309 4088 rum.
352 4038 469 4091 Hac
504 4036 645 4089 enim
683 4033 871 4100 fretus,
918 4033 1278 4089 ineliicacibus
1323 4034 1558 4087 animum
1598 4049 1757 4103 pasco

187 4130 475 4199 colloquiis.
511 4130 607 4183 Diu
642 4138 746 4193 est,
791 4129 931 4197 quod
966 4130 1081 4182 sine
1121 4128 1517 4182 intermissione
1557 4130 1757 4197 scripta

187 4221 498 4289 prorogans,
528 4220 796 4273 sile-utinm
826 4219 964 4287 quod
996 4228 1350 4286 expugnatum
1380 4232 1500 4271 esse
1526 4217 1750 4282 credidi,

185 4311 543 4367 coiiﬁrmatur.
578 4311 680 4366 Sed
713 4310 837 4378 quid
876 4308 1087 4373 faciam,
1112 4309 1325 4377 quando
1351 4309 1438 4361 vix
1482 4310 1546 4360 ad
1579 4309 1755 4361 consi-

185 4404 293 4457 lium
338 4404 620 4458 reducitur
664 4402 752 4470 pio
793 4414 976 4455 amore
1022 4410 1205 4467 pectus
1257 4399 1576 4453 obsessum?
1607 4406 1755 4466 putat

183 4495 401 4549 remedia
448 4505 507 4549 et
534 4508 651 4562 qua:
682 4481 937 4559 comperit
964 4491 1092 4543 nihil
1118 4489 1336 4559 juvisse.
1369 4489 1595 4545 Salutati
1626 4503 1755 4555 ergo

1870 1955 1962 2007 pra
2005 1939 2264 1993 inscitiam
2310 1940 2624 2007 garrulitate
2667 1938 2944 2007 diSplit-eo.
2996 1939 3225 1993 Coactus
3272 1955 3453 1993 sermo

1870 2027 2101 2096 pretium
2142 2028 2283 2095 quod
2319 2043 2422 2081 non
2453 2028 2614 2081 habet
2656 2041 2719 2080 ex
2754 2027 3078 2095 cloquentii,
3112 2028 3180 2081 ab
3220 2024 3447 2095 impacta

1871 2120 2191 2173 necessitate
2239 2119 2501 2187 subripui.
2559 2119 2836 2188 Nunquam
2893 2119 2990 2173 fuit
3039 2121 3197 2189 digna
3243 2122 3445 2175 ultione

1868 2210 2214 2273 contumelia,
2248 2224 2405 2277 quam
2439 2210 2623 2275 jussus
2668 2210 2932 2263 exhibuit.
2977 2208 3145 2263 Nemo
3193 2210 3448 2265 obedien-

1870 2310 1977 2354 tem
2006 2301 2151 2370 justc
2190 2301 2509 2353 condemnat
2538 2317 2549 2351 :
2576 2298 2677 2352 sibi
2709 2301 2871 2353 debet
2916 2299 3090 2352 illatas
3132 2300 3354 2369 injurias
3380 2301 3449 2354 de
3538 2338 3545 2345 ο

1867 2392 2083 2459 eloquio
2122 2393 2434 2452 rusticante,
2470 2392 2556 2456 qui
2592 2400 2847 2457 provocat
2883 2390 3209 2456 imperitum.
3249 2387 3447 2456 Supeh

1830 2485 2052 2538 ’oilium
2098 2493 2198 2550 est,
2247 2484 2564 2539 celsioribus
2606 2497 2708 2535 non
2753 2496 2982 2550 parere:
3012 2481 3203 2549 majus,
3243 2481 3289 2535 si
3328 2496 3448 2549 qua}

1869 2578 2081 2632 noveris
2125 2576 2465 2632 descendisse
2505 2577 2571 2629 ab
2617 2575 2966 2639 obseit'en‘e,
3011 2574 3286 2643 dspicias.
3341 2573 3446 2627 lm-

1875 2671 2029 2741 probi
2086 2671 2337 2725 desiderii
2384 2678 2597 2738 putatur
2646 2669 2889 2729 assertio,
2941 2683 3043 2720 non
3084 2681 3264 2720 amare
3305 2667 3446 2734 quod

1868 2761 2050 2831 exigit.
2097 2760 2641 2830 Astipulatnrjudicio
2683 2774 2802 2825 suo,
2834 2760 2922 2829 qui
2952 2773 3232 2814 censuram
3262 2758 3329 2812 de
3352 2759 3447 2811 ob-

1874 2862 2206 2922 temperante
2245 2853 2543 2922 suspendit.
2590 2854 2723 2907 Male
2764 2852 3002 2922 pertinax
3040 2850 3304 2905 districtio
3341 2861 3446 2917 est,

1868 2959 1986 3013 qua:
2035 2946 2286 2998 meritum
2341 2947 2390 2998 in
2436 2956 2654 3012 parente
2693 2944 3018 2997 considerat.
3075 2942 3334 2996 Pudorem
3379 2942 3446 2994 ab

1867 3036 2099 3088 statione
2130 3051 2232 3088 non
2264 3036 2489 3102 expulit,
2534 3035 2620 3102 qtti
2657 3034 2793 3100 quod
2828 3033 3060 3099 loquitur
3087 3031 3246 3082 debet
3276 3032 3444 3097 impe-

1866 3126 1967 3179 rio.
2003 3128 2183 3193 Itaque
2228 3126 2278 3177 iu
2313 3123 2644 3197 nob's'qnod
2700 3123 2880 3175 sordet
2919 3120 3249 3188 eloquentia,
3297 3134 3444 3171 com-

1542 3222 1630 3290 qui
1662 3222 1760 3275 etsi
1792 3222 1837 3285 C
1869 3216 2151 3271 mandatur
2197 3216 2485 3283 obsequiis.
2541 3214 2648 3267 Vos
2690 3212 2935 3266 videritis
2984 3212 3143 3281 quale
3188 3212 3256 3264 sit
3303 3212 3444 3280 quod

1859 3310 2100 3379 jussistis
2130 3309 2309 3364 oil‘erri
2336 3326 2349 3361 :
2382 3324 2480 3378 ego
2510 3323 2603 3361 vos
2634 3309 2748 3361 sine
2778 3307 2965 3359 frontis
2997 3321 3131 3359 mea:
3165 3305 3389 3374 diSprnd
3415 3322 3446 3359 ο

1867 3408 2127 3458 meruisse
2157 3405 2366 3456 restituo
2397 3402 2535 3470 quod
2571 3400 2922 3454 desiderastis
2972 3398 3235 3467 accipere.
3272 3398 3447 3454 Taceo

1865 3501 2004 3551 inter
2037 3498 2131 3549 isaa
2166 3511 2284 3563 quan
2314 3493 2554 3562 principe
2587 3494 2792 3545 fin-rant
2824 3492 2941 3544 loro
2974 3491 3270 3554 narranda;
3305 3493 3325 3521 ²
3352 3505 3445 3544 ec-

1863 3586 2215 3641 clesiasticam
2262 3583 2626 3639 humilitatem.
2671 3581 2808 3649 quod
2843 3581 3054 3649 placere
3085 3591 3315 3649 poterat,
3348 3582 3445 3633 ab-

1861 3677 2097 3746 jurasse;
2125 3677 2425 3728 orationum
2461 3686 2730 3740 pompam,
2772 3673 2861 3736 qui
2907 3672 3204 3724 orationem
3246 3671 3440 3740 diligit,

1864 3785 1966 3822 non
1999 3780 2241 3822 secutum
2278 3785 2288 3819 :
2322 3766 2581 3834 propositi
2627 3766 3055 3819 consideratione
3100 3774 3153 3820 ct
3196 3764 3322 3819 illud
3361 3780 3446 3818 me

1863 3862 2043 3930 fugere
2087 3861 2227 3927 quod
2273 3860 2421 3912 ducit
2467 3858 2532 3912 ad
2573 3859 2623 3928 gl
2650 3860 2797 3912 iriam
2830 3877 2839 3909 :
2872 3858 3023 3927 quasi
3057 3858 3243 3912 vitium
3279 3858 3444 3911 decli-

1864 3969 1992 4007 nare
2038 3953 2294 4023 quidquid
2339 3951 2531 4005 attollt
2560 3972 2568 4003 :
2598 3953 2807 4021 culpam
2850 3960 3058 4019 putare,
3105 3950 3246 4019 quod
3286 3951 3445 4020 erigit

1860 4055 1952 4101 aut
1980 4047 2230 4099 sublimat
2256 4063 2265 4096 :
2299 4045 2522 4115 perdere
2546 4044 2705 4113 justzc
2740 4044 3059 4097 laudationis
3091 4035 3338 4098 meritum
3366 4042 3445 4097 fa-

1860 4139 2005 4193 voris
2036 4140 2245 4193 affectu.
2286 4138 2697 4192 Excusationem
2732 4136 2971 4190 veritatis
3014 4136 3302 4189 coloratam
3345 4150 3441 4204 pe-

1861 4234 2039 4287 niculo
2081 4249 2183 4285 non
2224 4232 2552 4300 praetendam
2603 4250 2614 4282 :
2656 4230 2781 4284 dum
2836 4231 3058 4299 replico,
3101 4231 3240 4299 quod
3289 4229 3436 4291 illud,

1863 4322 2120 4392 quidquid
2143 4321 2439 4374 studiorum
2468 4320 2689 4372 dederat
2711 4335 2837 4373 cura
2864 4320 3185 4381 lihe:alinm,
3212 4319 3321 4387 jam
3351 4334 3440 4371 re-

1861 4416 1988 4483 liqui
2033 4430 2047 4467 :
2089 4412 2230 4481 quod
2276 4412 2426 4464 alveo
2477 4410 2744 4477 quondam
2797 4409 2998 4477 eopiosi
3052 4409 3287 4460 fluminis
3341 4408 3433 4460 vix

1858 4507 2060 4564 arentis
2091 4514 2233 4576 gutta
2267 4504 2513 4558 fundatur
2540 4503 2756 4571 eloquii.
2791 4492 2988 4565 Taceo,
3023 4499 3160 4567 quod
3195 4498 3424 4566 tinguant

183 4587 492 4654 obsequium
525 4578 821 4638 rever'ent'a
848 4582 1105 4635 exhibens
1128 4590 1405 4645 consueta,
1432 4580 1753 4635 commendo

1865 4617 2017 4670 quam
2063 4615 2188 4653 usus
2236 4597 2487 4651 mobilem
2524 4594 2748 4656 fecerat,
2796 4592 2931 4646 alte‘r
2960 4605 3087 4643 usus
3120 4586 3388 4642 hebetavit
3420 4604 3432 4637 :

182 4680 522 4741 prmsentium
584 4675 899 4741 perlatorem
956 4674 1127 4742 ipsum
1171 4672 1613 4737 Consentinum,
1669 4674 1755 4726 cui

186 4766 492 4835 suffragum
523 4766 775 4818 honestas
804 4772 856 4818 et
889 4764 1057 4831 pudor
1082 4772 1160 4817 est
1189 4779 1201 4815 :
1228 4763 1311 4814 cui
1342 4762 1582 4830 quamvis
1603 4761 1753 4830 plura

184 4867 259 4921 per
296 4855 559 4911 affectum
598 4854 841 4915 debeam,
888 4851 1088 4921 majora
1137 4862 1312 4905 tamen
1354 4858 1571 4905 coactus
1601 4850 1754 4904 solvo

187 4958 258 5012 per
280 4946 433 5013 judic
462 4961 576 4998 um.

690 5035 1014 5090 EPISTOLA
1060 5022 1244 5090 x‘xnt.

629 5166 880 5205 ENNODIUS
919 5163 1306 5202 MARCELLIANO.

242 5245 387 5313 Apud
440 5250 694 5297 amantes
737 5252 789 5295 et
822 5241 1025 5294 honore
1068 5241 1330 5309 pollentes
1373 5241 1754 5296 beneficiorum

190 5333 385 5391 allectus
431 5336 488 5389 itt
536 5342 784 5403 promptu
829 5342 947 5386 est:
980 5347 1080 5387 nec
1127 5334 1211 5386 illa
1242 5348 1452 5404 preces,
1501 5334 1584 5387 eui
1617 5349 1753 5402 prm-

184 5484 185 5495 “
216 5556 223 5558 >
248 5491 263 5519 ‘
292 5492 576 5544 Ordinatus
603 5489 919 5542 asserebamr
944 5487 1209 5558 impulsor]
1239 5487 1535 5555 InSIigator,
1563 5488 1650 5556 qui
1677 5487 1755 5539 in-

133 5623 141 5630 _
190 5556 381 5613 sisteret
409 5572 467 5613 ut
501 5562 565 5630 lis
589 5559 790 5623 judicio
827 5556 1207 5630 decerneretur
1238 5575 1250 5619 ;
1286 5570 1341 5610 ιιι
1368 5568 1550 5611 contra
1577 5573 1751 5609 mora-

131 5628 314 5689 {tores
347 5631 489 5697 apud
521 5629 842 5683 Ciceronem
881 5629 930 5679 in
981 5628 1336 5689 Divinatione,
1370 5631 1752 5680 advocatorum

186 5711 354 5761 genus,
386 5705 477 5767 qui
506 5703 568 5752 ad
606 5714 810 5752 moram
846 5697 911 5749 fat
932 5698 1140 5751 icttdant
1170 5698 1578 5753 adhibebantur.

241 5816 256 5842 '
283 5813 701 5867 Ecc'esiasticam
741 5810 1095 5881 humilitatem,l
1136 5812 1231 5866 Ctti
1262 5812 1558 5866 rhetoricos
1592 5812 1748 5865 ﬂores

1858 4709 1977 4748 esse
2010 4708 2106 4761 pto
2135 4690 2381 4744 facundia
2407 4689 2697 4751 silentium,
2728 4684 3082 4754 abjcctionem
3116 4697 3143 4733 a
3186 4676 3339 4733 nobis
3360 4678 3441 4730 di-

1860 4781 1949 4850 ligi
1983 4796 2076 4846 pro
2102 4782 2387 4833 cothurno.
2425 4778 2500 4831 Ad
2533 4776 2658 4829 illud
2697 4775 2857 4828 redeo
2893 4791 2904 4825 :
2933 4772 3054 4839 quia
3088 4769 3215 4823 mihi
3245 4785 3347 4823 non
3382 4769 3442 4822 li-

1858 4874 1968 4924 cuit
1992 4871 2127 4923 iutra
2163 4868 2521 4922 verecundum
2549 4864 2822 4934 penetrale
2853 4860 3194 4925 delitescere,
3232 4875 3326 4913 nec
3351 4859 3444 4912 dc-

1857 4961 2115 5016 biliiatcm
2144 4961 2337 5030 ingenii
2363 4969 2541 5029 tegere
2568 4954 2942 5010 taciturnitatis
2971 4954 3314 5015 indumento;
3344 4952 3444 5003 hoc

1861 5052 1925 5106 ad
1956 5051 2319 5105 defensionem
2350 5050 2630 5116 integram,
2660 5043 2797 5113 quod
2826 5043 3058 5111 prtctuli,
3089 5043 3437 5110 computabo.

1863 5143 1968 5198 Sed
1996 5157 2177 5197 amore
2213 5150 2525 5209 provocatus
2557 5135 2872 5205 epistulares
2901 5136 3158 5189 terminos
3202 5130 3438 5187 inconsi-

1861 5235 2042 5289 derata
2072 5235 2390 5303 loquacitate
2423 5228 2751 5283 transcendi.
2784 5226 2935 5293 Vale,
2965 5229 3034 5281 uti
3071 5228 3287 5282 domine
3314 5246 3324 5280 :
3352 5227 3436 5279 cui

1865 5331 2121 5379 honorem
2162 5323 2420 5380 exhibens
2454 5321 2751 5386 salutantis,
2799 5320 3034 5389 probabo
3066 5319 3191 5390 quid
3215 5319 3279 5372 de
3320 5317 3437 5395 cpi-

1864 5472 1914 5516 et
1970 5462 2236 5515 schemata
2284 5458 2501 5511 minime
2546 5457 2833 5530 convenire
2869 5456 3198 5530 judicabant.
3226 5451 3360 5530 _Lih.
3390 5463 3430 5508 ι.

1862 5534 2015 5595 epist.
2055 5531 2118 5583 16
2150 5532 2212 5581 ad
2250 5530 2549 5581 Florianum
2572 5547 2581 5580 :
2606 5523 2925 5581 liltetort'rant
2955 5528 3006 5577 in
3031 5540 3105 5575 me
3126 5523 3302 5595 dixisti
3324 5535 3434 5572 esse

1861 5589 2128 5655 versutiam
2156 5618 2167 5653 :
2193 5615 2307 5651 cum
2331 5600 2417 5650 diu
2443 5602 2505 5651 sit
2528 5601 2662 5659 quod
2686 5597 2966 5651 oratorium
2991 5596 3189 5645 schema
3218 5589 3433 5669 affectus

1861 5674 2103 5724 orationis
2125 5687 2154 5721 α
2187 5685 2264 5721 me
2300 5670 2603 5728 absciderit;
2634 5682 2679 5719 ct
2721 5681 2962 5733 nequeam
2995 5662 3229 5731 occupari
3260 5661 3434 5721 unbo-

1857 5759 1968 5791 ruut
2000 5741 2227 5807 ﬂatibus,
2254 5755 2399 5807 quem
2423 5740 2488 5791 nd
2519 5739 2732 5809 gemitus
2761 5745 2805 5786 ct
2839 5749 3012 5800 preces
3042 5743 3208 5784 crocat
3236 5735 3434 5785 clamor

1861 5828 2003 5862 Oﬂlt‘ll
2014 5852 2024 5862 .
