4146 6260
658 366 722 431 07
1792 352 2063 411 ENNODII
2097 345 2395 404 EPISCOI’I
2438 342 2813 400 'I'ICINENSIS
3851 333 3923 387 6.3

657 480 791 534 stola
834 491 950 532 mea
997 475 1221 539 sentias,
1268 478 1359 525 aut
1397 466 1758 523 taciturnitate
1804 472 1895 516 aut
1938 444 2230 531 scriptione
2262 460 2306 517 Α
2341 467 2484 519 tum,
2518 464 2574 508 ut
2604 468 2701 507 nec
2730 448 3003 506 benefacta
3048 448 3282 516 ipsorum
3308 445 3449 515 justa
3481 444 3924 539 interpretatione

659 567 958 635 multiplici.

1165 646 1494 706 EPISTOLA
1534 645 1700 700 XXV.

1160 756 1413 797 ENNODIUS
1454 754 1733 794 EUGENETI.

710 839 780 897 .In
818 837 1046 892 stazione
1084 834 1223 903 apud
1254 847 1347 886 vos
1381 846 1486 886 non
1522 843 1643 885 esse
1672 829 1895 898 gratiam
1921 834 2115 894 potest,
2143 824 2233 893 qui

655 928 757 987 tide
786 925 1008 981 claudus
1042 933 1144 990 est,
1189 921 1457 976 aestimare
1485 936 1498 973 :
1533 920 1654 973 volo
1683 929 1859 971 tamen
1894 915 1959 968 ad
2004 915 2232 983 diligen-

656 1021 739 1071 tia;
780 1016 1142 1071 testimonium
1184 1013 1454 1082 prorogari
1492 1010 1847 1078 frequentiam
1892 1007 2187 1060 litterarum
2220 1019 2234 1056 :

653 1122 720 1159 ne
750 1108 960 1160 animus
991 1105 1057 1159 de
1096 1103 1328 1157 amantis
1377 1102 1729 1168 prosperitate
1776 1098 2057 1161 sollicitus,
2109 1095 2237 1149 dum

654 1194 797 1247 salus
852 1195 903 1246 in
950 1192 1257 1247 valetudine
1312 1200 1418 1255 est,
1477 1188 1875 1256 suspicionibus
1926 1186 2233 1241 ventiletur.

655 1287 793 1349 Ecce
830 1287 1014 1350 habes,
1063 1284 1134 1337 mi
1161 1282 1396 1344 domine,
1429 1280 1576 1334 unde
1621 1280 1965 1332 serenitatem
2008 1278 2239 1345 pectoris

656 1379 757 1432 mei
789 1394 852 1432 ex
880 1376 1133 1432 desiderii
1166 1373 1470 1441 proditione
1501 1385 1817 1439 cognoscas.
1846 1370 2046 1423 Adesto
2068 1370 2238 1437 parti-

656 1468 754 1520 bus
783 1471 905 1531 tuis,
935 1477 987 1520 et
1015 1467 1153 1518 sicut
1198 1478 1282 1516 me
1310 1462 1578 1530 irnpctrati
1613 1460 1854 1513 muneris
1888 1461 2237 1528 praemgativa

657 1557 930 1619 sublimat,
978 1553 1049 1607 ita
1088 1566 1181 1606 vos
1224 1550 1449 1604 exhibiti
1497 1548 1669 1617 gratia
1706 1547 1974 1601 sermonis
2013 1546 2235 1600 attollat.

659 1645 799 1713 Ergo
836 1647 1062 1698 salutem
1102 1642 1406 1697 debendum
1448 1641 1756 1703 restituens,
1806 1654 1994 1706 precor
2026 1637 2237 1705 utquid

659 1742 973 1804 promoveat
1002 1735 1054 1786 in
1084 1748 1169 1786 me
1195 1730 1520 1786 desiderium
1555 1738 1724 1793 tuum,
1748 1728 1846 1781 sub
1872 1727 2239 1795 cujuscunque

661 1821 1063 1894 signiﬁcationis
1096 1820 1236 1873 nube
1266 1817 1552 1871 dilucides.
1588 1816 1734 1871 Vale.

1169 1908 1501 1965 EPISTULA
1540 1906 1731 1961 XXVI.

1188 2015 1441 2057 ENNODIUS
1482 2015 1692 2055 AV'IENO.
2234 2050 2237 2053 λ

733 2096 897 2149 Adest
950 2094 1259 2164 magnitudo
1310 2103 1396 2146 tua
1444 2090 1684 2160 partibus
1722 2090 1857 2153 suis,
1908 2096 1965 2143 et
2008 2090 2238 2144 asseruit

659 2186 1001 2255 splendorem
1050 2184 1324 2254 sanguinis
1372 2179 1680 2236 testimonio
1721 2179 1986 2247 puritatis.
2028 2177 2235 2232 Carita-

661 2288 767 2331 tem
796 2277 1040 2331 nesciunt
1071 2274 1153 2344 pia
1174 2273 1335 2328 corda
1360 2272 1613 2327 deserere
1640 2287 1655 2336 ;
1686 2270 1989 2339 religiosam
2014 2268 2238 2340 diligen-

616 2346 621 2349 ἦ
666 2366 794 2418 tiam
825 2380 973 2418 meus
1004 2377 1261 2433 generosa
1301 2360 1553 2414 custodit.
1586 2361 1807 2413 Gemina
1836 2373 1962 2429 ergo
1989 2358 2105 2413 luce
2131 2357 2237 2411 ful-

660 2457 836 2527 gentia
884 2456 1081 2524 scripta
1125 2453 1360 2521 suscepi,
1400 2453 1526 2506 dum
1571 2452 1712 2520 quod
1762 2460 1946 2521 pectus
1994 2460 2238 2506 sanctum

661 2548 880 2617 reperit,
925 2548 1145 2602 dextera
1192 2560 1386 2602 serena
1426 2546 1678 2613 signavit.
1731 2546 1893 2599 Deum
1925 2559 2139 2614 precor,
2185 2552 2243 2597 ut

663 2642 801 2709 piam
834 2622 885 2695 in
916 2640 1067 2695 vob's
1097 2639 1354 2704 indolem,
1387 2638 1432 2691 si
1461 2638 1681 2692 Romam
1705 2636 1897 2706 diligit,
1921 2638 2020 2690 sub
2048 2650 2243 2704 peren-

663 2735 827 2799 nitatc
858 2741 1141 2788 conservet
1176 2747 1190 2795 ;
1220 2740 1273 2785 et
1309 2728 1615 2800 huiusmodi
1654 2728 1797 2782 circa
1827 2741 1912 2782 me
1942 2726 2113 2781 studia
2141 2724 2242 2781 sub

663 2844 723 2881 ea
746 2843 845 2897 qua
881 2826 1196 2897 promisistis
1234 2840 1360 2878 cura
1401 2823 1743 2891 niultiplicet.

722 2904 727 2909 ’
1153 2917 1481 2971 EPISTULA
1524 2914 1738 2969 xxvu.

722 3070 723 3073 η
1194 3023 1449 3063 εηκοωυε
1488 3022 1703 3061 ΑγιεΝο.

658 3106 663 3109 ‘
718 3099 925 3165 Nescio
955 3108 1131 3155 utrum
1173 3096 1525 3166 magnitudini
1553 3105 1750 3153 vestrae
1791 3104 1941 3167 grata
1977 3096 2087 3151 sint
2122 3110 2241 3152 cre-

2339 561 2624 617 peasares;
2660 559 2758 598 nec
2788 556 3039 597 excessus
3064 540 3239 595 debita
3270 548 3473 592 tantum
3498 535 3921 605 reprehensione

2336 640 2658 707 corriperes.
2691 636 2796 690 Sed
2822 633 2948 703 quid
2980 648 3113 702 opus
3142 640 3224 686 est
3266 630 3465 684 doloris
3490 629 3770 697 epistolam
3806 628 3921 681 fieri

2337 726 2675 797 longiorem?
2717 724 2987 793 ingenium
3031 731 3268 775 vestrum
3300 720 3442 773 nulla
3483 717 3681 787 eloquii
3728 719 3925 785 poterit

2339 827 2547 873 mutare
2575 816 2866 870 afﬂuentia.
2900 812 3050 880 Quod
3083 820 3281 876 restat,
3314 810 3454 877 vale,
3487 810 3556 863 mi
3596 808 3837 873 domina,
3864 820 3921 863 et

2337 916 2498 977 prout
2527 905 2773 975 expedit,
2813 904 3055 958 ordinem
3080 903 3200 981 vita:
3234 900 3502 968 animique
3531 914 3813 969 compone.
3842 900 3924 953 Me

2341 1009 2518 1053 tamen
2541 997 2795 1067 Lupicino
2812 996 3040 1061 noveris,
3061 1010 3164 1050 non
3183 993 3321 1063 quod
3345 993 3436 1048 tibi
3459 993 3651 1061 debeo,
3671 993 3762 1047 sed
3780 993 3922 1063 quod

2339 1088 2531 1143 animae
2563 1104 2694 1141 mea:
2720 1088 3002 1140 conveniat
3028 1127 3043 1151 ,
3084 1086 3485 1153 impensurum;
3515 1085 3636 1153 quia
3669 1083 3782 1137 sola
3810 1094 3921 1147 est,

2340 1196 2459 1248 qua:
2488 1179 2742 1246 majorem
2774 1193 2801 1230 a
2832 1178 2940 1232 Deo
2968 1176 3375 1230 retributionem
3407 1182 3661 1239 meretur,
3689 1174 3921 1239 alfectio,

2342 1286 2461 1325 cuni
2495 1271 2653 1325 nullis
2702 1269 2973 1323 hominum
3006 1269 3220 1323 dotibus
3254 1278 3533 1335 provocata
3562 1267 3921 1323 concreditur.

2855 1361 3184 1417 EPISTULA
3222 1359 3414 1414 XXIX.

2492 1524 2495 1527 γ
2849 1466 3103 1507 ENNODIUS
3141 1466 3423 1505 noceam.

2412 1545 2670 1609 Quotiens
2713 1558 2966 1599 sensuum
3015 1542 3321 1613 pignoribus
3368 1540 3527 1593 verba
3577 1539 3924 1608 famulantur,

2343 1639 2491 1711 quasi
2538 1638 2589 1691 in
2630 1637 2856 1706 quodam
2890 1635 3141 1705 speculo,
3175 1635 3244 1688 ita
3275 1635 3325 1687 in
3358 1632 3566 1703 paginis
3613 1647 3793 1688 sermo
3823 1634 3925 1687 sibi

2343 1726 2566 1781 amicam
2593 1728 2759 1795 pingit
2784 1725 3035 1795 effigiem,
3069 1740 3190 1778 cum
3221 1737 3321 1792 qua
3355 1722 3473 1776 viva
3507 1737 3635 1776 voce
3661 1722 3925 1791 colloqui-

2268 1815 2313 1873 B
2343 1826 2447 1881 tur,
2478 1829 2530 1871 et
2552 1818 2690 1871 dulci
2722 1817 3006 1870 simulacro
3032 1814 3313 1871 desideriis
3339 1813 3667 1881 obsequente
3690 1814 3925 1883 gratula-

2340 1920 2446 1965 tur.
2478 1910 2629 1964 Nulla
2659 1910 2871 1979 quidem
2913 1919 3227 1977 conceptum
3264 1906 3505 1962 foederati
3546 1906 3777 1974 pectoris
3810 1908 3927 1961 elo-

2339 2006 2519 2072 quitur
2556 2005 2665 2058 oris
2711 2003 2980 2057 afﬂuentia
3017 2020 3029 2055 :
3064 2012 3117 2055 et
3161 2016 3280 2055 cum
3328 2000 3437 2053 siut
3483 1998 3717 2053 faciliora
3767 2000 3924 2056 verba

2340 2095 2641 2159 beneficiis,
2676 2110 2775 2149 nec
2804 2094 2998 2149 existat
3027 2092 3167 2161 quod
3197 2105 3442 2145 crescere
3488 2098 3716 2158 nequeat
3751 2092 3927 2144 ambi-

2342 2189 2485 2241 tione
2515 2186 2757 2250 dicendi;
2789 2201 2888 2255 ego
2921 2188 2972 2239 in
3002 2184 3314 2253 explicanda
3345 2184 3484 2237 circa
3514 2196 3609 2235 vos
3644 2182 3924 2252 diligentia

2341 2286 2578 2330 arentem
2622 2286 2785 2329 testor
2816 2276 3113 2328 infantiam.
3160 2272 3577 2329 Unanimitatem
3625 2282 3802 2327 tamen
3835 2289 3924 2327 ve-

2341 2376 2507 2419 stram
2541 2364 2916 2420 taciturnitatis
2948 2364 3178 2429 incesso,
3223 2363 3363 2432 quod
3392 2363 3603 2434 gemina
3637 2363 3925 2431 scriptione

2343 2456 2572 2509 donatus
2599 2456 2727 2508 nihil
2758 2454 2824 2508 de
2843 2454 3039 2510 vicaria
3072 2454 3326 2508 relatione
3360 2453 3625 2522 cogitaSIi.
3661 2453 3799 2509 Ecce
3826 2455 3926 2509 ite-

2343 2562 2458 2599 rum
2492 2548 2705 2616 paginas
2734 2547 2916 2613 mitto,
2957 2546 3130 2599 sciens
3162 2543 3427 2607 tribuere,
3461 2542 3599 2610 quod
3644 2555 3919 2612 exspecto.

2349 2639 2475 2692 Vale
2498 2679 2512 2702 ,
2556 2639 2627 2694 mi
2666 2638 2880 2693 domine
2900 2682 2915 2705 ,
2945 2648 3000 2691 et
3029 2644 3294 2690 amantem
3329 2637 3403 2689 tui
3435 2636 3709 2704 alloqucre
3755 2638 3951 2715 nitore.

2326 2742 2450 2799 ‘quo
2476 2730 2651 2784 clarus
2675 2744 2757 2796 es,
2791 2729 2909 2783 fove
2934 2727 3237 2794 integritate
3266 2742 3366 2796 qua
3401 2729 3675 2797 przevales.

2862 2817 3190 2873 EPISTOLA
3232 2816 3325 2870 XX
3339 2816 3375 2869 Χ
3388 2859 3400 2873 .

2880 2924 3134 2963 εκκοιῖιυε
3169 2924 3383 2963 ινιεκο.

2419 3001 2580 3056 Miror
2602 3000 2734 3053 favis
2757 3000 3136 3068 magnitudinis
3160 3009 3262 3054 tum
3285 2998 3567 3069 injucunda
3591 3000 3849 3069 copulari,
3874 3013 3925 3055 et

2348 3093 2689 3147 serenitatem
2727 3092 3067 3146 conscientia:
3091 3092 3373 3145 verborum
3407 3091 3716 3147 austeritate
3744 3107 3915 3147 macu-

664 3193 759 3245 bra
781 3192 1044 3261 colfoquia
1077 3209 1091 3242 :
1123 3206 1222 3259 ego
1253 3201 1429 3244 tamen
1464 3205 1677 3258 semper
1707 3189 1847 3258 quod
1893 3202 2145 3259 exspecto
2176 3192 2237 3246 ab

2350 3186 2531 3250 latam,
2559 3183 2682 3238 dum
2704 3184 2891 3238 scribis
2913 3183 3177 3251 imperare
3201 3197 3285 3236 me
3308 3183 3481 3251 potius
3507 3184 3744 3251 paginas,
3766 3199 3926 3251 quam

662 3285 983 3349 amantibus,
1009 3281 1293 3335 exhibebo.
1324 3282 1506 3334 Patior
1533 3281 1652 3335 aliis
1682 3280 1825 3335 aliud
1854 3296 1975 3336 esse
1998 3284 2243 3351 proposi-

664 3383 773 3427 tum
806 3391 819 3425 :
854 3372 980 3426 mihi
1005 3386 1124 3426 meo
1150 3370 1432 3425 vivendum
1458 3383 1538 3425 est
1562 3386 1733 3439 more,
1761 3380 1819 3424 ut
1846 3374 2043 3427 amoris
2068 3375 2239 3441 pleni-

666 3466 793 3519 tudo
825 3474 1092 3521 reseretur
1118 3463 1268 3517 clave
1290 3463 1577 3516 sermonis.
1612 3464 1722 3532 Ego
1758 3464 1810 3517 in
1838 3462 2122 3519 allectione
2153 3480 2238 3519 ca-

664 3556 855 3609 i-insani
906 3555 1199 3622 subrepere
1242 3553 1657 3607 taciturnitatem
1702 3568 1800 3607 usu
1848 3554 2083 3622 fugiente
2133 3571 2238 3609 non

663 3644 893 3709 perfero.
928 3642 1073 3697 Nunc
1103 3643 1149 3696 si
1178 3642 1397 3696 culmini
1431 3651 1520 3695 tuo
1545 3657 1640 3711 par
1668 3656 1796 3695 cura
1830 3652 1935 3707 est,
1969 3654 2237 3699 monstre-

663 3726 746 3789 tur
771 3734 1083 3788 assiduitate
1108 3733 1357 3801 colloquii
1396 3751 1407 3784 :
1446 3743 1681 3802 patescat
1713 3733 2006 3802 frequentia
2039 3736 2239 3789 littera-

636 3841 799 3877 rum.
847 3824 939 3879 Sin
986 3824 1107 3877 aliis
1164 3823 1423 3876 hactenus
1473 3832 1875 3892 prmocciipatus
1928 3825 2138 3890 studiis,
2187 3827 2237 3882 in

662 3930 833 3969 meam
875 3915 1033 3969 modo
1076 3916 1414 3968 COﬂCCsSCI‘IS
1452 3914 1726 3983 diligentia
1773 3915 2071 3984 imperante
2116 3934 2240 3973 sen-

658 4007 913 4070 tentiam;
942 4014 1194 4085 quantum
1224 4003 1290 4057 de
1314 4015 1405 4057 tuo
1432 4004 1553 4073 jure
1575 4005 1909 4069 submiseris,
1943 4016 2142 4061 tantum
2173 4011 2240 4064 de

661 4099 799 4152 meis
832 4097 1101 4165 obsequiis
1130 4096 1446 4164 possidebis.
1491 4095 1629 4164 Ergo
1658 4096 1798 4161 vale,
1832 4098 1899 4149 nii
1925 4098 2159 4165 domine,
2188 4110 2243 4156 et

661 4188 1037 4243 munusculum
1076 4187 1311 4256 suscipe,
1348 4202 1449 4240 non
1493 4186 1698 4243 vilitate
1735 4188 1838 4255 sui,
1881 4190 1973 4244 sed
2003 4199 2237 4247 laxatum

667 4282 841 4351 pretio
867 4280 1212 4336 destinantis.

1152 4368 1475 4423 EPISTULA
1521 4369 1752 4424 XXVIII.

1152 4475 1301 4513 ENNO.
1323 4476 1405 4514 IUS
1446 4476 1739 4514 EUPREPIJE.

2344 3278 2614 3347 diligentia
2646 3278 2914 3331 exactrice
2935 3274 3229 3345 promereri
3256 3292 3267 3326 :
3298 3285 3492 3345 putans
3516 3274 3531 3304 ¹
3564 3275 3725 3328 ullum
3756 3290 3924 3343 genus

2343 3369 2648 3425 dominandi
2676 3385 2799 3425 esse
2821 3368 3100 3424 sublimius
3120 3408 3135 3435 ,
3164 3384 3322 3436 quam
3358 3368 3484 3422 illud
3505 3409 3523 3434 ,
3571 3369 3709 3438 quod
3753 3372 3923 3423 amori

2345 3475 2439 3512 n-is
2469 3461 2700 3527 subjicit.
2733 3460 2885 3514 Nulla
2916 3468 3070 3525 sunt,
3113 3460 3307 3514 domne
3348 3459 3579 3522 Aviene,
3614 3460 3847 3514 culmina
3894 3477 3922 3513 a

2338 3548 2467 3621 jugo
2491 3551 2731 3605 caritatis
2767 3550 3023 3605 immunia
3057 3568 3072 3604 :
3105 3552 3361 3622 quidquid
3404 3554 3458 3607 in
3494 3554 3625 3608 orbe
3661 3553 3923 3607 libertatis

2343 3653 2448 3705 esu
2482 3642 2571 3695 tali
2599 3658 2704 3695 nou
2735 3643 3064 3697 subtrahitur
3091 3644 3353 3697 servituti.
3386 3644 3523 3699 Ecce
3548 3660 3647 3715 ego
3678 3646 3795 3698 loco
3824 3645 3921 3699 liii-

2342 3731 2503 3789 mitis.
2538 3732 2745 3800 ignotus
2774 3732 3089 3797 honoribus,
3122 3732 3315 3786 vestris
3345 3734 3576 3789 fascibus
3605 3734 3919 3803 sicjnbelio,

2342 3822 2491 3891 parili
2537 3831 2818 3877 contentus
2864 3824 3051 3878 ordine
3112 3816 3411 3893 subjacére.
3463 3825 3611 3880 Nunc
3658 3826 3809 3890 vale,
3860 3837 3916 3879 et

2339 3924 2593 3983 quantum
2624 3915 2779 3968 tribui
2808 3915 2902 3969 tibi
2922 3917 3177 3979 senseris,
3204 3924 3405 3969 tantum
3432 3916 3581 3982 mihi,
3615 3918 3751 3973 sicut
3784 3919 3915 3972 lide-

2340 4006 2405 4061 lis
2431 4007 2724 4073 restitutor,
2757 4005 3057 4061 atl‘ectiouis
3087 4007 3356 4073 impende.

2844 4097 3173 4153 EPISTULA
3213 4097 3403 4152 XXXI.

2866 4202 3124 4243 ENNODIUS
3162 4204 3377 4241 AVIENO.

2410 4280 2662 4346 Quamvis
2692 4279 3037 4349 epistularum
3062 4280 3289 4348 qualitas
3318 4295 3412 4349 pro
3444 4280 3667 4349 ingeniis
3696 4296 3920 4351 compo—

2342 4382 2518 4438 natur,
2546 4381 2600 4425 et
2628 4384 2775 4440 smpc
2817 4371 3141 4425 solemnitati
3183 4371 3403 4435 militet,
3436 4387 3810 4440 nonnunquam
3841 4376 3922 4426 af-

2344 4462 2583 4517 fet-tionis
2616 4470 2837 4517 testetur
2863 4462 3056 4516 indicia
3083 4479 3094 4514 :
3129 4476 3261 4530 quas
3290 4463 3574 4532 aliquando
3618 4462 3778 4515 dictat
3809 4464 3921 4516 sin-

732 4552 995 4621 Quamvis
1046 4552 1287 4607 caritatis
1352 4563 1544 4605 vestra:
1613 4553 1853 4622 paginam
1910 4555 2238 4611 solemnibus
2265 4522 2319 4583 D
2344 4553 2537 4606 ceritas
2564 4570 2577 4607 :
2605 4553 2908 4622 plerumque
2931 4551 3031 4606 fuci
3051 4551 3240 4606 similis
3262 4552 3629 4617 conciunatio;
3654 4568 3771 4622 qum
3792 4568 3925 4607 can-

662 4653 865 4697 tantum
896 4642 1090 4697 muniis
1121 4642 1450 4709 accepissem
1483 4642 1824 4706 obsecutam,
1858 4658 1953 4699 nec
1996 4645 2237 4711 aII'ectui,

665 4750 763 4788 nec
794 4732 1177 4787 necessitudini
1207 4740 1587 4799 congruentem
1619 4748 1631 4783 :
1665 4746 1751 4787 res
1780 4740 1956 4789 tamen
2001 4737 2238 4803 postula-

665 4824 763 4881 vit.
791 4838 877 4875 me
914 4822 1131 4875 vicariis
1162 4836 1257 4889 per
1285 4821 1408 4892 styli
1435 4821 1833 4878 similitudinem
1869 4826 2238 4895 peregrinante

662 4910 943 4979 diligentia
992 4911 1320 4979 respondere
1361 4911 1690 4981 colloquiis:
1724 4929 1791 4967 ne
1832 4914 2083 4970 subtracti
2125 4933 2236 4972 ser-

666 4998 840 5053 monis
862 4998 1097 5052 officium
1121 5014 1224 5053 non
1250 5010 1477 5054 vestram
1503 5002 1628 5055 milii
1655 5002 1949 5059 innotuisse
1968 5010 2235 5071 astutiam,

664 5087 759 5142 sed
786 5095 1023 5141 nostram
1046 5090 1310 5145 revelaret
1337 5091 1637 5145 infantiam.
1671 5092 1827 5159 Nolo,
1855 5110 2006 5150 soror
2036 5097 2236 5164 Eupra-

667 5180 781 5246 pia,
830 5179 1114 5249 quidquam
1160 5181 1226 5235 de
1276 5184 1671 5251 provinciarum
1733 5186 1919 5250 malis,
1969 5188 2050 5243 vel
2101 5191 2239 5245 sicut

665 5272 873 5340 dixisti,
920 5271 1196 5327 hominum
1241 5275 1574 5331 immissione
1616 5281 1872 5333 causeris.
1913 5280 2237 5350 Quocunqnc

665 5362 1012 5428 abscesseris,
1041 5374 1294 5431 quantum
1326 5380 1411 5419 res
1435 5367 1612 5432 docet,
1635 5379 1866 5425 mentem
1891 5372 2027 5426 male
2046 5372 2236 5426 credu-

667 5456 772 5510 lam
806 5470 911 5510 non
952 5454 1195 5510 omittis:
1228 5455 1355 5510 vitia
1399 5467 1576 5511 nostra
1628 5463 1900 5528 regionum
1947 5465 2239 5517 mutatione

666 5560 769 5600 nou
797 5547 1039 5616 fugimus.
1072 5544 1223 5601 Circa
1249 5547 1572 5619 propinquos
1601 5550 1694 5604 tibi
1731 5552 1825 5606 fuit
1858 5554 1963 5609 tale
1990 5555 2231 5624 proposi-

741 5722 755 5749 ¹
792 5720 985 5793 Ullum]
1017 5726 1093 5777 An
1124 5725 1316 5778 nullum
1350 5728 1371 5776 ?

2346 4632 2532 4699 tinem
2579 4643 2861 4714 imaginata
2891 4644 3211 4712 diligentiae,
3258 4643 3555 4699 urbanitate
3591 4661 3691 4713 qua
3726 4646 3921 4714 tegitur

2344 4736 2655 4803 inuotescit,
2688 4734 2813 4789 dum
2862 4734 3130 4789 fabricatis
3176 4734 3371 4788 nudata
3418 4735 3739 4803 tegminibus
3781 4738 3920 4788 intra

2342 4828 2581 4882 velamen
2632 4829 2888 4897 aperitur.
2940 4827 3049 4895 Ego
3095 4834 3269 4879 tamen
3313 4825 3365 4879 in
3408 4826 3610 4894 paginis
3639 4827 3918 4896 speculum

2343 4928 2468 4985 puto
2490 4933 2607 4972 esse
2636 4918 2999 4981 conscientiaz,
3025 4932 3115 4986 per
3139 4932 3271 4987 quas
3294 4918 3577 4972 amicitiam
3608 4917 3919 4973 discernere

2341 5010 2578 5065 absentia
2610 5010 2690 5064 vix
2742 5012 3037 5080 praesumit.
3070 5011 3283 5065 Clarum
3330 5020 3412 5065 est
3453 4994 3656 5079 tamen,
3704 5012 3831 5079 quid
3864 5014 3920 5066 in

2341 5100 2445 5152 illis
2490 5101 2749 5168 simplex,
2801 5101 2926 5168 quid
2975 5101 3168 5154 artifex
3216 5116 3395 5155 sermo
3438 5102 3663 5156 deferat.
3712 5102 3924 5157 Scindit

2342 5189 2511 5243 nubes
2537 5190 2728 5256 eloquii
2762 5205 2912 5243 mens
2938 5190 3241 5246 dictationis
3272 5192 3534 5261 interpres
3563 5194 3715 5247 :‘cito
3742 5194 3809 5247 ad
3839 5194 3923 5246 iu-

2342 5280 2609 5333 tellectum
2642 5278 2881 5346 pervenit
2911 5279 3128 5335 falcibus
3159 5283 3269 5335 suis
3295 5283 3578 5337 verborum
3612 5284 3747 5337 calle
3774 5299 3924 5336 rese-

2344 5380 2477 5422 rato.
2505 5368 2643 5437 Ergo
2670 5369 2753 5423 his
2784 5370 2935 5424 valde
2960 5372 3198 5426 delector
3226 5373 3417 5427 officiis
3448 5374 3639 5442 quibus
3671 5373 3924 5443 panditur

2341 5461 2649 5527 sinceritas,
2682 5477 2781 5516 nec
2808 5464 3018 5517 occasio
3057 5479 3114 5519 se
3145 5465 3415 5519 interserit
3444 5481 3632 5520 secura
3675 5465 3919 5519 fallendi.

2343 5552 2559 5607 Gaudeo
2598 5562 2773 5608 tamen
2804 5554 2931 5607 mihi
2966 5556 3047 5609 vel
3073 5570 3260 5610 clusas
3286 5555 3555 5611 scribendi
3584 5597 3596 5619 ,
3628 5556 3709 5608 vel
3742 5556 3923 5623 perla-

2342 5653 2484 5695 tores
2511 5643 2791 5697 acciderc:
2826 5654 2882 5696 ut
2925 5646 3023 5697 sub
3054 5646 3150 5699 hac
3193 5646 3485 5715 frequentia
3518 5660 3637 5701 meo
3668 5656 3791 5698 voto
3834 5662 3923 5699 sa-

2342 5732 2597 5787 tisfaciam
2620 5776 2634 5799 ,
2664 5743 2715 5789 et
2748 5736 3001 5804 pudorem
3033 5748 3264 5792 vestrum
3294 5753 3541 5803 onerent,
3575 5740 3624 5793 ni
3659 5740 3673 5793 i
3702 5755 3729 5793 a
3764 5742 3921 5794 vobis
