4146 6260
275 338 345 394 69
1526 346 2011 409 ΕριετοιΑῐιιιιι
2041 354 2167 410 LIB.
2211 356 2298 410 iV.
3462 376 3529 430 7o

238 522 245 529 ι
270 459 518 520 suscepta
548 452 856 509 reddantur.
886 455 1065 519 Salve,
1094 458 1310 514 domine
1329 504 1342 521 ,
1376 471 1428 516 et
1458 462 1507 515 in
1531 466 1849 519 sententiam
1878 474 1925 528 Α
1956 480 2140 523 serunt
2181 473 2444 541 lacrymas
2472 475 2875 533 submissoruin.
2904 481 3007 536 Sed
3035 483 3157 539 hinc
3193 486 3325 542 alias
3350 505 3363 542 :
3403 505 3522 544 cuni

270 557 443 597 meam
472 543 668 598 afl'ecm
698 546 992 613 imperante
1019 552 1273 603 concede.
1312 551 1454 606 Vale.

759 635 1090 692 EPISTOLA
1134 639 1347 695 XXXII.

798 742 1053 782 ENNODIUS
1091 745 1317 786 ΡΑςεινο.

331 814 393 875 Si
425 814 492 868 ad
519 815 914 885 exsequendain
942 818 1216 874 sufﬁceret
1253 834 1430 875 sermo
1457 822 1731 877 caritatem
1751 865 1765 884 ,
1797 825 1844 879 si

266 913 432 958 totum
467 904 689 957 infantia
721 906 1034 973 explanaret
1064 908 1341 975 affectum;
1373 911 1457 964 cui
1490 913 1654 980 magis
1684 928 1842 983 quam

265 994 415 1049 vobis
451 995 764 1063 paginarum
814 995 1165 1065 frequentiam
1206 1000 1613 1067 praestaremus?
1655 1012 1709 1057 et
1741 1004 1840 1059 nisi

263 1101 495 1145 arciaret
516 1092 765 1144 meritum
788 1092 1038 1159 pectoris,
1065 1093 1191 1148 nulli
1214 1094 1423 1163 dignius
1446 1096 1701 1151 militaret
1729 1113 1843 1152 ser-

260 1180 431 1235 monis
454 1180 719 1235 ofﬁcium.
751 1182 853 1235 Alii
893 1182 1141 1237 allectum
1178 1200 1332 1252 quem
1360 1194 1534 1239 mente
1562 1189 1837 1251 nesciunt,

256 1288 351 1328 ore
400 1281 686 1335 testantur,
734 1283 788 1327 et
835 1274 1055 1342 pingunt
1101 1274 1430 1330 illecebrosis
1486 1276 1833 1345 epistolarum

257 1373 527 1415 momenta
559 1362 934 1428 commerciis,
973 1364 1187 1431 quando
1234 1364 1435 1420 feriatis
1476 1367 1837 1434 penetralibus

253 1467 403 1506 amor
434 1462 578 1507 totus
603 1452 657 1505 iti
693 1453 867 1521 lingua
897 1462 998 1516 est,
1031 1468 1129 1508 nec
1157 1455 1301 1508 aliud
1332 1456 1398 1509 ad
1433 1457 1685 1511 interiora
1711 1471 1833 1526 per-

252 1542 490 1608 ducitur,
541 1542 640 1596 nisi
682 1553 936 1611 quantum
983 1545 1035 1597 in
1083 1546 1377 1613 scriptione
1419 1548 1713 1601 coiifertur.
1764 1548 1834 1602 At

248 1648 403 1687 meus
428 1648 553 1701 erga
578 1647 670 1687 vos
693 1634 922 1701 animus,
953 1635 1151 1703 eloquii
1186 1650 1401 1700 pressus
1424 1638 1614 1702 macie,
1648 1638 1829 1692 amici-

252 1724 342 1776 tiae
372 1722 613 1778 ubertate
636 1724 925 1777 conticuit.
948 1723 1123 1779 Metuo
1150 1725 1313 1790 enim,
1342 1741 1408 1779 ne
1431 1728 1613 1795 gratia:
1642 1727 1823 1781 termi-

1956 560 2273 625 perlatorem
2300 562 2560 629 videritis,
2590 576 2767 619 votum
2795 568 3045 625 dictantis
3072 579 3386 641 agnoscetis.
3416 579 3525 633 Uti-

1952 663 2075 701 nam
2104 650 2197 703 illo
2226 652 2363 718 apud
2409 655 2826 720 magnitudinem
2864 670 3090 715 vestram
3121 664 3525 732 supplicationis

1948 750 2141 791 eventu
2182 742 2455 808 allegando
2486 746 2759 811 conciliet,
2801 764 2904 816 quo
2933 766 2962 803 a
3006 768 3089 807 nte
3121 753 3323 810 litteras
3353 757 3520 826 impe-

1948 830 2124 883 travit.
2153 831 2427 887 Mulierem
2452 836 2787 905 religiosam,
2823 856 3137 909 pauperem,
3168 846 3233 915 de
3259 847 3398 902 bono
3429 865 3522 905 ne-

1946 918 2091 986 gotio
2136 933 2546 988 praisumentem
2588 941 2765 982 sermo
2794 931 3043 998 prtefatus
3077 916 3347 990 insinuat:
3382 942 3521 993 testi.

1944 1020 2085 1063 mate
2109 1010 2151 1062 si
2181 1009 2474 1079 fragilitati,
2494 1015 2773 1083 siju~titiaa
2803 1033 2887 1087 apt
2912 1022 3040 1074 rtuit
3065 1024 3222 1076 verba
3251 1025 3471 1082 subduci
3501 1044 3514 1081 :

1944 1100 1987 1150 si
2014 1100 2270 1154 convenit
2296 1117 2380 1155 me
2410 1103 2492 1156 vel
2522 1104 2699 1159 ofﬁcio
2727 1106 2915 1163 deesse
2934 1150 2948 1175 ,
2977 1111 3058 1165 vel
3088 1114 3344 1168 moribus.
3376 1115 3515 1169 Ecce

1942 1201 2040 1254 ego
2078 1192 2433 1245 reverentiam
2474 1194 2661 1249 safutis
2703 1195 3050 1265 impendens,
3100 1202 3229 1270 quid
3278 1204 3516 1272 partibus

1942 1277 2073 1330 meis
2112 1278 2361 1331 debereii
2391 1292 2719 1337 contestatus
2762 1302 2878 1341 sum
2910 1306 2921 1339 :
2961 1290 3111 1343 vobis
3150 1293 3276 1360 quid
3308 1309 3513 1348 reman-

1939 1366 2087 1429 serit,
2119 1368 2381 1423 attendite
2408 1387 2421 1421 :
2451 1372 2571 1439 quia
2614 1374 2753 1427 sicut
2792 1391 3068 1441 personam
3096 1396 3269 1435 meam
3300 1398 3395 1449 pro
3421 1400 3514 1437 su-

1939 1468 2028 1517 pra
2059 1454 2216 1510 dietie
2241 1459 2512 1515 voluntate
2535 1464 2739 1529 petitio,
2767 1465 2831 1518 ita
2866 1477 3094 1522 vestram
3122 1471 3342 1527 allectus
3371 1474 3512 1542 aspi-

1934 1544 2058 1599 ciet.
2090 1545 2239 1599 Vale.

2419 1643 2745 1697 Ei’tSTOLA
2787 1645 2831 1699 Χ
2843 1647 2880 1699 Χ
2892 1649 3023 1701 XIV.

2451 1746 2702 1787 ENNODIUS
2740 1751 2982 1790 SENARIO.

252 1826 379 1863 num
425 1821 588 1881 ponat
632 1812 877 1867 mendica
924 1813 1279 1867 confabulatio
1312 1833 1326 1868 :
1358 1831 1424 1869 ne
1452 1815 1590 1870 idem
1640 1816 1827 1870 modus
1859 1823 1906 1884 Β
2001 1818 2144 1873 Nihil
2183 1830 2267 1875 est
2294 1823 2540 1891 equidem
2589 1827 2729 1893 quod
2778 1844 2881 1881 non
2925 1845 2953 1883 a
2997 1834 3107 1886 veri
3134 1845 3221 1890 ate
3263 1837 3313 1891 in
3344 1838 3506 1895 altum

244 1911 462 1969 putetur
482 1916 601 1956 esse
622 1903 885 1977 sermonis
901 1913 953 1956 et
977 1901 1213 1957 foederis.
1238 1903 1425 1957 Melius
1446 1902 1659 1972 est‘plus
1680 1906 1825 1959 msti-

242 1994 464 2045 inationi
498 2008 596 2059 per
631 1993 902 2047 silentium
946 1993 1217 2048 dimittere
1240 2034 1254 2056 ,
1301 2008 1457 2062 quam
1492 2004 1818 2058 monstrare,

240 2082 545 2150 diligentiae
574 2083 762 2135 damna
795 2097 887 2150 per
913 2083 1136 2137 litteras.
1169 2083 1315 2137 Ecce
1332 2084 1548 2137 rarioris
1569 2084 1818 2151 colloquii

241 2188 437 2233 (amas
466 2173 689 2239 asserui,
716 2172 935 2225 credens
965 2172 1102 2240 apud
1129 2186 1224 2225 vos
1250 2188 1277 2225 a
1307 2173 1613 2226 sinceritate
1641 2172 1817 2227 debita

241 2262 552 2315 facundiam
600 2262 913 2330 posthaberi.
947 2262 1097 2328 Quod
1140 2270 1418 2331 superest,
1468 2262 1671 2316 salvete
1696 2303 1713 2326 ,
1746 2261 1818 2315 ini

238 2354 480 2418 domine,
512 2366 563 2408 et
597 2354 793 2407 divinis
824 2355 900 2408 usi
935 2353 1207 2408 beneﬁciis
1228 2393 1242 2418 ,
1276 2354 1596 2420 procedente
1632 2354 1734 2405 vita
1767 2353 1819 2405 in

238 2446 493 2514 longum,
540 2446 775 2501 cccleSIia
818 2446 1061 2499 mandata
1104 2446 1384 2512 complete.
1433 2443 1636 2498 invenit
1674 2443 1814 2496 enim

235 2537 373 2604 apud
408 2552 538 2601 vos,
580 2551 700 2591 cum
729 2552 758 2591 a
788 2536 1000 2591 cumulo
1030 2536 1252 2605 coeperit
1282 2535 1578 2604 benignitas
1597 2574 1612 2600 ,
1645 2533 1818 2589 incre-

235 2639 496 2683 mentum.
538 2628 681 2683 Vale.

723 2717 1051 2773 El'lSTOLA
1093 2716 1331 2771 XXXIII.

775 2822 1029 2861 ENNOBIUS
1065 2822 1288 2861 FAUSTO.

308 2894 591 2964 Proposito
615 2896 982 2966 obsequuntur
1006 2898 1230 2966 pagina),
1254 2896 1445 2965 quibus
1469 2894 1813 2950 commenda-

237 2985 307 3042 tio
335 2997 622 3053 praestatur
648 2987 882 3043 afflictis.
911 2989 963 3042 lii
995 2989 1075 3043 bis
1102 2990 1243 3044 enim
1271 2991 1409 3044 clara
1434 2997 1516 3042 est
1537 2986 1812 3056 religionis

238 3074 529 3145 integritas,
562 3094 683 3148 qua:
710 3081 855 3134 nullo
882 3081 1267 3149 potentioribus
1295 3081 1419 3135 fuco
1448 3080 1696 3133 blandita:
1726 3092 1810 3131 as-

1930 1910 2212 1965 ambitiuso
2256 1915 2473 1967 tollatur
2512 1915 2743 1986 eloquio.
2788 1919 2894 1974 Sed
2938 1937 3038 1991 ego
3072 1926 3138 1978 ad
3174 1927 3500 1997 diligentiam

1928 1999 2070 2052 circa
2102 2016 2195 2053 vos
2217 2002 2391 2069 patior
2421 2019 2593 2058 meam
2620 2010 2883 2062 sermonis
2904 2011 3198 2068 infantiam.
3224 2016 3500 2087 Nunquam

1931 2104 2024 2157 par
2052 2090 2147 2145 fuit
2190 2092 2371 2169 lingua
2412 2096 2619 2148 caritati
2649 2114 2663 2150 :
2693 2113 2905 2168 semper
2946 2104 3211 2173 subiacuit
3245 2109 3353 2162 oris
3383 2112 3502 2164 offi-

1927 2181 2065 2235 cium
2091 2183 2245 2237 bona:
2275 2188 2641 2242 conscientite.
2671 2190 2751 2244 0b
2794 2192 2892 2259 hoc
2924 2205 3043 2248 utor
3068 2201 3353 2256 securitate
3383 2219 3500 2256 mo-

1930 2272 2135 2327 nitoris.
2188 2274 2301 2330 Nou
2350 2279 2582 2346 credidi,
2638 2290 2782 2338 tanto
2816 2295 3050 2354 tempore
3096 2293 3500 2360 amplitudinem

1926 2371 2068 2417 tuam
2094 2366 2196 2420 mei
2226 2366 2591 2423 immemorem
2616 2374 2693 2426 sic
2716 2374 2968 2443 futuram,
2995 2388 3050 2432 ut
3070 2383 3227 2436 etiam
3249 2386 3500 2442 solemni-

1922 2457 2019 2511 bus
2049 2459 2327 2526 colloquiis
2354 2461 2648 2519 abstineres
2676 2483 2687 2517 :
2719 2477 2776 2519 ut
2804 2468 2907 2522 illa:
2928 2487 3044 2538 quae
3066 2475 3239 2535 solent
3262 2477 3499 2533 aﬁ‘ectio-

1923 2562 2043 2602 nem
2073 2549 2352 2617 imaginata
2379 2551 2553 2608 fronte
2575 2555 2846 2618 simulare.
2874 2573 3195 2634 negarentur
3215 2567 3353 2622 inter
3377 2582 3496 2637 per-

1920 2653 2081 2693 sonas
2109 2644 2309 2695 catenis
2338 2641 2554 2698 fmderis
2580 2646 2859 2716 obligatas.
2886 2650 3009 2706 Ilico
3031 2655 3075 2707 si
3108 2656 3339 2712 valerem
3371 2675 3493 2713 tiar-

1922 2748 2062 2798 rare,
2095 2742 2332 2800 poteram
2361 2726 2644 2791 sustinere.
2674 2740 2813 2795 Ecce
2840 2743 3030 2799 iterum
3062 2749 3267 2817 scribo,
3299 2761 3495 2822 etquae

1919 2830 2098 2883 verbis
2127 2844 2333 2896 asseto,
2366 2834 2632 2901 sequenda
2666 2845 2831 2891 testor
2856 2842 3136 2909 exemplis.
3164 2843 3269 2899 Vos
3304 2847 3493 2903 videri-

1921 2919 1987 2972 tis
2014 2919 2171 2988 quale
2195 2920 2265 2973 sit
2285 2925 2506 2989 posthac
2529 2924 2793 2979 desideria
2818 2930 3038 2984 honesta
3063 2933 3329 3001 negligere
3355 2954 3365 2985 :
3389 2952 3493 3004 ego

1918 3010 2090 3065 dolori
2121 3013 2422 3079 pat'eniiam
2455 3029 2550 3065 usn
2583 3014 2855 3070 institutus
2882 3020 3129 3073 adliib-o.
3164 3022 3312 3076 Vale.

1304 3285 1679 3387 LIBER
1747 3272 2392 3401 QUARTUS.

1801 3446 2121 3458 __————

727 3516 1054 3573 EPISTOLA
1087 3515 1317 3571 PRIMA.

606 3624 859 3664 sanemus
897 3611 913 3641 ¹
956 3624 1227 3663 svitiiticno
1261 3623 1427 3661 mea.

307 3699 432 3753 Boni
463 3699 800 3768 imperatoris
830 3709 910 3754 est
936 3699 1212 3769 probatam
1242 3698 1293 3750 in
1334 3698 1447 3750 acie
1480 3694 1663 3748 militis
1688 3693 1804 3746 ani-

241 3803 378 3842 mare
414 3789 703 3853 virtutem;
746 3798 802 3841 ut
839 3788 1091 3843 fortitudo
1121 3787 1293 3843 laudis
1322 3786 1528 3855 pabulis
1558 3785 1799 3849 invitata,

239 3880 285 3933 in
335 3880 587 3934 secundis
635 3881 1006 3951 congressibus
1055 3879 1293 3934 dediscat
1349 3877 1480 3931 lucis
1533 3876 1801 3929 aﬂ'ectum.

237 3969 393 4038 Cujus
421 3971 589 4025 robur
618 3971 766 4024 ducis
795 3972 1061 4040 praeconio
1091 3986 1195 4025 non
1226 3969 1494 4023 nutritur?
1523 3968 1712 4035 quibus
1741 3980 1799 4020 se

236 4059 492 4130 denegeiit
521 4060 680 4114 etiam
714 4061 885 4115 minus
912 4059 1081 4115 valida
1125 4062 1309 4115 tironis
1339 4060 1573 4114 membra
1604 4057 1794 4112 conﬁi-

236 4152 432 4216 ctibus,
486 4151 696 4220 quando
745 4152 967 4205 rectoris
1007 4151 1309 4206 testimonio
1359 4151 1503 4205 videt
1544 4149 1644 4204 sibi
1694 4166 1797 4205 non

236 4242 405 4308 perire
424 4241 564 4309 quod
588 4240 846 4310 gesserit?
870 4241 990 4295 Sola
1014 4241 1095 4294 via
1117 4253 1195 4295 est
1224 4256 1321 4310 qua
1353 4240 1418 4294 ad
1451 4238 1796 4310 prmliandum

238 4342 443 4387 crescat
474 4334 715 4400 intentio,
745 4334 991 4403 quotie-is
1020 4335 1152 4389 bene
1178 4344 1323 4404 gesta
1349 4348 1451 4388 non
1484 4333 1626 4387 delet
1658 4332 1796 4386 obli-

235 4424 340 4478 vio.
379 4424 587 4478 Utinam
617 4427 863 4480 divinitas
894 4426 1084 4480 vestris
1115 4436 1255 4479 mota
1292 4425 1539 4495 precibus
1567 4427 1587 4456 '
1615 4424 1798 4479 diabo-

234 4517 389 4571 licum
418 4529 684 4572 certamen
711 4520 1004 4572 interimat!
1040 4520 1236 4573 utinam
1260 4519 1599 4572 devotionem
1625 4530 1796 4569 meam

234 4608 281 4659 in
310 4623 441 4676 pace
472 4609 798 4663 manifestet!
846 4618 899 4661 ut
926 4608 1076 4677 cujus
1120 4608 1350 4662 studium
1392 4606 1675 4677 resignavii
1706 4606 1797 4659 ad-

232 4701 471 4765 versitas,
502 4701 641 4754 illius
670 4700 954 4755 concordia
988 4701 1326 4755 commendet
1352 4700 1688 4770 obsequium.
1716 4700 1795 4754 Ad

295 4834 311 4862 ¹
345 4832 659 4900 Symmacho
687 4830 853 4900 papa]
884 4832 1037 4901 Papa:
1066 4847 1259 4885 nomen
1286 4832 1373 4885 uni
1394 4832 1633 4885 Romano
1666 4846 1797 4900 pon-

232 4900 348 4955 tiﬁci
381 4911 634 4970 tanquam
666 4903 933 4968 proiirium
956 4900 1008 4956 et
1045 4902 1331 4968 peculiare,
1366 4904 1589 4968 primus,
1619 4915 1671 4954 ut
1720 4902 1794 4956 κί-

224 4972 397 5035 detur,
423 4973 655 5024 asseruit
689 4970 975 5024 Ennodius.
997 4971 1124 5024 Nam
1158 4987 1276 5026 cum
1296 4972 1576 5039 episcopos
1605 4988 1790 5026 omnes

230 5054 384 5108 papas
411 5043 592 5094 caeteri
622 5039 734 5094 fere
762 5039 852 5110 qui
882 5039 995 5109 ejus
1018 5056 1132 5094 arvo
1166 5042 1390 5106 proximi
1424 5040 1653 5099 fuerunt.
1699 5057 1789 5110 ap-

230 5055 384 5108 [ιρις
411 5055 592 5094 caeteri
622 5055 734 5094 tere
801 5056 852 5092 ut
882 5056 995 5109 eius
1018 5056 1132 5094 arvo
1166 5056 1390 5106 proximi
1424 5055 1653 5099 inerunt.
1699 5057 1789 5110 ap-

230 5111 418 5177 pellare
445 5055 1051 5175 soleant,nt.gidonius,
1080 5110 1329 5172 Faustus,
1367 5112 1645 5172 Ruricius;
1677 5112 1789 5179 ipse

231 5193 477 5247 perpetuo
506 5178 814 5233 discrimine
844 5180 1109 5234 antistites
1155 5181 1478 5248 reliquarum
1526 5178 1786 5234 EccleSia-

232 5264 332 5301 rum
369 5251 651 5318 episcopos
696 5257 865 5313 vocat,
918 5264 1107 5316 papam
1139 5250 1311 5302 solum
1342 5249 1596 5303 Romana:
1643 5250 1787 5305 sedis

233 5320 542 5385 pontilieein,
568 5320 681 5372 sive
702 5334 821 5372 cum
859 5320 928 5371 illi
955 5320 1159 5380 scribit,
1186 5329 1241 5372 ut
1264 5319 1583 5387 Symmacho
1611 5334 1779 5388 papas,

231 5400 272 5457 ei
299 5389 494 5441 domno
523 5403 692 5457 papae,
718 5389 833 5442 sive
873 5402 993 5441 cum
1028 5389 1097 5442 de
1130 5390 1218 5442 illo
1247 5389 1382 5456 apud
1412 5389 1546 5442 alios
1576 5389 1700 5457 agit,
1726 5400 1784 5443 ut

232 5456 311 5507 lib.
331 5473 383 5509 iii
429 5456 703 5525 epiStJO,
739 5458 833 5513 lib.
864 5474 934 5521 vi,
979 5460 1136 5525 epist.
1188 5457 1256 5511 55
1299 5468 1355 5512 et
1403 5456 1635 5526 passim.)
1664 5457 1781 5513 Pari

232 5538 332 5585 post
363 5528 662 5581 Eniioditim
714 5528 1020 5594 discrimine
1069 5529 1118 5579 iti
1150 5528 1264 5595 ejus
1298 5530 1442 5582 vocis
1474 5530 1779 5595 usurpatio-

232 5607 335 5646 nem
379 5612 502 5650 usus
549 5607 635 5652 est
687 5596 1038 5652 Cassiodorus
1076 5598 1207 5666 :qui
1255 5613 1374 5650 cum
1426 5597 1771 5664 Bonifacittm,

229 5665 501 5730 Agapeium
533 5667 872 5720 etJoannem
908 5665 1160 5720 Romana:
1190 5666 1333 5721 sedis
1375 5667 1654 5731 pontilices
1689 5683 1781 5735 pa~

227 5745 310 5797 pas
339 5738 590 5803 nominet,
628 5738 969 5807 Eustorgium
993 5746 1047 5792 ct
1096 5737 1304 5791 Datittnt
1348 5735 1780 5803 Mediolauensis,

1838 3507 1887 3567 ο
1929 3501 1949 3531 ³
1976 3501 2370 3555 Marrelliannm
2401 3502 2706 3572 episcopum
2731 3504 2927 3561 directa
2958 3518 3041 3563 est
3068 3526 3095 3562 a
3123 3510 3282 3569 fratre
3309 3528 3485 3570 vestro

1913 3593 2167 3648 instructa
2192 3593 2415 3661 legatio:
2443 3596 2533 3648 sed
2558 3596 2681 3664 quid
2706 3601 3031 3665 promoverit
3052 3600 3165 3670 ipse
3191 3609 3478 3675 rescripsit.

1909 3686 2060 3751 Quod
2087 3695 2272 3749 reStat,
2303 3689 2564 3756 porrectis
2594 3690 2928 3746 salutationis
2959 3694 3147 3762 prdcor
3174 3696 3363 3752 ofﬁciis
3382 3743 3395 3765 ,
3424 3711 3483 3754 iit

1906 3776 2158 3846 quidquid
2186 3793 2383 3845 a-grum
2408 3789 2486 3832 est
2511 3779 2711 3833 medica
2735 3785 2975 3837 oratione
2999 3789 3195 3841 curetis
3222 3806 3235 3842 :
3266 3798 3319 3844 et
3343 3790 3480 3844 intt-r

1906 3865 2182 3920 latentium
2207 3876 2409 3920 secreta
2434 3870 2759 3932 morborum,
2783 3874 2872 3939 qui
2898 3873 2948 3926 in
2971 3877 3269 3941 generalem
3293 3894 3477 3935 necem

1908 3969 2172 4021 servatur,
2201 3956 2343 4012 ferro
2366 3958 2589 4028 spiritali
2618 3964 2869 4015 resecctis
2893 3978 3153 4020 errorem.
3187 3965 3333 4024 Vale.

2472 4050 2799 4107 EPISTOLA
2842 4054 2902 4108 Il.

2434 4178 2683 4218 ENNODIUS
2723 4181 2948 4220 ALICONI.

1976 4252 2299 4307 Venerabilis
2337 4256 2611 4308 Amantius
2657 4259 2951 4327 presbyter,
2987 4260 3112 4313 dum
3142 4260 3205 4314 ad
3246 4277 3340 4316 vos
3380 4279 3472 4332 pa—

1896 4341 2048 4410 ginas
2074 4343 2268 4410 exigit,
2302 4358 2415 4396 rem
2451 4343 2746 4397 devotionis
2792 4362 2923 4399 mea:
2953 4349 3033 4399 sui
3063 4364 3184 4403 esse
3224 4352 3345 4405 fecit
3376 4355 3472 4405 iiii-

1901 4432 2055 4501 ρει-ξι.
2079 4432 2225 4505 Felix
2250 4433 2560 4499 necessitas,
2586 4450 2704 4503 qua:
2727 4436 2864 4489 votis
2886 4446 3101 4505 praestat
3123 4441 3432 4509 obsequium
3458 4461 3468 4471 α

1901 4523 2065 4579 libera
2089 4524 2480 4595 prmeminentis
2503 4525 2693 4595 jussio,
2718 4543 2836 4597 qua:
2861 4530 3028 4583 servit
3047 4530 3276 4586 ail'ectui.
3304 4532 3473 4587 Debet

1902 4613 2030 4668 mihi
2052 4624 2287 4681 coactor,
2313 4614 2451 4684 quod
2471 4632 2601 4670 mea:
2622 4618 2872 4686 praestitit
2893 4618 3147 4674 voluntati
3174 4638 3185 4672 :
3216 4635 3469 4689 prospera
3518 4621 3525 4627 ’

1900 4716 1985 4762 est
2007 4708 2188 4776 scripti
2212 4729 2246 4776 ι,
2271 4725 2388 4777 qua:
2414 4711 2771 4765 testiinonium
2803 4713 2980 4766 tribuit
3009 4715 3085 4766 bis
3108 4716 3274 4767 amori
3304 4734 3319 4772 .'
3342 4714 3466 4771 dum

1901 4837 2111 4913 et_alios
2139 4839 2361 4891 aliarum
2391 4841 2658 4913 civita'um
2692 4840 2965 4909 pra-sules.
2999 4842 3282 4913 nonaliter
3310 4858 3470 4913 quam

1898 4908 2179 4977 episcopos
2204 4919 2375 4962 vocat.
2403 4908 2585 4976 Neque
2612 4908 2796 4961 omnes
2836 4919 3010 4964 tamen
3046 4912 3145 4965 lioc
3181 4914 3251 4965 ita
3281 4908 3466 4969 exem-

1898 4980 2040 5047 pliiin
2090 4988 2271 5046 postea
2307 4980 2475 5033 secuti
2502 4988 2644 5042 sunt,
2683 4979 2808 5047 quin
2842 4982 3087 5046 permulti
3130 4982 3462 5039 diversarum

1893 5046 2148 5113 gentium,
2186 5050 2481 5122 praesertim
2513 5059 2666 5122 extra
2704 5046 2946 5122 italiam,
2978 5052 3266 5119 scriptores
3318 5070 3466 5122 papae

1894 5131 2085 5170 nomen
2131 5118 2349 5191 reliquis
2377 5121 2522 5191 item
2556 5117 2816 5191 episcopis
2847 5117 3150 5191 tribuerint,
3199 5117 3367 5191 usque
3386 5117 3464 5177 'ad

1893 5195 2132 5261 tempora
2164 5184 2407 5261 Gregorii
2426 5187 2647 5261 _vit,_qui
2671 5188 2731 5261 in
2761 5189 2967 5257 synodo
2986 5184 3221 5244 Romana
3241 5184 3463 5261 piimns.

1891 5265 1945 5307 tit
1974 5270 2000 5305 a
2036 5255 2262 5308 Baronio
2314 5256 2584 5329 cardin‘alc
2633 5255 2970 5329 observatum
3012 5270 3134 5329 est,
3167 5255 3350 5329 edixit,
3407 5270 3463 5316 ut

1889 5334 2038 5391 papa:
2060 5339 2247 5376 nomen
2282 5325 2437 5377 tioius
2461 5326 2528 5377 sit
2552 5325 2600 5378 in
2631 5327 2759 5380 orbe
2781 5326 3105 5383 Christiano.

1973 5395 1993 5424 '
2054 5393 2375 5446 Diabolicum
2422 5396 2715 5453 certamen]
2786 5397 3151 5453 Laurentinum
3218 5400 3460 5453 factionis

1888 5462 2265 5542 scliisniaticai,
2301 5479 2420 5533 qua:
2449 5462 2827 5535 Symmachum
2868 5471 3029 5524 variis
3073 5469 3246 5523 modis
3283 5484 3457 5536 oppu-

1925 5540 2086 5584 navit.

1886 5547 2373 5676 gnavii'arcellinum
2390 5604 2701 5676 episcopum]
2742 5606 3153 5676 Aquileiensem.
3206 5605 3283 5659 Ad
3314 5604 3457 5662 hunc

1890 5686 1993 5743 pro
2023 5672 2343 5743 Syttitiiaclin
2382 5672 2667 5740 scripserat
2690 5672 3006 5727 Laurentius
3036 5674 3320 5743 episcopus
3347 5677 3456 5735 Me-

1890 5740 2242 5805 diolanensis,
2275 5759 2430 5810 quem
2460 5745 2525 5799 ab
2557 5745 2797 5798 Etinodo
2827 5744 3090 5812 designari
3123 5740 3270 5815 puto.
