4186 6252
594 350 656 404 τι
1725 339 1993 397 ENNUDII
2028 338 2332 394 Episcopi
2374 335 2746 395 TltJNENSlS
3787 335 3856 391 7‘!

591 475 645 520 et
676 478 867 518 novum
894 461 945 516 in
971 461 1059 531 jus
1090 459 1375 529 diligentiae
1402 454 1637 519 attra‘li't,
1671 463 1726 509 et
1754 455 1908 508 amici
1938 451 2165 507 senioris
2194 452 2245 511 Α
2269 453 2523 519 quaeritur
2547 453 2670 520 quid
2702 452 2757 505 in
2790 451 2989 504 amoris
3020 451 3174 506 lance
3202 464 3545 520 promoveas,
3568 449 3670 505 sed
3698 454 3855 521 quale

593 569 775 624 pectus
819 553 1039 623 obligat.
1088 551 1186 617 Qui
1243 550 1364 603 dqu
1415 546 1791 614 magnitudinis
1838 554 1941 598 tua:
1994 542 2164 596 ﬁdelis

589 657 764 715 pr:rco
798 650 915 706 est,
955 641 1101 709 prius
1129 652 1222 691 vos
1252 652 1345 705 per
1386 634 1815 704 astipulationem
1855 648 2004 686 suam
2038 630 2167 685 fecit

588 733 743 802 eligi,
771 746 926 800 quam
973 729 1207 797 agnosci.
1255 727 1395 780 Raro
1425 726 1664 779 notitiam
1716 723 1993 792 praecessit
2034 720 2167 775 aﬁ'e-

588 824 696 876 etio
724 840 735 873 :
766 821 850 875 cui
876 820 1092 886 contigit
1121 826 1243 871 ante
1274 817 1512 886 placere,
1537 830 1693 883 quam
1727 812 1955 881 inspici?
1987 812 2167 877 Quan-

589 921 699 965 tum
737 909 873 979 apud
905 925 989 964 me
1035 908 1240 977 pondus
1283 915 1364 960 est
1395 905 1708 975 perlatoris,
1756 902 2052 967 advertite,
2098 899 2165 953 ad

586 1002 741 1069 cujus
764 1010 946 1055 nutum
967 1000 1161 1070 judicia
1188 1009 1367 1053 nostra
1396 998 1680 1052 ﬂectuntur
1705 1012 1716 1047 :
1750 994 1985 1047 vidimus
2005 1007 2164 1061 quem

586 1091 813 1145 didicit:
844 1106 1001 1160 quem
1047 1089 1223 1144 laudat
1268 1087 1659 1155 amplectimur.
1692 1083 1846 1150 Saepe
1893 1082 1943 1135 in
1995 1081 2165 1134 solido

585 1182 868 1235 c0nstitnta
896 1194 1046 1234 mens
1078 1179 1289 1248 propria
1321 1176 1495 1229 amico
1519 1174 1660 1226 cedit
1687 1172 1946 1225 examini.
1977 1171 2165 1225 Merito

584 1290 712 1343 ergo
758 1273 1114 1341 suspicimus,
1163 1284 1296 1338 quos
1344 1268 1596 1335 probatus
1640 1263 1870 1318 extollit.
1921 1261 2070 1316 Nunc
2117 1262 2164 1315 si

585 1365 880 1419 ubertatem
926 1363 1107 1432 gratim
1156 1358 1352 1427 ingenii
1402 1355 1600 1409 macies
1647 1353 1976 1421 explicaret;
2022 1351 2068 1404 si
2098 1351 2164 1404 ad

588 1457 783 1509 fontem
807 1452 1018 1507 foederis
1038 1449 1172 1503 aridi
1192 1447 1457 1501 sermonis
1476 1461 1578 1498 non
1601 1445 1893 1498 lassaretur
1911 1441 2160 1507 infantia;

584 1544 629 1598 si
652 1542 951 1613 epistolaris
989 1540 1214 1609 qualitas
1242 1552 1361 1606 qua:
1390 1537 1551 1590 etiam
1582 1536 1813 1602 copiosis
1859 1534 2162 1602 eloquentia

586 1636 765 1690 ﬁenos
789 1630 1027 1699 imponit,
1061 1628 1304 1698 progredi
1329 1643 1413 1681 me
1439 1626 1505 1680 ad
1530 1626 1766 1692 longiora
1792 1624 2116 1692 permitteret
2147 1639 2161 1676 :

583 1740 878 1780 assererem
906 1731 1102 1793 quanta
1127 1720 1373 1775 nobilitas
1400 1727 1485 1772 tua
1520 1718 1646 1775 tnibi
1675 1717 1896 1777 debeat,
1928 1715 2067 1784 quod
2097 1715 2161 1768 ad

2269 543 2335 595 ad
2382 542 2744 610 przejndicium
2791 541 3074 595 aestimanti
3125 556 3316 596 nomen
3378 556 3621 610 opponas
3665 559 3677 592 :
3730 556 3853 595 cum

2270 633 2406 701 apud
2442 633 2727 700 prudentes
2760 631 2954 686 frustra
2978 631 3213 685 sobolem
3237 630 3484 696 dicimus,
3510 630 3609 684 nisi
3637 630 3858 686 exhibet

2267 725 2407 793 quod
2440 734 2680 778 vocatur.
2715 724 2843 776 Nam
2872 724 2963 792 qui
3002 724 3051 776 in
3087 723 3241 792 prole
3278 736 3558 775 censuram
3597 722 3814 791 negligit
3836 762 3853 786 ,

2266 822 2585 881 conceptum
2633 815 2798 882 magis
2829 813 3073 882 designat
3103 813 3200 866 Sibi
3234 813 3476 881 placere,
3505 828 3662 880 quam
3696 815 3851 867 neii-

2268 916 2403 959 tum.
2435 904 2689 958 Facessat
2730 904 2779 956 in
2826 904 3055 971 posteris
3106 903 3207 956 hoc
3259 903 3429 957 solum
3477 918 3576 957 nos
3620 904 3855 972 cogitare

2267 993 2405 1059 quod
2436 992 2611 1045 libuit.
2657 991 2863 1045 Etenim
2897 992 3097 1045 lructus
3126 991 3293 1055 uteri,
3324 991 3427 1044 nisi
3460 989 3737 1045 hone~tate
3770 1007 3853 1046 rc-

2266 1083 2562 1152 spondeat,
2612 1084 2729 1147 plus
2774 1082 2824 1135 in
2867 1080 3174 1134 testimonio
3219 1079 3448 1134 lascivire
3492 1078 3701 1133 videtur
3730 1095 3854 1134 cve-

2269 1182 2413 1232 nisse
2439 1193 2595 1245 quam
2624 1178 2833 1245 gratite.
2861 1176 2960 1229 Fas
2984 1176 3126 1229 enim
3148 1182 3231 1228 est
3254 1174 3620 1243 germanitatis
3639 1188 3856 1243 semper

2269 1270 2425 1323 ﬁdele
2462 1270 2788 1321 consortium
2834 1268 2996 1322 etiam
3047 1266 3299 1333 partubus
3342 1263 3595 1318 anteferri
3634 1281 3645 1316 ε
3695 1265 3854 1318 datur

2269 1361 2577 1428 participem
2617 1357 2838 1425 originis
2867 1356 2946 1409 sic
2992 1356 3204 1419 haberi,
3253 1364 3307 1408 ut
3349 1368 3448 1408 nec
3490 1352 3853 1408 consideratio

2266 1449 2544 1516 sanguinis
2568 1448 2885 1515 negligatur,
2909 1454 2962 1499 et
2984 1444 3315 1500 descendens
3340 1458 3368 1496 a
3394 1443 3585 1496 merito
3611 1443 3852 1497 laudetur

2265 1554 2510 1594 examen.
2547 1538 2610 1591 Et
2650 1538 2768 1590 ideo
2814 1552 2880 1590 ne
2929 1536 3163 1590 sinuosis
3210 1536 3262 1588 in
3303 1534 3519 1602 longum
3562 1534 3851 1602 procedant

2266 1631 2427 1683 verba
2462 1628 2799 1698 prteloquiis,
2834 1636 2887 1681 et
2913 1627 3053 1695 quod
3084 1641 3145 1681 re
3174 1634 3451 1695 angustum
3489 1638 3567 1678 est
3593 1665 3608 1687 ,
3637 1634 3850 1679 crescat

2265 1720 2459 1779 alfitu;
2500 1719 2642 1772 dono
2687 1719 2738 1772 in
2779 1717 3164 1771 fraternitatem
3211 1727 3351 1769 tuam
3383 1714 3622 1778 confero,
3661 1725 3709 1768 et
3737 1715 3844 1783 juri

582 1817 869 1882 epistulare
903 1813 1279 1869 commercium
1329 1812 1535 1879 primus
1580 1809 1815 1871 accessi,
1848 1816 1900 1860 et
1942 1806 2156 1875 januam
2189 1806 2235 1866 Β
2265 1820 2353 1860 tuo
2385 1818 2635 1875 perpetua
2668 1807 2984 1860 liberalitate
3014 1805 3325 1860 translundo
3358 1804 3674 1874 mancipium
3703 1804 3842 1872 juris

581 1906 867 1975 diligentia:
909 1904 1142 1960 reseravi
1188 1903 1339 1956 clave
1387 1898 1672 1954 sermonis.
1722 1897 1937 1965 Bajulus
1983 1905 2161 1949 tamen

581 2013 769 2067 precor
797 2006 855 2050 ut
899 2010 993 2063 pro
1023 1995 1104 2048 his
1146 2004 1264 2063 qua!
1309 1992 1493 2045 tribuit
1522 1989 1850 2043 redatnelur.
1899 1986 2160 2040 Ecclesiae

581 2102 770 2144 causas
797 2087 1007 2141 insinuo
1036 2103 1048 2137 :
1077 2086 1205 2155 quia
1235 2083 1372 2153 quod
1396 2083 1506 2150 spei
1534 2096 1667 2135 meae
1697 2078 2042 2146 impenditur,
2071 2092 2164 2130 vo-

582 2181 667 2235 bis
706 2179 895 2235 crescit
926 2180 989 2232 ad
1021 2178 1290 2232 meritum.
1325 2175 1548 2229 Domine
1580 2175 1649 2226 mi
1672 2214 1684 2235 ,
1717 2171 2049 2225 ell‘usissimae
2078 2184 2164 2222 sa~

582 2272 856 2325 lutationis
886 2283 1078 2323 munus
1104 2265 1442 2335 impendens,
1476 2277 1657 2332 quaeso
1681 2271 1735 2315 ut
1760 2263 1802 2314 si
1836 2260 1985 2314 vobis
2014 2258 2161 2313 cordi

581 2370 665 2415 est
691 2360 1013 2415 oblationem
1043 2372 1215 2411 meam
1245 2355 1312 2409 de
1342 2354 1595 2407 libamine
1636 2351 1872 2405 caritatis
1895 2350 2157 2417 accipere,

581 2452 892 2521 religionem
923 2449 1109 2503 amicae
1138 2444 1479 2501 conscientia:
1508 2441 1758 2497 reseretis
1786 2440 2039 2509 alloquio.

1145 2535 1472 2591 EPISTULA
1517 2534 1602 2587 lll.

958 2643 1211 2683 ENNODIUS
1251 2641 1474 2680 EULALIO
1518 2638 1778 2679 EPISCOPO.

649 2722 895 2778 Trinitati
923 2721 1120 2790 gratias
1150 2720 1258 2774 Deo
1304 2729 1508 2781 nostro,
1550 2717 1639 2786 qui
1685 2716 1880 2771 fascem
1911 2731 2017 2783 qu.)
2063 2714 2161 2769 de-

583 2814 783 2883 primor
807 2821 1165 2882 peccatorum,
1186 2809 1338 2864 furtis
1358 2808 1497 2877 apud
1524 2821 1582 2862 se
1610 2808 1709 2862 viri
1740 2808 2014 2861 alacritate
2039 2820 2156 2860 sus-

585 2913 797 2959 tentat:
840 2903 934 2973 qui
976 2901 1285 2956 memoriam
1339 2903 1440 2954 mei
1474 2900 1525 2952 in
1578 2899 1668 2951 illo
1698 2905 1885 2951 sancto
1929 2897 2158 2965 pectoris

580 2993 656 3047 tui
696 2993 895 3063 templo
931 3006 1036 3061 quo
1071 2989 1266 3061 gaudet
1307 2988 1582 3054 Christus,
1627 2987 1839 3042 subtilis
1870 2986 2157 3041 fabricator

580 3083 851 3138 interserit
878 3101 889 3133 :
918 3090 975 3135 ut
1002 3081 1143 3151 quod
1176 3083 1404 3151 propria:
1430 3078 1854 3133 conservationis
1879 3077 2020 3132 nube
2050 3078 2156 3131 fus-

2265 1901 2367 1954 mei
2392 1900 2547 1965 illud,
2577 1907 2631 1954 et
2655 1910 2866 1952 caetera.
2899 1898 3043 1951 Vale.
3310 1958 3313 1959 ν

2822 1987 3149 2042 EPISTULA
3194 1986 3253 2040 v.

2805 2096 3057 2134 ENNODiUS
3096 2095 3315 2135 FAUSTO.

2333 2173 2586 2227 Sulilimis
2618 2173 2695 2227 vir
2743 2173 3066 2235 Dalmatius,
3110 2176 3303 2226 animae
3341 2186 3474 2228 mete
3517 2172 3695 2242 portio
3735 2187 3843 2227 non

2262 2264 2593 2327 del'raudata,
2622 2264 2714 2318 sed
2747 2263 2937 2325 solida,
2970 2265 3052 2317 cui
3085 2266 3148 2316 ad
3182 2266 3590 2332 prairogativam
3622 2263 3841 2329 sangui-

2265 2356 2345 2409 nis
2377 2370 2580 2408 morum
2611 2353 2863 2421 splendor
2890 2353 3138 2420 accessit,
3175 2361 3273 2407 lioc
3297 2368 3397 2422 neg
3420 2356 3507 2407 :tio
3535 2367 3634 2407 suo
3661 2352 3843 2405 credi-

2262 2447 2338 2500 dit
2366 2445 2676 2509 convenire,
2708 2447 2751 2498 si
2784 2445 2915 2498 meis
2957 2444 3096 2513 apud
3123 2445 3331 2499 culmen
3360 2453 3597 2497 vestrum
3626 2444 3734 2511 jnv;
3754 2447 3844 2497 re:-

2262 2548 2348 2593 tur
2374 2538 2640 2608 alloquiis.
2665 2538 2817 2604 Quod
2842 2537 3297 2606 supersedendum
3327 2540 3442 2604 ejus
3464 2537 3715 2592 conscius
3736 2553 3840 2590 non

2262 2631 2473 2699 putavi,
2519 2630 2718 2683 faciens
2759 2629 3061 2684 urbanitate
3091 2628 3316 2696 quadam
3358 2642 3602 2695 persona:
3647 2627 3837 2691 tribui,

2262 2718 2402 2787 quod
2440 2733 2536 2772 vos
2565 2717 2687 2771 novi
2730 2717 2926 2771 debere
2954 2712 3191 2785 jiistitiae.
3227 2717 3279 2770 In
3305 2716 3487 2771 Sicilia
3525 2717 3667 2772 enim
3702 2732 3838 2785 prte-

2260 2810 2387 2863 dicti
2424 2809 2709 2877 prtedium,
2765 2810 2905 2863 bono
2953 2809 3209 2863 hactenus
3250 2810 3369 2877 jure
3411 2824 3716 2878 pos~essum
3754 2826 3767 2861 :
3808 2824 3840 2864 a

2259 2901 2598 2955 consortibus
2640 2900 2954 2970 perhibetur
2990 2901 3250 2956 invasum.
3297 2900 3446 2956 Nunc
3493 2900 3558 2954 ad
3585 2901 3837 2969 juvamen

2261 2992 2532 3045 civilitatis
2565 2991 2905 3060 impendi-.ur,
2939 2992 3191 3060 quidquid
3220 3006 3319 3060 ego
3348 3006 3667 3061 promovere
3706 3006 3835 3059 Stip-

2260 3085 2524 3153 plican-Jo.
2562 3086 2781 3139 Domine
2808 3087 2901 3149 mi,
2928 3085 3255 3138 salutati0nis
3276 3084 3529 3154 obsequia
3559 3086 3710 3152 plena
3740 3085 3837 3137 hu-

578 3175 714 3242 cavi,
738 3172 1013 3243 splendida
1035 3174 1378 3226 conscientia!
1404 3173 1695 3225 serenitate
1726 3170 2017 3240 delergeat.
2041 3170 2157 3224 .la.n
2186 3156 2230 3216 C
2267 3177 2488 3231 militate
2517 3178 2854 3247 prrsolvens,
2883 3176 3139 3246 deprecor
3169 3186 3225 3230 ut
3258 3176 3396 3231 circa
3427 3178 3704 3231 m’emorati
3734 3193 3833 3230 no—

580 3265 702 3319 novi
731 3264 850 3333 quia
882 3278 986 3316 non
1038 3263 1383 3317 inelﬁcaciter
1416 3262 1710 3315 funduntur
1756 3262 1986 3315 lamenta
2034 3277 2159 3330 pec-

580 3355 834 3409 cantium.
869 3354 979 3406 lloc
1008 3352 1136 3405 mihi
1165 3352 1402 3421 principe
1432 3352 1551 3406 loco
1574 3352 1748 3405 oratio
1775 3367 1889 3405 mea
1913 3393 1927 3413 ,
1959 3353 2059 3406 hoc
2086 3352 2161 3405 la-

580 3460 775 3517 crymae
804 3443 1169 3507 contulerunt,
1202 3453 1257 3496 ut
1288 3442 1539 3497 robusms
1566 3457 1662 3511 pro
1690 3457 1774 3496 me
1798 3451 2042 3510 precator
2068 3459 2160 3496 ex-

580 3549 855 3605 surgeres,
900 3545 956 3586 ut
1002 3532 1299 3586 labantibus
1349 3532 1585 3585 humeris
1632 3532 1838 3585 caelesti
1898 3531 2157 3586 munitm

580 3623 780 3678 auxilio
822 3624 1093 3676 dextram
1140 3621 1480 3691 subrogarcs.
1512 3620 1706 3674 Verum
1761 3630 1843 3676 est
1885 3624 2006 3690 quia
2047 3623 2156 3677 sola

580 3716 717 3784 apud
750 3714 915 3769 Deum
946 3713 1247 3780 desineratio
1272 3712 1443 3782 perdit
1468 3722 1755 3767 errantem.
1786 3714 1923 3767 Ecce
1944 3713 2052 3782 jam
2080 3715 2159 3769 lo-

581 3805 710 3860 lium
743 3815 1014 3870 nostrum,
1061 3804 1228 3871 spinx
1260 3804 1339 3857 vel
1374 3804 1587 3867 tribuli,
1622 3803 2153 3872 liordca,~triticum,

580 3898 762 3951 vineas
790 3897 1128 3964 pollicentur.
1169 3897 1279 3964 Age
1301 3937 1315 3960 ,
1358 3896 1525 3950 electe
1558 3896 1680 3962 Dei,
1726 3912 1822 3966 pro
1855 3914 1937 3953 me
1971 3899 2155 3954 humili

578 3986 720 4055 quod
750 3987 990 4054 coepisti;
1022 3995 1077 4039 ct
1117 3986 1356 4054 partibus
1387 3987 1491 4040 tuis
1527 3985 1744 4053 adesto,
1779 3988 1904 4041 dum
1940 4004 2152 4056 precum

579 4077 634 4130 in
665 4091 749 4130 me
776 4075 1087 4130 assiduitate
1124 4074 1310 4141 diluis,
1357 4076 1635 4144 quod‘ego
1681 4077 1870 4147 collegi
1913 4078 2154 4132 ubertate

576 4174 875 4241 culparum.
906 4169 1291 4239 Frequentibus
1320 4171 1479 4224 etiam
1505 4181 1809 4240 susceptum
1844 4187 2001 4241 pasce
2046 4173 2154 4226 col-

579 4265 770 4333 loquiis
797 4283 808 4317 :
845 4274 901 4318 ut
928 4264 1186 4319 insulsum
1214 4274 1421 4333 pectus,
1454 4279 1551 4318 nec
1575 4265 1683 4318 ulla
1705 4265 1959 4319 virtutum
1991 4266 2155 4319 stabi-

578 4355 725 4409 litate
751 4356 1056 4419 subnixum,
1087 4356 1464 4409 admonitionis
1491 4356 1601 4409 sale
1630 4356 1918 4411 confortes.
1955 4357 2034 4411 Ad
2059 4355 2154 4409 ob-

576 4448 759 4516 sequia
782 4448 1112 4502 salutationis
1133 4459 1393 4511 revertor,
1418 4458 1470 4500 et
1491 4449 1831 4515 epistularem
1856 4459 2151 4518 transgres-

579 4553 669 4591 sus
696 4539 977 4592 terminum
1000 4580 1013 4602 ,
1048 4554 1208 4591 uuutn
1240 4538 1382 4591 velut
1412 4538 1674 4605 garrulus,
1706 4540 1797 4593 sed
1831 4555 1925 4607 pro
1956 4554 2143 4592 neces-

578 4629 824 4683 sitatibus
852 4629 1186 4698 importunus
1214 4627 1474 4695 adjnngo,
1508 4638 1563 4680 ut
1600 4643 1685 4681 me
1712 4628 1826 4682 sine
1852 4630 2151 4683 cessatione

580 4726 784 4771 tantum
810 4721 959 4785 juves
992 4717 1259 4787 precibus,
1291 4725 1544 4785 quantum
1570 4717 1855 4772 conﬁrmas
1883 4718 2148 4789 alloquiis.

578 4809 729 4861 Vale.

1136 4900 1461 4956 EPISTOLA
1504 4902 1591 4955 ιν,

748 5005 1023 5044 εχειιριλιι
1065 5007 1332 5048 Ειιιετοωε
1371 5011 1511 5056 QUAM
1553 5010 1663 5049 IPSE
1704 5010 1963 5051 DICTAVIT.

1151 5100 1341 5138 FRATRI
1381 5100 1563 5140 SOBOR.

642 5170 895 5237 Quamvis
923 5177 1225 5227 summatim
1262 5178 1484 5242 gratiam
1516 5178 1676 5248 aliqui
1715 5177 1942 5232 debeant
1982 5180 2139 5235 etiam

568 5260 722 5315 malis
750 5263 800 5314 in
827 5260 1107 5317 affectione
1136 5265 1477 5332 pignoribus,
1508 5284 1605 5323 nec
1637 5270 1760 5322 illud
1789 5269 1928 5338 quod
1961 5283 2140 5338 poste-

567 5352 708 5404 ritati
755 5351 1001 5405 tribuitur
1044 5353 1392 5417 beneﬁcium,
1445 5367 1655 5423 putetur
1701 5374 1817 5412 esse
1855 5360 1956 5414 deb
1981 5370 2134 5415 tum:

564 5457 685 5496 cum
715 5444 976 5512 malignus
1008 5444 1266 5512 interpres
1288 5446 1542 5514 judicium
1575 5451 1753 5503 cordis
1780 5463 1981 5505 natura:
2007 5456 2132 5505 sub-

565 5533 642 5583 dit
674 5534 941 5602 imperiis,
972 5545 1024 5589 et
1068 5535 1258 5590 tollens
1293 5552 1536 5605 saporem
1568 5539 1881 5609 diligentiae,
1913 5544 2024 5596 sola
2057 5543 2135 5595 vi-

567 5622 793 5674 vendum
822 5633 969 5690 putet
997 5626 1295 5694 objectione
1327 5626 1562 5695 pariendi
1593 5646 1605 5682 :
1637 5630 1848 5698 quando
1878 5630 1995 5698 plus
2018 5648 2132 5685 crc-

562 5710 705 5765 ditnr
737 5713 826 5766 lilii
860 5718 1170 5772 vocabulum
1197 5720 1372 5773 valere
1401 5734 1555 5787 quam
1588 5722 1654 5774 oli
1686 5727 1920 5789 eqttiitm,
1952 5733 2002 5775 ct
2028 5738 2129 5773 non

2264 3268 2382 3321 bilis
2405 3267 2503 3322 viri
2533 3268 2850 3338 compendia
2885 3270 3171 3336 pudorem,
3204 3269 3368 3338 leges,
3396 3282 3458 3322 ac
3486 3268 3683 3337 reliqua
3716 3284 3835 3337 qua:

2264 3372 2357 3426 per
2384 3358 2761 3412 conscientiam
2789 3370 3019 3437 vestram
3053 3361 3380 3424 subsistunt,
3408 3359 3713 3428 reipublicae
3738 3372 3833 3413 or-

2262 3458 2506 3500 namenta
2538 3448 2805 3501 muniatis.
2843 3448 2988 3501 Vale.

2821 3539 3148 3594 EPISTULA
3186 3541 3265 3594 Vl.

2775 3645 3028 3683 ENNODIL‘S
3069 3646 3130 3684 AG
3145 3647 3214 3683 \Pl
3228 3649 3243 3682 ἶ
3257 3646 3311 3685 0.

2328 3718 2558 3785 Credidi,
2587 3730 2859 3789 postquam
2892 3722 3197 3791 magnitudo
3228 3732 3398 3776 vestra
3428 3722 3580 3776 bonis
3607 3732 3690 3776 est
3720 3724 3823 3776 im-

2258 3829 2418 3883 pensa
2451 3815 2822 3881 generalibus.
2871 3825 2925 3868 et
2967 3817 3130 3868 otium
3179 3816 3422 3885 migravit
3466 3817 3515 3869 in
3560 3816 3825 3885 gloriam;

2258 3913 2533 3973 postquam
2561 3904 2956 3958 Ravennatibus
2977 3906 3216 3959 excubiis
3237 3907 3497 3973 occupati,
3526 3904 3650 3957 dum
3682 3906 3831 3973 quie-

2258 4005 2361 4047 tem
2396 4004 2625 4049 vestram
2667 3995 2960 4063 negligitis,
2997 4008 3231 4048 noStram
3263 3996 3406 4048 omni
3440 3995 3704 4049 soliditate
3736 3995 3828 4047 llr-

2256 4087 2440 4147 matis;
2471 4093 2524 4137 et
2559 4084 2795 4152 privatus
2825 4086 3008 4153 genius
3051 4085 3114 4138 ad
3151 4086 3293 4154 regni
3327 4085 3518 4138 decora
3554 4083 3827 4147 transivit;

2255 4175 2465 4242 quando
2493 4191 2678 4228 novam
2708 4175 2902 4240 lucem,
2934 4176 2998 4230 de
3021 4176 3329 4230 domesticis
3352 4172 3669 4231 abstra'ctam
3702 4178 3831 4230 sini-

2256 4265 2380 4329 lnts,
2428 4264 2695 4319 Palatinus
2735 4267 2832 4319 sibi
2881 4267 3050 4336 fulgor
3097 4267 3320 4336 adjecit;
3370 4279 3423 4322 et
3469 4269 3827 4338 angustiorem

2256 4355 2417 4410 fuisse
2448 4357 2594 4424 regni
2642 4356 2721 4411 sui
2768 4373 3012 4427 pompam
3062 4374 3238 4412 rerum
3288 4359 3534 4413 dominus
3573 4374 3692 4413 cum
3732 4372 3830 4411 vos

2257 4464 2361 4519 non
2409 4448 2625 4513 habuit,
2660 4459 2803 4503 recte
2846 4453 3059 4503 metitus
3088 4460 3199 4513 est;
3236 4467 3329 4517 pro
3362 4450 3626 4504 vicinitate
3656 4448 3829 4518 regia-

2258 4556 2413 4605 num,
2456 4540 2660 4594 crebris
2704 4554 2788 4593 me
2825 4539 3168 4593 relevandum
3213 4554 3333 4595 esse
3375 4540 3673 4608 colloquiis.
3722 4538 3826 4593 Sed

2260 4632 2619 4688 inefﬁcacibus
2662 4631 2774 4700 spei
2824 4647 2955 4685 nica:
3006 4632 3241 4686 luserunt
3283 4644 3496 4700 peccata
3544 4631 3823 4694 consiliis;

2260 4727 2428 4777 nullas
2452 4724 2666 4792 paginas
2690 4723 2753 4773 ad
2777 4722 3065 4790 diligentire
3084 4724 3442 4776 testimonium
3468 4737 3615 4776 mens
3637 4737 3824 4775 serena

2258 4813 2584 4869 transmittit.
2616 4812 2787 4866 Grave
2814 4822 2930 4877 est,
2963 4813 3007 4867 si
3053 4828 3290 4865 amorem
3323 4829 3427 4866 non
3472 4814 3637 4867 merui
3666 4830 3680 4866 :
3709 4829 3821 4881 gra-

2256 4907 2403 4971 vius,
2442 4903 2485 4957 si
2533 4918 2687 4971 quem
2733 4919 3010 4969 eiegcram
3043 4902 3178 4956 forte
3224 4903 3451 4957 turbavi.
3484 4903 3607 4956 Scio
3651 4917 3820 4959 .amett
3845 4954 3862 4964 ,

2251 4998 2367 5048 haec
2411 4994 2825 5061 congruentibus
2880 4992 3089 5046 veritati
3140 4993 3539 5047 excusationum
3594 4992 3821 5051 nubibuj

2250 5098 2371 5137 esse
2407 5082 2722 5137 claudenda.
2758 5081 2813 5134 In
2845 5081 3066 5149 privatis
3098 5081 3322 5135 inveniri
3355 5097 3573 5135 munera
3618 5081 3815 5135 littera-

2250 5190 2367 5227 rum
2400 5190 2411 5224 :
2445 5188 2549 5225 non
2583 5187 2671 5227 rec
2695 5187 2726 5226 e
2756 5172 2822 5225 ab
2851 5172 3122 5240 occupatis
3150 5174 3249 5225 ista
3287 5173 3532 5241 disquiri.
3563 5171 3667 5226 Sed
3702 5170 3827 5230 noti

2250 5264 2454 5317 ﬁrmam
2491 5264 2542 5316 in
2578 5264 2855 5317 allectione
2884 5263 3261 5317 conscientiam
3292 5263 3429 5317 inter
3460 5264 3660 5332 qumvis
3694 5278 3825 5329 pott-

2249 5358 2374 5409 dura
2406 5366 2457 5407 et
2478 5357 2702 5409 adversa
2734 5356 3024 5408 districtam
3053 5354 3229 5408 debita
3258 5370 3350 5408 sua
3380 5355 3566 5423 gratiae
3593 5369 3697 5407 non
3732 5368 3821 5408 ne»

2248 5460 2391 5514 gare.
2425 5444 2573 5498 Nunc
2600 5446 2720 5497 nolo
2748 5458 2866 5497 esse
2897 5444 3149 5513 prodigus
3178 5444 3227 5498 in
3255 5445 3507 5514 querelis.
3535 5444 3819 5499 Salutatio-

2248 5537 2329 5589 nis
2361 5540 2712 5589 reverentiam
2745 5535 2988 5597 solvens,
3027 5534 3306 5603 deprecor,
3340 5543 3397 5589 ut
3426 5535 3825 5604 suggestionem

2246 5645 2399 5697 quam
2432 5631 2568 5695 apud
2616 5644 2707 5681 vos
2737 5628 3042 5694 deposuerit
3090 5629 3431 5696 praesentium
3478 5630 3725 5699 portitor,
3754 5626 3819 5682 ad

2248 5722 2474 5775 vetivum
2508 5722 2808 5781 perducaris
2837 5721 3100 5775 effectum.
