  <div class='ocr_page' id='page_1' title='image "/cluster/home/n/w/nwhite01/storage/ocr_20150623/63/hvd.32044073498792/042.png"; bbox 0 0 4186 6252; ppageno 0'>
   <div class='ocr_carea' id='block_1_1' title="bbox 339 316 3591 382">
    <p class='ocr_par' dir='ltr' id='par_1_1' title="bbox 339 316 3591 382">
     <span class='ocr_line' id='line_1_1' title="bbox 339 316 3591 382; baseline -0.002 0"><span class='ocrx_word' id='word_1_1' title='bbox 339 326 399 382; x_wconf 79' lang='lat'><strong>75</strong></span> <span class='ocrx_word' id='word_1_2' title='bbox 686 374 689 379; x_wconf 98' lang='lat'><strong>.</strong></span> <span class='ocrx_word' id='word_1_3' title='bbox 1592 316 2066 375; x_wconf 77' lang='lat' dir='ltr'><strong>EPISTOLARUM</strong></span> <span class='ocrx_word' id='word_1_4' title='bbox 2104 318 2231 377; x_wconf 83' lang='lat' dir='ltr'><strong>LIB.</strong></span> <span class='ocrx_word' id='word_1_5' title='bbox 2272 318 2359 373; x_wconf 77' lang='lat' dir='ltr'><strong>IV.</strong></span> <span class='ocrx_word' id='word_1_6' title='bbox 3522 316 3591 375; x_wconf 69' lang='grc'><strong>74</strong></span> 
     </span>
    </p>
   </div>
   <div class='ocr_carea' id='block_1_2' title="bbox 890 426 1365 486">
    <p class='ocr_par' dir='ltr' id='par_1_2' title="bbox 890 426 1365 486">
     <span class='ocr_line' id='line_1_2' title="bbox 890 426 1365 486; baseline -0.008 0"><span class='ocrx_word' id='word_1_7' title='bbox 890 429 1218 486; x_wconf 82' lang='lat' dir='ltr'><strong>EPISTOLA</strong></span> <span class='ocrx_word' id='word_1_8' title='bbox 1257 426 1365 484; x_wconf 82' lang='lat' dir='ltr'><strong>VII.</strong></span> 
     </span>
    </p>
   </div>
   <div class='ocr_carea' id='block_1_3' title="bbox 666 524 1584 578">
    <p class='ocr_par' dir='ltr' id='par_1_3' title="bbox 666 524 1584 578">
     <span class='ocr_line' id='line_1_3' title="bbox 666 524 1584 578; baseline -0.007 -1"><span class='ocrx_word' id='word_1_9' title='bbox 666 536 922 578; x_wconf 71' lang='lat' dir='ltr'><strong>ruuomus</strong></span> <span class='ocrx_word' id='word_1_10' title='bbox 960 524 977 553; x_wconf 81' lang='grc'>¹</span> <span class='ocrx_word' id='word_1_11' title='bbox 1017 537 1235 577; x_wconf 68' lang='lat' dir='ltr'><strong>romano</strong></span> <span class='ocrx_word' id='word_1_12' title='bbox 1270 537 1323 575; x_wconf 91' lang='lat' dir='ltr'><strong>v.</strong></span> <span class='ocrx_word' id='word_1_13' title='bbox 1364 536 1401 574; x_wconf 82' lang='grc' dir='ltr'><strong>ι.</strong></span> <span class='ocrx_word' id='word_1_14' title='bbox 1443 535 1495 575; x_wconf 91' lang='lat' dir='ltr'><strong>c.</strong></span> <span class='ocrx_word' id='word_1_15' title='bbox 1537 537 1584 573; x_wconf 76' lang='grc' dir='ltr'><strong>ρ.</strong></span> 
     </span>
    </p>
   </div>
   <div class='ocr_carea' id='block_1_4' title="bbox 366 598 1915 687">
    <p class='ocr_par' dir='ltr' id='par_1_4' title="bbox 366 598 1915 687">
     <span class='ocr_line' id='line_1_4' title="bbox 366 598 1915 687; baseline -0.007 -12"><span class='ocrx_word' id='word_1_16' title='bbox 366 598 371 607; x_wconf 50' lang='grc'><strong>’</strong></span> <span class='ocrx_word' id='word_1_17' title='bbox 399 616 626 687; x_wconf 83' lang='lat' dir='ltr'><strong>Suscepi</strong></span> <span class='ocrx_word' id='word_1_18' title='bbox 653 617 859 671; x_wconf 76' lang='lat' dir='ltr'><strong>litteras</strong></span> <span class='ocrx_word' id='word_1_19' title='bbox 899 616 1110 686; x_wconf 89' lang='lat' dir='ltr'><strong>gemino</strong></span> <span class='ocrx_word' id='word_1_20' title='bbox 1139 614 1426 685; x_wconf 86' lang='lat' dir='ltr'><strong>splendore</strong></span> <span class='ocrx_word' id='word_1_21' title='bbox 1457 611 1724 667; x_wconf 82' lang='lat' dir='ltr'><strong>radiantes</strong></span> <span class='ocrx_word' id='word_1_22' title='bbox 1750 628 1763 664; x_wconf 91' lang='lat'><strong>:</strong></span> <span class='ocrx_word' id='word_1_23' title='bbox 1795 611 1915 681; x_wconf 88' lang='lat' dir='ltr'><strong>qui-</strong></span> 
     </span>
    </p>
   </div>
   <div class='ocr_carea' id='block_1_5' title="bbox 337 701 1915 779">
    <p class='ocr_par' dir='ltr' id='par_1_5' title="bbox 337 701 1915 779">
     <span class='ocr_line' id='line_1_5' title="bbox 337 701 1915 779; baseline -0.008 -12"><span class='ocrx_word' id='word_1_24' title='bbox 337 714 427 769; x_wconf 87' lang='lat' dir='ltr'><strong>bus</strong></span> <span class='ocrx_word' id='word_1_25' title='bbox 454 723 691 779; x_wconf 82' lang='lat' dir='ltr'><strong>purpura</strong></span> <span class='ocrx_word' id='word_1_26' title='bbox 713 706 989 762; x_wconf 82' lang='lat' dir='ltr'><strong>dictatoris</strong></span> <span class='ocrx_word' id='word_1_27' title='bbox 1013 717 1205 761; x_wconf 73' lang='lat' dir='ltr'><strong>vestrte</strong></span> <span class='ocrx_word' id='word_1_28' title='bbox 1224 706 1407 774; x_wconf 84' lang='lat' dir='ltr'><strong>juncta</strong></span> <span class='ocrx_word' id='word_1_29' title='bbox 1429 702 1721 773; x_wconf 77' lang='lat' dir='ltr'><strong>dignatiooi</strong></span> <span class='ocrx_word' id='word_1_30' title='bbox 1745 701 1915 756; x_wconf 90' lang='lat' dir='ltr'><strong>crevit</strong></span> 
     </span>
    </p>
   </div>
   <div class='ocr_carea' id='block_1_6' title="bbox 340 792 1915 875">
    <p class='ocr_par' dir='ltr' id='par_1_6' title="bbox 340 792 1915 875">
     <span class='ocr_line' id='line_1_6' title="bbox 340 792 1915 875; baseline -0.009 -14"><span class='ocrx_word' id='word_1_31' title='bbox 340 806 385 861; x_wconf 93' lang='lat' dir='ltr'><strong>in</strong></span> <span class='ocrx_word' id='word_1_32' title='bbox 409 804 644 875; x_wconf 86' lang='lat' dir='ltr'><strong>pretium</strong></span> <span class='ocrx_word' id='word_1_33' title='bbox 673 820 685 854; x_wconf 88' lang='lat'><strong>:</strong></span> <span class='ocrx_word' id='word_1_34' title='bbox 718 799 916 870; x_wconf 79' lang='lat' dir='ltr'><strong>gratias</strong></span> <span class='ocrx_word' id='word_1_35' title='bbox 944 798 1293 868; x_wconf 73' lang='lat' dir='ltr'><strong>omnipotenti</strong></span> <span class='ocrx_word' id='word_1_36' title='bbox 1338 798 1445 851; x_wconf 92' lang='lat' dir='ltr'><strong>Deo</strong></span> <span class='ocrx_word' id='word_1_37' title='bbox 1472 796 1793 857; x_wconf 89' lang='lat' dir='ltr'><strong>restituens,</strong></span> <span class='ocrx_word' id='word_1_38' title='bbox 1825 792 1915 862; x_wconf 90' lang='lat' dir='ltr'><strong>qui</strong></span> 
     </span>
    </p>
   </div>
   <div class='ocr_carea' id='block_1_7' title="bbox 340 887 1920 956">
    <p class='ocr_par' dir='ltr' id='par_1_7' title="bbox 340 887 1920 956">
     <span class='ocr_line' id='line_1_7' title="bbox 340 887 1920 956; baseline -0.008 -4"><span class='ocrx_word' id='word_1_39' title='bbox 340 905 579 952; x_wconf 81' lang='lat' dir='ltr'><strong>votorum</strong></span> <span class='ocrx_word' id='word_1_40' title='bbox 610 895 836 948; x_wconf 91' lang='lat' dir='ltr'><strong>maciem</strong></span> <span class='ocrx_word' id='word_1_41' title='bbox 864 891 1107 946; x_wconf 88' lang='lat' dir='ltr'><strong>beneficii</strong></span> <span class='ocrx_word' id='word_1_42' title='bbox 1138 891 1377 945; x_wconf 89' lang='lat' dir='ltr'><strong>ubertate</strong></span> <span class='ocrx_word' id='word_1_43' title='bbox 1404 887 1794 956; x_wconf 50' lang='lat' dir='ltr'><strong>transgreditur</strong></span> <span class='ocrx_word' id='word_1_44' title='bbox 1820 904 1832 938; x_wconf 92' lang='lat'>:</span> <span class='ocrx_word' id='word_1_45' title='bbox 1863 891 1920 939; x_wconf 92' lang='lat' dir='ltr'><strong>ut</strong></span> 
     </span>
    </p>
   </div>
   <div class='ocr_carea' id='block_1_8' title="bbox 341 980 1920 1060">
    <p class='ocr_par' dir='ltr' id='par_1_8' title="bbox 341 980 1920 1060">
     <span class='ocr_line' id='line_1_8' title="bbox 341 980 1920 1060; baseline -0.008 -18"><span class='ocrx_word' id='word_1_46' title='bbox 341 986 547 1060; x_wconf 84' lang='lat' dir='ltr'><strong>quando</strong></span> <span class='ocrx_word' id='word_1_47' title='bbox 573 986 627 1040; x_wconf 91' lang='lat' dir='ltr'><strong>in</strong></span> <span class='ocrx_word' id='word_1_48' title='bbox 668 982 980 1047; x_wconf 89' lang='lat' dir='ltr'><strong>desideriis,</strong></span> <span class='ocrx_word' id='word_1_49' title='bbox 1024 983 1333 1036; x_wconf 87' lang='lat' dir='ltr'><strong>meritorum</strong></span> <span class='ocrx_word' id='word_1_50' title='bbox 1380 980 1613 1041; x_wconf 88' lang='lat' dir='ltr'><strong>conscii,</strong></span> <span class='ocrx_word' id='word_1_51' title='bbox 1647 988 1920 1033; x_wconf 84' lang='lat' dir='ltr'><strong>sectamur</strong></span> 
     </span>
    </p>
   </div>
   <div class='ocr_carea' id='block_1_9' title="bbox 338 1069 1916 1148">
    <p class='ocr_par' dir='ltr' id='par_1_9' title="bbox 338 1069 1916 1148">
     <span class='ocr_line' id='line_1_9' title="bbox 338 1069 1916 1148; baseline -0.006 -16"><span class='ocrx_word' id='word_1_52' title='bbox 338 1078 633 1148; x_wconf 70' lang='lat' dir='ltr'><strong>angustiam</strong></span> <span class='ocrx_word' id='word_1_53' title='bbox 654 1116 669 1141; x_wconf 95' lang='lat'><strong>,</strong></span> <span class='ocrx_word' id='word_1_54' title='bbox 703 1075 885 1129; x_wconf 85' lang='lat' dir='ltr'><strong>divitis</strong></span> <span class='ocrx_word' id='word_1_55' title='bbox 916 1073 1256 1142; x_wconf 78' lang='lat' dir='ltr'><strong>indulgentiae</strong></span> <span class='ocrx_word' id='word_1_56' title='bbox 1298 1073 1480 1141; x_wconf 85' lang='lat' dir='ltr'><strong>copias</strong></span> <span class='ocrx_word' id='word_1_57' title='bbox 1520 1086 1626 1124; x_wconf 93' lang='lat' dir='ltr'><strong>non</strong></span> <span class='ocrx_word' id='word_1_58' title='bbox 1659 1069 1916 1124; x_wconf 90' lang='lat' dir='ltr'><strong>refrenet.</strong></span> 
     </span>
    </p>
   </div>
   <div class='ocr_carea' id='block_1_10' title="bbox 341 1157 1923 1230">
    <p class='ocr_par' dir='ltr' id='par_1_10' title="bbox 341 1157 1923 1230">
     <span class='ocr_line' id='line_1_10' title="bbox 341 1157 1923 1230; baseline -0.008 -5"><span class='ocrx_word' id='word_1_59' title='bbox 341 1168 551 1226; x_wconf 85' lang='lat' dir='ltr'><strong>Credidi</strong></span> <span class='ocrx_word' id='word_1_60' title='bbox 591 1168 724 1221; x_wconf 85' lang='lat' dir='ltr'><strong>satis</strong></span> <span class='ocrx_word' id='word_1_61' title='bbox 765 1168 920 1229; x_wconf 88' lang='lat' dir='ltr'><strong>esse,</strong></span> <span class='ocrx_word' id='word_1_62' title='bbox 952 1164 997 1219; x_wconf 90' lang='lat' dir='ltr'><strong>si</strong></span> <span class='ocrx_word' id='word_1_63' title='bbox 1029 1180 1113 1217; x_wconf 91' lang='lat' dir='ltr'><strong>me</strong></span> <span class='ocrx_word' id='word_1_64' title='bbox 1150 1162 1387 1217; x_wconf 81' lang='lat' dir='ltr'><strong>feceritis</strong></span> <span class='ocrx_word' id='word_1_65' title='bbox 1428 1160 1754 1230; x_wconf 88' lang='lat' dir='ltr'><strong>amplissima</strong></span> <span class='ocrx_word' id='word_1_66' title='bbox 1788 1157 1923 1212; x_wconf 88' lang='lat' dir='ltr'><strong>scri-</strong></span> 
     </span>
    </p>
   </div>
   <div class='ocr_carea' id='block_1_11' title="bbox 340 1248 1922 1331">
    <p class='ocr_par' dir='ltr' id='par_1_11' title="bbox 340 1248 1922 1331">
     <span class='ocr_line' id='line_1_11' title="bbox 340 1248 1922 1331; baseline -0.006 -18"><span class='ocrx_word' id='word_1_67' title='bbox 340 1262 518 1331; x_wconf 88' lang='lat' dir='ltr'><strong>ptione</strong></span> <span class='ocrx_word' id='word_1_68' title='bbox 564 1257 871 1312; x_wconf 89' lang='lat' dir='ltr'><strong>sublimem.</strong></span> <span class='ocrx_word' id='word_1_69' title='bbox 904 1254 1008 1309; x_wconf 86' lang='lat' dir='ltr'><strong>Sed</strong></span> <span class='ocrx_word' id='word_1_70' title='bbox 1041 1269 1136 1307; x_wconf 88' lang='lat' dir='ltr'><strong>vos</strong></span> <span class='ocrx_word' id='word_1_71' title='bbox 1166 1268 1271 1307; x_wconf 92' lang='lat' dir='ltr'><strong>non</strong></span> <span class='ocrx_word' id='word_1_72' title='bbox 1312 1253 1412 1307; x_wconf 91' lang='lat' dir='ltr'><strong>hoc</strong></span> <span class='ocrx_word' id='word_1_73' title='bbox 1452 1261 1656 1306; x_wconf 90' lang='lat' dir='ltr'><strong>tantum</strong></span> <span class='ocrx_word' id='word_1_74' title='bbox 1684 1248 1922 1304; x_wconf 80' lang='lat' dir='ltr'><strong>contenti</strong></span> 
     </span>
    </p>
   </div>
   <div class='ocr_carea' id='block_1_12' title="bbox 339 1341 1920 1420">
    <p class='ocr_par' dir='ltr' id='par_1_12' title="bbox 339 1341 1920 1420">
     <span class='ocr_line' id='line_1_12' title="bbox 339 1341 1920 1420; baseline -0.009 -16"><span class='ocrx_word' id='word_1_75' title='bbox 339 1361 624 1420; x_wconf 58' lang='lat' dir='ltr'><strong>prastare,</strong></span> <span class='ocrx_word' id='word_1_76' title='bbox 665 1347 805 1414; x_wconf 89' lang='lat' dir='ltr'><strong>quod</strong></span> <span class='ocrx_word' id='word_1_77' title='bbox 853 1346 1014 1398; x_wconf 82' lang='lat' dir='ltr'><strong>habet</strong></span> <span class='ocrx_word' id='word_1_78' title='bbox 1060 1343 1304 1397; x_wconf 90' lang='lat' dir='ltr'><strong>mendica</strong></span> <span class='ocrx_word' id='word_1_79' title='bbox 1350 1342 1671 1411; x_wconf 84' lang='lat' dir='ltr'><strong>postulatio,</strong></span> <span class='ocrx_word' id='word_1_80' title='bbox 1725 1341 1920 1408; x_wconf 74' lang='lat' dir='ltr'><strong>linguze</strong></span> 
     </span>
    </p>
   </div>
   <div class='ocr_carea' id='block_1_13' title="bbox 344 1432 1925 1504">
    <p class='ocr_par' dir='ltr' id='par_1_13' title="bbox 344 1432 1925 1504">
     <span class='ocr_line' id='line_1_13' title="bbox 344 1432 1925 1504; baseline -0.007 -10"><span class='ocrx_word' id='word_1_81' title='bbox 344 1440 557 1494; x_wconf 84' lang='lat' dir='ltr'><strong>idoneas</strong></span> <span class='ocrx_word' id='word_1_82' title='bbox 593 1449 648 1493; x_wconf 91' lang='lat' dir='ltr'><strong>et</strong></span> <span class='ocrx_word' id='word_1_83' title='bbox 678 1436 835 1491; x_wconf 87' lang='lat' dir='ltr'><strong>laude</strong></span> <span class='ocrx_word' id='word_1_84' title='bbox 861 1435 1158 1504; x_wconf 80' lang='lat' dir='ltr'><strong>locupletes</strong></span> <span class='ocrx_word' id='word_1_85' title='bbox 1213 1434 1429 1503; x_wconf 79' lang='lat' dir='ltr'><strong>paginas</strong></span> <span class='ocrx_word' id='word_1_86' title='bbox 1457 1432 1736 1487; x_wconf 74' lang='lat' dir='ltr'><strong>destinatis</strong></span> <span class='ocrx_word' id='word_1_87' title='bbox 1771 1449 1784 1484; x_wconf 93' lang='lat'><strong>:</strong></span> <span class='ocrx_word' id='word_1_88' title='bbox 1813 1446 1925 1484; x_wconf 81' lang='lat' dir='ltr'><strong>ma-</strong></span> 
     </span>
    </p>
   </div>
   <div class='ocr_carea' id='block_1_14' title="bbox 346 1523 1926 1603">
    <p class='ocr_par' dir='ltr' id='par_1_14' title="bbox 346 1523 1926 1603">
     <span class='ocr_line' id='line_1_14' title="bbox 346 1523 1926 1603; baseline -0.007 -16"><span class='ocrx_word' id='word_1_89' title='bbox 346 1534 429 1603; x_wconf 87' lang='lat' dir='ltr'><strong>gni</strong></span> <span class='ocrx_word' id='word_1_90' title='bbox 456 1547 601 1586; x_wconf 89' lang='lat' dir='ltr'><strong>more</strong></span> <span class='ocrx_word' id='word_1_91' title='bbox 627 1531 864 1585; x_wconf 82' lang='lat' dir='ltr'><strong>ﬂuminis</strong></span> <span class='ocrx_word' id='word_1_92' title='bbox 885 1569 901 1593; x_wconf 94' lang='lat'><strong>,</strong></span> <span class='ocrx_word' id='word_1_93' title='bbox 933 1529 1021 1598; x_wconf 85' lang='lat' dir='ltr'><strong>qui</strong></span> <span class='ocrx_word' id='word_1_94' title='bbox 1053 1529 1300 1597; x_wconf 88' lang='lat' dir='ltr'><strong>quotiens</strong></span> <span class='ocrx_word' id='word_1_95' title='bbox 1332 1528 1396 1579; x_wconf 90' lang='lat' dir='ltr'><strong>ab</strong></span> <span class='ocrx_word' id='word_1_96' title='bbox 1419 1525 1604 1591; x_wconf 79' lang='lat' dir='ltr'><strong>alveis,</strong></span> <span class='ocrx_word' id='word_1_97' title='bbox 1629 1534 1684 1579; x_wconf 90' lang='lat' dir='ltr'><strong>ut</strong></span> <span class='ocrx_word' id='word_1_98' title='bbox 1710 1523 1926 1578; x_wconf 78' lang='lat' dir='ltr'><strong>aridita-</strong></span> 
     </span>
    </p>
   </div>
   <div class='ocr_carea' id='block_1_15' title="bbox 346 1614 1925 1688">
    <p class='ocr_par' dir='ltr' id='par_1_15' title="bbox 346 1614 1925 1688">
     <span class='ocr_line' id='line_1_15' title="bbox 346 1614 1925 1688; baseline -0.008 -8"><span class='ocrx_word' id='word_1_99' title='bbox 346 1634 444 1680; x_wconf 89' lang='lat' dir='ltr'><strong>tem</strong></span> <span class='ocrx_word' id='word_1_100' title='bbox 468 1625 743 1678; x_wconf 89' lang='lat' dir='ltr'><strong>finitimam</strong></span> <span class='ocrx_word' id='word_1_101' title='bbox 766 1631 1050 1688; x_wconf 86' lang='lat' dir='ltr'><strong>temperet,</strong></span> <span class='ocrx_word' id='word_1_102' title='bbox 1074 1620 1139 1673; x_wconf 89' lang='lat' dir='ltr'><strong>ad</strong></span> <span class='ocrx_word' id='word_1_103' title='bbox 1166 1620 1377 1688; x_wconf 88' lang='lat' dir='ltr'><strong>obliqua</strong></span> <span class='ocrx_word' id='word_1_104' title='bbox 1418 1618 1691 1681; x_wconf 84' lang='lat' dir='ltr'><strong>invitatur,</strong></span> <span class='ocrx_word' id='word_1_105' title='bbox 1717 1614 1925 1682; x_wconf 83' lang='lat' dir='ltr'><strong>Optauti</strong></span> 
     </span>
    </p>
   </div>
   <div class='ocr_carea' id='block_1_16' title="bbox 351 1705 1926 1776">
    <p class='ocr_par' dir='ltr' id='par_1_16' title="bbox 351 1705 1926 1776">
     <span class='ocr_line' id='line_1_16' title="bbox 351 1705 1926 1776; baseline -0.008 -5"><span class='ocrx_word' id='word_1_106' title='bbox 351 1727 555 1771; x_wconf 71' lang='lat' dir='ltr'><strong>tenuem</strong></span> <span class='ocrx_word' id='word_1_107' title='bbox 583 1715 812 1769; x_wconf 79' lang='lat' dir='ltr'><strong>rivulum</strong></span> <span class='ocrx_word' id='word_1_108' title='bbox 843 1721 983 1767; x_wconf 82' lang='lat' dir='ltr'><strong>totus</strong></span> <span class='ocrx_word' id='word_1_109' title='bbox 1017 1711 1273 1776; x_wconf 88' lang='lat' dir='ltr'><strong>illabitur,</strong></span> <span class='ocrx_word' id='word_1_110' title='bbox 1307 1717 1361 1764; x_wconf 90' lang='lat' dir='ltr'><strong>ct</strong></span> <span class='ocrx_word' id='word_1_111' title='bbox 1389 1708 1623 1762; x_wconf 87' lang='lat' dir='ltr'><strong>marcida</strong></span> <span class='ocrx_word' id='word_1_112' title='bbox 1660 1705 1926 1775; x_wconf 83' lang='lat' dir='ltr'><strong>profundo</strong></span> 
     </span>
    </p>
   </div>
   <div class='ocr_carea' id='block_1_17' title="bbox 1935 424 3590 498">
    <p class='ocr_par' dir='ltr' id='par_1_17' title="bbox 1935 424 3590 498">
     <span class='ocr_line' id='line_1_17' title="bbox 1935 424 3590 498; baseline 0.001 -16"><span class='ocrx_word' id='word_1_113' title='bbox 1935 434 2109 493; x_wconf 69' lang='lat' dir='ltr'><strong>Avos</strong></span> <span class='ocrx_word' id='word_1_114' title='bbox 2144 427 2388 483; x_wconf 88' lang='lat' dir='ltr'><strong>dedistis.</strong></span> <span class='ocrx_word' id='word_1_115' title='bbox 2433 424 2595 497; x_wconf 87' lang='lat' dir='ltr'><strong>Cujus</strong></span> <span class='ocrx_word' id='word_1_116' title='bbox 2632 428 2902 498; x_wconf 80' lang='lat' dir='ltr'><strong>negotium</strong></span> <span class='ocrx_word' id='word_1_117' title='bbox 2946 440 3066 483; x_wconf 91' lang='lat' dir='ltr'><strong>cum</strong></span> <span class='ocrx_word' id='word_1_118' title='bbox 3116 434 3301 482; x_wconf 89' lang='lat' dir='ltr'><strong>sancta</strong></span> <span class='ocrx_word' id='word_1_119' title='bbox 3346 426 3590 484; x_wconf 84' lang='lat' dir='ltr'><strong>Ecclesia</strong></span> 
     </span>
    </p>
   </div>
   <div class='ocr_carea' id='block_1_18' title="bbox 2019 518 3594 590">
    <p class='ocr_par' dir='ltr' id='par_1_18' title="bbox 2019 518 3594 590">
     <span class='ocr_line' id='line_1_18' title="bbox 2019 518 3594 590; baseline 0.001 -15"><span class='ocrx_word' id='word_1_120' title='bbox 2019 532 2191 577; x_wconf 90' lang='lat' dir='ltr'><strong>vestra</strong></span> <span class='ocrx_word' id='word_1_121' title='bbox 2227 520 2459 590; x_wconf 84' lang='lat' dir='ltr'><strong>legitima</strong></span> <span class='ocrx_word' id='word_1_122' title='bbox 2503 522 2745 590; x_wconf 91' lang='lat' dir='ltr'><strong>pactione</strong></span> <span class='ocrx_word' id='word_1_123' title='bbox 2781 520 3020 575; x_wconf 87' lang='lat' dir='ltr'><strong>decisum</strong></span> <span class='ocrx_word' id='word_1_124' title='bbox 3066 529 3180 586; x_wconf 91' lang='lat' dir='ltr'><strong>est;</strong></span> <span class='ocrx_word' id='word_1_125' title='bbox 3213 519 3309 574; x_wconf 92' lang='lat' dir='ltr'><strong>sed</strong></span> <span class='ocrx_word' id='word_1_126' title='bbox 3348 518 3594 576; x_wconf 68' lang='lat' dir='ltr'><strong>haeredes</strong></span> 
     </span>
    </p>
   </div>
   <div class='ocr_carea' id='block_1_19' title="bbox 2018 611 3595 684">
    <p class='ocr_par' dir='ltr' id='par_1_19' title="bbox 2018 611 3595 684">
     <span class='ocr_line' id='line_1_19' title="bbox 2018 611 3595 684; baseline 0.001 -16"><span class='ocrx_word' id='word_1_127' title='bbox 2018 614 2134 684; x_wconf 86' lang='lat' dir='ltr'><strong>ejus</strong></span> <span class='ocrx_word' id='word_1_128' title='bbox 2162 629 2256 682; x_wconf 92' lang='lat' dir='ltr'><strong>per</strong></span> <span class='ocrx_word' id='word_1_129' title='bbox 2277 628 2445 666; x_wconf 89' lang='lat' dir='ltr'><strong>annos</strong></span> <span class='ocrx_word' id='word_1_130' title='bbox 2477 614 2763 681; x_wconf 89' lang='lat' dir='ltr'><strong>plurimos,</strong></span> <span class='ocrx_word' id='word_1_131' title='bbox 2793 612 3000 668; x_wconf 89' lang='lat' dir='ltr'><strong>debitos</strong></span> <span class='ocrx_word' id='word_1_132' title='bbox 3031 613 3132 667; x_wconf 89' lang='lat' dir='ltr'><strong>sibi</strong></span> <span class='ocrx_word' id='word_1_133' title='bbox 3163 611 3367 667; x_wconf 90' lang='lat' dir='ltr'><strong>fructus</strong></span> <span class='ocrx_word' id='word_1_134' title='bbox 3397 613 3595 669; x_wconf 89' lang='lat' dir='ltr'><strong>deﬂent</strong></span> 
     </span>
    </p>
   </div>
   <div class='ocr_carea' id='block_1_20' title="bbox 2020 705 3596 774">
    <p class='ocr_par' dir='ltr' id='par_1_20' title="bbox 2020 705 3596 774">
     <span class='ocr_line' id='line_1_20' title="bbox 2020 705 3596 774; baseline 0.001 -15"><span class='ocrx_word' id='word_1_135' title='bbox 2020 706 2185 760; x_wconf 83' lang='lat' dir='ltr'><strong>fuisse</strong></span> <span class='ocrx_word' id='word_1_136' title='bbox 2210 706 2533 760; x_wconf 90' lang='lat' dir='ltr'><strong>subtractos.</strong></span> <span class='ocrx_word' id='word_1_137' title='bbox 2563 705 2669 759; x_wconf 88' lang='lat' dir='ltr'><strong>Pro</strong></span> <span class='ocrx_word' id='word_1_138' title='bbox 2690 706 2880 774; x_wconf 90' lang='lat' dir='ltr'><strong>quibus</strong></span> <span class='ocrx_word' id='word_1_139' title='bbox 2902 707 3061 761; x_wconf 83' lang='lat' dir='ltr'><strong>vestri</strong></span> <span class='ocrx_word' id='word_1_140' title='bbox 3084 707 3328 761; x_wconf 87' lang='lat' dir='ltr'><strong>conscius</strong></span> <span class='ocrx_word' id='word_1_141' title='bbox 3353 715 3596 774; x_wconf 81' lang='lat' dir='ltr'><strong>precator</strong></span> 
     </span>
    </p>
   </div>
   <div class='ocr_carea' id='block_1_21' title="bbox 2020 798 3597 865">
    <p class='ocr_par' dir='ltr' id='par_1_21' title="bbox 2020 798 3597 865">
     <span class='ocr_line' id='line_1_21' title="bbox 2020 798 3597 865; baseline 0.001 -14"><span class='ocrx_word' id='word_1_142' title='bbox 2020 798 2217 853; x_wconf 87' lang='lat' dir='ltr'><strong>accedo</strong></span> <span class='ocrx_word' id='word_1_143' title='bbox 2251 814 2263 850; x_wconf 90' lang='lat'>:</span> <span class='ocrx_word' id='word_1_144' title='bbox 2299 798 2422 864; x_wconf 87' lang='lat' dir='ltr'><strong>quia</strong></span> <span class='ocrx_word' id='word_1_145' title='bbox 2462 798 2544 851; x_wconf 88' lang='lat' dir='ltr'><strong>cui</strong></span> <span class='ocrx_word' id='word_1_146' title='bbox 2576 813 2692 851; x_wconf 88' lang='lat' dir='ltr'><strong>mos</strong></span> <span class='ocrx_word' id='word_1_147' title='bbox 2720 807 2802 851; x_wconf 86' lang='lat' dir='ltr'><strong>est</strong></span> <span class='ocrx_word' id='word_1_148' title='bbox 2847 798 2926 865; x_wconf 90' lang='lat' dir='ltr'><strong>pia</strong></span> <span class='ocrx_word' id='word_1_149' title='bbox 2973 798 3165 865; x_wconf 79' lang='lat' dir='ltr'><strong>jugiter</strong></span> <span class='ocrx_word' id='word_1_150' title='bbox 3207 799 3411 864; x_wconf 70' lang='lat' dir='ltr'><strong>facere,</strong></span> <span class='ocrx_word' id='word_1_151' title='bbox 3455 798 3597 862; x_wconf 82' lang='lat' dir='ltr'><strong>justa</strong></span> 
     </span>
    </p>
   </div>
   <div class='ocr_carea' id='block_1_22' title="bbox 2024 890 3597 959">
    <p class='ocr_par' dir='ltr' id='par_1_22' title="bbox 2024 890 3597 959">
     <span class='ocr_line' id='line_1_22' title="bbox 2024 890 3597 959; baseline -0.001 -17"><span class='ocrx_word' id='word_1_152' title='bbox 2024 904 2127 942; x_wconf 87' lang='lat' dir='ltr'><strong>non</strong></span> <span class='ocrx_word' id='word_1_153' title='bbox 2161 890 2451 958; x_wconf 89' lang='lat' dir='ltr'><strong>despiciet;</strong></span> <span class='ocrx_word' id='word_1_154' title='bbox 2484 899 2537 943; x_wconf 91' lang='lat' dir='ltr'><strong>et</strong></span> <span class='ocrx_word' id='word_1_155' title='bbox 2565 891 2655 959; x_wconf 90' lang='lat' dir='ltr'><strong>qui</strong></span> <span class='ocrx_word' id='word_1_156' title='bbox 2692 890 2909 957; x_wconf 77' lang='lat' dir='ltr'><strong>largitur</strong></span> <span class='ocrx_word' id='word_1_157' title='bbox 2942 890 3208 955; x_wconf 62' lang='lat' dir='ltr'><strong>prolirium</strong></span> <span class='ocrx_word' id='word_1_158' title='bbox 3231 927 3247 951; x_wconf 91' lang='lat'><strong>,</strong></span> <span class='ocrx_word' id='word_1_159' title='bbox 3290 890 3462 941; x_wconf 74' lang='lat' dir='ltr'><strong>aliena</strong></span> <span class='ocrx_word' id='word_1_160' title='bbox 3494 905 3597 941; x_wconf 81' lang='lat' dir='ltr'><strong>non</strong></span> 
     </span>
    </p>
   </div>
   <div class='ocr_carea' id='block_1_23' title="bbox 2023 980 3598 1049">
    <p class='ocr_par' dir='ltr' id='par_1_23' title="bbox 2023 980 3598 1049">
     <span class='ocr_line' id='line_1_23' title="bbox 2023 980 3598 1049; baseline -0.003 -13"><span class='ocrx_word' id='word_1_161' title='bbox 2023 982 2320 1037; x_wconf 74' lang='lat' dir='ltr'><strong>subtrahet.</strong></span> <span class='ocrx_word' id='word_1_162' title='bbox 2378 983 2533 1036; x_wconf 86' lang='lat' dir='ltr'><strong>Errat</strong></span> <span class='ocrx_word' id='word_1_163' title='bbox 2587 983 2674 1049; x_wconf 92' lang='lat' dir='ltr'><strong>qui</strong></span> <span class='ocrx_word' id='word_1_164' title='bbox 2726 982 2831 1034; x_wconf 90' lang='lat' dir='ltr'><strong>Deo</strong></span> <span class='ocrx_word' id='word_1_165' title='bbox 2881 983 3172 1046; x_wconf 80' lang='lat' dir='ltr'><strong>proximam</strong></span> <span class='ocrx_word' id='word_1_166' title='bbox 3218 980 3508 1033; x_wconf 71' lang='lat' dir='ltr'><strong>cnttsctcttti</strong></span> <span class='ocrx_word' id='word_1_167' title='bbox 3549 994 3598 1031; x_wconf 92' lang='lat' dir='ltr'><strong>m</strong></span> 
     </span>
    </p>
   </div>
   <div class='ocr_carea' id='block_1_24' title="bbox 2025 1073 3600 1127">
    <p class='ocr_par' dir='ltr' id='par_1_24' title="bbox 2025 1073 3600 1127">
     <span class='ocr_line' id='line_1_24' title="bbox 2025 1073 3600 1127; baseline -0.004 0"><span class='ocrx_word' id='word_1_168' title='bbox 2025 1075 2324 1127; x_wconf 84' lang='lat' dir='ltr'><strong>commodis</strong></span> <span class='ocrx_word' id='word_1_169' title='bbox 2371 1074 2539 1127; x_wconf 90' lang='lat' dir='ltr'><strong>credit</strong></span> <span class='ocrx_word' id='word_1_170' title='bbox 2583 1074 2797 1125; x_wconf 89' lang='lat' dir='ltr'><strong>invitari</strong></span> <span class='ocrx_word' id='word_1_171' title='bbox 2830 1092 2840 1124; x_wconf 95' lang='lat'>:</span> <span class='ocrx_word' id='word_1_172' title='bbox 2873 1073 3249 1126; x_wconf 70' lang='lat' dir='ltr'><strong>detrimentum</strong></span> <span class='ocrx_word' id='word_1_173' title='bbox 3294 1084 3374 1124; x_wconf 86' lang='lat' dir='ltr'><strong>est</strong></span> <span class='ocrx_word' id='word_1_174' title='bbox 3406 1088 3509 1123; x_wconf 71' lang='lat' dir='ltr'><strong>san</strong></span> <span class='ocrx_word' id='word_1_175' title='bbox 3537 1081 3600 1121; x_wconf 73' lang='lat' dir='ltr'><strong>tre</strong></span> 
     </span>
    </p>
   </div>
   <div class='ocr_carea' id='block_1_25' title="bbox 2023 1161 3601 1230">
    <p class='ocr_par' dir='ltr' id='par_1_25' title="bbox 2023 1161 3601 1230">
     <span class='ocr_line' id='line_1_25' title="bbox 2023 1161 3601 1230; baseline -0.003 -14"><span class='ocrx_word' id='word_1_176' title='bbox 2023 1165 2279 1216; x_wconf 77' lang='lat' dir='ltr'><strong>voluntati</strong></span> <span class='ocrx_word' id='word_1_177' title='bbox 2318 1178 2425 1217; x_wconf 87' lang='lat' dir='ltr'><strong>non</strong></span> <span class='ocrx_word' id='word_1_178' title='bbox 2480 1164 2736 1218; x_wconf 81' lang='lat' dir='ltr'><strong>exhibere</strong></span> <span class='ocrx_word' id='word_1_179' title='bbox 2767 1164 3102 1217; x_wconf 89' lang='lat' dir='ltr'><strong>beneficium.</strong></span> <span class='ocrx_word' id='word_1_180' title='bbox 3140 1164 3260 1216; x_wconf 74' lang='lat' dir='ltr'><strong>Sol~</strong></span> <span class='ocrx_word' id='word_1_181' title='bbox 3294 1165 3490 1230; x_wconf 70' lang='lat' dir='ltr'><strong>putatis</strong></span> <span class='ocrx_word' id='word_1_182' title='bbox 3522 1161 3601 1211; x_wconf 55' lang='lat' dir='ltr'><strong>lu:-</strong></span> 
     </span>
    </p>
   </div>
   <div class='ocr_carea' id='block_1_26' title="bbox 2026 1254 3602 1322">
    <p class='ocr_par' dir='ltr' id='par_1_26' title="bbox 2026 1254 3602 1322">
     <span class='ocr_line' id='line_1_26' title="bbox 2026 1254 3602 1322; baseline -0.002 -14"><span class='ocrx_word' id='word_1_183' title='bbox 2026 1269 2137 1319; x_wconf 87' lang='lat' dir='ltr'><strong>cra,</strong></span> <span class='ocrx_word' id='word_1_184' title='bbox 2163 1271 2280 1322; x_wconf 67' lang='lat' dir='ltr'><strong>qum</strong></span> <span class='ocrx_word' id='word_1_185' title='bbox 2308 1255 2459 1308; x_wconf 77' lang='lat' dir='ltr'><strong>VttIlIS</strong></span> <span class='ocrx_word' id='word_1_186' title='bbox 2491 1256 2555 1307; x_wconf 89' lang='lat' dir='ltr'><strong>de</strong></span> <span class='ocrx_word' id='word_1_187' title='bbox 2584 1254 2903 1308; x_wconf 61' lang='lat' dir='ltr'><strong>liberalitate</strong></span> <span class='ocrx_word' id='word_1_188' title='bbox 2931 1270 3249 1319; x_wconf 78' lang='lat' dir='ltr'><strong>nascuntur;</strong></span> <span class='ocrx_word' id='word_1_189' title='bbox 3278 1255 3363 1321; x_wconf 87' lang='lat' dir='ltr'><strong>qui</strong></span> <span class='ocrx_word' id='word_1_190' title='bbox 3396 1254 3602 1305; x_wconf 74' lang='lat' dir='ltr'><strong>divitias</strong></span> 
     </span>
    </p>
   </div>
   <div class='ocr_carea' id='block_1_27' title="bbox 2025 1344 3602 1410">
    <p class='ocr_par' dir='ltr' id='par_1_27' title="bbox 2025 1344 3602 1410">
     <span class='ocr_line' id='line_1_27' title="bbox 2025 1344 3602 1410; baseline -0.003 -12"><span class='ocrx_word' id='word_1_191' title='bbox 2025 1346 2150 1398; x_wconf 90' lang='lat' dir='ltr'><strong>dum</strong></span> <span class='ocrx_word' id='word_1_192' title='bbox 2183 1344 2435 1409; x_wconf 91' lang='lat' dir='ltr'><strong>tribuitis,</strong></span> <span class='ocrx_word' id='word_1_193' title='bbox 2461 1346 2721 1410; x_wconf 80' lang='lat' dir='ltr'><strong>accipitis.</strong></span> <span class='ocrx_word' id='word_1_194' title='bbox 2748 1348 2915 1398; x_wconf 82' lang='lat' dir='ltr'><strong>Avara</strong></span> <span class='ocrx_word' id='word_1_195' title='bbox 2942 1356 3020 1397; x_wconf 79' lang='lat' dir='ltr'><strong>est</strong></span> <span class='ocrx_word' id='word_1_196' title='bbox 3049 1346 3373 1410; x_wconf 83' lang='lat' dir='ltr'><strong>dispensatio</strong></span> <span class='ocrx_word' id='word_1_197' title='bbox 3396 1359 3503 1395; x_wconf 48' lang='lat' dir='ltr'><strong>san.</strong></span> <span class='ocrx_word' id='word_1_198' title='bbox 3529 1357 3602 1394; x_wconf 82' lang='lat' dir='ltr'><strong>to-</strong></span> 
     </span>
    </p>
   </div>
   <div class='ocr_carea' id='block_1_28' title="bbox 2026 1436 3603 1503">
    <p class='ocr_par' dir='ltr' id='par_1_28' title="bbox 2026 1436 3603 1503">
     <span class='ocr_line' id='line_1_28' title="bbox 2026 1436 3603 1503; baseline 0.001 -16"><span class='ocrx_word' id='word_1_199' title='bbox 2026 1450 2166 1496; x_wconf 88' lang='lat' dir='ltr'><strong>rum,</strong></span> <span class='ocrx_word' id='word_1_200' title='bbox 2200 1450 2316 1503; x_wconf 71' lang='lat' dir='ltr'><strong>qua:</strong></span> <span class='ocrx_word' id='word_1_201' title='bbox 2348 1437 2419 1487; x_wconf 91' lang='lat' dir='ltr'><strong>nil</strong></span> <span class='ocrx_word' id='word_1_202' title='bbox 2451 1438 2798 1499; x_wconf 75' lang='lat' dir='ltr'><strong>reservando,</strong></span> <span class='ocrx_word' id='word_1_203' title='bbox 2825 1436 3071 1489; x_wconf 83' lang='lat' dir='ltr'><strong>universa</strong></span> <span class='ocrx_word' id='word_1_204' title='bbox 3100 1436 3371 1502; x_wconf 89' lang='lat' dir='ltr'><strong>proprium</strong></span> <span class='ocrx_word' id='word_1_205' title='bbox 3402 1436 3603 1489; x_wconf 81' lang='lat' dir='ltr'><strong>reducit</strong></span> 
     </span>
    </p>
   </div>
   <div class='ocr_carea' id='block_1_29' title="bbox 2030 1525 3606 1594">
    <p class='ocr_par' dir='ltr' id='par_1_29' title="bbox 2030 1525 3606 1594">
     <span class='ocr_line' id='line_1_29' title="bbox 2030 1525 3606 1594; baseline 0.002 -17"><span class='ocrx_word' id='word_1_206' title='bbox 2030 1525 2094 1577; x_wconf 90' lang='lat' dir='ltr'><strong>ad</strong></span> <span class='ocrx_word' id='word_1_207' title='bbox 2137 1527 2427 1579; x_wconf 79' lang='lat' dir='ltr'><strong>meritum:</strong></span> <span class='ocrx_word' id='word_1_208' title='bbox 2460 1527 2602 1579; x_wconf 86' lang='lat' dir='ltr'><strong>nulla</strong></span> <span class='ocrx_word' id='word_1_209' title='bbox 2652 1535 2775 1579; x_wconf 65' lang='lat' dir='ltr'><strong>sunt</strong></span> <span class='ocrx_word' id='word_1_210' title='bbox 2817 1528 3054 1594; x_wconf 81' lang='lat' dir='ltr'><strong>potiora,</strong></span> <span class='ocrx_word' id='word_1_211' title='bbox 3105 1542 3262 1594; x_wconf 78' lang='lat' dir='ltr'><strong>quam</strong></span> <span class='ocrx_word' id='word_1_212' title='bbox 3303 1542 3420 1594; x_wconf 66' lang='lat' dir='ltr'><strong>qua:</strong></span> <span class='ocrx_word' id='word_1_213' title='bbox 3460 1526 3606 1580; x_wconf 77' lang='lat' dir='ltr'><strong>vobil</strong></span> 
     </span>
    </p>
   </div>
   <div class='ocr_carea' id='block_1_30' title="bbox 2027 1618 3607 1687">
    <p class='ocr_par' dir='ltr' id='par_1_30' title="bbox 2027 1618 3607 1687">
     <span class='ocr_line' id='line_1_30' title="bbox 2027 1618 3607 1687; baseline -0.003 -16"><span class='ocrx_word' id='word_1_214' title='bbox 2027 1618 2282 1671; x_wconf 89' lang='lat' dir='ltr'><strong>eveniunt</strong></span> <span class='ocrx_word' id='word_1_215' title='bbox 2310 1618 2377 1672; x_wconf 88' lang='lat' dir='ltr'><strong>de</strong></span> <span class='ocrx_word' id='word_1_216' title='bbox 2404 1619 2647 1687; x_wconf 80' lang='lat' dir='ltr'><strong>largitate</strong></span> <span class='ocrx_word' id='word_1_217' title='bbox 2676 1619 3014 1687; x_wconf 89' lang='lat' dir='ltr'><strong>compendia.</strong></span> <span class='ocrx_word' id='word_1_218' title='bbox 3047 1618 3186 1687; x_wconf 85' lang='lat' dir='ltr'><strong>Ergo</strong></span> <span class='ocrx_word' id='word_1_219' title='bbox 3213 1632 3432 1671; x_wconf 87' lang='lat' dir='ltr'><strong>securus</strong></span> <span class='ocrx_word' id='word_1_220' title='bbox 3462 1632 3607 1670; x_wconf 87' lang='lat' dir='ltr'><strong>com-</strong></span> 
     </span>
    </p>
   </div>
   <div class='ocr_carea' id='block_1_31' title="bbox 2030 1714 3608 1784">
    <p class='ocr_par' dir='ltr' id='par_1_31' title="bbox 2030 1714 3608 1784">
     <span class='ocr_line' id='line_1_31' title="bbox 2030 1714 3608 1784; baseline -0.003 -17"><span class='ocrx_word' id='word_1_221' title='bbox 2030 1716 2280 1784; x_wconf 86' lang='lat' dir='ltr'><strong>prehensi</strong></span> <span class='ocrx_word' id='word_1_222' title='bbox 2308 1716 2555 1783; x_wconf 90' lang='lat' dir='ltr'><strong>superius</strong></span> <span class='ocrx_word' id='word_1_223' title='bbox 2576 1758 2591 1781; x_wconf 96' lang='lat'><strong>,</strong></span> <span class='ocrx_word' id='word_1_224' title='bbox 2632 1715 2932 1768; x_wconf 76' lang='lat' dir='ltr'><strong>lueredibus</strong></span> <span class='ocrx_word' id='word_1_225' title='bbox 2959 1715 3156 1767; x_wconf 83' lang='lat' dir='ltr'><strong>laboris</strong></span> <span class='ocrx_word' id='word_1_226' title='bbox 3184 1714 3400 1782; x_wconf 90' lang='lat' dir='ltr'><strong>promisi</strong></span> <span class='ocrx_word' id='word_1_227' title='bbox 3432 1722 3608 1770; x_wconf 74' lang='lat' dir='ltr'><strong>vestra</strong></span> 
     </span>
    </p>
   </div>
   <div class='ocr_carea' id='block_1_32' title="bbox 351 1796 1930 1879">
    <p class='ocr_par' dir='ltr' id='par_1_32' title="bbox 351 1796 1924 1877">
     <span class='ocr_line' id='line_1_32' title="bbox 351 1796 1924 1877; baseline -0.009 -13"><span class='ocrx_word' id='word_1_228' title='bbox 351 1809 586 1877; x_wconf 85' lang='lat' dir='ltr'><strong>squalore</strong></span> <span class='ocrx_word' id='word_1_229' title='bbox 608 1817 753 1875; x_wconf 85' lang='lat' dir='ltr'><strong>terga</strong></span> <span class='ocrx_word' id='word_1_230' title='bbox 781 1819 875 1874; x_wconf 92' lang='lat' dir='ltr'><strong>per</strong></span> <span class='ocrx_word' id='word_1_231' title='bbox 896 1802 1207 1858; x_wconf 85' lang='lat' dir='ltr'><strong>ebrietatem</strong></span> <span class='ocrx_word' id='word_1_232' title='bbox 1232 1802 1386 1855; x_wconf 77' lang='lat' dir='ltr'><strong>undae</strong></span> <span class='ocrx_word' id='word_1_233' title='bbox 1402 1800 1650 1853; x_wconf 90' lang='lat' dir='ltr'><strong>salutaris</strong></span> <span class='ocrx_word' id='word_1_234' title='bbox 1673 1796 1924 1851; x_wconf 88' lang='lat' dir='ltr'><strong>infundit.</strong></span> 
     </span>
    </p>
   </div>
   <div class='ocr_carea' id='block_1_33' title="bbox 2033 1796 3609 1879">
    <p class='ocr_par' dir='ltr' id='par_1_33' title="bbox 2033 1808 3609 1879">
     <span class='ocr_line' id='line_1_33' title="bbox 2033 1808 3609 1879; baseline -0.003 -15"><span class='ocrx_word' id='word_1_235' title='bbox 2033 1810 2481 1879; x_wconf 90' lang='lat' dir='ltr'><strong>contemplatione</strong></span> <span class='ocrx_word' id='word_1_236' title='bbox 2505 1809 2768 1878; x_wconf 85' lang='lat' dir='ltr'><strong>jacturam</strong></span> <span class='ocrx_word' id='word_1_237' title='bbox 2798 1828 2811 1863; x_wconf 73' lang='grc' dir='ltr'>τ</span> <span class='ocrx_word' id='word_1_238' title='bbox 2841 1823 2936 1861; x_wconf 89' lang='lat' dir='ltr'><strong>vos</strong></span> <span class='ocrx_word' id='word_1_239' title='bbox 2965 1808 3399 1872; x_wconf 86' lang='lat' dir='ltr'><strong>pollicitationem</strong></span> <span class='ocrx_word' id='word_1_240' title='bbox 3432 1819 3609 1859; x_wconf 88' lang='lat' dir='ltr'><strong>meam</strong></span> 
     </span>
    </p>
   </div>
   <div class='ocr_carea' id='block_1_34' title="bbox 350 1891 1925 1959">
    <p class='ocr_par' dir='ltr' id='par_1_34' title="bbox 350 1891 1925 1959">
     <span class='ocr_line' id='line_1_34' title="bbox 350 1891 1925 1959; baseline -0.01 -4"><span class='ocrx_word' id='word_1_241' title='bbox 350 1898 584 1955; x_wconf 82' lang='lat' dir='ltr'><strong>Fortium</strong></span> <span class='ocrx_word' id='word_1_242' title='bbox 617 1907 792 1952; x_wconf 79' lang='lat' dir='ltr'><strong>tamen</strong></span> <span class='ocrx_word' id='word_1_243' title='bbox 822 1908 1042 1951; x_wconf 89' lang='lat' dir='ltr'><strong>servans</strong></span> <span class='ocrx_word' id='word_1_244' title='bbox 1071 1891 1514 1948; x_wconf 90' lang='lat' dir='ltr'><strong>consuetudinem</strong></span> <span class='ocrx_word' id='word_1_245' title='bbox 1544 1903 1888 1959; x_wconf 89' lang='lat' dir='ltr'><strong>personarum</strong></span> <span class='ocrx_word' id='word_1_246' title='bbox 1908 1928 1925 1954; x_wconf 94' lang='lat'><strong>,</strong></span> 
     </span>
    </p>
   </div>
   <div class='ocr_carea' id='block_1_35' title="bbox 345 1982 1923 2059">
    <p class='ocr_par' dir='ltr' id='par_1_35' title="bbox 345 1982 1923 2059">
     <span class='ocr_line' id='line_1_35' title="bbox 345 1982 1923 2059; baseline -0.007 -15"><span class='ocrx_word' id='word_1_247' title='bbox 345 1988 649 2059; x_wconf 86' lang='lat' dir='ltr'><strong>magnitudo</strong></span> <span class='ocrx_word' id='word_1_248' title='bbox 676 1998 764 2043; x_wconf 89' lang='lat' dir='ltr'><strong>tua</strong></span> <span class='ocrx_word' id='word_1_249' title='bbox 793 1988 936 2041; x_wconf 90' lang='lat' dir='ltr'><strong>circa</strong></span> <span class='ocrx_word' id='word_1_250' title='bbox 980 1985 1323 2052; x_wconf 80' lang='lat' dir='ltr'><strong>exiguitatem</strong></span> <span class='ocrx_word' id='word_1_251' title='bbox 1366 1996 1539 2036; x_wconf 89' lang='lat' dir='ltr'><strong>meam</strong></span> <span class='ocrx_word' id='word_1_252' title='bbox 1572 1982 1706 2033; x_wconf 72' lang='lat' dir='ltr'><strong>bene</strong></span> <span class='ocrx_word' id='word_1_253' title='bbox 1747 1988 1923 2048; x_wconf 70' lang='lat' dir='ltr'><strong>empta</strong></span> 
     </span>
    </p>
   </div>
   <div class='ocr_carea' id='block_1_36' title="bbox 346 2067 1931 2142">
    <p class='ocr_par' dir='ltr' id='par_1_36' title="bbox 346 2067 1931 2142">
     <span class='ocr_line' id='line_1_36' title="bbox 346 2067 1931 2142; baseline -0.01 -6"><span class='ocrx_word' id='word_1_254' title='bbox 346 2095 457 2136; x_wconf 85' lang='lat' dir='ltr'><strong>non</strong></span> <span class='ocrx_word' id='word_1_255' title='bbox 486 2080 695 2134; x_wconf 86' lang='lat' dir='ltr'><strong>deserat</strong></span> <span class='ocrx_word' id='word_1_256' title='bbox 724 2096 736 2131; x_wconf 92' lang='lat'>:</span> <span class='ocrx_word' id='word_1_257' title='bbox 768 2087 826 2132; x_wconf 92' lang='lat' dir='ltr'><strong>ut</strong></span> <span class='ocrx_word' id='word_1_258' title='bbox 851 2078 902 2131; x_wconf 92' lang='lat' dir='ltr'><strong>in</strong></span> <span class='ocrx_word' id='word_1_259' title='bbox 935 2075 1241 2131; x_wconf 89' lang='lat' dir='ltr'><strong>testimonio</strong></span> <span class='ocrx_word' id='word_1_260' title='bbox 1286 2072 1577 2142; x_wconf 59' lang='lat' dir='ltr'><strong>diligentiae</strong></span> <span class='ocrx_word' id='word_1_261' title='bbox 1620 2084 1747 2125; x_wconf 89' lang='lat' dir='ltr'><strong>cura</strong></span> <span class='ocrx_word' id='word_1_262' title='bbox 1781 2067 1931 2138; x_wconf 84' lang='lat' dir='ltr'><strong>pagi-</strong></span> 
     </span>
    </p>
   </div>
   <div class='ocr_carea' id='block_1_37' title="bbox 352 2152 1931 2240">
    <p class='ocr_par' dir='ltr' id='par_1_37' title="bbox 352 2152 1931 2240">
     <span class='ocr_line' id='line_1_37' title="bbox 352 2152 1931 2240; baseline -0.008 -11"><span class='ocrx_word' id='word_1_263' title='bbox 352 2175 489 2229; x_wconf 85' lang='lat' dir='ltr'><strong>nalis</strong></span> <span class='ocrx_word' id='word_1_264' title='bbox 511 2173 785 2236; x_wconf 88' lang='lat' dir='ltr'><strong>habeatur,</strong></span> <span class='ocrx_word' id='word_1_265' title='bbox 807 2181 859 2227; x_wconf 89' lang='lat' dir='ltr'><strong>et</strong></span> <span class='ocrx_word' id='word_1_266' title='bbox 880 2171 995 2240; x_wconf 91' lang='lat' dir='ltr'><strong>puri</strong></span> <span class='ocrx_word' id='word_1_267' title='bbox 1014 2171 1213 2223; x_wconf 86' lang='lat' dir='ltr'><strong>amoris</strong></span> <span class='ocrx_word' id='word_1_268' title='bbox 1234 2152 1664 2237; x_wconf 89' lang='lat' dir='ltr'><strong>astipulationem</strong></span> <span class='ocrx_word' id='word_1_269' title='bbox 1690 2164 1931 2219; x_wconf 91' lang='lat' dir='ltr'><strong>deferant</strong></span> 
     </span>
    </p>
   </div>
   <div class='ocr_carea' id='block_1_38' title="bbox 354 2258 1928 2332">
    <p class='ocr_par' dir='ltr' id='par_1_38' title="bbox 354 2258 1928 2332">
     <span class='ocr_line' id='line_1_38' title="bbox 354 2258 1928 2332; baseline -0.007 -11"><span class='ocrx_word' id='word_1_270' title='bbox 354 2266 720 2321; x_wconf 87' lang='lat' dir='ltr'><strong>blandimenta</strong></span> <span class='ocrx_word' id='word_1_271' title='bbox 740 2262 1005 2332; x_wconf 89' lang='lat' dir='ltr'><strong>colloquii.</strong></span> <span class='ocrx_word' id='word_1_272' title='bbox 1030 2262 1289 2316; x_wconf 89' lang='lat' dir='ltr'><strong>Occasum</strong></span> <span class='ocrx_word' id='word_1_273' title='bbox 1316 2258 1514 2313; x_wconf 73' lang='lat' dir='ltr'><strong>nesciat</strong></span> <span class='ocrx_word' id='word_1_274' title='bbox 1535 2258 1751 2321; x_wconf 86' lang='lat' dir='ltr'><strong>caritas,</strong></span> <span class='ocrx_word' id='word_1_275' title='bbox 1768 2270 1928 2325; x_wconf 90' lang='lat' dir='ltr'><strong>quam</strong></span> 
     </span>
    </p>
   </div>
   <div class='ocr_carea' id='block_1_39' title="bbox 344 2351 1932 2424">
    <p class='ocr_par' dir='ltr' id='par_1_39' title="bbox 344 2351 1932 2424">
     <span class='ocr_line' id='line_1_39' title="bbox 344 2351 1932 2424; baseline -0.006 -13"><span class='ocrx_word' id='word_1_276' title='bbox 344 2367 470 2411; x_wconf 88' lang='lat' dir='ltr'><strong>ante</strong></span> <span class='ocrx_word' id='word_1_277' title='bbox 506 2358 734 2411; x_wconf 91' lang='lat' dir='ltr'><strong>culmina</strong></span> <span class='ocrx_word' id='word_1_278' title='bbox 779 2354 1098 2424; x_wconf 88' lang='lat' dir='ltr'><strong>promisistis</strong></span> <span class='ocrx_word' id='word_1_279' title='bbox 1134 2370 1147 2405; x_wconf 89' lang='lat'><strong>:</strong></span> <span class='ocrx_word' id='word_1_280' title='bbox 1184 2360 1385 2406; x_wconf 87' lang='lat' dir='ltr'><strong>tantum</strong></span> <span class='ocrx_word' id='word_1_281' title='bbox 1430 2351 1571 2404; x_wconf 91' lang='lat' dir='ltr'><strong>circa</strong></span> <span class='ocrx_word' id='word_1_282' title='bbox 1609 2364 1694 2402; x_wconf 90' lang='lat' dir='ltr'><strong>me</strong></span> <span class='ocrx_word' id='word_1_283' title='bbox 1724 2356 1932 2402; x_wconf 86' lang='lat' dir='ltr'><strong>crescat</strong></span> 
     </span>
    </p>
   </div>
   <div class='ocr_carea' id='block_1_40' title="bbox 342 2437 1928 2517">
    <p class='ocr_par' dir='ltr' id='par_1_40' title="bbox 342 2437 1928 2517">
     <span class='ocr_line' id='line_1_40' title="bbox 342 2437 1928 2517; baseline -0.005 -18"><span class='ocrx_word' id='word_1_284' title='bbox 342 2448 540 2517; x_wconf 84' lang='lat' dir='ltr'><strong>gratia,</strong></span> <span class='ocrx_word' id='word_1_285' title='bbox 583 2452 835 2512; x_wconf 81' lang='lat' dir='ltr'><strong>quantum</strong></span> <span class='ocrx_word' id='word_1_286' title='bbox 870 2443 1023 2496; x_wconf 90' lang='lat' dir='ltr'><strong>vobis</strong></span> <span class='ocrx_word' id='word_1_287' title='bbox 1052 2441 1249 2496; x_wconf 86' lang='lat' dir='ltr'><strong>invicta</strong></span> <span class='ocrx_word' id='word_1_288' title='bbox 1281 2447 1405 2494; x_wconf 91' lang='lat' dir='ltr'><strong>sunt</strong></span> <span class='ocrx_word' id='word_1_289' title='bbox 1451 2438 1655 2507; x_wconf 88' lang='lat' dir='ltr'><strong>fastigia</strong></span> <span class='ocrx_word' id='word_1_290' title='bbox 1701 2437 1928 2506; x_wconf 87' lang='lat' dir='ltr'><strong>dignita-</strong></span> 
     </span>
    </p>
   </div>
   <div class='ocr_carea' id='block_1_41' title="bbox 342 2530 1931 2604">
    <p class='ocr_par' dir='ltr' id='par_1_41' title="bbox 342 2530 1931 2604">
     <span class='ocr_line' id='line_1_41' title="bbox 342 2530 1931 2604; baseline -0.006 -11"><span class='ocrx_word' id='word_1_291' title='bbox 342 2548 455 2593; x_wconf 89' lang='lat' dir='ltr'><strong>tum</strong></span> <span class='ocrx_word' id='word_1_292' title='bbox 488 2556 499 2589; x_wconf 90' lang='lat'><strong>:</strong></span> <span class='ocrx_word' id='word_1_293' title='bbox 532 2552 599 2591; x_wconf 90' lang='lat' dir='ltr'><strong>ne</strong></span> <span class='ocrx_word' id='word_1_294' title='bbox 628 2535 913 2590; x_wconf 87' lang='lat' dir='ltr'><strong>amicitiam</strong></span> <span class='ocrx_word' id='word_1_295' title='bbox 944 2549 1103 2604; x_wconf 91' lang='lat' dir='ltr'><strong>quam</strong></span> <span class='ocrx_word' id='word_1_296' title='bbox 1133 2533 1264 2587; x_wconf 84' lang='lat' dir='ltr'><strong>fovit</strong></span> <span class='ocrx_word' id='word_1_297' title='bbox 1292 2531 1656 2594; x_wconf 89' lang='lat' dir='ltr'><strong>mediocritas,</strong></span> <span class='ocrx_word' id='word_1_298' title='bbox 1690 2530 1931 2583; x_wconf 88' lang='lat' dir='ltr'><strong>videatur</strong></span> 
     </span>
    </p>
   </div>
   <div class='ocr_carea' id='block_1_42' title="bbox 340 2622 1931 2700">
    <p class='ocr_par' dir='ltr' id='par_1_42' title="bbox 340 2622 1931 2700">
     <span class='ocr_line' id='line_1_42' title="bbox 340 2622 1931 2700; baseline -0.006 -16"><span class='ocrx_word' id='word_1_299' title='bbox 340 2631 618 2700; x_wconf 84' lang='lat' dir='ltr'><strong>abjurasse</strong></span> <span class='ocrx_word' id='word_1_300' title='bbox 658 2629 919 2698; x_wconf 88' lang='lat' dir='ltr'><strong>potentia.</strong></span> <span class='ocrx_word' id='word_1_301' title='bbox 969 2626 1098 2681; x_wconf 78' lang='lat' dir='ltr'><strong>Nam</strong></span> <span class='ocrx_word' id='word_1_302' title='bbox 1147 2627 1234 2695; x_wconf 91' lang='lat' dir='ltr'><strong>qui</strong></span> <span class='ocrx_word' id='word_1_303' title='bbox 1275 2624 1467 2678; x_wconf 83' lang='lat' dir='ltr'><strong>fastum</strong></span> <span class='ocrx_word' id='word_1_304' title='bbox 1515 2626 1564 2675; x_wconf 90' lang='lat' dir='ltr'><strong>in</strong></span> <span class='ocrx_word' id='word_1_305' title='bbox 1605 2622 1931 2675; x_wconf 89' lang='lat' dir='ltr'><strong>sublimitate</strong></span> 
     </span>
    </p>
   </div>
   <div class='ocr_carea' id='block_1_43' title="bbox 347 2711 1932 2791">
    <p class='ocr_par' dir='ltr' id='par_1_43' title="bbox 347 2711 1932 2791">
     <span class='ocr_line' id='line_1_43' title="bbox 347 2711 1932 2791; baseline -0.006 -17"><span class='ocrx_word' id='word_1_306' title='bbox 347 2727 604 2791; x_wconf 80' lang='lat' dir='ltr'><strong>castigat,</strong></span> <span class='ocrx_word' id='word_1_307' title='bbox 633 2721 791 2774; x_wconf 90' lang='lat' dir='ltr'><strong>docet</strong></span> <span class='ocrx_word' id='word_1_308' title='bbox 835 2733 895 2773; x_wconf 89' lang='lat' dir='ltr'><strong>se</strong></span> <span class='ocrx_word' id='word_1_309' title='bbox 924 2718 1182 2771; x_wconf 88' lang='lat' dir='ltr'><strong>meruisse</strong></span> <span class='ocrx_word' id='word_1_310' title='bbox 1224 2714 1364 2782; x_wconf 88' lang='lat' dir='ltr'><strong>quod</strong></span> <span class='ocrx_word' id='word_1_311' title='bbox 1395 2714 1619 2782; x_wconf 67' lang='lat' dir='ltr'><strong>adeptus</strong></span> <span class='ocrx_word' id='word_1_312' title='bbox 1646 2720 1746 2766; x_wconf 80' lang='lat' dir='ltr'><strong>est.</strong></span> <span class='ocrx_word' id='word_1_313' title='bbox 1779 2711 1932 2765; x_wconf 83' lang='lat' dir='ltr'><strong>Resi-</strong></span> 
     </span>
    </p>
   </div>
   <div class='ocr_carea' id='block_1_44' title="bbox 345 2804 1926 2882">
    <p class='ocr_par' dir='ltr' id='par_1_44' title="bbox 345 2804 1926 2882">
     <span class='ocr_line' id='line_1_44' title="bbox 345 2804 1926 2882; baseline -0.004 -19"><span class='ocrx_word' id='word_1_314' title='bbox 345 2819 508 2882; x_wconf 83' lang='lat' dir='ltr'><strong>gnate</strong></span> <span class='ocrx_word' id='word_1_315' title='bbox 526 2827 618 2880; x_wconf 90' lang='lat' dir='ltr'><strong>per</strong></span> <span class='ocrx_word' id='word_1_316' title='bbox 639 2812 954 2880; x_wconf 89' lang='lat' dir='ltr'><strong>probitatem</strong></span> <span class='ocrx_word' id='word_1_317' title='bbox 974 2806 1336 2870; x_wconf 86' lang='lat' dir='ltr'><strong>conscientiae,</strong></span> <span class='ocrx_word' id='word_1_318' title='bbox 1363 2805 1670 2859; x_wconf 88' lang='lat' dir='ltr'><strong>felicitatem</strong></span> <span class='ocrx_word' id='word_1_319' title='bbox 1688 2804 1926 2857; x_wconf 79' lang='lat' dir='ltr'><strong>submitti</strong></span> 
     </span>
    </p>
   </div>
   <div class='ocr_carea' id='block_1_45' title="bbox 342 2896 1926 2973">
    <p class='ocr_par' dir='ltr' id='par_1_45' title="bbox 342 2896 1926 2973">
     <span class='ocr_line' id='line_1_45' title="bbox 342 2896 1926 2973; baseline -0.005 -16"><span class='ocrx_word' id='word_1_320' title='bbox 342 2918 511 2973; x_wconf 80' lang='lat' dir='ltr'><strong>posse</strong></span> <span class='ocrx_word' id='word_1_321' title='bbox 549 2905 744 2957; x_wconf 89' lang='lat' dir='ltr'><strong>amoris</strong></span> <span class='ocrx_word' id='word_1_322' title='bbox 787 2900 1045 2970; x_wconf 88' lang='lat' dir='ltr'><strong>imperiis.</strong></span> <span class='ocrx_word' id='word_1_323' title='bbox 1096 2899 1187 2953; x_wconf 85' lang='lat' dir='ltr'><strong>Illa</strong></span> <span class='ocrx_word' id='word_1_324' title='bbox 1236 2900 1402 2953; x_wconf 79' lang='lat' dir='ltr'><strong>libera</strong></span> <span class='ocrx_word' id='word_1_325' title='bbox 1451 2912 1727 2965; x_wconf 86' lang='lat' dir='ltr'><strong>procerum</strong></span> <span class='ocrx_word' id='word_1_326' title='bbox 1762 2896 1926 2961; x_wconf 82' lang='lat' dir='ltr'><strong>colla,</strong></span> 
     </span>
    </p>
   </div>
   <div class='ocr_carea' id='block_1_46' title="bbox 340 2987 1933 3060">
    <p class='ocr_par' dir='ltr' id='par_1_46' title="bbox 340 2987 1933 3060">
     <span class='ocr_line' id='line_1_46' title="bbox 340 2987 1933 3060; baseline -0.007 -9"><span class='ocrx_word' id='word_1_327' title='bbox 340 2998 470 3051; x_wconf 89' lang='lat' dir='ltr'><strong>dum</strong></span> <span class='ocrx_word' id='word_1_328' title='bbox 507 2998 731 3051; x_wconf 86' lang='lat' dir='ltr'><strong>formam</strong></span> <span class='ocrx_word' id='word_1_329' title='bbox 761 2995 1027 3060; x_wconf 68' lang='lat' dir='ltr'><strong>ll‘lbUIIIS,</strong></span> <span class='ocrx_word' id='word_1_330' title='bbox 1060 2992 1334 3060; x_wconf 83' lang='lat' dir='ltr'><strong>subjugate</strong></span> <span class='ocrx_word' id='word_1_331' title='bbox 1366 2990 1673 3059; x_wconf 77' lang='lat' dir='ltr'><strong>di&#39;igentiae.</strong></span> <span class='ocrx_word' id='word_1_332' title='bbox 1720 2987 1822 3041; x_wconf 91' lang='lat' dir='ltr'><strong>Fas</strong></span> <span class='ocrx_word' id='word_1_333' title='bbox 1865 2988 1933 3040; x_wconf 92' lang='lat' dir='ltr'><strong>sit</strong></span> 
     </span>
    </p>
   </div>
   <div class='ocr_carea' id='block_1_47' title="bbox 340 3079 1931 3155">
    <p class='ocr_par' dir='ltr' id='par_1_47' title="bbox 340 3079 1931 3155">
     <span class='ocr_line' id='line_1_47' title="bbox 340 3079 1931 3155; baseline -0.009 -10"><span class='ocrx_word' id='word_1_334' title='bbox 340 3090 409 3145; x_wconf 89' lang='lat' dir='ltr'><strong>de</strong></span> <span class='ocrx_word' id='word_1_335' title='bbox 442 3090 601 3145; x_wconf 88' lang='lat' dir='ltr'><strong>vobis</strong></span> <span class='ocrx_word' id='word_1_336' title='bbox 634 3090 901 3155; x_wconf 86' lang='lat' dir='ltr'><strong>assuesci,</strong></span> <span class='ocrx_word' id='word_1_337' title='bbox 936 3096 995 3141; x_wconf 92' lang='lat' dir='ltr'><strong>ut</strong></span> <span class='ocrx_word' id='word_1_338' title='bbox 1031 3085 1392 3154; x_wconf 83' lang='lat' dir='ltr'><strong>amplissimus</strong></span> <span class='ocrx_word' id='word_1_339' title='bbox 1421 3083 1476 3136; x_wconf 84' lang='lat' dir='ltr'><strong>iu</strong></span> <span class='ocrx_word' id='word_1_340' title='bbox 1514 3082 1768 3136; x_wconf 89' lang='lat' dir='ltr'><strong>societate</strong></span> <span class='ocrx_word' id='word_1_341' title='bbox 1798 3079 1931 3132; x_wconf 90' lang='lat' dir='ltr'><strong>reti-</strong></span> 
     </span>
    </p>
   </div>
   <div class='ocr_carea' id='block_1_48' title="bbox 2032 1897 3609 1969">
    <p class='ocr_par' dir='ltr' id='par_1_48' title="bbox 2032 1897 3609 1969">
     <span class='ocr_line' id='line_1_48' title="bbox 2032 1897 3609 1969; baseline -0.001 -16"><span class='ocrx_word' id='word_1_342' title='bbox 2032 1899 2258 1969; x_wconf 86' lang='lat' dir='ltr'><strong>henigna</strong></span> <span class='ocrx_word' id='word_1_343' title='bbox 2306 1900 2657 1968; x_wconf 88' lang='lat' dir='ltr'><strong>dispositione</strong></span> <span class='ocrx_word' id='word_1_344' title='bbox 2700 1898 3003 1968; x_wconf 89' lang='lat' dir='ltr'><strong>complete:</strong></span> <span class='ocrx_word' id='word_1_345' title='bbox 3035 1906 3089 1953; x_wconf 90' lang='lat' dir='ltr'><strong>et</strong></span> <span class='ocrx_word' id='word_1_346' title='bbox 3117 1898 3240 1953; x_wconf 88' lang='lat' dir='ltr'><strong>illos</strong></span> <span class='ocrx_word' id='word_1_347' title='bbox 3268 1897 3493 1963; x_wconf 83' lang='lat' dir='ltr'><strong>eﬂ‘ectu,</strong></span> <span class='ocrx_word' id='word_1_348' title='bbox 3523 1910 3609 1951; x_wconf 79' lang='lat' dir='ltr'><strong>me</strong></span> 
     </span>
    </p>
   </div>
   <div class='ocr_carea' id='block_1_49' title="bbox 2031 1989 2587 2059">
    <p class='ocr_par' dir='ltr' id='par_1_49' title="bbox 2031 1989 2587 2059">
     <span class='ocr_line' id='line_1_49' title="bbox 2031 1989 2587 2059; baseline 0 -16"><span class='ocrx_word' id='word_1_349' title='bbox 2031 1990 2266 2044; x_wconf 85' lang='lat' dir='ltr'><strong>relevate</strong></span> <span class='ocrx_word' id='word_1_350' title='bbox 2295 1989 2587 2059; x_wconf 90' lang='lat' dir='ltr'><strong>colloquio.</strong></span> 
     </span>
    </p>
   </div>
   <div class='ocr_carea' id='block_1_50' title="bbox 2583 2079 3049 2136">
    <p class='ocr_par' dir='ltr' id='par_1_50' title="bbox 2583 2079 3049 2136">
     <span class='ocr_line' id='line_1_50' title="bbox 2583 2079 3049 2136; baseline -0.002 -1"><span class='ocrx_word' id='word_1_351' title='bbox 2583 2079 2916 2136; x_wconf 79' lang='lat' dir='ltr'><strong>EPISTULA</strong></span> <span class='ocrx_word' id='word_1_352' title='bbox 2960 2080 3049 2134; x_wconf 85' lang='lat' dir='ltr'><strong>IX.</strong></span> 
     </span>
    </p>
   </div>
   <div class='ocr_carea' id='block_1_51' title="bbox 2564 2191 3079 2231">
    <p class='ocr_par' dir='ltr' id='par_1_51' title="bbox 2564 2191 3079 2231">
     <span class='ocr_line' id='line_1_51' title="bbox 2564 2191 3079 2231; baseline -0.002 -1"><span class='ocrx_word' id='word_1_353' title='bbox 2564 2191 2821 2231; x_wconf 77' lang='lat' dir='ltr'><strong>ENNODIUS</strong></span> <span class='ocrx_word' id='word_1_354' title='bbox 2857 2191 3079 2230; x_wconf 73' lang='lat' dir='ltr'><strong>FAUS&#39;I&#39;O.</strong></span> 
     </span>
    </p>
   </div>
   <div class='ocr_carea' id='block_1_52' title="bbox 2107 2265 3611 2337">
    <p class='ocr_par' dir='ltr' id='par_1_52' title="bbox 2107 2265 3611 2337">
     <span class='ocr_line' id='line_1_52' title="bbox 2107 2265 3611 2337; baseline 0 -16"><span class='ocrx_word' id='word_1_355' title='bbox 2107 2265 2258 2321; x_wconf 90' lang='lat' dir='ltr'><strong>Solet</strong></span> <span class='ocrx_word' id='word_1_356' title='bbox 2282 2266 2585 2334; x_wconf 90' lang='lat' dir='ltr'><strong>epistolaris</strong></span> <span class='ocrx_word' id='word_1_357' title='bbox 2616 2267 2984 2333; x_wconf 89' lang='lat' dir='ltr'><strong>concinnatio,</strong></span> <span class='ocrx_word' id='word_1_358' title='bbox 3016 2267 3228 2336; x_wconf 91' lang='lat' dir='ltr'><strong>quando</strong></span> <span class='ocrx_word' id='word_1_359' title='bbox 3255 2266 3446 2322; x_wconf 85' lang='lat' dir='ltr'><strong>favore</strong></span> <span class='ocrx_word' id='word_1_360' title='bbox 3471 2268 3611 2337; x_wconf 56' lang='lat' dir='ltr'><strong>rapi.</strong></span> 
     </span>
    </p>
   </div>
   <div class='ocr_carea' id='block_1_53' title="bbox 2034 2357 3611 2426">
    <p class='ocr_par' dir='ltr' id='par_1_53' title="bbox 2034 2357 3611 2426">
     <span class='ocr_line' id='line_1_53' title="bbox 2034 2357 3611 2426; baseline 0.002 -16"><span class='ocrx_word' id='word_1_361' title='bbox 2034 2365 2140 2423; x_wconf 91' lang='lat' dir='ltr'><strong>tur,</strong></span> <span class='ocrx_word' id='word_1_362' title='bbox 2167 2358 2367 2426; x_wconf 88' lang='lat' dir='ltr'><strong>judicia</strong></span> <span class='ocrx_word' id='word_1_363' title='bbox 2386 2375 2490 2412; x_wconf 90' lang='lat' dir='ltr'><strong>non</strong></span> <span class='ocrx_word' id='word_1_364' title='bbox 2514 2373 2718 2425; x_wconf 89' lang='lat' dir='ltr'><strong>amare,</strong></span> <span class='ocrx_word' id='word_1_365' title='bbox 2746 2368 2799 2413; x_wconf 92' lang='lat' dir='ltr'><strong>et</strong></span> <span class='ocrx_word' id='word_1_366' title='bbox 2817 2359 3086 2426; x_wconf 90' lang='lat' dir='ltr'><strong>c0piosius</strong></span> <span class='ocrx_word' id='word_1_367' title='bbox 3103 2360 3276 2413; x_wconf 84' lang='lat' dir='ltr'><strong>facere</strong></span> <span class='ocrx_word' id='word_1_368' title='bbox 3296 2357 3611 2413; x_wconf 85' lang='lat' dir='ltr'><strong>beneficium</strong></span> 
     </span>
    </p>
   </div>
   <div class='ocr_carea' id='block_1_54' title="bbox 2034 2449 3609 2521">
    <p class='ocr_par' dir='ltr' id='par_1_54' title="bbox 2034 2449 3609 2521">
     <span class='ocr_line' id='line_1_54' title="bbox 2034 2449 3609 2521; baseline 0.004 -21"><span class='ocrx_word' id='word_1_369' title='bbox 2034 2449 2160 2501; x_wconf 92' lang='lat' dir='ltr'><strong>dum</strong></span> <span class='ocrx_word' id='word_1_370' title='bbox 2178 2450 2372 2503; x_wconf 90' lang='lat' dir='ltr'><strong>attollit</strong></span> <span class='ocrx_word' id='word_1_371' title='bbox 2398 2449 2717 2504; x_wconf 88' lang='lat' dir='ltr'><strong>immeritos.</strong></span> <span class='ocrx_word' id='word_1_372' title='bbox 2738 2450 2831 2505; x_wconf 91' lang='lat' dir='ltr'><strong>Ille</strong></span> <span class='ocrx_word' id='word_1_373' title='bbox 2857 2451 2997 2505; x_wconf 90' lang='lat' dir='ltr'><strong>enim</strong></span> <span class='ocrx_word' id='word_1_374' title='bbox 3027 2452 3184 2505; x_wconf 73' lang='lat' dir='ltr'><strong>debet</strong></span> <span class='ocrx_word' id='word_1_375' title='bbox 3211 2453 3441 2521; x_wconf 91' lang='lat' dir='ltr'><strong>amplius</strong></span> <span class='ocrx_word' id='word_1_376' title='bbox 3461 2467 3609 2507; x_wconf 86' lang='lat' dir='ltr'><strong>asse-</strong></span> 
     </span>
    </p>
   </div>
   <div class='ocr_carea' id='block_1_55' title="bbox 2034 2539 3613 2610">
    <p class='ocr_par' dir='ltr' id='par_1_55' title="bbox 2034 2539 3613 2610">
     <span class='ocr_line' id='line_1_55' title="bbox 2034 2539 3613 2610; baseline 0.001 -17"><span class='ocrx_word' id='word_1_377' title='bbox 2034 2539 2193 2600; x_wconf 81' lang='lat' dir='ltr'><strong>renti,</strong></span> <span class='ocrx_word' id='word_1_378' title='bbox 2223 2540 2310 2609; x_wconf 87' lang='lat' dir='ltr'><strong>qui</strong></span> <span class='ocrx_word' id='word_1_379' title='bbox 2338 2540 2479 2609; x_wconf 90' lang='lat' dir='ltr'><strong>quod</strong></span> <span class='ocrx_word' id='word_1_380' title='bbox 2513 2540 2748 2595; x_wconf 72' lang='lat' dir='ltr'><strong>moribus</strong></span> <span class='ocrx_word' id='word_1_381' title='bbox 2776 2558 2876 2595; x_wconf 94' lang='lat' dir='ltr'><strong>non</strong></span> <span class='ocrx_word' id='word_1_382' title='bbox 2906 2542 3097 2610; x_wconf 84' lang='lat' dir='ltr'><strong>exigit,</strong></span> <span class='ocrx_word' id='word_1_383' title='bbox 3131 2542 3301 2609; x_wconf 87' lang='lat' dir='ltr'><strong>gratia</strong></span> <span class='ocrx_word' id='word_1_384' title='bbox 3336 2542 3613 2608; x_wconf 80' lang='lat' dir='ltr'><strong>scriptoris</strong></span> 
     </span>
    </p>
   </div>
   <div class='ocr_carea' id='block_1_56' title="bbox 2035 2630 3611 2702">
    <p class='ocr_par' dir='ltr' id='par_1_56' title="bbox 2035 2630 3611 2702">
     <span class='ocr_line' id='line_1_56' title="bbox 2035 2630 3611 2702; baseline 0.003 -19"><span class='ocrx_word' id='word_1_385' title='bbox 2035 2630 2361 2699; x_wconf 61' lang='lat' dir='ltr'><strong>suffragante</strong></span> <span class='ocrx_word' id='word_1_386' title='bbox 2383 2633 2727 2701; x_wconf 87' lang='lat' dir='ltr'><strong>consequitur</strong></span> <span class='ocrx_word' id='word_1_387' title='bbox 2753 2650 2765 2684; x_wconf 89' lang='lat'><strong>:</strong></span> <span class='ocrx_word' id='word_1_388' title='bbox 2791 2633 2911 2701; x_wconf 88' lang='lat' dir='ltr'><strong>quia</strong></span> <span class='ocrx_word' id='word_1_389' title='bbox 2936 2634 3095 2687; x_wconf 91' lang='lat' dir='ltr'><strong>nullis</strong></span> <span class='ocrx_word' id='word_1_390' title='bbox 3113 2634 3325 2702; x_wconf 88' lang='lat' dir='ltr'><strong>adjutus</strong></span> <span class='ocrx_word' id='word_1_391' title='bbox 3347 2634 3611 2689; x_wconf 64' lang='lat' dir='ltr'><strong>conscienc</strong></span> 
     </span>
    </p>
   </div>
   <div class='ocr_carea' id='block_1_57' title="bbox 2036 2724 3613 2795">
    <p class='ocr_par' dir='ltr' id='par_1_57' title="bbox 2036 2724 3613 2795">
     <span class='ocr_line' id='line_1_57' title="bbox 2036 2724 3613 2795; baseline 0.002 -20"><span class='ocrx_word' id='word_1_392' title='bbox 2036 2725 2123 2775; x_wconf 69' lang='lat' dir='ltr'><strong>tiae</strong></span> <span class='ocrx_word' id='word_1_393' title='bbox 2151 2724 2384 2784; x_wconf 80' lang='lat' dir='ltr'><strong>dotibus,</strong></span> <span class='ocrx_word' id='word_1_394' title='bbox 2412 2724 2533 2791; x_wconf 89' lang='lat' dir='ltr'><strong>jure</strong></span> <span class='ocrx_word' id='word_1_395' title='bbox 2562 2724 2628 2778; x_wconf 91' lang='lat' dir='ltr'><strong>ad</strong></span> <span class='ocrx_word' id='word_1_396' title='bbox 2659 2724 2977 2794; x_wconf 89' lang='lat' dir='ltr'><strong>allegantem</strong></span> <span class='ocrx_word' id='word_1_397' title='bbox 3002 2735 3258 2795; x_wconf 88' lang='lat' dir='ltr'><strong>reportat,</strong></span> <span class='ocrx_word' id='word_1_398' title='bbox 3288 2726 3333 2780; x_wconf 91' lang='lat' dir='ltr'><strong>si</strong></span> <span class='ocrx_word' id='word_1_399' title='bbox 3354 2726 3478 2794; x_wconf 92' lang='lat' dir='ltr'><strong>quid</strong></span> <span class='ocrx_word' id='word_1_400' title='bbox 3502 2725 3613 2778; x_wconf 79' lang='lat' dir='ltr'><strong>adi-</strong></span> 
     </span>
    </p>
   </div>
   <div class='ocr_carea' id='block_1_58' title="bbox 2036 2816 3614 2888">
    <p class='ocr_par' dir='ltr' id='par_1_58' title="bbox 2036 2816 3614 2888">
     <span class='ocr_line' id='line_1_58' title="bbox 2036 2816 3614 2888; baseline 0.003 -19"><span class='ocrx_word' id='word_1_401' title='bbox 2036 2816 2279 2885; x_wconf 81' lang='lat' dir='ltr'><strong>piscitur.</strong></span> <span class='ocrx_word' id='word_1_402' title='bbox 2310 2816 2467 2871; x_wconf 89' lang='lat' dir='ltr'><strong>Aliud</strong></span> <span class='ocrx_word' id='word_1_403' title='bbox 2506 2825 2589 2872; x_wconf 90' lang='lat' dir='ltr'><strong>est</strong></span> <span class='ocrx_word' id='word_1_404' title='bbox 2620 2819 2671 2871; x_wconf 91' lang='lat' dir='ltr'><strong>in</strong></span> <span class='ocrx_word' id='word_1_405' title='bbox 2701 2832 2766 2872; x_wconf 93' lang='lat' dir='ltr'><strong>eo</strong></span> <span class='ocrx_word' id='word_1_406' title='bbox 2791 2819 2877 2888; x_wconf 92' lang='lat' dir='ltr'><strong>qui</strong></span> <span class='ocrx_word' id='word_1_407' title='bbox 2905 2818 3329 2884; x_wconf 78' lang='lat' dir='ltr'><strong>commendatur,</strong></span> <span class='ocrx_word' id='word_1_408' title='bbox 3366 2828 3614 2887; x_wconf 83' lang='lat' dir='ltr'><strong>tanquam</strong></span> 
     </span>
    </p>
   </div>
   <div class='ocr_carea' id='block_1_59' title="bbox 2036 2910 3614 2979">
    <p class='ocr_par' dir='ltr' id='par_1_59' title="bbox 2036 2910 3614 2979">
     <span class='ocr_line' id='line_1_59' title="bbox 2036 2910 3614 2979; baseline 0.001 -17"><span class='ocrx_word' id='word_1_409' title='bbox 2036 2910 2216 2964; x_wconf 86' lang='lat' dir='ltr'><strong>nobile</strong></span> <span class='ocrx_word' id='word_1_410' title='bbox 2242 2925 2461 2978; x_wconf 82' lang='lat' dir='ltr'><strong>germen</strong></span> <span class='ocrx_word' id='word_1_411' title='bbox 2484 2952 2497 2973; x_wconf 87' lang='lat'><strong>,</strong></span> <span class='ocrx_word' id='word_1_412' title='bbox 2543 2911 2613 2964; x_wconf 89' lang='lat' dir='ltr'><strong>ita</strong></span> <span class='ocrx_word' id='word_1_413' title='bbox 2650 2912 3040 2979; x_wconf 80' lang='lat' dir='ltr'><strong>peregrinantia</strong></span> <span class='ocrx_word' id='word_1_414' title='bbox 3080 2911 3216 2963; x_wconf 90' lang='lat' dir='ltr'><strong>bona</strong></span> <span class='ocrx_word' id='word_1_415' title='bbox 3266 2910 3443 2963; x_wconf 87' lang='lat' dir='ltr'><strong>verbis</strong></span> <span class='ocrx_word' id='word_1_416' title='bbox 3473 2911 3614 2964; x_wconf 81' lang='lat' dir='ltr'><strong>inse-</strong></span> 
     </span>
    </p>
   </div>
   <div class='ocr_carea' id='block_1_60' title="bbox 2037 3001 3615 3070">
    <p class='ocr_par' dir='ltr' id='par_1_60' title="bbox 2037 3001 3615 3070">
     <span class='ocr_line' id='line_1_60' title="bbox 2037 3001 3615 3070; baseline 0.001 -16"><span class='ocrx_word' id='word_1_417' title='bbox 2037 3016 2187 3065; x_wconf 91' lang='lat' dir='ltr'><strong>rere;</strong></span> <span class='ocrx_word' id='word_1_418' title='bbox 2219 3002 2359 3054; x_wconf 89' lang='lat' dir='ltr'><strong>aliud</strong></span> <span class='ocrx_word' id='word_1_419' title='bbox 2402 3004 2579 3054; x_wconf 90' lang='lat' dir='ltr'><strong>iunata</strong></span> <span class='ocrx_word' id='word_1_420' title='bbox 2611 3004 2827 3070; x_wconf 63' lang='lat' dir='ltr'><strong>Vulgare</strong></span> <span class='ocrx_word' id='word_1_421' title='bbox 2854 3021 2866 3056; x_wconf 93' lang='lat'>:</span> <span class='ocrx_word' id='word_1_422' title='bbox 2899 3001 3345 3070; x_wconf 89' lang='lat' dir='ltr'><strong>quemadmodum</strong></span> <span class='ocrx_word' id='word_1_423' title='bbox 3383 3002 3427 3055; x_wconf 91' lang='lat' dir='ltr'><strong>si</strong></span> <span class='ocrx_word' id='word_1_424' title='bbox 3453 3002 3615 3055; x_wconf 91' lang='lat' dir='ltr'><strong>rusti-</strong></span> 
     </span>
    </p>
   </div>
   <div class='ocr_carea' id='block_1_61' title="bbox 2037 3090 3615 3161">
    <p class='ocr_par' dir='ltr' id='par_1_61' title="bbox 2037 3090 3615 3161">
     <span class='ocr_line' id='line_1_61' title="bbox 2037 3090 3615 3161; baseline 0.001 -16"><span class='ocrx_word' id='word_1_425' title='bbox 2037 3106 2157 3145; x_wconf 92' lang='lat' dir='ltr'><strong>cum</strong></span> <span class='ocrx_word' id='word_1_426' title='bbox 2191 3106 2349 3155; x_wconf 86' lang='lat' dir='ltr'><strong>pecus</strong></span> <span class='ocrx_word' id='word_1_427' title='bbox 2378 3092 2537 3161; x_wconf 85' lang='lat' dir='ltr'><strong>Tyria</strong></span> <span class='ocrx_word' id='word_1_428' title='bbox 2580 3090 2862 3146; x_wconf 85' lang='lat' dir='ltr'><strong>confirmes</strong></span> <span class='ocrx_word' id='word_1_429' title='bbox 2908 3108 3139 3161; x_wconf 91' lang='lat' dir='ltr'><strong>purpura</strong></span> <span class='ocrx_word' id='word_1_430' title='bbox 3179 3102 3368 3161; x_wconf 89' lang='lat' dir='ltr'><strong>sponte</strong></span> <span class='ocrx_word' id='word_1_431' title='bbox 3399 3092 3615 3158; x_wconf 91' lang='lat' dir='ltr'><strong>vestiri;</strong></span> 
     </span>
    </p>
   </div>
   <div class='ocr_carea' id='block_1_62' title="bbox 338 3173 3616 3256">
    <p class='ocr_par' dir='ltr' id='par_1_62' title="bbox 338 3173 3616 3256">
     <span class='ocr_line' id='line_1_62' title="bbox 338 3173 3616 3256; baseline -0.001 -10"><span class='ocrx_word' id='word_1_432' title='bbox 338 3197 489 3252; x_wconf 82' lang='lat' dir='ltr'><strong>neat,</strong></span> <span class='ocrx_word' id='word_1_433' title='bbox 520 3202 681 3256; x_wconf 86' lang='lat' dir='ltr'><strong>quem</strong></span> <span class='ocrx_word' id='word_1_434' title='bbox 714 3187 888 3239; x_wconf 82' lang='lat' dir='ltr'><strong>minor</strong></span> <span class='ocrx_word' id='word_1_435' title='bbox 910 3182 1167 3252; x_wconf 76' lang='lat' dir='ltr'><strong>acquirel.</strong></span> <span class='ocrx_word' id='word_1_436' title='bbox 1204 3178 1359 3233; x_wconf 74' lang='lat' dir='ltr'><strong>Ludit</strong></span> <span class='ocrx_word' id='word_1_437' title='bbox 1385 3178 1451 3232; x_wconf 83' lang='lat' dir='ltr'><strong>de</strong></span> <span class='ocrx_word' id='word_1_438' title='bbox 1478 3176 1583 3231; x_wconf 85' lang='lat' dir='ltr'><strong>illis</strong></span> <span class='ocrx_word' id='word_1_439' title='bbox 1610 3190 1787 3239; x_wconf 66' lang='lat' dir='ltr'><strong>casus,</strong></span> <span class='ocrx_word' id='word_1_440' title='bbox 1815 3173 1935 3241; x_wconf 80' lang='grc' dir='ltr'><strong>(ιυί-</strong></span> <span class='ocrx_word' id='word_1_441' title='bbox 1961 3178 2008 3242; x_wconf 90' lang='lat' dir='ltr'><strong>C</strong></span> <span class='ocrx_word' id='word_1_442' title='bbox 2038 3194 2090 3239; x_wconf 88' lang='lat' dir='ltr'><strong>et</strong></span> <span class='ocrx_word' id='word_1_443' title='bbox 2130 3183 2277 3236; x_wconf 88' lang='lat' dir='ltr'><strong>virus</strong></span> <span class='ocrx_word' id='word_1_444' title='bbox 2305 3198 2654 3252; x_wconf 73' lang='lat' dir='ltr'><strong>generositm,</strong></span> <span class='ocrx_word' id='word_1_445' title='bbox 2697 3184 2837 3253; x_wconf 90' lang='lat' dir='ltr'><strong>quod</strong></span> <span class='ocrx_word' id='word_1_446' title='bbox 2885 3185 3054 3239; x_wconf 79' lang='lat' dir='ltr'><strong>vellus</strong></span> <span class='ocrx_word' id='word_1_447' title='bbox 3097 3187 3271 3241; x_wconf 90' lang='lat' dir='ltr'><strong>aheno</strong></span> <span class='ocrx_word' id='word_1_448' title='bbox 3320 3185 3616 3243; x_wconf 87' lang='lat' dir='ltr'><strong>inebriante</strong></span> 
     </span>
    </p>
   </div>
   <div class='ocr_carea' id='block_1_63' title="bbox 337 3265 1934 3341">
    <p class='ocr_par' dir='ltr' id='par_1_63' title="bbox 337 3265 1934 3341">
     <span class='ocr_line' id='line_1_63' title="bbox 337 3265 1934 3341; baseline -0.011 -5"><span class='ocrx_word' id='word_1_449' title='bbox 337 3280 443 3336; x_wconf 87' lang='lat' dir='ltr'><strong>bus</strong></span> <span class='ocrx_word' id='word_1_450' title='bbox 472 3280 803 3335; x_wconf 85' lang='lat' dir='ltr'><strong>oblivionem</strong></span> <span class='ocrx_word' id='word_1_451' title='bbox 835 3290 1053 3330; x_wconf 86' lang='lat' dir='ltr'><strong>suorum</strong></span> <span class='ocrx_word' id='word_1_452' title='bbox 1080 3273 1299 3339; x_wconf 90' lang='lat' dir='ltr'><strong>indicet,</strong></span> <span class='ocrx_word' id='word_1_453' title='bbox 1326 3286 1459 3341; x_wconf 88' lang='lat' dir='ltr'><strong>quos</strong></span> <span class='ocrx_word' id='word_1_454' title='bbox 1481 3269 1545 3323; x_wconf 89' lang='lat' dir='ltr'><strong>ad</strong></span> <span class='ocrx_word' id='word_1_455' title='bbox 1576 3268 1715 3324; x_wconf 83' lang='lat' dir='ltr'><strong>celsa</strong></span> <span class='ocrx_word' id='word_1_456' title='bbox 1742 3265 1934 3333; x_wconf 89' lang='lat' dir='ltr'><strong>perdu-</strong></span> 
     </span>
    </p>
   </div>
   <div class='ocr_carea' id='block_1_64' title="bbox 344 3360 1935 3439">
    <p class='ocr_par' dir='ltr' id='par_1_64' title="bbox 344 3360 1935 3439">
     <span class='ocr_line' id='line_1_64' title="bbox 344 3360 1935 3439; baseline -0.011 -14"><span class='ocrx_word' id='word_1_457' title='bbox 344 3372 437 3425; x_wconf 86' lang='lat' dir='ltr'><strong>cit.</strong></span> <span class='ocrx_word' id='word_1_458' title='bbox 486 3370 640 3439; x_wconf 79' lang='lat' dir='ltr'><strong>Apud</strong></span> <span class='ocrx_word' id='word_1_459' title='bbox 682 3371 941 3423; x_wconf 90' lang='lat' dir='ltr'><strong>scientem</strong></span> <span class='ocrx_word' id='word_1_460' title='bbox 993 3380 1171 3421; x_wconf 85' lang='lat' dir='ltr'><strong>rerum</strong></span> <span class='ocrx_word' id='word_1_461' title='bbox 1204 3364 1443 3430; x_wconf 84' lang='lat' dir='ltr'><strong>relegere</strong></span> <span class='ocrx_word' id='word_1_462' title='bbox 1484 3360 1653 3423; x_wconf 91' lang='lat' dir='ltr'><strong>bona,</strong></span> <span class='ocrx_word' id='word_1_463' title='bbox 1706 3372 1810 3411; x_wconf 91' lang='lat' dir='ltr'><strong>non</strong></span> <span class='ocrx_word' id='word_1_464' title='bbox 1854 3365 1935 3409; x_wconf 85' lang='lat' dir='ltr'><strong>est</strong></span> 
     </span>
    </p>
   </div>
   <div class='ocr_carea' id='block_1_65' title="bbox 343 3448 1937 3521">
    <p class='ocr_par' dir='ltr' id='par_1_65' title="bbox 343 3448 1937 3521">
     <span class='ocr_line' id='line_1_65' title="bbox 343 3448 1937 3521; baseline -0.008 -6"><span class='ocrx_word' id='word_1_465' title='bbox 343 3462 735 3516; x_wconf 87' lang='lat' dir='ltr'><strong>admonitionis</strong></span> <span class='ocrx_word' id='word_1_466' title='bbox 766 3460 1086 3521; x_wconf 87' lang='lat' dir='ltr'><strong>necessitas,</strong></span> <span class='ocrx_word' id='word_1_467' title='bbox 1120 3458 1211 3511; x_wconf 74' lang='lat' dir='ltr'><strong>sel</strong></span> <span class='ocrx_word' id='word_1_468' title='bbox 1242 3454 1415 3508; x_wconf 90' lang='lat' dir='ltr'><strong>laudis</strong></span> <span class='ocrx_word' id='word_1_469' title='bbox 1442 3452 1674 3507; x_wconf 87' lang='lat' dir='ltr'><strong>occasio.</strong></span> <span class='ocrx_word' id='word_1_470' title='bbox 1702 3448 1937 3519; x_wconf 77' lang='lat' dir='ltr'><strong>Novifa-</strong></span> 
     </span>
    </p>
   </div>
   <div class='ocr_carea' id='block_1_66' title="bbox 340 3542 1937 3619">
    <p class='ocr_par' dir='ltr' id='par_1_66' title="bbox 340 3542 1937 3619">
     <span class='ocr_line' id='line_1_66' title="bbox 340 3542 1937 3619; baseline -0.009 -10"><span class='ocrx_word' id='word_1_471' title='bbox 340 3556 607 3611; x_wconf 79' lang='lat' dir='ltr'><strong>bricatain</strong></span> <span class='ocrx_word' id='word_1_472' title='bbox 644 3556 710 3608; x_wconf 90' lang='lat' dir='ltr'><strong>ad</strong></span> <span class='ocrx_word' id='word_1_473' title='bbox 757 3554 896 3608; x_wconf 90' lang='lat' dir='ltr'><strong>bona</strong></span> <span class='ocrx_word' id='word_1_474' title='bbox 934 3550 1111 3606; x_wconf 90' lang='lat' dir='ltr'><strong>studia</strong></span> <span class='ocrx_word' id='word_1_475' title='bbox 1161 3548 1359 3619; x_wconf 87' lang='lat' dir='ltr'><strong>ingenii</strong></span> <span class='ocrx_word' id='word_1_476' title='bbox 1390 3546 1551 3600; x_wconf 90' lang='lat' dir='ltr'><strong>vestri</strong></span> <span class='ocrx_word' id='word_1_477' title='bbox 1586 3542 1937 3613; x_wconf 88' lang='lat' dir='ltr'><strong>tranquillita-</strong></span> 
     </span>
    </p>
   </div>
   <div class='ocr_carea' id='block_1_67' title="bbox 335 3642 1937 3716">
    <p class='ocr_par' dir='ltr' id='par_1_67' title="bbox 335 3642 1937 3716">
     <span class='ocr_line' id='line_1_67' title="bbox 335 3642 1937 3716; baseline -0.007 -17"><span class='ocrx_word' id='word_1_478' title='bbox 335 3656 447 3702; x_wconf 87' lang='lat' dir='ltr'><strong>tem</strong></span> <span class='ocrx_word' id='word_1_479' title='bbox 486 3665 499 3699; x_wconf 90' lang='lat'><strong>:</strong></span> <span class='ocrx_word' id='word_1_480' title='bbox 539 3661 704 3716; x_wconf 87' lang='lat' dir='ltr'><strong>quam</strong></span> <span class='ocrx_word' id='word_1_481' title='bbox 735 3645 857 3699; x_wconf 87' lang='lat' dir='ltr'><strong>ideo</strong></span> <span class='ocrx_word' id='word_1_482' title='bbox 885 3642 1165 3712; x_wconf 88' lang='lat' dir='ltr'><strong>speciatim</strong></span> <span class='ocrx_word' id='word_1_483' title='bbox 1214 3651 1613 3701; x_wconf 89' lang='lat' dir='ltr'><strong>commemoro,</strong></span> <span class='ocrx_word' id='word_1_484' title='bbox 1655 3646 1713 3689; x_wconf 91' lang='lat' dir='ltr'><strong>ut</strong></span> <span class='ocrx_word' id='word_1_485' title='bbox 1757 3646 1937 3690; x_wconf 88' lang='lat' dir='ltr'><strong>osten-</strong></span> 
     </span>
    </p>
   </div>
   <div class='ocr_carea' id='block_1_68' title="bbox 331 3725 1937 3802">
    <p class='ocr_par' dir='ltr' id='par_1_68' title="bbox 331 3725 1937 3802">
     <span class='ocr_line' id='line_1_68' title="bbox 331 3725 1937 3802; baseline -0.007 -11"><span class='ocrx_word' id='word_1_486' title='bbox 331 3736 489 3802; x_wconf 84' lang='lat' dir='ltr'><strong>dam,</strong></span> <span class='ocrx_word' id='word_1_487' title='bbox 522 3738 619 3790; x_wconf 87' lang='lat' dir='ltr'><strong>ubi</strong></span> <span class='ocrx_word' id='word_1_488' title='bbox 648 3735 863 3790; x_wconf 70' lang='lat' dir='ltr'><strong>affectio</strong></span> <span class='ocrx_word' id='word_1_489' title='bbox 891 3734 1059 3788; x_wconf 79' lang='lat' dir='ltr'><strong>solida</strong></span> <span class='ocrx_word' id='word_1_490' title='bbox 1083 3742 1165 3787; x_wconf 90' lang='lat' dir='ltr'><strong>est</strong></span> <span class='ocrx_word' id='word_1_491' title='bbox 1195 3730 1489 3785; x_wconf 91' lang='lat' dir='ltr'><strong>honoribus</strong></span> <span class='ocrx_word' id='word_1_492' title='bbox 1516 3728 1589 3781; x_wconf 92' lang='lat' dir='ltr'><strong>nil</strong></span> <span class='ocrx_word' id='word_1_493' title='bbox 1618 3729 1798 3782; x_wconf 87' lang='lat' dir='ltr'><strong>licere.</strong></span> <span class='ocrx_word' id='word_1_494' title='bbox 1832 3725 1937 3780; x_wconf 91' lang='lat' dir='ltr'><strong>Sed</strong></span> 
     </span>
    </p>
   </div>
   <div class='ocr_carea' id='block_1_69' title="bbox 324 3819 1938 3899">
    <p class='ocr_par' dir='ltr' id='par_1_69' title="bbox 324 3819 1938 3899">
     <span class='ocr_line' id='line_1_69' title="bbox 324 3819 1938 3899; baseline -0.009 -14"><span class='ocrx_word' id='word_1_495' title='bbox 324 3831 699 3899; x_wconf 82' lang='lat' dir='ltr'><strong>epis‘tolarem</strong></span> <span class='ocrx_word' id='word_1_496' title='bbox 744 3827 1046 3883; x_wconf 87' lang='lat' dir='ltr'><strong>transcendi</strong></span> <span class='ocrx_word' id='word_1_497' title='bbox 1081 3824 1367 3879; x_wconf 89' lang='lat' dir='ltr'><strong>terminum</strong></span> <span class='ocrx_word' id='word_1_498' title='bbox 1391 3863 1405 3884; x_wconf 92' lang='lat'><strong>,</strong></span> <span class='ocrx_word' id='word_1_499' title='bbox 1437 3822 1561 3875; x_wconf 94' lang='lat' dir='ltr'><strong>dum</strong></span> <span class='ocrx_word' id='word_1_500' title='bbox 1592 3819 1938 3875; x_wconf 91' lang='lat' dir='ltr'><strong>commenda-</strong></span> 
     </span>
    </p>
   </div>
   <div class='ocr_carea' id='block_1_70' title="bbox 326 3909 1939 3980">
    <p class='ocr_par' dir='ltr' id='par_1_70' title="bbox 326 3909 1939 3980">
     <span class='ocr_line' id='line_1_70' title="bbox 326 3909 1939 3980; baseline -0.007 -5"><span class='ocrx_word' id='word_1_501' title='bbox 326 3924 468 3976; x_wconf 88' lang='lat' dir='ltr'><strong>tioni</strong></span> <span class='ocrx_word' id='word_1_502' title='bbox 496 3936 646 3977; x_wconf 76' lang='lat' dir='ltr'><strong>meae</strong></span> <span class='ocrx_word' id='word_1_503' title='bbox 669 3920 868 3974; x_wconf 88' lang='lat' dir='ltr'><strong>multus</strong></span> <span class='ocrx_word' id='word_1_504' title='bbox 892 3918 1127 3972; x_wconf 69' lang='lat' dir='ltr'><strong>inhaareo</strong></span> <span class='ocrx_word' id='word_1_505' title='bbox 1155 3934 1169 3970; x_wconf 89' lang='lat'><strong>:</strong></span> <span class='ocrx_word' id='word_1_506' title='bbox 1193 3915 1359 3969; x_wconf 88' lang='lat' dir='ltr'><strong>redeo</strong></span> <span class='ocrx_word' id='word_1_507' title='bbox 1382 3913 1447 3967; x_wconf 91' lang='lat' dir='ltr'><strong>ad</strong></span> <span class='ocrx_word' id='word_1_508' title='bbox 1477 3912 1649 3967; x_wconf 88' lang='lat' dir='ltr'><strong>officia</strong></span> <span class='ocrx_word' id='word_1_509' title='bbox 1676 3909 1939 3980; x_wconf 88' lang='lat' dir='ltr'><strong>paginalis</strong></span> 
     </span>
    </p>
   </div>
   <div class='ocr_carea' id='block_1_71' title="bbox 321 4005 1938 4083">
    <p class='ocr_par' dir='ltr' id='par_1_71' title="bbox 321 4005 1938 4083">
     <span class='ocr_line' id='line_1_71' title="bbox 321 4005 1938 4083; baseline -0.008 -13"><span class='ocrx_word' id='word_1_510' title='bbox 321 4014 595 4083; x_wconf 83' lang='lat' dir='ltr'><strong>alloquii,</strong></span> <span class='ocrx_word' id='word_1_511' title='bbox 627 4022 685 4069; x_wconf 91' lang='lat' dir='ltr'><strong>et</strong></span> <span class='ocrx_word' id='word_1_512' title='bbox 706 4013 885 4067; x_wconf 89' lang='lat' dir='ltr'><strong>valere</strong></span> <span class='ocrx_word' id='word_1_513' title='bbox 913 4027 997 4066; x_wconf 94' lang='lat' dir='ltr'><strong>me</strong></span> <span class='ocrx_word' id='word_1_514' title='bbox 1028 4010 1302 4074; x_wconf 88' lang='lat' dir='ltr'><strong>nuntians,</strong></span> <span class='ocrx_word' id='word_1_515' title='bbox 1336 4005 1711 4077; x_wconf 86' lang='lat' dir='ltr'><strong>prosperitatis</strong></span> <span class='ocrx_word' id='word_1_516' title='bbox 1743 4012 1938 4059; x_wconf 69' lang='lat' dir='ltr'><strong>vestrae</strong></span> 
     </span>
    </p>
   </div>
   <div class='ocr_carea' id='block_1_72' title="bbox 325 4102 1146 4172">
    <p class='ocr_par' dir='ltr' id='par_1_72' title="bbox 325 4102 1146 4172">
     <span class='ocr_line' id='line_1_72' title="bbox 325 4102 1146 4172; baseline -0.005 -13"><span class='ocrx_word' id='word_1_517' title='bbox 325 4115 597 4162; x_wconf 86' lang='lat' dir='ltr'><strong>actutum</strong></span> <span class='ocrx_word' id='word_1_518' title='bbox 623 4102 858 4160; x_wconf 89' lang='lat' dir='ltr'><strong>secunda</strong></span> <span class='ocrx_word' id='word_1_519' title='bbox 887 4103 1146 4172; x_wconf 88' lang='lat' dir='ltr'><strong>disquiro.</strong></span> 
     </span>
    </p>
   </div>
   <div class='ocr_carea' id='block_1_73' title="bbox 900 4197 1402 4257">
    <p class='ocr_par' dir='ltr' id='par_1_73' title="bbox 900 4197 1402 4257">
     <span class='ocr_line' id='line_1_73' title="bbox 900 4197 1402 4257; baseline -0.014 0"><span class='ocrx_word' id='word_1_520' title='bbox 900 4199 1229 4257; x_wconf 82' lang='lat' dir='ltr'><strong>EPISTOLA</strong></span> <span class='ocrx_word' id='word_1_521' title='bbox 1268 4197 1402 4252; x_wconf 80' lang='lat' dir='ltr'><strong>VIII.</strong></span> 
     </span>
    </p>
   </div>
   <div class='ocr_carea' id='block_1_74' title="bbox 761 4292 1531 4339">
    <p class='ocr_par' dir='ltr' id='par_1_74' title="bbox 761 4292 1531 4339">
     <span class='ocr_line' id='line_1_74' title="bbox 761 4292 1531 4339; baseline -0.014 0"><span class='ocrx_word' id='word_1_522' title='bbox 761 4297 1010 4339; x_wconf 76' lang='lat' dir='ltr'><strong>ENNODIUS</strong></span> <span class='ocrx_word' id='word_1_523' title='bbox 1048 4293 1324 4335; x_wconf 52' lang='grc' dir='ltr'><strong>δυωδεΒο</strong></span> <span class='ocrx_word' id='word_1_524' title='bbox 1362 4292 1531 4331; x_wconf 69' lang='lat' dir='ltr'><strong>PAPE.</strong></span> 
     </span>
    </p>
   </div>
   <div class='ocr_carea' id='block_1_75' title="bbox 400 4362 1942 4447">
    <p class='ocr_par' dir='ltr' id='par_1_75' title="bbox 400 4362 1942 4447">
     <span class='ocr_line' id='line_1_75' title="bbox 400 4362 1942 4447; baseline -0.013 -11"><span class='ocrx_word' id='word_1_525' title='bbox 400 4380 614 4447; x_wconf 83' lang='lat' dir='ltr'><strong>Usque</strong></span> <span class='ocrx_word' id='word_1_526' title='bbox 658 4375 726 4431; x_wconf 91' lang='lat' dir='ltr'><strong>ad</strong></span> <span class='ocrx_word' id='word_1_527' title='bbox 773 4374 1122 4429; x_wconf 87' lang='lat' dir='ltr'><strong>temeritatem</strong></span> <span class='ocrx_word' id='word_1_528' title='bbox 1168 4385 1255 4425; x_wconf 91' lang='lat' dir='ltr'><strong>me</strong></span> <span class='ocrx_word' id='word_1_529' title='bbox 1299 4366 1592 4439; x_wconf 89' lang='lat' dir='ltr'><strong>apostolica</strong></span> <span class='ocrx_word' id='word_1_530' title='bbox 1638 4362 1942 4434; x_wconf 79' lang='lat' dir='ltr'><strong>dignatione</strong></span> 
     </span>
    </p>
   </div>
   <div class='ocr_carea' id='block_1_76' title="bbox 312 4455 1938 4541">
    <p class='ocr_par' dir='ltr' id='par_1_76' title="bbox 312 4455 1938 4541">
     <span class='ocr_line' id='line_1_76' title="bbox 312 4455 1938 4541; baseline -0.011 -16"><span class='ocrx_word' id='word_1_531' title='bbox 312 4468 703 4541; x_wconf 83' lang='lat' dir='ltr'><strong>promovistis</strong></span> <span class='ocrx_word' id='word_1_532' title='bbox 728 4483 741 4520; x_wconf 90' lang='lat'><strong>:</strong></span> <span class='ocrx_word' id='word_1_533' title='bbox 774 4465 963 4519; x_wconf 79' lang='lat' dir='ltr'><strong>fiducia</strong></span> <span class='ocrx_word' id='word_1_534' title='bbox 987 4477 1241 4518; x_wconf 88' lang='lat' dir='ltr'><strong>concessa</strong></span> <span class='ocrx_word' id='word_1_535' title='bbox 1268 4460 1471 4515; x_wconf 76' lang='lat' dir='ltr'><strong>exstitit</strong></span> <span class='ocrx_word' id='word_1_536' title='bbox 1492 4467 1664 4512; x_wconf 90' lang='lat' dir='ltr'><strong>mater</strong></span> <span class='ocrx_word' id='word_1_537' title='bbox 1684 4455 1938 4510; x_wconf 66' lang='lat' dir='ltr'><strong>audaciae.</strong></span> 
     </span>
    </p>
   </div>
   <div class='ocr_carea' id='block_1_77' title="bbox 2038 3262 3625 3349">
    <p class='ocr_par' dir='ltr' id='par_1_77' title="bbox 2038 3262 3625 3349">
     <span class='ocr_line' id='line_1_77' title="bbox 2038 3262 3625 3349; baseline 0.003 -20"><span class='ocrx_word' id='word_1_538' title='bbox 2038 3290 2145 3329; x_wconf 88' lang='lat' dir='ltr'><strong>non</strong></span> <span class='ocrx_word' id='word_1_539' title='bbox 2174 3276 2413 3344; x_wconf 87' lang='lat' dir='ltr'><strong>sorbuit,</strong></span> <span class='ocrx_word' id='word_1_540' title='bbox 2445 3275 2592 3330; x_wconf 89' lang='lat' dir='ltr'><strong>dicas</strong></span> <span class='ocrx_word' id='word_1_541' title='bbox 2618 3291 2742 3330; x_wconf 89' lang='lat' dir='ltr'><strong>rura</strong></span> <span class='ocrx_word' id='word_1_542' title='bbox 2781 3271 3102 3333; x_wconf 79' lang='lat' dir='ltr'><strong>difiuu&#39;dere.</strong></span> <span class='ocrx_word' id='word_1_543' title='bbox 3132 3279 3366 3349; x_wconf 88' lang='lat' dir='ltr'><strong>Tingunt</strong></span> <span class='ocrx_word' id='word_1_544' title='bbox 3394 3280 3481 3335; x_wconf 88' lang='lat' dir='ltr'><strong>alii</strong></span> <span class='ocrx_word' id='word_1_545' title='bbox 3508 3262 3625 3334; x_wconf 20' lang='lat' dir='ltr'><strong>lin-I</strong></span> 
     </span>
    </p>
   </div>
   <div class='ocr_carea' id='block_1_78' title="bbox 2036 3370 3616 3439">
    <p class='ocr_par' dir='ltr' id='par_1_78' title="bbox 2036 3370 3616 3439">
     <span class='ocr_line' id='line_1_78' title="bbox 2036 3370 3616 3439; baseline 0.004 -17"><span class='ocrx_word' id='word_1_546' title='bbox 2036 3384 2155 3438; x_wconf 69' lang='lat' dir='ltr'><strong>gua:</strong></span> <span class='ocrx_word' id='word_1_547' title='bbox 2179 3371 2402 3434; x_wconf 85' lang='lat' dir='ltr'><strong>murice,</strong></span> <span class='ocrx_word' id='word_1_548' title='bbox 2423 3384 2544 3438; x_wconf 68' lang='lat' dir='ltr'><strong>qua:</strong></span> <span class='ocrx_word' id='word_1_549' title='bbox 2571 3370 2745 3425; x_wconf 91' lang='lat' dir='ltr'><strong>nullus</strong></span> <span class='ocrx_word' id='word_1_550' title='bbox 2767 3370 2831 3425; x_wconf 90' lang='lat' dir='ltr'><strong>ad</strong></span> <span class='ocrx_word' id='word_1_551' title='bbox 2856 3372 3086 3439; x_wconf 87' lang='lat' dir='ltr'><strong>regalem</strong></span> <span class='ocrx_word' id='word_1_552' title='bbox 3110 3387 3265 3426; x_wconf 90' lang='lat' dir='ltr'><strong>usum</strong></span> <span class='ocrx_word' id='word_1_553' title='bbox 3293 3371 3447 3427; x_wconf 87' lang='lat' dir='ltr'><strong>fucus</strong></span> <span class='ocrx_word' id='word_1_554' title='bbox 3464 3372 3616 3428; x_wconf 83' lang='lat' dir='ltr'><strong>exhi-</strong></span> 
     </span>
    </p>
   </div>
   <div class='ocr_carea' id='block_1_79' title="bbox 2037 3460 3617 3530">
    <p class='ocr_par' dir='ltr' id='par_1_79' title="bbox 2037 3460 3617 3530">
     <span class='ocr_line' id='line_1_79' title="bbox 2037 3460 3617 3530; baseline 0.002 -15"><span class='ocrx_word' id='word_1_555' title='bbox 2037 3460 2179 3527; x_wconf 91' lang='lat' dir='ltr'><strong>buit,</strong></span> <span class='ocrx_word' id='word_1_556' title='bbox 2211 3470 2264 3515; x_wconf 91' lang='lat' dir='ltr'><strong>et</strong></span> <span class='ocrx_word' id='word_1_557' title='bbox 2293 3461 2513 3516; x_wconf 80' lang='lat' dir='ltr'><strong>discreti</strong></span> <span class='ocrx_word' id='word_1_558' title='bbox 2549 3462 2709 3516; x_wconf 79' lang='lat' dir='ltr'><strong>maris</strong></span> <span class='ocrx_word' id='word_1_559' title='bbox 2735 3465 2910 3530; x_wconf 89' lang='lat' dir='ltr'><strong>ignota</strong></span> <span class='ocrx_word' id='word_1_560' title='bbox 2937 3462 3173 3516; x_wconf 88' lang='lat' dir='ltr'><strong>cochleis</strong></span> <span class='ocrx_word' id='word_1_561' title='bbox 3199 3463 3314 3516; x_wconf 88' lang='lat' dir='ltr'><strong>lana</strong></span> <span class='ocrx_word' id='word_1_562' title='bbox 3340 3463 3507 3517; x_wconf 90' lang='lat' dir='ltr'><strong>solam</strong></span> <span class='ocrx_word' id='word_1_563' title='bbox 3532 3465 3617 3518; x_wconf 85' lang='lat' dir='ltr'><strong>lu-</strong></span> 
     </span>
    </p>
   </div>
   <div class='ocr_carea' id='block_1_80' title="bbox 2038 3553 3617 3625">
    <p class='ocr_par' dir='ltr' id='par_1_80' title="bbox 2038 3553 3617 3625">
     <span class='ocr_line' id='line_1_80' title="bbox 2038 3553 3617 3625; baseline 0.002 -17"><span class='ocrx_word' id='word_1_564' title='bbox 2038 3568 2155 3608; x_wconf 90' lang='lat' dir='ltr'><strong>cem</strong></span> <span class='ocrx_word' id='word_1_565' title='bbox 2205 3553 2338 3608; x_wconf 91' lang='lat' dir='ltr'><strong>bibit</strong></span> <span class='ocrx_word' id='word_1_566' title='bbox 2389 3554 2587 3624; x_wconf 88' lang='lat' dir='ltr'><strong>eloquii</strong></span> <span class='ocrx_word' id='word_1_567' title='bbox 2634 3571 2647 3605; x_wconf 90' lang='lat'><strong>:</strong></span> <span class='ocrx_word' id='word_1_568' title='bbox 2693 3553 2934 3608; x_wconf 86' lang='lat' dir='ltr'><strong>redditur</strong></span> <span class='ocrx_word' id='word_1_569' title='bbox 2971 3554 3186 3624; x_wconf 90' lang='lat' dir='ltr'><strong>dignum</strong></span> <span class='ocrx_word' id='word_1_570' title='bbox 3234 3556 3617 3625; x_wconf 87' lang='lat' dir='ltr'><strong>principalibus</strong></span> 
     </span>
    </p>
   </div>
   <div class='ocr_carea' id='block_1_81' title="bbox 2040 3644 3620 3713">
    <p class='ocr_par' dir='ltr' id='par_1_81' title="bbox 2040 3644 3620 3713">
     <span class='ocr_line' id='line_1_81' title="bbox 2040 3644 3620 3713; baseline 0.004 -15"><span class='ocrx_word' id='word_1_571' title='bbox 2040 3644 2386 3710; x_wconf 70' lang='lat' dir='ltr'><strong>indumentis,</strong></span> <span class='ocrx_word' id='word_1_572' title='bbox 2416 3644 2668 3713; x_wconf 90' lang='lat' dir='ltr'><strong>quidquid</strong></span> <span class='ocrx_word' id='word_1_573' title='bbox 2700 3644 2751 3697; x_wconf 94' lang='lat' dir='ltr'><strong>in</strong></span> <span class='ocrx_word' id='word_1_574' title='bbox 2785 3645 2870 3697; x_wconf 91' lang='lat' dir='ltr'><strong>vili</strong></span> <span class='ocrx_word' id='word_1_575' title='bbox 2895 3661 3113 3700; x_wconf 90' lang='lat' dir='ltr'><strong>munere</strong></span> <span class='ocrx_word' id='word_1_576' title='bbox 3143 3647 3431 3700; x_wconf 85' lang='lat' dir='ltr'><strong>relatorum</strong></span> <span class='ocrx_word' id='word_1_577' title='bbox 3454 3648 3620 3705; x_wconf 82' lang='lat' dir='ltr'><strong>verba</strong></span> 
     </span>
    </p>
   </div>
   <div class='ocr_carea' id='block_1_82' title="bbox 2040 3734 3620 3802">
    <p class='ocr_par' dir='ltr' id='par_1_82' title="bbox 2040 3734 3620 3802">
     <span class='ocr_line' id='line_1_82' title="bbox 2040 3734 3620 3802; baseline 0.003 -13"><span class='ocrx_word' id='word_1_578' title='bbox 2040 3736 2419 3791; x_wconf 89' lang='lat' dir='ltr'><strong>coloraverint.</strong></span> <span class='ocrx_word' id='word_1_579' title='bbox 2455 3734 2559 3790; x_wconf 90' lang='lat' dir='ltr'><strong>Sed</strong></span> <span class='ocrx_word' id='word_1_580' title='bbox 2592 3735 2659 3787; x_wconf 91' lang='lat' dir='ltr'><strong>ab</strong></span> <span class='ocrx_word' id='word_1_581' title='bbox 2698 3735 3003 3802; x_wconf 90' lang='lat' dir='ltr'><strong>hujusmodi</strong></span> <span class='ocrx_word' id='word_1_582' title='bbox 3033 3751 3119 3789; x_wconf 92' lang='lat' dir='ltr'><strong>me</strong></span> <span class='ocrx_word' id='word_1_583' title='bbox 3149 3738 3449 3791; x_wconf 89' lang='lat' dir='ltr'><strong>urbanitate</strong></span> <span class='ocrx_word' id='word_1_584' title='bbox 3477 3739 3620 3794; x_wconf 82' lang='lat' dir='ltr'><strong>vires</strong></span> 
     </span>
    </p>
   </div>
   <div class='ocr_carea' id='block_1_83' title="bbox 2038 3825 3622 3897">
    <p class='ocr_par' dir='ltr' id='par_1_83' title="bbox 2038 3825 3622 3897">
     <span class='ocr_line' id='line_1_83' title="bbox 2038 3825 3622 3897; baseline 0.003 -17"><span class='ocrx_word' id='word_1_585' title='bbox 2038 3829 2239 3897; x_wconf 89' lang='lat' dir='ltr'><strong>pariter</strong></span> <span class='ocrx_word' id='word_1_586' title='bbox 2263 3838 2312 3881; x_wconf 89' lang='lat' dir='ltr'><strong>et</strong></span> <span class='ocrx_word' id='word_1_587' title='bbox 2335 3836 2455 3880; x_wconf 89' lang='lat' dir='ltr'><strong>vota</strong></span> <span class='ocrx_word' id='word_1_588' title='bbox 2485 3825 2806 3881; x_wconf 90' lang='lat' dir='ltr'><strong>subducunt.</strong></span> <span class='ocrx_word' id='word_1_589' title='bbox 2831 3826 2985 3881; x_wconf 85' lang='lat' dir='ltr'><strong>Nulla</strong></span> <span class='ocrx_word' id='word_1_590' title='bbox 3010 3829 3250 3882; x_wconf 88' lang='lat' dir='ltr'><strong>clarioris</strong></span> <span class='ocrx_word' id='word_1_591' title='bbox 3272 3829 3373 3883; x_wconf 92' lang='lat' dir='ltr'><strong>fuci</strong></span> <span class='ocrx_word' id='word_1_592' title='bbox 3402 3828 3622 3885; x_wconf 83' lang='lat' dir='ltr'><strong>ﬂamina</strong></span> 
     </span>
    </p>
   </div>
   <div class='ocr_carea' id='block_1_84' title="bbox 2042 3920 3621 3994">
    <p class='ocr_par' dir='ltr' id='par_1_84' title="bbox 2042 3920 3621 3994">
     <span class='ocr_line' id='line_1_84' title="bbox 2042 3920 3621 3994; baseline 0.004 -21"><span class='ocrx_word' id='word_1_593' title='bbox 2042 3935 2137 3989; x_wconf 77' lang='lat' dir='ltr'><strong>per</strong></span> <span class='ocrx_word' id='word_1_594' title='bbox 2162 3934 2249 3975; x_wconf 91' lang='lat' dir='ltr'><strong>me</strong></span> <span class='ocrx_word' id='word_1_595' title='bbox 2273 3920 2561 3990; x_wconf 89' lang='lat' dir='ltr'><strong>splendore</strong></span> <span class='ocrx_word' id='word_1_596' title='bbox 2587 3920 2915 3974; x_wconf 88' lang='lat' dir='ltr'><strong>rutilabunt:</strong></span> <span class='ocrx_word' id='word_1_597' title='bbox 2947 3936 3106 3977; x_wconf 92' lang='lat' dir='ltr'><strong>nemo</strong></span> <span class='ocrx_word' id='word_1_598' title='bbox 3129 3923 3324 3977; x_wconf 90' lang='lat' dir='ltr'><strong>dictum</strong></span> <span class='ocrx_word' id='word_1_599' title='bbox 3348 3923 3415 3978; x_wconf 93' lang='lat' dir='ltr'><strong>de</strong></span> <span class='ocrx_word' id='word_1_600' title='bbox 3439 3925 3621 3994; x_wconf 86' lang='lat' dir='ltr'><strong>aliquo</strong></span> 
     </span>
    </p>
   </div>
   <div class='ocr_carea' id='block_1_85' title="bbox 2041 4010 3622 4084">
    <p class='ocr_par' dir='ltr' id='par_1_85' title="bbox 2041 4010 3622 4084">
     <span class='ocr_line' id='line_1_85' title="bbox 2041 4010 3622 4084; baseline 0.004 -20"><span class='ocrx_word' id='word_1_601' title='bbox 2041 4011 2318 4076; x_wconf 86' lang='lat' dir='ltr'><strong>inveniet,</strong></span> <span class='ocrx_word' id='word_1_602' title='bbox 2351 4011 2492 4079; x_wconf 91' lang='lat' dir='ltr'><strong>quod</strong></span> <span class='ocrx_word' id='word_1_603' title='bbox 2536 4012 2588 4065; x_wconf 91' lang='lat' dir='ltr'><strong>in</strong></span> <span class='ocrx_word' id='word_1_604' title='bbox 2634 4010 2750 4080; x_wconf 85' lang='lat' dir='ltr'><strong>ejus</strong></span> <span class='ocrx_word' id='word_1_605' title='bbox 2791 4011 2997 4067; x_wconf 88' lang='lat' dir='ltr'><strong>actibus</strong></span> <span class='ocrx_word' id='word_1_606' title='bbox 3033 4029 3139 4068; x_wconf 91' lang='lat' dir='ltr'><strong>non</strong></span> <span class='ocrx_word' id='word_1_607' title='bbox 3169 4025 3439 4084; x_wconf 83' lang='lat' dir='ltr'><strong>agnoscat.</strong></span> <span class='ocrx_word' id='word_1_608' title='bbox 3485 4016 3622 4071; x_wconf 90' lang='lat' dir='ltr'><strong>Hinc</strong></span> 
     </span>
    </p>
   </div>
   <div class='ocr_carea' id='block_1_86' title="bbox 2042 4103 3623 4175">
    <p class='ocr_par' dir='ltr' id='par_1_86' title="bbox 2042 4103 3623 4175">
     <span class='ocr_line' id='line_1_86' title="bbox 2042 4103 3623 4175; baseline 0.003 -18"><span class='ocrx_word' id='word_1_609' title='bbox 2042 4103 2228 4173; x_wconf 90' lang='lat' dir='ltr'><strong>pudori</strong></span> <span class='ocrx_word' id='word_1_610' title='bbox 2261 4118 2382 4158; x_wconf 93' lang='lat' dir='ltr'><strong>meo</strong></span> <span class='ocrx_word' id='word_1_611' title='bbox 2408 4104 2490 4156; x_wconf 88' lang='lat' dir='ltr'><strong>vel</strong></span> <span class='ocrx_word' id='word_1_612' title='bbox 2532 4103 2805 4171; x_wconf 87' lang='lat' dir='ltr'><strong>proposito</strong></span> <span class='ocrx_word' id='word_1_613' title='bbox 2837 4119 3049 4159; x_wconf 89' lang='lat' dir='ltr'><strong>manum</strong></span> <span class='ocrx_word' id='word_1_614' title='bbox 3090 4108 3328 4175; x_wconf 88' lang='lat' dir='ltr'><strong>porrigo,</strong></span> <span class='ocrx_word' id='word_1_615' title='bbox 3372 4106 3512 4175; x_wconf 91' lang='lat' dir='ltr'><strong>quod</strong></span> <span class='ocrx_word' id='word_1_616' title='bbox 3546 4106 3623 4164; x_wconf 89' lang='lat' dir='ltr'><strong>illi</strong></span> 
     </span>
    </p>
   </div>
   <div class='ocr_carea' id='block_1_87' title="bbox 2043 4197 3621 4268">
    <p class='ocr_par' dir='ltr' id='par_1_87' title="bbox 2043 4197 3621 4268">
     <span class='ocr_line' id='line_1_87' title="bbox 2043 4197 3621 4268; baseline 0.005 -19"><span class='ocrx_word' id='word_1_617' title='bbox 2043 4198 2298 4266; x_wconf 70' lang='lat' dir='ltr'><strong>prmvium</strong></span> <span class='ocrx_word' id='word_1_618' title='bbox 2339 4197 2588 4265; x_wconf 91' lang='lat' dir='ltr'><strong>impendo</strong></span> <span class='ocrx_word' id='word_1_619' title='bbox 2612 4198 2721 4251; x_wconf 89' lang='lat' dir='ltr'><strong>oris</strong></span> <span class='ocrx_word' id='word_1_620' title='bbox 2746 4198 2979 4253; x_wconf 89' lang='lat' dir='ltr'><strong>officium</strong></span> <span class='ocrx_word' id='word_1_621' title='bbox 3004 4241 3018 4265; x_wconf 93' lang='lat'><strong>,</strong></span> <span class='ocrx_word' id='word_1_622' title='bbox 3048 4201 3135 4268; x_wconf 89' lang='lat' dir='ltr'><strong>qui</strong></span> <span class='ocrx_word' id='word_1_623' title='bbox 3162 4202 3225 4253; x_wconf 90' lang='lat' dir='ltr'><strong>ad</strong></span> <span class='ocrx_word' id='word_1_624' title='bbox 3257 4202 3499 4256; x_wconf 86' lang='lat' dir='ltr'><strong>notitiam</strong></span> <span class='ocrx_word' id='word_1_625' title='bbox 3528 4218 3621 4257; x_wconf 86' lang='lat' dir='ltr'><strong>ve-</strong></span> 
     </span>
    </p>
   </div>
   <div class='ocr_carea' id='block_1_88' title="bbox 2045 4286 3617 4355">
    <p class='ocr_par' dir='ltr' id='par_1_88' title="bbox 2045 4286 3617 4355">
     <span class='ocr_line' id='line_1_88' title="bbox 2045 4286 3617 4355; baseline 0.005 -17"><span class='ocrx_word' id='word_1_626' title='bbox 2045 4298 2209 4339; x_wconf 89' lang='lat' dir='ltr'><strong>stram</strong></span> <span class='ocrx_word' id='word_1_627' title='bbox 2256 4286 2416 4340; x_wconf 89' lang='lat' dir='ltr'><strong>rebus</strong></span> <span class='ocrx_word' id='word_1_628' title='bbox 2461 4286 2596 4338; x_wconf 88' lang='lat' dir='ltr'><strong>bene</strong></span> <span class='ocrx_word' id='word_1_629' title='bbox 2624 4289 2787 4355; x_wconf 84' lang='lat' dir='ltr'><strong>gestis</strong></span> <span class='ocrx_word' id='word_1_630' title='bbox 2826 4290 3077 4341; x_wconf 89' lang='lat' dir='ltr'><strong>occurrit.</strong></span> <span class='ocrx_word' id='word_1_631' title='bbox 3108 4288 3427 4344; x_wconf 80' lang='lat' dir='ltr'><strong>Venantium</strong></span> <span class='ocrx_word' id='word_1_632' title='bbox 3459 4292 3521 4345; x_wconf 83' lang='lat' dir='ltr'><strong>V.</strong></span> <span class='ocrx_word' id='word_1_633' title='bbox 3555 4291 3617 4346; x_wconf 91' lang='lat' dir='ltr'><strong>C.</strong></span> 
     </span>
    </p>
   </div>
   <div class='ocr_carea' id='block_1_89' title="bbox 2046 4376 3618 4448">
    <p class='ocr_par' dir='ltr' id='par_1_89' title="bbox 2046 4376 3618 4448">
     <span class='ocr_line' id='line_1_89' title="bbox 2046 4376 3618 4448; baseline 0.003 -18"><span class='ocrx_word' id='word_1_634' title='bbox 2046 4376 2235 4446; x_wconf 90' lang='lat' dir='ltr'><strong>loquor</strong></span> <span class='ocrx_word' id='word_1_635' title='bbox 2261 4376 2461 4431; x_wconf 91' lang='lat' dir='ltr'><strong>idcirco</strong></span> <span class='ocrx_word' id='word_1_636' title='bbox 2486 4391 2515 4430; x_wconf 90' lang='lat' dir='ltr'><strong>a</strong></span> <span class='ocrx_word' id='word_1_637' title='bbox 2545 4391 2631 4429; x_wconf 91' lang='lat' dir='ltr'><strong>me</strong></span> <span class='ocrx_word' id='word_1_638' title='bbox 2672 4378 2912 4445; x_wconf 86' lang='lat' dir='ltr'><strong>paginale</strong></span> <span class='ocrx_word' id='word_1_639' title='bbox 2941 4377 3254 4444; x_wconf 88' lang='lat' dir='ltr'><strong>impetrasse</strong></span> <span class='ocrx_word' id='word_1_640' title='bbox 3280 4380 3618 4448; x_wconf 88' lang='lat' dir='ltr'><strong>obsequium,</strong></span> 
     </span>
    </p>
   </div>
   <div class='ocr_carea' id='block_1_90' title="bbox 2046 4467 3623 4538">
    <p class='ocr_par' dir='ltr' id='par_1_90' title="bbox 2046 4467 3623 4538">
     <span class='ocr_line' id='line_1_90' title="bbox 2046 4467 3623 4538; baseline 0.002 -16"><span class='ocrx_word' id='word_1_641' title='bbox 2046 4477 2105 4522; x_wconf 90' lang='lat' dir='ltr'><strong>ut</strong></span> <span class='ocrx_word' id='word_1_642' title='bbox 2126 4469 2178 4522; x_wconf 92' lang='lat' dir='ltr'><strong>in</strong></span> <span class='ocrx_word' id='word_1_643' title='bbox 2204 4482 2261 4522; x_wconf 92' lang='lat' dir='ltr'><strong>se</strong></span> <span class='ocrx_word' id='word_1_644' title='bbox 2283 4469 2466 4522; x_wconf 89' lang='lat' dir='ltr'><strong>oculos</strong></span> <span class='ocrx_word' id='word_1_645' title='bbox 2489 4478 2683 4522; x_wconf 78' lang='lat' dir='ltr'><strong>vestra:</strong></span> <span class='ocrx_word' id='word_1_646' title='bbox 2707 4467 3085 4538; x_wconf 79' lang='lat' dir='ltr'><strong>magnitudinis</strong></span> <span class='ocrx_word' id='word_1_647' title='bbox 3108 4467 3383 4534; x_wconf 89' lang='lat' dir='ltr'><strong>invitaret;</strong></span> <span class='ocrx_word' id='word_1_648' title='bbox 3410 4484 3475 4522; x_wconf 91' lang='lat' dir='ltr'><strong>ne</strong></span> <span class='ocrx_word' id='word_1_649' title='bbox 3495 4484 3623 4525; x_wconf 89' lang='lat' dir='ltr'><strong>eum</strong></span> 
     </span>
    </p>
   </div>
   <div class='ocr_carea' id='block_1_91' title="bbox 310 4546 1930 4631">
    <p class='ocr_par' dir='ltr' id='par_1_91' title="bbox 310 4546 1930 4629">
     <span class='ocr_line' id='line_1_91' title="bbox 310 4546 1930 4629; baseline -0.012 -11"><span class='ocrx_word' id='word_1_650' title='bbox 310 4562 433 4617; x_wconf 90' lang='lat' dir='ltr'><strong>Sed</strong></span> <span class='ocrx_word' id='word_1_651' title='bbox 466 4561 578 4629; x_wconf 87' lang='lat' dir='ltr'><strong>qui</strong></span> <span class='ocrx_word' id='word_1_652' title='bbox 628 4571 713 4611; x_wconf 90' lang='lat' dir='ltr'><strong>me</strong></span> <span class='ocrx_word' id='word_1_653' title='bbox 743 4554 1061 4609; x_wconf 90' lang='lat' dir='ltr'><strong>humilitatis</strong></span> <span class='ocrx_word' id='word_1_654' title='bbox 1090 4560 1239 4622; x_wconf 89' lang='lat' dir='ltr'><strong>putat</strong></span> <span class='ocrx_word' id='word_1_655' title='bbox 1275 4552 1517 4620; x_wconf 83' lang='lat' dir='ltr'><strong>ignarum</strong></span> <span class='ocrx_word' id='word_1_656' title='bbox 1538 4588 1553 4613; x_wconf 94' lang='lat'><strong>,</strong></span> <span class='ocrx_word' id='word_1_657' title='bbox 1599 4546 1930 4602; x_wconf 87' lang='lat' dir='ltr'><strong>obedientem</strong></span> 
     </span>
    </p>
   </div>
   <div class='ocr_carea' id='block_1_92' title="bbox 2033 4546 3623 4631">
    <p class='ocr_par' dir='ltr' id='par_1_92' title="bbox 2046 4560 3623 4631">
     <span class='ocr_line' id='line_1_92' title="bbox 2046 4560 3623 4631; baseline 0.003 -17"><span class='ocrx_word' id='word_1_658' title='bbox 2046 4563 2185 4615; x_wconf 89' lang='lat' dir='ltr'><strong>inter</strong></span> <span class='ocrx_word' id='word_1_659' title='bbox 2222 4577 2471 4617; x_wconf 91' lang='lat' dir='ltr'><strong>curarum</strong></span> <span class='ocrx_word' id='word_1_660' title='bbox 2501 4563 2669 4616; x_wconf 90' lang='lat' dir='ltr'><strong>moles</strong></span> <span class='ocrx_word' id='word_1_661' title='bbox 2713 4561 3044 4631; x_wconf 82' lang='lat' dir='ltr'><strong>contingeret</strong></span> <span class='ocrx_word' id='word_1_662' title='bbox 3084 4562 3334 4631; x_wconf 84' lang='lat' dir='ltr'><strong>ignorari.</strong></span> <span class='ocrx_word' id='word_1_663' title='bbox 3375 4562 3508 4613; x_wconf 80' lang='lat' dir='ltr'><strong>Sunt</strong></span> <span class='ocrx_word' id='word_1_664' title='bbox 3544 4560 3623 4618; x_wconf 88' lang='lat' dir='ltr'><strong>illi</strong></span> 
     </span>
    </p>
   </div>
   <div class='ocr_carea' id='block_1_93' title="bbox 312 4637 1941 4723">
    <p class='ocr_par' dir='ltr' id='par_1_93' title="bbox 312 4637 1941 4723">
     <span class='ocr_line' id='line_1_93' title="bbox 312 4637 1941 4723; baseline -0.01 -16"><span class='ocrx_word' id='word_1_665' title='bbox 312 4651 628 4723; x_wconf 83' lang='lat' dir='ltr'><strong>probabit,</strong></span> <span class='ocrx_word' id='word_1_666' title='bbox 660 4650 702 4701; x_wconf 92' lang='lat' dir='ltr'><strong>si</strong></span> <span class='ocrx_word' id='word_1_667' title='bbox 736 4648 875 4716; x_wconf 85' lang='lat' dir='ltr'><strong>iussa</strong></span> <span class='ocrx_word' id='word_1_668' title='bbox 905 4644 1227 4700; x_wconf 91' lang='lat' dir='ltr'><strong>consideret.</strong></span> <span class='ocrx_word' id='word_1_669' title='bbox 1262 4641 1615 4710; x_wconf 60' lang='lat' dir='ltr'><strong>Praesumptio</strong></span> <span class='ocrx_word' id='word_1_670' title='bbox 1638 4647 1741 4703; x_wconf 67' lang='lat' dir='ltr'><strong>est,</strong></span> <span class='ocrx_word' id='word_1_671' title='bbox 1765 4639 1809 4692; x_wconf 88' lang='lat' dir='ltr'><strong>si</strong></span> <span class='ocrx_word' id='word_1_672' title='bbox 1841 4637 1941 4692; x_wconf 92' lang='lat' dir='ltr'><strong>do-</strong></span> 
     </span>
    </p>
   </div>
   <div class='ocr_carea' id='block_1_94' title="bbox 307 4731 1937 4804">
    <p class='ocr_par' dir='ltr' id='par_1_94' title="bbox 307 4731 1937 4804">
     <span class='ocr_line' id='line_1_94' title="bbox 307 4731 1937 4804; baseline -0.01 -3"><span class='ocrx_word' id='word_1_673' title='bbox 307 4747 626 4801; x_wconf 83' lang='lat' dir='ltr'><strong>minorum</strong></span> <span class='ocrx_word' id='word_1_674' title='bbox 652 4739 909 4794; x_wconf 85' lang='lat' dir='ltr'><strong>beneficia</strong></span> <span class='ocrx_word' id='word_1_675' title='bbox 934 4738 1115 4791; x_wconf 85' lang='lat' dir='ltr'><strong>famuli</strong></span> <span class='ocrx_word' id='word_1_676' title='bbox 1141 4752 1247 4790; x_wconf 90' lang='lat' dir='ltr'><strong>non</strong></span> <span class='ocrx_word' id='word_1_677' title='bbox 1269 4743 1562 4804; x_wconf 89' lang='lat' dir='ltr'><strong>sequantur</strong></span> <span class='ocrx_word' id='word_1_678' title='bbox 1586 4750 1598 4785; x_wconf 92' lang='lat'><strong>:</strong></span> <span class='ocrx_word' id='word_1_679' title='bbox 1624 4731 1937 4801; x_wconf 90' lang='lat' dir='ltr'><strong>obsequium</strong></span> 
     </span>
    </p>
   </div>
   <div class='ocr_carea' id='block_1_95' title="bbox 307 4824 1943 4901">
    <p class='ocr_par' dir='ltr' id='par_1_95' title="bbox 307 4824 1943 4901">
     <span class='ocr_line' id='line_1_95' title="bbox 307 4824 1943 4901; baseline -0.01 -7"><span class='ocrx_word' id='word_1_680' title='bbox 307 4834 735 4894; x_wconf 68' lang='lat' dir='ltr'><strong>aestimandum</strong></span> <span class='ocrx_word' id='word_1_681' title='bbox 780 4841 937 4901; x_wconf 89' lang='lat' dir='ltr'><strong>puto,</strong></span> <span class='ocrx_word' id='word_1_682' title='bbox 990 4829 1131 4899; x_wconf 92' lang='lat' dir='ltr'><strong>quod</strong></span> <span class='ocrx_word' id='word_1_683' title='bbox 1173 4828 1441 4898; x_wconf 88' lang='lat' dir='ltr'><strong>pariturus</strong></span> <span class='ocrx_word' id='word_1_684' title='bbox 1486 4824 1758 4894; x_wconf 88' lang='lat' dir='ltr'><strong>impendo.</strong></span> <span class='ocrx_word' id='word_1_685' title='bbox 1805 4824 1943 4878; x_wconf 85' lang='lat' dir='ltr'><strong>Ecce</strong></span> 
     </span>
    </p>
   </div>
   <div class='ocr_carea' id='block_1_96' title="bbox 303 4918 1933 4990">
    <p class='ocr_par' dir='ltr' id='par_1_96' title="bbox 303 4918 1933 4990">
     <span class='ocr_line' id='line_1_96' title="bbox 303 4918 1933 4990; baseline -0.009 -6"><span class='ocrx_word' id='word_1_686' title='bbox 303 4942 566 4984; x_wconf 79' lang='lat' dir='ltr'><strong>causam</strong></span> <span class='ocrx_word' id='word_1_687' title='bbox 602 4921 915 4990; x_wconf 83' lang='lat' dir='ltr'><strong>scriptionis</strong></span> <span class='ocrx_word' id='word_1_688' title='bbox 940 4920 1166 4986; x_wconf 88' lang='lat' dir='ltr'><strong>asserui,</strong></span> <span class='ocrx_word' id='word_1_689' title='bbox 1189 4920 1312 4989; x_wconf 89' lang='lat' dir='ltr'><strong>quia</strong></span> <span class='ocrx_word' id='word_1_690' title='bbox 1335 4918 1538 4973; x_wconf 90' lang='lat' dir='ltr'><strong>veritus</strong></span> <span class='ocrx_word' id='word_1_691' title='bbox 1560 4931 1675 4970; x_wconf 93' lang='lat' dir='ltr'><strong>sum</strong></span> <span class='ocrx_word' id='word_1_692' title='bbox 1720 4930 1789 4970; x_wconf 91' lang='lat' dir='ltr'><strong>ne</strong></span> <span class='ocrx_word' id='word_1_693' title='bbox 1812 4924 1933 4984; x_wconf 92' lang='lat' dir='ltr'><strong>post</strong></span> 
     </span>
    </p>
   </div>
   <div class='ocr_carea' id='block_1_97' title="bbox 305 5012 1940 5088">
    <p class='ocr_par' dir='ltr' id='par_1_97' title="bbox 305 5012 1940 5088">
     <span class='ocr_line' id='line_1_97' title="bbox 305 5012 1940 5088; baseline -0.01 -14"><span class='ocrx_word' id='word_1_694' title='bbox 305 5021 680 5088; x_wconf 82' lang='lat' dir='ltr'><strong>imperatam</strong></span> <span class='ocrx_word' id='word_1_695' title='bbox 711 5012 836 5081; x_wconf 81' lang='lat' dir='ltr'><strong>styli</strong></span> <span class='ocrx_word' id='word_1_696' title='bbox 879 5025 1058 5066; x_wconf 92' lang='lat' dir='ltr'><strong>curam</strong></span> <span class='ocrx_word' id='word_1_697' title='bbox 1099 5019 1283 5063; x_wconf 87' lang='lat' dir='ltr'><strong>tacens</strong></span> <span class='ocrx_word' id='word_1_698' title='bbox 1312 5017 1576 5076; x_wconf 67' lang='lat' dir='ltr'><strong>praecepta</strong></span> <span class='ocrx_word' id='word_1_699' title='bbox 1612 5020 1940 5075; x_wconf 90' lang='lat' dir='ltr'><strong>respuerem.</strong></span> 
     </span>
    </p>
   </div>
   <div class='ocr_carea' id='block_1_98' title="bbox 303 5097 1943 5170">
    <p class='ocr_par' dir='ltr' id='par_1_98' title="bbox 303 5097 1943 5170">
     <span class='ocr_line' id='line_1_98' title="bbox 303 5097 1943 5170; baseline -0.009 -5"><span class='ocrx_word' id='word_1_700' title='bbox 303 5109 435 5164; x_wconf 88' lang='lat' dir='ltr'><strong>Huc</strong></span> <span class='ocrx_word' id='word_1_701' title='bbox 507 5106 765 5161; x_wconf 84' lang='lat' dir='ltr'><strong>accessit</strong></span> <span class='ocrx_word' id='word_1_702' title='bbox 808 5103 949 5170; x_wconf 87' lang='lat' dir='ltr'><strong>quod</strong></span> <span class='ocrx_word' id='word_1_703' title='bbox 997 5103 1049 5156; x_wconf 93' lang='lat' dir='ltr'><strong>in</strong></span> <span class='ocrx_word' id='word_1_704' title='bbox 1098 5117 1257 5157; x_wconf 88' lang='lat' dir='ltr'><strong>causa</strong></span> <span class='ocrx_word' id='word_1_705' title='bbox 1304 5099 1622 5155; x_wconf 89' lang='lat' dir='ltr'><strong>venerabilis</strong></span> <span class='ocrx_word' id='word_1_706' title='bbox 1672 5097 1943 5151; x_wconf 68' lang='lat' dir='ltr'><strong>memoria:</strong></span> 
     </span>
    </p>
   </div>
   <div class='ocr_carea' id='block_1_99' title="bbox 306 5189 1942 5265">
    <p class='ocr_par' dir='ltr' id='par_1_99' title="bbox 306 5189 1942 5265">
     <span class='ocr_line' id='line_1_99' title="bbox 306 5189 1942 5265; baseline -0.009 -7"><span class='ocrx_word' id='word_1_707' title='bbox 306 5203 510 5265; x_wconf 74' lang='lat' dir='ltr'><strong>Marii,</strong></span> <span class='ocrx_word' id='word_1_708' title='bbox 552 5199 695 5253; x_wconf 88' lang='lat' dir='ltr'><strong>dum</strong></span> <span class='ocrx_word' id='word_1_709' title='bbox 723 5196 862 5264; x_wconf 91' lang='lat' dir='ltr'><strong>apud</strong></span> <span class='ocrx_word' id='word_1_710' title='bbox 888 5193 1083 5250; x_wconf 89' lang='lat' dir='ltr'><strong>Urbem</strong></span> <span class='ocrx_word' id='word_1_711' title='bbox 1110 5209 1309 5259; x_wconf 88' lang='lat' dir='ltr'><strong>essem,</strong></span> <span class='ocrx_word' id='word_1_712' title='bbox 1348 5208 1497 5261; x_wconf 90' lang='lat' dir='ltr'><strong>spem</strong></span> <span class='ocrx_word' id='word_1_713' title='bbox 1536 5192 1670 5246; x_wconf 87' lang='lat' dir='ltr'><strong>meis</strong></span> <span class='ocrx_word' id='word_1_714' title='bbox 1696 5189 1942 5259; x_wconf 90' lang='lat' dir='ltr'><strong>precibus</strong></span> 
     </span>
    </p>
   </div>
   <div class='ocr_carea' id='block_1_100' title="bbox 381 5301 1940 5379">
    <p class='ocr_par' dir='ltr' id='par_1_100' title="bbox 381 5301 1940 5379">
     <span class='ocr_line' id='line_1_100' title="bbox 381 5301 1940 5379; baseline -0.011 -8"><span class='ocrx_word' id='word_1_715' title='bbox 381 5323 401 5351; x_wconf 81' lang='grc'>¹</span> <span class='ocrx_word' id='word_1_716' title='bbox 435 5314 699 5370; x_wconf 73' lang='lat' dir='ltr'><strong>Iuliano</strong></span> <span class='ocrx_word' id='word_1_717' title='bbox 736 5308 802 5363; x_wconf 85' lang='lat' dir='ltr'><strong>V.</strong></span> <span class='ocrx_word' id='word_1_718' title='bbox 836 5307 887 5363; x_wconf 84' lang='grc' dir='ltr'><strong>Ι.</strong></span> <span class='ocrx_word' id='word_1_719' title='bbox 917 5307 976 5365; x_wconf 88' lang='lat' dir='ltr'><strong>C.</strong></span> <span class='ocrx_word' id='word_1_720' title='bbox 1014 5308 1057 5360; x_wconf 92' lang='lat' dir='ltr'><em>P</em></span> <span class='ocrx_word' id='word_1_721' title='bbox 1084 5307 1105 5379; x_wconf 88' lang='lat'>]</span> <span class='ocrx_word' id='word_1_722' title='bbox 1137 5308 1190 5362; x_wconf 90' lang='lat' dir='ltr'><strong>Id</strong></span> <span class='ocrx_word' id='word_1_723' title='bbox 1221 5316 1322 5373; x_wconf 90' lang='lat' dir='ltr'><strong>est,</strong></span> <span class='ocrx_word' id='word_1_724' title='bbox 1354 5306 1468 5360; x_wconf 92' lang='lat' dir='ltr'><strong>viro</strong></span> <span class='ocrx_word' id='word_1_725' title='bbox 1488 5303 1718 5379; x_wconf 70' lang='lat' dir='ltr'><strong>illustri,</strong></span> <span class='ocrx_word' id='word_1_726' title='bbox 1755 5301 1940 5357; x_wconf 88' lang='lat' dir='ltr'><strong>comiti</strong></span> 
     </span>
    </p>
   </div>
   <div class='ocr_carea' id='block_1_101' title="bbox 308 5376 1937 5457">
    <p class='ocr_par' dir='ltr' id='par_1_101' title="bbox 308 5376 1937 5457">
     <span class='ocr_line' id='line_1_101' title="bbox 308 5376 1937 5457; baseline -0.009 -18"><span class='ocrx_word' id='word_1_727' title='bbox 308 5385 689 5457; x_wconf 78' lang='lat' dir='ltr'><strong>patrimonii.</strong></span> <span class='ocrx_word' id='word_1_728' title='bbox 736 5376 1289 5457; x_wconf 55' lang='lat' dir='ltr'><strong>ligecmonog&#39;ramma</strong></span> <span class='ocrx_word' id='word_1_729' title='bbox 1321 5393 1441 5457; x_wconf 83' lang='lat' dir='ltr'><strong>cum</strong></span> <span class='ocrx_word' id='word_1_730' title='bbox 1487 5376 1803 5457; x_wconf 69' lang='lat' dir='ltr'><strong>Basilienses</strong></span> <span class='ocrx_word' id='word_1_731' title='bbox 1833 5387 1937 5425; x_wconf 86' lang='lat' dir='ltr'><strong>non</strong></span> 
     </span>
    </p>
   </div>
   <div class='ocr_carea' id='block_1_102' title="bbox 306 5446 1929 5527">
    <p class='ocr_par' dir='ltr' id='par_1_102' title="bbox 306 5446 1929 5527">
     <span class='ocr_line' id='line_1_102' title="bbox 306 5446 1929 5527; baseline -0.012 -12"><span class='ocrx_word' id='word_1_732' title='bbox 306 5446 746 5527; x_wconf 73' lang='lat' dir='ltr'><strong>intelligerent,</strong></span> <span class='ocrx_word' id='word_1_733' title='bbox 763 5450 976 5527; x_wconf 62' lang='lat' dir='ltr'><strong>latique</strong></span> <span class='ocrx_word' id='word_1_734' title='bbox 992 5446 1229 5527; x_wconf 67' lang='lat' dir='ltr'><strong>episcopo</strong></span> <span class='ocrx_word' id='word_1_735' title='bbox 1253 5449 1658 5527; x_wconf 72' lang='lat' dir='ltr'><strong>inscripserunt.</strong></span> <span class='ocrx_word' id='word_1_736' title='bbox 1683 5446 1785 5498; x_wconf 82' lang='lat' dir='ltr'><strong>Sed</strong></span> <span class='ocrx_word' id='word_1_737' title='bbox 1806 5457 1929 5527; x_wconf 73' lang='lat' dir='ltr'><strong>vera</strong></span> 
     </span>
    </p>
   </div>
   <div class='ocr_carea' id='block_1_103' title="bbox 306 5512 1929 5595">
    <p class='ocr_par' dir='ltr' id='par_1_103' title="bbox 306 5512 1929 5595">
     <span class='ocr_line' id='line_1_103' title="bbox 306 5512 1929 5595; baseline -0.012 -10"><span class='ocrx_word' id='word_1_738' title='bbox 306 5512 958 5595; x_wconf 47' lang='lat' dir='ltr'><strong>lectio,uquain&#39;reddidi</strong></span> <span class='ocrx_word' id='word_1_739' title='bbox 1008 5512 1081 5595; x_wconf 59' lang='lat' dir='ltr'><strong>er</strong></span> <span class='ocrx_word' id='word_1_740' title='bbox 1109 5512 1382 5595; x_wconf 74' lang='lat' dir='ltr'><strong>vatieano.</strong></span> <span class='ocrx_word' id='word_1_741' title='bbox 1424 5512 1522 5571; x_wconf 85' lang='lat' dir='ltr'><strong>Hic</strong></span> <span class='ocrx_word' id='word_1_742' title='bbox 1556 5516 1696 5595; x_wconf 63' lang='lat' dir='ltr'><strong>enim</strong></span> <span class='ocrx_word' id='word_1_743' title='bbox 1728 5523 1811 5595; x_wconf 70' lang='lat' dir='ltr'><strong>est</strong></span> <span class='ocrx_word' id='word_1_744' title='bbox 1834 5512 1929 5593; x_wconf 48' lang='lat' dir='ltr'><strong>In:</strong></span> 
     </span>
    </p>
   </div>
   <div class='ocr_carea' id='block_1_104' title="bbox 311 5584 1930 5660">
    <p class='ocr_par' dir='ltr' id='par_1_104' title="bbox 311 5584 1930 5660">
     <span class='ocr_line' id='line_1_104' title="bbox 311 5584 1930 5660; baseline -0.011 -7"><span class='ocrx_word' id='word_1_745' title='bbox 311 5584 513 5653; x_wconf 68' lang='lat' dir='ltr'><strong>tianus</strong></span> <span class='ocrx_word' id='word_1_746' title='bbox 534 5584 744 5651; x_wconf 71' lang='lat' dir='ltr'><strong>cbmes</strong></span> <span class='ocrx_word' id='word_1_747' title='bbox 777 5591 1106 5660; x_wconf 74' lang='lat' dir='ltr'><strong>patrimonii,</strong></span> <span class='ocrx_word' id='word_1_748' title='bbox 1137 5591 1202 5643; x_wconf 90' lang='lat' dir='ltr'><strong>ad</strong></span> <span class='ocrx_word' id='word_1_749' title='bbox 1224 5606 1381 5658; x_wconf 89' lang='lat' dir='ltr'><strong>quem</strong></span> <span class='ocrx_word' id='word_1_750' title='bbox 1408 5596 1584 5642; x_wconf 54' lang='lat' dir='ltr'><strong>exstat</strong></span> <span class='ocrx_word' id='word_1_751' title='bbox 1612 5584 1930 5660; x_wconf 81' lang='lat' dir='ltr'><strong>Theodorici</strong></span> 
     </span>
    </p>
   </div>
   <div class='ocr_carea' id='block_1_105' title="bbox 305 5658 1931 5740">
    <p class='ocr_par' dir='ltr' id='par_1_105' title="bbox 305 5658 1931 5740">
     <span class='ocr_line' id='line_1_105' title="bbox 305 5658 1931 5740; baseline -0.013 -13"><span class='ocrx_word' id='word_1_752' title='bbox 305 5673 464 5740; x_wconf 64' lang='lat' dir='ltr'><strong>regis</strong></span> <span class='ocrx_word' id='word_1_753' title='bbox 526 5658 871 5740; x_wconf 58' lang='lat' dir='ltr'><strong>rescriptum</strong></span> <span class='ocrx_word' id='word_1_754' title='bbox 914 5663 1005 5715; x_wconf 86' lang='lat' dir='ltr'><strong>lib.</strong></span> <span class='ocrx_word' id='word_1_755' title='bbox 1056 5661 1400 5740; x_wconf 77' lang='lat' dir='ltr'><strong>tVariarum.</strong></span> <span class='ocrx_word' id='word_1_756' title='bbox 1453 5658 1728 5737; x_wconf 68' lang='lat' dir='ltr'><strong>epist.15,</strong></span> <span class='ocrx_word' id='word_1_757' title='bbox 1756 5668 1931 5740; x_wconf 62' lang='lat' dir='ltr'><strong>eoque</strong></span> 
     </span>
    </p>
   </div>
   <div class='ocr_carea' id='block_1_106' title="bbox 302 5726 1931 5801">
    <p class='ocr_par' dir='ltr' id='par_1_106' title="bbox 302 5726 1931 5801">
     <span class='ocr_line' id='line_1_106' title="bbox 302 5726 1931 5801; baseline -0.015 -4"><span class='ocrx_word' id='word_1_758' title='bbox 302 5726 527 5797; x_wconf 59' lang='lat' dir='ltr'><strong>alludit.</strong></span> <span class='ocrx_word' id='word_1_759' title='bbox 546 5726 860 5797; x_wconf 78' lang='lat' dir='ltr'><strong>Eunodius,</strong></span> <span class='ocrx_word' id='word_1_760' title='bbox 881 5749 1003 5787; x_wconf 93' lang='lat' dir='ltr'><strong>cum</strong></span> <span class='ocrx_word' id='word_1_761' title='bbox 1027 5747 1309 5801; x_wconf 77' lang='lat' dir='ltr'><strong>purpuram</strong></span> <span class='ocrx_word' id='word_1_762' title='bbox 1332 5732 1448 5798; x_wconf 86' lang='lat' dir='ltr'><strong>ejus</strong></span> <span class='ocrx_word' id='word_1_763' title='bbox 1469 5728 1695 5801; x_wconf 69' lang='lat' dir='ltr'><strong>nomium</strong></span> <span class='ocrx_word' id='word_1_764' title='bbox 1710 5766 1735 5801; x_wconf 92' lang='lat'><strong>._</strong></span> <span class='ocrx_word' id='word_1_765' title='bbox 1754 5726 1931 5801; x_wconf 62' lang='lat' dir='ltr'><strong>Quod-</strong></span> 
     </span>
    </p>
   </div>
   <div class='ocr_carea' id='block_1_107' title="bbox 303 5794 1930 5871">
    <p class='ocr_par' dir='ltr' id='par_1_107' title="bbox 303 5794 1930 5871">
     <span class='ocr_line' id='line_1_107' title="bbox 303 5794 1930 5871; baseline -0.015 0"><span class='ocrx_word' id='word_1_766' title='bbox 303 5794 447 5871; x_wconf 62' lang='lat' dir='ltr'><strong>nam</strong></span> <span class='ocrx_word' id='word_1_767' title='bbox 486 5817 699 5864; x_wconf 84' lang='lat' dir='ltr'><strong>autem</strong></span> <span class='ocrx_word' id='word_1_768' title='bbox 728 5794 920 5862; x_wconf 75' lang='lat' dir='ltr'><strong>munus</strong></span> <span class='ocrx_word' id='word_1_769' title='bbox 937 5794 1102 5858; x_wconf 66' lang='lat' dir='ltr'><strong>fuerit</strong></span> <span class='ocrx_word' id='word_1_770' title='bbox 1128 5794 1411 5858; x_wconf 70' lang='lat' dir='ltr'><strong>Comitiva:</strong></span> <span class='ocrx_word' id='word_1_771' title='bbox 1436 5798 1572 5855; x_wconf 87' lang='lat' dir='ltr'><strong>sacri</strong></span> <span class='ocrx_word' id='word_1_772' title='bbox 1605 5794 1930 5866; x_wconf 85' lang='lat' dir='ltr'><strong>patrimonii,</strong></span> 
     </span>
    </p>
   </div>
   <div class='ocr_carea' id='block_1_108' title="bbox 772 5878 1332 5960">
    <p class='ocr_par' dir='ltr' id='par_1_108' title="bbox 772 5878 1332 5960">
     <span class='ocr_line' id='line_1_108' title="bbox 772 5878 1332 5960; baseline -0.007 -1"><span class='ocrx_word' id='word_1_773' title='bbox 772 5899 1045 5960; x_wconf 72' lang='grc' dir='ltr'><strong>Ρηιιοι..</strong></span> <span class='ocrx_word' id='word_1_774' title='bbox 1080 5878 1332 5957; x_wconf 82' lang='lat' dir='ltr'><strong>Lxut.’</strong></span> 
     </span>
    </p>
   </div>
   <div class='ocr_carea' id='block_1_109' title="bbox 2046 4652 3620 4722">
    <p class='ocr_par' dir='ltr' id='par_1_109' title="bbox 2046 4652 3620 4722">
     <span class='ocr_line' id='line_1_109' title="bbox 2046 4652 3620 4722; baseline 0.001 -16"><span class='ocrx_word' id='word_1_775' title='bbox 2046 4652 2292 4720; x_wconf 82' lang='lat' dir='ltr'><strong>sufl&#39;ragia</strong></span> <span class='ocrx_word' id='word_1_776' title='bbox 2322 4669 2438 4721; x_wconf 89' lang='lat' dir='ltr'><strong>sua,</strong></span> <span class='ocrx_word' id='word_1_777' title='bbox 2470 4669 2569 4722; x_wconf 91' lang='lat' dir='ltr'><strong>per</strong></span> <span class='ocrx_word' id='word_1_778' title='bbox 2595 4667 2712 4720; x_wconf 71' lang='lat' dir='ltr'><strong>qua:</strong></span> <span class='ocrx_word' id='word_1_779' title='bbox 2735 4653 2872 4707; x_wconf 88' lang='lat' dir='ltr'><strong>inter</strong></span> <span class='ocrx_word' id='word_1_780' title='bbox 2891 4661 3167 4721; x_wconf 79' lang='lat' dir='ltr'><strong>susceptos</strong></span> <span class='ocrx_word' id='word_1_781' title='bbox 3190 4664 3393 4705; x_wconf 75' lang='lat' dir='ltr'><strong>vestros</strong></span> <span class='ocrx_word' id='word_1_782' title='bbox 3415 4667 3620 4708; x_wconf 85' lang='lat' dir='ltr'><strong>merea-</strong></span> 
     </span>
    </p>
   </div>
   <div class='ocr_carea' id='block_1_110' title="bbox 2044 4742 3622 4815">
    <p class='ocr_par' dir='ltr' id='par_1_110' title="bbox 2044 4742 3622 4815">
     <span class='ocr_line' id='line_1_110' title="bbox 2044 4742 3622 4815; baseline 0.003 -19"><span class='ocrx_word' id='word_1_783' title='bbox 2044 4751 2135 4797; x_wconf 88' lang='lat' dir='ltr'><strong>tur</strong></span> <span class='ocrx_word' id='word_1_784' title='bbox 2160 4743 2373 4797; x_wconf 91' lang='lat' dir='ltr'><strong>ascribi.</strong></span> <span class='ocrx_word' id='word_1_785' title='bbox 2424 4742 2679 4797; x_wconf 75' lang='lat' dir='ltr'><strong>Exhibuit</strong></span> <span class='ocrx_word' id='word_1_786' title='bbox 2705 4743 2854 4797; x_wconf 86' lang='lat' dir='ltr'><strong>vobis</strong></span> <span class='ocrx_word' id='word_1_787' title='bbox 2891 4743 3203 4798; x_wconf 75' lang='lat' dir='ltr'><strong>modestiam</strong></span> <span class='ocrx_word' id='word_1_788' title='bbox 3223 4783 3237 4808; x_wconf 91' lang='lat'><strong>,</strong></span> <span class='ocrx_word' id='word_1_789' title='bbox 3272 4744 3583 4815; x_wconf 87' lang='lat' dir='ltr'><strong>religionem</strong></span> <span class='ocrx_word' id='word_1_790' title='bbox 3604 4787 3622 4814; x_wconf 88' lang='lat'><strong>,</strong></span> 
     </span>
    </p>
   </div>
   <div class='ocr_carea' id='block_1_111' title="bbox 2047 4834 3625 4903">
    <p class='ocr_par' dir='ltr' id='par_1_111' title="bbox 2047 4834 3625 4903">
     <span class='ocr_line' id='line_1_111' title="bbox 2047 4834 3625 4903; baseline 0.003 -15"><span class='ocrx_word' id='word_1_791' title='bbox 2047 4834 2428 4896; x_wconf 87' lang='lat' dir='ltr'><strong>innocentiam,</strong></span> <span class='ocrx_word' id='word_1_792' title='bbox 2458 4834 2652 4903; x_wconf 91' lang='lat' dir='ltr'><strong>quibus</strong></span> <span class='ocrx_word' id='word_1_793' title='bbox 2682 4834 2967 4901; x_wconf 86' lang='lat' dir='ltr'><strong>penetralia</strong></span> <span class='ocrx_word' id='word_1_794' title='bbox 2999 4848 3203 4889; x_wconf 71' lang='lat' dir='ltr'><strong>serente</strong></span> <span class='ocrx_word' id='word_1_795' title='bbox 3234 4837 3429 4891; x_wconf 91' lang='lat' dir='ltr'><strong>mentis</strong></span> <span class='ocrx_word' id='word_1_796' title='bbox 3458 4837 3625 4892; x_wconf 89' lang='lat' dir='ltr'><strong>comi-</strong></span> 
     </span>
    </p>
   </div>
   <div class='ocr_carea' id='block_1_112' title="bbox 2047 4925 3622 4997">
    <p class='ocr_par' dir='ltr' id='par_1_112' title="bbox 2047 4925 3622 4997">
     <span class='ocr_line' id='line_1_112' title="bbox 2047 4925 3622 4997; baseline 0.002 -18"><span class='ocrx_word' id='word_1_797' title='bbox 2047 4926 2190 4980; x_wconf 91' lang='lat' dir='ltr'><strong>tibus</strong></span> <span class='ocrx_word' id='word_1_798' title='bbox 2232 4926 2493 4980; x_wconf 89' lang='lat' dir='ltr'><strong>introiret.</strong></span> <span class='ocrx_word' id='word_1_799' title='bbox 2536 4925 2869 4990; x_wconf 80' lang='lat' dir='ltr'><strong>Exuberant,</strong></span> <span class='ocrx_word' id='word_1_800' title='bbox 2899 4925 3031 4979; x_wconf 89' lang='lat' dir='ltr'><strong>mihi</strong></span> <span class='ocrx_word' id='word_1_801' title='bbox 3061 4927 3297 4989; x_wconf 90' lang='lat' dir='ltr'><strong>credite,</strong></span> <span class='ocrx_word' id='word_1_802' title='bbox 3329 4927 3469 4997; x_wconf 91' lang='lat' dir='ltr'><strong>apud</strong></span> <span class='ocrx_word' id='word_1_803' title='bbox 3499 4943 3622 4983; x_wconf 93' lang='lat' dir='ltr'><strong>eum</strong></span> 
     </span>
    </p>
   </div>
   <div class='ocr_carea' id='block_1_113' title="bbox 2052 5017 3623 5089">
    <p class='ocr_par' dir='ltr' id='par_1_113' title="bbox 2052 5017 3623 5089">
     <span class='ocr_line' id='line_1_113' title="bbox 2052 5017 3623 5089; baseline 0.003 -17"><span class='ocrx_word' id='word_1_804' title='bbox 2052 5019 2279 5089; x_wconf 86' lang='lat' dir='ltr'><strong>insignia</strong></span> <span class='ocrx_word' id='word_1_805' title='bbox 2300 5034 2418 5087; x_wconf 71' lang='lat' dir='ltr'><strong>quas</strong></span> <span class='ocrx_word' id='word_1_806' title='bbox 2439 5018 2627 5072; x_wconf 89' lang='lat' dir='ltr'><strong>fovetis</strong></span> <span class='ocrx_word' id='word_1_807' title='bbox 2650 5036 2664 5072; x_wconf 87' lang='lat'><strong>:</strong></span> <span class='ocrx_word' id='word_1_808' title='bbox 2695 5032 2800 5071; x_wconf 93' lang='lat' dir='ltr'><strong>non</strong></span> <span class='ocrx_word' id='word_1_809' title='bbox 2834 5017 3160 5073; x_wconf 88' lang='lat' dir='ltr'><strong>laudatorem</strong></span> <span class='ocrx_word' id='word_1_810' title='bbox 3187 5035 3271 5075; x_wconf 91' lang='lat' dir='ltr'><strong>me</strong></span> <span class='ocrx_word' id='word_1_811' title='bbox 3295 5022 3548 5077; x_wconf 89' lang='lat' dir='ltr'><strong>continuo</strong></span> <span class='ocrx_word' id='word_1_812' title='bbox 3571 5024 3623 5077; x_wconf 93' lang='lat' dir='ltr'><strong>in</strong></span> 
     </span>
    </p>
   </div>
   <div class='ocr_carea' id='block_1_114' title="bbox 2051 5110 3620 5183">
    <p class='ocr_par' dir='ltr' id='par_1_114' title="bbox 2051 5110 3620 5183">
     <span class='ocr_line' id='line_1_114' title="bbox 2051 5110 3620 5183; baseline 0.001 -15"><span class='ocrx_word' id='word_1_813' title='bbox 2051 5129 2116 5168; x_wconf 92' lang='lat' dir='ltr'><strong>eo</strong></span> <span class='ocrx_word' id='word_1_814' title='bbox 2149 5113 2438 5183; x_wconf 85' lang='lat' dir='ltr'><strong>probabitis</strong></span> <span class='ocrx_word' id='word_1_815' title='bbox 2468 5111 2662 5179; x_wconf 89' lang='lat' dir='ltr'><strong>fuisse,</strong></span> <span class='ocrx_word' id='word_1_816' title='bbox 2706 5110 2800 5166; x_wconf 90' lang='lat' dir='ltr'><strong>sed</strong></span> <span class='ocrx_word' id='word_1_817' title='bbox 2853 5120 3063 5167; x_wconf 91' lang='lat' dir='ltr'><strong>testem.</strong></span> <span class='ocrx_word' id='word_1_818' title='bbox 3104 5112 3242 5181; x_wconf 78' lang='lat' dir='ltr'><strong>Vos,</strong></span> <span class='ocrx_word' id='word_1_819' title='bbox 3274 5115 3345 5168; x_wconf 89' lang='lat' dir='ltr'><strong>mi</strong></span> <span class='ocrx_word' id='word_1_820' title='bbox 3374 5116 3620 5180; x_wconf 91' lang='lat' dir='ltr'><strong>domine,</strong></span> 
     </span>
    </p>
   </div>
   <div class='ocr_carea' id='block_1_115' title="bbox 2050 5209 3623 5282">
    <p class='ocr_par' dir='ltr' id='par_1_115' title="bbox 2050 5209 3623 5282">
     <span class='ocr_line' id='line_1_115' title="bbox 2050 5209 3623 5282; baseline -0.004 -14"><span class='ocrx_word' id='word_1_821' title='bbox 2050 5212 2301 5282; x_wconf 88' lang='lat' dir='ltr'><strong>perlatori</strong></span> <span class='ocrx_word' id='word_1_822' title='bbox 2332 5211 2693 5282; x_wconf 85' lang='lat' dir='ltr'><strong>dignationem</strong></span> <span class='ocrx_word' id='word_1_823' title='bbox 2737 5209 2975 5280; x_wconf 90' lang='lat' dir='ltr'><strong>principe</strong></span> <span class='ocrx_word' id='word_1_824' title='bbox 3004 5210 3123 5266; x_wconf 90' lang='lat' dir='ltr'><strong>loco</strong></span> <span class='ocrx_word' id='word_1_825' title='bbox 3153 5210 3402 5277; x_wconf 87' lang='lat' dir='ltr'><strong>tribuite,</strong></span> <span class='ocrx_word' id='word_1_826' title='bbox 3435 5225 3501 5265; x_wconf 90' lang='lat' dir='ltr'><strong>ne</strong></span> <span class='ocrx_word' id='word_1_827' title='bbox 3542 5212 3623 5263; x_wconf 90' lang='lat' dir='ltr'><strong>vir</strong></span> 
     </span>
    </p>
   </div>
   <div class='ocr_carea' id='block_1_116' title="bbox 2048 5358 3622 5437">
    <p class='ocr_par' dir='ltr' id='par_1_116' title="bbox 2048 5358 3622 5437">
     <span class='ocr_line' id='line_1_116' title="bbox 2048 5358 3622 5437; baseline 0 -14"><span class='ocrx_word' id='word_1_828' title='bbox 2048 5371 2207 5424; x_wconf 90' lang='lat' dir='ltr'><strong>docet</strong></span> <span class='ocrx_word' id='word_1_829' title='bbox 2252 5370 2306 5423; x_wconf 92' lang='lat' dir='ltr'><strong>in</strong></span> <span class='ocrx_word' id='word_1_830' title='bbox 2354 5369 2469 5437; x_wconf 88' lang='lat' dir='ltr'><strong>ejus</strong></span> <span class='ocrx_word' id='word_1_831' title='bbox 2497 5368 2724 5423; x_wconf 89' lang='lat' dir='ltr'><strong>formula</strong></span> <span class='ocrx_word' id='word_1_832' title='bbox 2773 5358 2869 5423; x_wconf 40' lang='lat' dir='ltr'><strong>lib’.</strong></span> <span class='ocrx_word' id='word_1_833' title='bbox 2900 5384 2951 5422; x_wconf 75' lang='lat' dir='ltr'><strong>vr</strong></span> <span class='ocrx_word' id='word_1_834' title='bbox 2982 5369 3125 5423; x_wconf 87' lang='lat' dir='ltr'><strong>idem</strong></span> <span class='ocrx_word' id='word_1_835' title='bbox 3153 5366 3533 5429; x_wconf 88' lang='lat' dir='ltr'><strong>Cassiodorus,</strong></span> <span class='ocrx_word' id='word_1_836' title='bbox 3565 5376 3622 5423; x_wconf 90' lang='lat' dir='ltr'><strong>et</strong></span> 
     </span>
    </p>
   </div>
   <div class='ocr_carea' id='block_1_117' title="bbox 2048 5437 3620 5508">
    <p class='ocr_par' dir='ltr' id='par_1_117' title="bbox 2048 5437 3620 5508">
     <span class='ocr_line' id='line_1_117' title="bbox 2048 5437 3620 5508; baseline -0.001 -13"><span class='ocrx_word' id='word_1_837' title='bbox 2048 5441 2253 5495; x_wconf 71' lang='lat' dir='ltr'><strong>Glossre</strong></span> <span class='ocrx_word' id='word_1_838' title='bbox 2303 5440 2437 5507; x_wconf 93' lang='lat' dir='ltr'><strong>juris</strong></span> <span class='ocrx_word' id='word_1_839' title='bbox 2476 5449 2692 5504; x_wconf 62' lang='lat' dir='ltr'><strong>nostra,</strong></span> <span class='ocrx_word' id='word_1_840' title='bbox 2751 5455 2869 5508; x_wconf 70' lang='lat' dir='ltr'><strong>quae</strong></span> <span class='ocrx_word' id='word_1_841' title='bbox 2915 5442 3140 5508; x_wconf 91' lang='lat' dir='ltr'><strong>primum</strong></span> <span class='ocrx_word' id='word_1_842' title='bbox 3192 5439 3309 5508; x_wconf 86' lang='lat' dir='ltr'><strong>ejus</strong></span> <span class='ocrx_word' id='word_1_843' title='bbox 3345 5437 3620 5505; x_wconf 85' lang='lat' dir='ltr'><strong>dignitatis</strong></span> 
     </span>
    </p>
   </div>
   <div class='ocr_carea' id='block_1_118' title="bbox 2037 5507 3616 5573">
    <p class='ocr_par' dir='ltr' id='par_1_118' title="bbox 2037 5507 3616 5573">
     <span class='ocr_line' id='line_1_118' title="bbox 2037 5507 3616 5573; baseline 0.001 -10"><span class='ocrx_word' id='word_1_844' title='bbox 2037 5522 2314 5563; x_wconf 78' lang='lat' dir='ltr'><strong>auctorem</strong></span> <span class='ocrx_word' id='word_1_845' title='bbox 2341 5508 2541 5564; x_wconf 76' lang='lat' dir='ltr'><strong>faciunt</strong></span> <span class='ocrx_word' id='word_1_846' title='bbox 2560 5507 2900 5563; x_wconf 71' lang='lat' dir='ltr'><strong>Anas&#39;tastum</strong></span> <span class='ocrx_word' id='word_1_847' title='bbox 2933 5518 3063 5573; x_wconf 81' lang='lat' dir='ltr'><strong>Aug.</strong></span> <span class='ocrx_word' id='word_1_848' title='bbox 3091 5508 3180 5562; x_wconf 74' lang='lat' dir='ltr'><strong>Sic</strong></span> <span class='ocrx_word' id='word_1_849' title='bbox 3210 5507 3351 5560; x_wconf 88' lang='lat' dir='ltr'><strong>enim</strong></span> <span class='ocrx_word' id='word_1_850' title='bbox 3386 5508 3616 5564; x_wconf 84' lang='lat' dir='ltr'><strong>habent:</strong></span> 
     </span>
    </p>
   </div>
   <div class='ocr_carea' id='block_1_119' title="bbox 2034 5578 3623 5657">
    <p class='ocr_par' dir='ltr' id='par_1_119' title="bbox 2034 5578 3623 5657">
     <span class='ocr_line' id='line_1_119' title="bbox 2034 5578 3623 5657; baseline -0.001 -21"><span class='ocrx_word' id='word_1_851' title='bbox 2034 5583 2451 5657; x_wconf 58' lang='grc' dir='ltr'><strong>ῌατριμονιὰλιω</strong></span> <span class='ocrx_word' id='word_1_852' title='bbox 2478 5579 2575 5635; x_wconf 84' lang='grc' dir='ltr'><strong>ὅσα</strong></span> <span class='ocrx_word' id='word_1_853' title='bbox 2594 5583 2807 5640; x_wconf 79' lang='grc' dir='ltr'><strong>ἕκαστος</strong></span> <span class='ocrx_word' id='word_1_854' title='bbox 2828 5581 3073 5657; x_wconf 62' lang='grc' dir='ltr'><strong>βασιλεὺς</strong></span> <span class='ocrx_word' id='word_1_855' title='bbox 3094 5578 3262 5657; x_wconf 44' lang='lat' dir='ltr'><strong>iet-ure?)</strong></span> <span class='ocrx_word' id='word_1_856' title='bbox 3284 5584 3490 5634; x_wconf 81' lang='grc' dir='ltr'><strong>κτᾶται’</strong></span> <span class='ocrx_word' id='word_1_857' title='bbox 3520 5582 3623 5635; x_wconf 74' lang='grc' dir='ltr'><strong>ὑπὸ</strong></span> 
     </span>
    </p>
   </div>
   <div class='ocr_carea' id='block_1_120' title="bbox 2034 5648 3625 5724">
    <p class='ocr_par' dir='ltr' id='par_1_120' title="bbox 2034 5648 3625 5724">
     <span class='ocr_line' id='line_1_120' title="bbox 2034 5648 3625 5724; baseline -0.002 -17"><span class='ocrx_word' id='word_1_858' title='bbox 2034 5648 2284 5721; x_wconf 75' lang='grc' dir='ltr'><strong>βασὶλέως</strong></span> <span class='ocrx_word' id='word_1_859' title='bbox 2307 5658 2662 5707; x_wconf 80' lang='grc' dir='ltr'><strong>Ἀναστασίου·</strong></span> <span class='ocrx_word' id='word_1_860' title='bbox 2695 5648 2842 5708; x_wconf 56' lang='lat' dir='ltr'><strong>miro;</strong></span> <span class='ocrx_word' id='word_1_861' title='bbox 2863 5653 2960 5722; x_wconf 71' lang='grc' dir='ltr'><strong>’γάρ</strong></span> <span class='ocrx_word' id='word_1_862' title='bbox 2984 5650 3115 5701; x_wconf 83' lang='grc' dir='ltr'><strong>ἐστιν</strong></span> <span class='ocrx_word' id='word_1_863' title='bbox 3142 5648 3166 5702; x_wconf 89' lang='grc' dir='ltr'>ὁ</span> <span class='ocrx_word' id='word_1_864' title='bbox 3198 5648 3407 5724; x_wconf 78' lang='grc' dir='ltr'><strong>ἐξευρὼν</strong></span> <span class='ocrx_word' id='word_1_865' title='bbox 3430 5656 3513 5704; x_wconf 83' lang='grc' dir='ltr'><strong>καὶ</strong></span> <span class='ocrx_word' id='word_1_866' title='bbox 3534 5658 3625 5710; x_wconf 72' lang='grc' dir='ltr'><strong>τὴν</strong></span> 
     </span>
    </p>
   </div>
   <div class='ocr_carea' id='block_1_121' title="bbox 2033 5722 3627 5811">
    <p class='ocr_par' dir='ltr' id='par_1_121' title="bbox 2033 5722 3627 5811">
     <span class='ocr_line' id='line_1_121' title="bbox 2033 5722 3627 5811; baseline -0.001 -35"><span class='ocrx_word' id='word_1_867' title='bbox 2033 5726 2379 5811; x_wconf 58' lang='grc' dir='ltr'><strong>πρδσηοχορὶαν</strong></span> <span class='ocrx_word' id='word_1_868' title='bbox 2408 5727 2617 5790; x_wconf 78' lang='grc' dir='ltr'><strong>ταύτην,</strong></span> <span class='ocrx_word' id='word_1_869' title='bbox 2645 5726 2729 5777; x_wconf 83' lang='grc' dir='ltr'><strong>καὶ</strong></span> <span class='ocrx_word' id='word_1_870' title='bbox 2753 5728 2841 5779; x_wconf 66' lang='grc' dir='ltr'><strong>τὸν</strong></span> <span class='ocrx_word' id='word_1_871' title='bbox 2871 5724 3043 5796; x_wconf 79' lang='grc' dir='ltr'><strong>ἀρχὴν</strong></span> <span class='ocrx_word' id='word_1_872' title='bbox 3068 5726 3156 5774; x_wconf 83' lang='grc' dir='ltr'><strong>τοῦ</strong></span> <span class='ocrx_word' id='word_1_873' title='bbox 3183 5722 3391 5795; x_wconf 55' lang='lat' dir='ltr'><strong>aetati-oc</strong></span> <span class='ocrx_word' id='word_1_874' title='bbox 3416 5729 3501 5778; x_wconf 84' lang='grc' dir='ltr'><strong>τοῦ</strong></span> <span class='ocrx_word' id='word_1_875' title='bbox 3524 5743 3627 5777; x_wconf 66' lang='grc' dir='ltr'><strong>παι</strong></span> 
     </span>
    </p>
   </div>
   <div class='ocr_carea' id='block_1_122' title="bbox 2033 5812 3087 5872">
    <p class='ocr_par' dir='ltr' id='par_1_122' title="bbox 2033 5812 3087 5872">
     <span class='ocr_line' id='line_1_122' title="bbox 2033 5812 3087 5872; baseline -0.005 -25"><span class='ocrx_word' id='word_1_876' title='bbox 2033 5813 2096 5872; x_wconf 69' lang='lat' dir='ltr'><strong>rp</strong></span> <span class='ocrx_word' id='word_1_877' title='bbox 2105 5812 2292 5861; x_wconf 73' lang='grc' dir='ltr'><strong>ιμονιου</strong></span> <span class='ocrx_word' id='word_1_878' title='bbox 2302 5830 2317 5846; x_wconf 86' lang='grc'><strong>.</strong></span> <span class='ocrx_word' id='word_1_879' title='bbox 3080 5816 3087 5842; x_wconf 66' lang='grc' dir='ltr'><strong>ε</strong></span> 
     </span>
    </p>
   </div>
  </div>
