4146 6260
644 417 712 471 75
1782 411 2053 470 ENNODII
2094 411 2393 471 EPISCOPI
2431 410 2804 468 TICINENSIS
3484 412 3487 419 ’
3837 410 3904 467 76

642 534 813 587 bonus
841 532 1073 589 novitate
1093 534 1369 589 turbetur:
1397 531 1595 602 liquido
1619 531 1789 587 aderit
1815 533 2050 601 partibus
2072 532 2202 599 suis,
2234 535 2290 595 Α
2312 546 2479 601 genus
2510 482 2734 597 inquiro.
2773 524 2905 581 Vide
2932 524 3055 596 quid
3092 521 3291 581 faciant
3333 535 3526 578 serena
3556 520 3853 592 diligentia:
3881 541 3895 577 :

643 637 695 677 et
722 624 843 678 vita:
868 625 1055 694 opibus
1081 626 1323 697 pensabit
1351 624 1543 678 damna
1573 623 1875 679 verborum.

1208 723 1542 780 EPIST’OLA
1586 723 1652 779 X.

996 820 1251 859 ENNODIUS
1294 807 1309 836 ¹
1351 820 1681 860 τιιλεηίυιωο
1719 820 1771 859 v.
1813 820 1851 859 ι.

709 895 823 949 Non
873 894 1143 950 temeritas
1191 910 1277 951 me
1325 897 1391 950 ad
1445 896 1685 965 paginale
1743 894 1895 949 duxit
1948 891 2216 957 officium,

641 988 853 1055 quando
896 986 962 1041 ad
1010 1003 1224 1041 omnem
1274 990 1704 1042 communionem
1750 985 2015 1041 subditum
2062 999 2216 1037 suum

641 1080 798 1147 regite
825 1079 1006 1149 stirpis
1034 1095 1254 1149 germen
1292 1081 1499 1135 invitat.
1542 1080 1635 1133 Est
1664 1081 1805 1133 enim
1852 1077 1965 1131 hinc
2003 1075 2219 1131 claritas

641 1170 975 1223 dominorum
1010 1173 1205 1226 inserta
1244 1171 1537 1234 natalibus,
1567 1183 1621 1223 ut
1650 1170 1877 1223 culmina
1910 1183 2003 1220 sua
2034 1168 2217 1235 digna-

639 1262 785 1314 tione
808 1262 1117 1315 sublituent.
1151 1261 1321 1316 Vultis
1344 1263 1494 1332 quasi
1525 1262 1757 1331 aequales
1790 1268 2018 1313 tractare
2049 1262 2218 1311 l'amu-

640 1353 755 1416 los,
788 1362 845 1405 ut
887 1355 952 1408 ab
990 1355 1102 1421 ipsa
1132 1352 1285 1407 vobis
1329 1368 1421 1421 per
1461 1366 1699 1406 amorem
1748 1349 2053 1404 conditione
2102 1348 2217 1415 plus

638 1444 888 1498 debeant.
924 1444 1103 1507 Unde,
1156 1443 1391 1512 piissime
1422 1441 1671 1506 domine,
1718 1439 2029 1508 obsequium
2070 1436 2218 1491 exhi-

637 1537 769 1590 bens
812 1552 931 1591 cum
964 1536 1311 1605 generalitate
1356 1533 1704 1599 solvendum,
1750 1533 1991 1603 signiﬁco
2036 1547 2122 1586 me
2150 1530 2216 1584 ad

637 1628 815 1695 aliqua
830 1628 1158 1697 suggerenda
1176 1628 1496 1696 perlatorem
1518 1625 1861 1695 prtesentium
1884 1622 2214 1678 destinasse:

637 1733 734 1772 vos
764 1719 954 1773 effectu
985 1718 1178 1773 donate
1208 1718 1500 1786 supplicem
1520 1757 1535 1783 ,
1566 1716 1691 1787 quia
1715 1730 1811 1785 spe
1840 1714 2004 1770 fultus
2032 1726 2217 1783 preca-

636 1820 721 1866 tor
743 1809 966 1865 accessi.

1199 1898 1529 1954 EPISTOLA
1566 1897 1657 1952 XI.

1132 2007 1383 2048 ENNODIUS
1423 2007 1701 2047 LUIIINOSO.

708 2090 806 2155 Qui
844 2091 1065 2144 amicam
1110 2090 1490 2145 conscientiam
1523 2087 1817 2142 manifestis
1853 2084 2038 2155 pandit
2078 2082 2216 2137 indi-

638 2185 766 2247 ciis,
803 2184 937 2237 tollit
966 2185 1161 2247 otium,
1191 2182 1384 2252 quibus
1421 2183 1607 2251 gratiae
1640 2178 1950 2250 pra'stiterit
1989 2176 2215 2246 dignita-

636 2289 765 2332 tem.
801 2278 895 2329 Vix
927 2278 1065 2330 enim
1115 2276 1300 2329 feriata
1342 2276 1451 2329 sint
1489 2290 1582 2327 ora
1625 2273 1768 2343 ejus,
1813 2274 1899 2341 qui
1941 2269 2216 2325 consuevit

637 2369 806 2421 audiri
841 2386 853 2419 :
887 2371 1008 2435 quia
1040 2384 1285 2436 magnum
1324 2367 1659 2436 dispendium
1692 2364 1908 2433 pudoris
1946 2372 2057 2430 est,
2090 2378 2214 2416 ver-

635 2461 824 2513 borum
858 2461 1087 2513 retinere
1113 2459 1448 2524 beneficium,
1478 2457 1676 2512 utduni
1702 2459 1893 2526 linguae
1925 2455 2211 2525 parcimus,

640 2551 931 2605 honestatis
982 2552 1194 2619 prodiga
1232 2550 1376 2605 frons
1420 2552 1645 2605 laboret.
1676 2551 1784 2603 Vos
1816 2564 1902 2602 me
1944 2546 2215 2618 garrulum

635 2641 858 2706 fecistis,
882 2642 972 2711 qui
996 2658 1184 2711 preces
1208 2657 1353 2696 meas
1376 2642 1673 2697 consuestis
1694 2640 1997 2694 admittere.
2022 2637 2125 2694 Sed
2148 2654 2217 2695 ne

636 2736 936 2804 prrcstanda
984 2737 1396 2806 circutnloqnar,
1425 2746 1478 2789 et
1507 2735 1745 2803 epistola:
1781 2733 2086 2803 prolixitate
2118 2732 2217 2786 im-

633 2826 889 2893 petranda
942 2828 1296 2896 suspendam,
1346 2828 1411 2881 ad
1461 2844 1571 2881 rem
1612 2826 1793 2882 redeo.
1844 2825 2096 2879 Sublimis
2136 2824 2217 2877 vir

633 2919 952 2974 Laurentius
984 2921 1185 2975 reditus
1213 2921 1313 2975 sibi
1343 2921 1571 2988 debitos,
1601 2935 1733 2989 quos
1764 2918 2003 2971 Romana
2038 2914 2217 2969 Eccle-

632 3014 711 3067 sia
757 3014 891 3066 fat-ta
941 3029 1062 3069 cum
1113 3025 1329 3068 auctore
1358 3015 1472 3082 ejus
1504 3026 1584 3067 est
1616 3014 1860 3082 pactione
1900 3010 2155 3080 pollicita,
2186 3024 2217 3063 a

634 3106 832 3159 domno
860 3121 994 3176 papa
1025 3108 1216 3160 asserit
1241 3108 1340 3161 sub
1364 3108 1544 3162 nescio
1565 3121 1665 3175 qua
1697 3104 2034 3176 appositione
2057 3102 2219 3156 dene-

632 3201 764 3267 gari.
798 3199 854 3250 lu
886 3215 991 3265 quo
1020 3204 1233 3266 negotio
1264 3199 1506 3252 favorem
1542 3214 1635 3263 per
1681 3214 1765 3250 me
1795 3204 1987 3249 vestra:
2028 3194 2218 3248 delen-

2320 623 2473 693 quasi
2504 631 2670 675 totum
2703 618 2836 673 mihi
2859 634 2925 673 ex
2968 616 3228 672 sententia
3259 614 3511 680 ﬂuxerit,
3551 615 3623 669 ita
3670 615 3902 683 simplici

2321 728 2541 767 munere
2573 712 2831 781 placatus,
2879 718 3055 765 errata
3084 709 3350 764 concessi.
3407 706 3584 763 Habes
3633 709 3772 763 unde
3826 710 3901 779 pii

2319 805 2520 858 amoris
2550 804 2774 857 formam
2803 798 2975 871 possis
3005 816 3301 866 assumere,
3331 810 3385 854 et
3421 802 3564 854 circa
3607 800 3897 856 amicitiam

2320 895 2635 950 constantiae
2668 894 2910 963 exempla
2951 893 3202 946 mutuari.
3256 891 3335 945 ille
3374 891 3421 946 si
3476 892 3739 962 sequeris,
3796 907 3897 947 nec

2320 982 2471 1056 plura
2498 998 2547 1043 te
2569 1004 2596 1042 a
2630 988 3006 1056 conjunctione
3039 993 3254 1054 peccata
3286 985 3588 1049 retrahunt,
3632 995 3684 1040 et
3726 1001 3893 1039 unum

2320 1079 2654 1135 benefactum
2686 1079 2883 1133 sodalis
2917 1077 2990 1131 tui
3024 1078 3210 1146 culpas
3240 1079 3502 1133 absolvet.
3548 1076 3628 1131 Me
3670 1078 3893 1144 silentii,

2321 1170 2505 1233 frater,
2532 1185 2617 1225 me
2645 1168 2930 1224 oblivionis
2968 1168 3221 1222 incessis?
3267 1168 3363 1223 Ubi
3392 1177 3506 1223 erat
3532 1168 3632 1222 iste
3657 1183 3892 1238 animus,

2318 1263 2529 1333 quando
2556 1278 2652 1317 nec
2696 1263 3025 1331 promulgata
3071 1260 3333 1332 colloquia
3371 1275 3615 1316 meruere
3664 1276 3893 1331 respon-

2319 1370 2469 1421 sum;
2494 1371 2591 1410 nec
2631 1354 2696 1409 ad
2726 1355 2851 1425 styli
2895 1354 3258 1423 imperandam
3304 1354 3719 1412 sollicitudinem
3751 1372 3894 1427 pra:-

2318 1448 2435 1500 vius
2463 1445 2732 1500 existelias
2755 1443 2775 1497 '.’
2800 1444 2887 1500 ubi
2919 1443 3015 1497 fuit
3041 1445 3412 1498 inabstinentia
3436 1445 3751 1501 tabellarum
3782 1462 3890 1504 non

2319 1539 2461 1592 circa
2487 1551 2673 1590 omnes
2704 1539 2754 1590 in
2775 1536 2987 1606 Liguria
3014 1535 3324 1591 custodita?
3356 1537 3532 1591 Multis
3562 1552 3592 1591 a
3622 1538 3895 1597 desiderio

2318 1638 2410 1683 tuo
2443 1628 2928 1699 peregrinantibus,
2962 1628 3014 1681 in
3039 1629 3232 1682 solatio
3252 1627 3453 1682 doloris
3498 1629 3715 1698 paginas
3741 1631 3897 1685 exhi-

2316 1719 2514 1786 bendo,
2534 1728 2586 1773 et
2607 1719 2736 1773 mihi
2759 1718 3173 1773 taciturnitatem
3198 1719 3541 1784 continuasti,
3566 1729 3619 1774 et
3637 1720 3741 1775 illis
3758 1736 3894 1787 pra:-

2318 1808 2479 1865 buisti
2514 1820 2699 1863 contra
2723 1820 2841 1863 vota
2865 1809 3187 1878 colloquium
3215 1826 3228 1862 :
3260 1810 3383 1879 quia
3404 1817 3487 1864 est
3507 1810 3604 1864 ista
3637 1812 3896 1870 humana-

2244 1894 2294 1959 B
2321 1915 2438 1954 rum
2472 1916 2649 1954 rerum
2689 1901 2847 1967 ratio,
2882 1909 2940 1953 ut
2973 1915 3067 1968 pro
3099 1915 3289 1969 magna
3319 1902 3636 1969 cognatione
3658 1918 3750 1971 par
3779 1914 3893 1959 stu-

2319 1992 2463 2045 dium
2487 2007 2697 2061 semper
2716 1999 2909 2047 exstat.
2952 1991 3115 2060 Cujus
3145 1992 3351 2047 ordinis
3383 1994 3683 2061 immemor,
3718 1996 3896 2051 volui-

2318 2085 2385 2136 sti
2443 2085 2648 2139 sociare
2706 2084 2950 2153 quredam
3000 2085 3242 2150 imperita
3274 2098 3393 2138 cum
3451 2084 3670 2151 litteris;
3704 2098 3897 2154 putans

2318 2173 2464 2228 coire
2491 2177 2722 2243 possein
2751 2174 2998 2229 allectum
3023 2184 3135 2229 toto
3155 2176 3287 2229 calle
3308 2176 3579 2231 dissatitia.
3610 2177 3745 2245 Quid
3775 2196 3898 2248 pro-

2318 2269 2486 2321 movit
2512 2268 2673 2321 suada
2719 2269 2890 2322 oratio
2923 2278 3033 2335 tua,
3086 2269 3407 2323 elucubratis
3437 2271 3751 2325 concinnata
3783 2288 3897 2327 δεμ

2317 2361 2587 2426 monibus,
2611 2360 2822 2429 quando
2848 2360 3104 2415 bonarum
3138 2360 3331 2415 artium
3356 2362 3565 2416 nescios
3590 2363 3897 2431 appellabat

2317 2461 2529 2503 amante
2573 2450 2912 2519 posthabito?
2949 2450 3052 2505 Sed
3085 2450 3207 2505 hinc
3237 2450 3405 2516 alias;
3433 2452 3557 2505 nolo
3578 2467 3898 2508 excessuum

2320 2542 2717 2596 multitudinem
2750 2542 3010 2612 relegere,
3045 2545 3131 2612 qui
3162 2544 3306 2598 brevi
3338 2544 3701 2599 satisfactione
3747 2544 3887 2601 deli-

2320 2634 2463 2689 nitus
2500 2648 2639 2688 sum.
2697 2634 2829 2687 Nam
2867 2636 3124 2701 parcitate
3167 2637 3221 2690 in
3270 2636 3585 2704 eloquendis
3635 2638 3739 2691 illis
3771 2652 3897 2691 usus

2318 2720 2547 2791 fueram,
2578 2724 2675 2777 nisi
2706 2739 2867 2779 nosse
2894 2739 2988 2778 vos
3033 2724 3343 2791 crederem,
3382 2724 3448 2779 de
3500 2725 3717 2781 otl‘ensis
3764 2726 3897 2781 illud

2319 2831 2601 2871 remanere
2630 2816 2769 2886 quod
2801 2815 3018 2885 tegitur,
3062 2826 3117 2869 et
3163 2816 3303 2885 quod
3360 2818 3409 2870 in
3444 2831 3627 2872 vocem
3666 2817 3898 2885 erumpit

2318 2910 2577 2964 amoveri.
2617 2910 2840 2963 Domine
2871 2911 2964 2971 mi,
2994 2924 3203 2979 precor,
3250 2923 3305 2964 ut
3344 2911 3566 2977 posthac
3596 2911 3661 2964 ad
3690 2926 3751 2966 ea
3780 2928 3897 2981 qua:

2319 3001 2459 3055 male
2508 3000 2691 3054 haberi
2743 3000 2997 3068 didicisti.
3045 3016 3148 3055 non
3203 3012 3452 3069 tanquam
3508 3003 3899 3059 emendationis

2320 3102 2655 3161 contemptor
2685 3091 2919 3158 aspires,
2946 3090 3040 3146 sed
3068 3093 3261 3145 crebro
3301 3092 3431 3145 mihi
3470 3092 3653 3147 dulces
3678 3094 3898 3162 paginas

2322 3186 2511 3256 dirige,
2547 3196 2605 3239 ut
2630 3194 2839 3239 crescat
2869 3185 2967 3240 dos
3014 3185 3261 3254 facundo,
3321 3186 3446 3241 dum
3492 3195 3671 3242 servat
3710 3200 3898 3243 sacra-

633 3291 799 3342 siouis
830 3291 1114 3357 implorat:
1150 3300 1344 3342 utrem
1390 3306 1547 3357 quam
1602 3290 1811 3343 debetis
1842 3288 2068 3356 legibus,
2112 3286 2210 3340 vi-

2320 3290 2500 3336 meuto
2526 3280 2853 3335 concordiae.

634 3380 865 3433 deaiuiui
889 3380 1144 3434 exhibere
1166 3380 1479 3447 diligentiae,
1504 3389 1557 3433 et
1580 3379 1704 3431 illud
1738 3388 1945 3432 crescat
1974 3378 2210 3442 alfectui,

636 3474 775 3542 quod
830 3472 1079 3541 denegari
1138 3488 1240 3523 nou
1299 3473 1421 3525 licet
1463 3471 1720 3541 aequitati.
1771 3471 1879 3523 Vos
1928 3470 2065 3523 hanc
2098 3485 2212 3524 rem

634 3567 782 3634 juxta
808 3563 1071 3618 desideria
1102 3579 1215 3617 mea
1251 3564 1505 3618 tribuite:
1536 3571 1593 3617 ut
1635 3573 1888 3632 quantum
1940 3562 2214 3615 nominato

635 3658 748 3709 viro
799 3656 1192 3711 commoditatis
1235 3658 1541 3721 aCC‘CSSt’l‘Il,
1575 3664 1779 3709 tantum
1838 3671 1923 3709 ine
1979 3651 2214 3707 muneris

635 3749 904 3818 accepisse
946 3750 1218 3804 conlitear.
1255 3750 1488 3804 Salutem
1538 3763 1665 3817 ergo
1696 3747 1901 3808 dicens,
1947 3761 2125 3815 spero,
2154 3753 2214 3797 ιιι

635 3842 774 3895 circa
800 3841 976 3894 munia
1008 3839 1329 3904 litterarum,
1364 3855 1462 3893 nec
1512 3839 1755 3892 sincerus
1800 3852 1951 3890 amor
1977 3836 2214 3889 vacatio-

636 3947 757 3985 nem
788 3932 1031 4000 accipiat,
1066 3945 1165 3984 nec
1183 3932 1427 3985 facundia
1456 3934 1616 3984 totius
1646 3931 1792 3983 orbis
1843 3928 2109 3983 celebrata
2134 3938 2213 3981 tc-

635 4026 887 4079 stimonio
910 4028 1262 4079 conticescat.

1197 4132 1528 4187 EPISTOLA
1560 4131 1668 4186 XII.

1169 4242 1425 4281 ENNUDIUS
1473 4241 1674 4281 JOANNI.

705 4320 900 4373 Natura
934 4329 1141 4389 partum
1170 4331 1271 4384 est,
1300 4330 1356 4374 ut
1382 4335 1505 4375 cura
1550 4322 1746 4388 migret
1776 4318 1828 4371 in
1854 4315 2128 4387 gaudium,
2159 4323 2215 4371 et

636 4421 871 4467 mutetur
900 4413 1113 4483 querela
1144 4413 1448 4482 praeconiis,
1476 4414 1722 4483 quotiens
1749 4412 1927 4480 cupita
1959 4410 2211 4465 tribuun-

636 4514 741 4558 tur.
800 4503 1035 4557 Incertus
1082 4504 1241 4557 animi
1312 4502 1383 4555 fui
1444 4502 1571 4572 quid
1602 4501 1706 4555 sibi
1755 4501 1912 4555 vellet
1965 4500 2212 4555 sublimi-

635 4596 755 4648 tatis
778 4603 879 4649 tuae
923 4606 1028 4648 tam
1057 4593 1211 4663 longa
1254 4594 1482 4647 cessatio
1522 4609 1534 4643 :
1568 4593 1661 4647 sed
1708 4607 1829 4646 cunt
1865 4591 2020 4662 potiri
2052 4591 2212 4645 datur

635 4698 834 4757 optato,
869 4689 982 4758 ipse
1012 4702 1108 4757 pro
1138 4687 1375 4756 partibus
1398 4687 1500 4741 tuis
1533 4687 1817 4742 honestum
1846 4686 2211 4743 excusationis

710 4862 726 4891 ι
768 4859 1102 4913 Trasinmndo
1140 4858 1204 4915 V.
1238 4859 1312 4932 1.]
1344 4862 1470 4931 [legi
1497 4861 1854 4921 Vandalorum
1895 4866 1949 4920 in
1998 4867 2199 4925 Africa.

635 4932 897 5003 illustrem
943 4932 1115 5003 virum
1148 4946 1325 4999 regem
1358 4940 1538 4997 vocat,
1565 4934 1687 5003 quia
1720 4935 2015 4991 Illustrattis
2048 4940 2204 4994 titulo

634 5005 687 5076 in
715 5002 955 5076 Romano
977 5002 1198 5076 imperio
1226 5002 1888 5076 nullushuno.filicentior:
1917 5020 2200 5076 propterea

635 5073 779 5146 hunc
808 5070 1376 5146 regilins‘tribuebaut.
1413 5075 1621 5130 Manent
1663 5077 1821 5131 hodie
1845 5070 2199 5146 prisci-moris

635 5143 945 5219 Vg:li,;I-1Il|
991 5144 1288 5219 diplotnatis
1333 5146 1659 5219 potitilicum,
1702 5147 1754 5201 in
1801 5143 1989 5218 quibus
2047 5165 2197 5219 reges

634 5215 779 5287 viros
808 5211 1042 5287 illustres
1069 5216 1355 5287 appellant.
1385 5216 1519 5280 Quin
1551 5227 1603 5269 et
1631 5211 1783 5287 reges
1807 5211 1904 5287 i'psi
1938 5221 2076 5275 hunc
2097 5211 2198 5277 sibi

634 5283 845 5338 titulum
867 5282 1151 5357 addebant.
1188 5283 1397 5357 Namin
1420 5288 1650 5354 antiquis
1678 5282 1857 5357 rcguiii
1893 5300 2196 5349 nostrorum

635 5353 917 5431 praeceptis
961 5363 1011 5404 et
1057 5355 1681 5431 constitutionibusnihil
1719 5353 1981 5426 usitatius,
2034 5380 2195 5431 quam

631 5427 1028 5500 gliiltlcbertus,
1071 5422 1357 5500 Clotarins,
1387 5426 1659 5500 _l’ipp_inus,
1702 5432 1922 5485 Carolus
1961 5422 2079 5500 rei,
2114 5441 2196 5489 vir

633 5496 857 5570 iIIustAer.
891 5492 1179 5570 Craterum
1202 5492 1497 5549 Vatidalici'
1522 5498 1675 5563 hujus
1722 5502 1861 5569 regis
1892 5507 1977 5570 qui
2014 5492 2225 5561 Hune:

633 5568 743 5618 ricn
774 5566 919 5619 fratri
948 5567 1227 5624 successit.
1264 5580 1454 5618 nomen
1487 5570 1628 5619 varie
1684 5566 1931 5626 ~criiiitur
1956 5590 1984 5627 a
2015 5576 2195 5633 diver—

631 5636 725 5691 sis.
751 5638 1171 5715 'l‘ttn.\s.titu.vuus
1196 5635 1827 5715 dicitur_iu_aerosticbide
1855 5648 2049 5700 veteris
2077 5652 2194 5715 cpi-

630 5708 939 5783 grammatis
962 5723 992 5760 a
1025 5712 1079 5759 Ρ.
1108 5710 1315 5783 Pitanen
1337 5706 1464 5761 editi
1492 5710 1584 5760 lib.
1615 5713 1833 5783 tuquod
1854 5717 2069 5783 quidem
2092 5706 2195 5775 etsi

632 5777 1048 5848 antiquariorum
1066 5778 1208 5848 Avitio
1238 5779 1578 5847 depravatum
1599 5777 1991 5848 subjicere'non
2014 5805 2196 5848 grava-

635 5849 751 5912 bor,
783 5853 890 5898 tum
931 5847 1000 5899 ob
1028 5846 1141 5914 ejus
1163 5850 1444 5905 artilicium
1477 5846 1733 5906 hactenus
1760 5854 1974 5914 minime
2004 5846 2196 5930 depre.

2848 3388 3182 3445 EPISTULA
3225 3390 3361 3445 XIII.

2704 3511 2957 3551 ENNODIUS
3007 3513 3331 3553 CONST.\NTIO
3372 3516 3422 3553 ν.
3461 3516 3500 3555 ι.

2387 3606 2575 3661 Servat
2615 3608 2921 3677 magnitudo
2968 3617 3054 3662 tna
3085 3611 3229 3663 circa
3271 3612 3471 3665 amicos
3523 3618 3579 3667 et
3606 3612 3895 3667 saeculares

2315 3700 2559 3768 preprios
2580 3698 2708 3752 illud
2738 3701 2875 3769 quod
2900 3699 2999 3753 sibi
3027 3701 3199 3771 jungit
3228 3716 3257 3754 a
3283 3701 3557 3771 lglnriam.
3587 3702 3719 3757 Dum
3750 3704 3895 3757 enim

2318 3808 2415 3845 nos
2442 3794 2698 3847 memoria
2725 3792 2915 3863 dignos
2944 3793 3159 3861 ducitis,
3192 3810 3298 3865 vos
3346 3796 3599 3864 probatis.
3643 3795 3772 3850 Nam
3806 3796 3897 3855 diu

2315 3885 2370 3939 in
2394 3885 2814 3939 consolationem
2847 3886 3042 3953 scripta
3068 3887 3387 3955 suscipiens,
3419 3886 3676 3941 absentia:
3703 3898 3897 3942 vestrte

2314 3976 2508 4032 damna
2540 3979 2775 4047 suSpiro.
2808 3980 2850 4033 υ
2874 3978 3135 4033 attilicem
3166 3981 3444 4033 Scientiam
3477 3979 3633 4033 bonis
3664 3980 3897 4033 caelesti-

2318 4070 2417 4124 bus
2444 4072 2784 4124 institutam!
2820 4086 2887 4126 ne
2916 4071 3072 4125 liccat
3095 4071 3294 4138 aliquid
3330 4071 3548 4139 prolixae
3581 4081 3896 4140 sequestra-

2316 4160 2449 4213 tiuai
2472 4160 2539 4215 de
2561 4160 2750 4215 affectu
2778 4162 3085 4228 decerpere,
3116 4171 3504 4231 prtescntantes
3530 4176 3737 4216 sacram
3763 4163 3897 4215 ima-

2316 4253 2493 4321 ginem
2540 4255 2746 4307 litteras
2792 4255 3164 4322 promulgatis.
3217 4254 3376 4309 Novit
3426 4256 3566 4309 Deus
3618 4253 3895 4309 discuss‘or

2318 4360 2599 4411 sensuum,
2625 4362 2709 4400 me
2736 4346 2985 4401 culminis
3014 4347 3178 4402 vestri
3212 4348 3581 4402 recordatione
3610 4346 3893 4411 macerari,

2316 4445 2370 4491 et
2395 4437 2594 4491 nullum
2627 4438 2947 4493 invenirlsde
2975 4438 3159 4508 optimi
3187 4439 3284 4493 viri
3305 4438 3733 4510 peregrinatione
3759 4437 3891 4490 sub-

2318 4531 2533 4586 sidium.
2566 4531 2752 4586 Reddo
2785 4543 2959 4585 tamen
2990 4532 3261 4602 epistulari
3286 4547 3410 4586 cura
3439 4530 3774 4585 salutationis
3798 4528 3897 4582 ob-

2240 4623 2582 4698 Dsequium,
2640 4633 2693 4678 et
2750 4624 3043 4692 dignationi
3097 4632 3287 4678 vestra:
3332 4625 3560 4693 gratiam
3615 4622 3890 4686 referens,

2316 4717 2534 4772 fratrem
2565 4731 2776 4788 quoque
2809 4732 2983 4772 meum
3012 4715 3277 4774 Joannem
3310 4732 3404 4789 per
3428 4732 3523 4773 vos
3556 4715 3685 4770 mihi
3732 4713 3895 4769 resti-

2316 4892 2563 4967 hensnm,
2589 4903 2697 4949 tum
2717 4897 2833 4964 quia
2864 4911 2983 4951 cum
3007 4896 3173 4962 ipsius
3196 4897 3337 4967 regis
3364 4896 3580 4949 nomine
3605 4893 3887 4967 scripturn,

2314 4964 2644 5035 thermisque
2668 4969 2733 5019 ab
2761 4981 2826 5020 eo
2855 4967 3083 5021 conditis
3122 4964 3423 5036 appositum
3450 4967 3542 5027 sit,
3574 4980 3681 5033 quo
3721 4964 3890 5036 modo

2314 5036 2473 5089 scribi
2508 5034 2606 5091 hoc
2632 5052 2824 5090 nomvu
2853 5048 2964 5091 tum
2986 5034 3410 5093 stileret‘certius
3435 5038 3668 5092 iudicare
3698 5034 3887 5089 videa-

2314 5114 2419 5159 tur.
2458 5106 2509 5158 Id
2544 5124 2670 5161 vero
2695 5121 2774 5160 est
2800 5107 3134 5176 hujusmnrli:

2433 5195 2731 5260 {liratiquillo,
2758 5198 2998 5260 nymphae,
3016 5198 3265 5247 dvcurrite
3284 5200 3496 5248 ﬂuminis
3518 5208 3643 5249 ortu.

2436 5258 2523 5319 llic
2547 5260 2693 5317 proba
2719 5258 2939 5315 ﬂagranti
2961 5258 3179 5308 succedit
3204 5264 3380 5308 vimine
3405 5262 3553 5319 ﬂebo,

2431 5316 2652 5385 Ilupibus
2674 5322 2987 5385 excelsistibl
3025 5336 3151 5370 nunc
3170 5324 3357 5383 fastigia
3377 5316 3606 5385 surgunt,

2432 5379 2799 5445 @qnauturque
2821 5381 2929 5445 pulo
2953 5386 3096 5431 tectis
3119 5379 3347 5444 prteceisa
3376 5379 3580 5433 lavacra.

2429 5441 2639 5506 Sedibus
2665 5441 2739 5492 hic
2760 5441 2945 5502 tiiaguis
2971 5441 3209 5492 “ard-ent
3234 5457 3466 5493 marmora
3492 5448 3665 5506 signis,

2430 5504 2591 5566 Ardua
2613 5506 2847 5553 sublimes
2867 5508 3168 5566 praevincunt
3188 5506 3395 5554 culmina
3419 5508 3640 5554 then-uite.

2429 5564 2731 5628 muneraque
2766 5564 2975 5616 eaiuttus
3000 5570 3119 5617 tanti
3138 5573 3216 5616 dat
3243 5568 3436 5616 luminis
3459 5576 3644 5617 auctor.

2432 5625 2522 5690 Liui
2546 5625 2789 5676 eunt—inure
2816 5643 3128 5689 praenoscens
3152 5632 3345 5690 praemia
3368 5629 3506 5677 fatnze

2430 5687 2533 5735 Non
2559 5690 2636 5737 hic
2660 5687 2845 5737 ﬂamma
2871 5694 3058 5738 nocebo
3082 5687 3295 5739 tumdem
3322 5692 3494 5740 discite
3515 5704 3730 5745 carmen,

2428 5748 2612 5815 Discite
2640 5752 2717 5799 vel
2741 5762 2918 5812 quanta
2948 5756 3070 5801 vivat
3091 5754 3185 5815 sub
3210 5758 3409 5814 gurgite
3434 5753 3641 5815 lympha.

2431 5810 2738 5861 Vauulalicum
2761 5810 2843 5861 hic
2869 5823 3069 5863 renovat
3090 5810 3269 5863 clarum
3290 5810 3352 5863 de
3378 5810 3567 5865 semine
3595 5820 3771 5863 nomen

2429 5874 2532 5924 Sub
2552 5875 2688 5934 cujus
2709 5875 2850 5925 titulo
2869 5878 3058 5927 meritis
3080 5882 3175 5927 stat
3212 5877 3366 5938 gratia
3394 5878 3545 5926 tactis.

2319 5195 2368 5232 *ἑ

2318 5257 2368 5299 τε

2320 5326 2369 5365 π

2319 5390 2363 5424 3.

2313 5447 2366 5484 ω

2317 5507 2365 5547 μ

2315 5583 2365 5627 Ξ
2377 5574 2379 5576 .

2314 5650 2365 5689 ε’.

2312 5715 2367 5753 Ζ

2315 5774 2365 5817 U

2315 5838 2367 5879 α

2318 5901 2369 5937 αλ

3846 5195 3899 5235 ς

3845 5254 3899 5293 O

3841 5319 3895 5357 μ]

3844 5381 3895 5418 β

3842 5478 3893 5513 I’D

3840 5538 3894 5574 τε

3843 5599 3894 5638 =1

3843 5667 3895 5701 σε

3840 5719 3894 5759 2

3842 5780 3895 5821 ib

3843 5842 3895 5883 7.

3844 5903 3897 5939 ω
