4186 6252
292 352 356 412 77
1549 347 2030 408 EPISTOLARUM
2070 349 2197 407 ua.
2237 341 2327 404 iv.
3484 355 3553 417 τε

293 482 460 529 tutum
483 486 606 528 esse
635 465 921 526 conﬁteor.
971 460 1133 538 Cujus
1156 466 1416 523 hactenus
1458 467 1511 522 in
1540 460 1866 522 oblivionem
1895 467 1948 529 Α

295 570 395 623 niei
427 566 702 620 silentium
728 564 852 634 quid
891 571 1098 631 gereret
1131 549 1248 616 non.
1269 560 1507 615 tacebat:
1541 561 1585 615 is
1613 573 1751 614 nunc
1781 573 1872 614 ve-

293 667 402 714 stro
420 658 549 711 mibi
577 657 897 709 reformatus
923 654 1116 708 affectu
1138 653 1202 708 ad
1219 651 1511 720 abjuratam
1541 649 1666 721 styli
1688 664 1872 704 curam

294 752 533 807 revertit.
571 751 720 819 Rogo
737 758 912 804 tamen
931 763 1024 802 vos
1051 756 1106 800 iit
1131 746 1406 802 maturetis
1432 745 1689 808 reditum;
1715 751 1804 796 aut
1826 740 1872 797 si

295 846 412 903 felix
443 859 594 899 mora
621 843 848 908 detinet,
873 841 1214 896 dilectionem
1246 838 1596 895 manifestetis
1619 836 1868 908 alloquio.

827 951 1158 1006 EPISTULA
1198 950 1336 1005 XIV.

825 1077 1083 1119 ENNODIUS
1114 1077 1340 1117 FAUS'I'O.

358 1185 489 1251 Qua:
523 1193 668 1250 saepe
709 1177 1054 1234 mediocriter
1081 1178 1246 1247 gratis
1282 1177 1523 1245 impensa
1557 1181 1704 1242 sunt,
1737 1168 1872 1244 quo;

293 1278 424 1332 tiens
453 1274 786 1331 exhibentur
827 1272 990 1327 verba
1055 1270 1378 1340 conjunctis,
1422 1267 1676 1338 quidquid
1705 1266 1873 1321 favori

292 1371 597 1425 obsecutum
623 1375 727 1432 est,
751 1379 944 1420 sereno
1000 1365 1336 1433 mancipetur
1374 1361 1605 1417 at'l‘ectui.
1638 1360 1751 1418 Non
1783 1361 1876 1416 de-

295 1462 449 1531 pictis
479 1473 716 1513 amorem
748 1457 1011 1512 mentitur
1031 1455 1304 1526 alloquiis,
1334 1455 1423 1522 qui
1456 1453 1711 1523 perlaturi
1749 1466 1874 1509 caro

293 1553 565 1609 reddenda
596 1551 830 1616 dominis
871 1550 1069 1619 scripta
1112 1548 1420 1604 committit.
1457 1548 1512 1602 In
1540 1546 1785 1602 sublimis
1821 1554 1875 1600 et

295 1646 563 1716 magniﬁci
584 1643 684 1698 viri
714 1642 992 1697 Panfronii
1026 1642 1128 1696 mei
1159 1639 1645 1705 commendatione,
1678 1653 1772 1694 ore
1795 1638 1874 1692 le-

295 1740 433 1794 riato
475 1753 626 1793 mens
677 1737 845 1792 dictat
886 1737 1191 1807 epistolam.
1248 1735 1442 1790 Nescio
1468 1736 1610 1789 enim
1638 1733 1689 1788 in
1720 1732 1875 1803 quale

2348 460 2360 512 ἱ
2510 462 2839 520 EPISTOLA
2866 459 3008 522 XVI.

2380 559 2759 601 ENNODIUS
2809 563 3162 604 AGAPITO.

2046 633 2175 689 Jure
2196 648 2514 703 responsum
2538 637 2920 704 multiplicibus
2943 649 3256 706 posceretur
3280 638 3553 710 alloquiis,

1974 725 2019 779 si
2050 741 2154 779 non
2187 726 2419 792 ingratas
2450 728 2727 782 exstitisse
2750 731 2968 798 paginas
3000 745 3149 785 meas
3174 735 3554 802 InagIIIIl’tIiIII.

1975 827 2079 872 tua:
2096 819 2364 874 silentium
2385 829 2687 876 testaretur.
2705 821 2910 876 Clamat
2927 825 3067 878 enim
3099 827 3435 880 tacitur-sitas
3461 840 3553 880 ve-

1972 918 2104 974 stra,
2140 913 2409 980 garrulum
2432 913 2759 982 displicere;
2784 924 2838 967 et
2859 929 3054 968 novum
3087 917 3333 971 vindicta:
3361 933 3555 988 genus,

1974 1011 2031 1054 ut
2058 1002 2266 1069 opinor,
2296 1003 2533 1071 inquirit,
2563 1004 2778 1079 quando
2805 1019 2865 1060 se
2890 1022 2996 1060 non
3029 1007 3182 1060 videt
3222 1009 3556 1076 promovisse

1974 1093 2116 1162 quod
2138 1093 2303 1147 siluit.
2336 1094 2507 1163 Agitis
2529 1096 2803 1164 epistolari
2832 1099 3176 1166 abstinentia,
3197 1117 3265 1155 ne
3293 1104 3358 1153 :ib
3388 1104 3550 1172 impe-

1973 1184 2092 1238 ritis
2119 1184 2182 1238 ad
2209 1198 2301 1238 vos
2323 1185 2518 1254 scripta
2561 1188 2858 1241 mittantur.
2905 1190 3197 1258 Ademptus
3242 1201 3420 1247 tamen
3462 1203 3548 1248 est

1974 1273 2196 1328 eifectus
2222 1291 2233 1325 :
2268 1275 2616 1341 providentia:
2637 1285 2827 1331 vestrae
2855 1279 3126 1346 profutura
3155 1291 3408 1337 tractate:
3432 1298 3550 1337 crc-

1975 1364 2125 1418 bl‘IOt‘
2147 1366 2316 1419 lactus
2344 1379 2487 1432 sum,
2519 1367 2568 1419 in
2597 1368 2894 1436 scriptione
2915 1380 3273 1440 contemptus.
3297 1375 3403 1430 Sed
3427 1376 3553 1430 bre-

1977 1469 2096 1508 vem
2130 1469 2433 1510 sermonem
2460 1457 2611 1511 decet
2637 1458 2894 1513 cohibere
2925 1475 3068 1526 eum,
3113 1463 3201 1531 qui
3235 1479 3425 1533 magna
3457 1466 3556 1521 do-

1977 1545 2158 1599 luerit.
2187 1546 2460 1601 Cultorem
2485 1557 2718 1602 vestrum
2743 1549 2959 1604 fratr-em
2975 1567 3154 1606 meum
3183 1554 3553 1622 l‘anl'roniiini,

1978 1637 2279 1706 epistolaris
2329 1637 2469 1705 apud
2516 1640 2731 1694 culmen
2775 1651 3011 1697 vestrum
3061 1660 3186 1699 cura
3235 1649 3552 1706 comitatur:

1977 1732 2063 1786 cui
2111 1732 2370 1801 quidquid
2417 1735 2607 1801 gratim
2639 1748 2958 1790 concessum
3009 1738 3186 1806 fuerit,
3217 1756 3304 1795 me
3343 1759 3556 1813 quoque

297 1834 504 1886 culmen
563 1830 754 1886 merita
775 1829 916 1899 apud
955 1844 1040 1884 me
1081 1828 1205 1894 viri,
1233 1844 1389 1898 quem
1425 1843 1542 1881 sum
1596 1826 1868 1897 praelatus,
1900 1843 1950 1905 Β
1979 1824 2342 1894 impensarum
2379 1826 2608 1881 vini-uiis
2639 1828 2895 1897 obligabit
2924 1847 2936 1883 :
2969 1831 3056 1885 cui
3088 1834 3248 1887 etiam
3279 1835 3457 1905 aliqua
3487 1837 3555 1892 de

293 1927 540 1979 extollam
593 1943 605 1978 :
659 1924 711 1978 in
744 1938 851 1994 quo
881 1923 1079 1993 lingua:
1119 1924 1321 1978 macies
1348 1922 1584 1978 debitum
1627 1921 1871 1991 pectoris

297 2020 481 2086 nequit
503 2016 829 2084 exprimere.
863 2015 967 2070 Sed
984 2013 1338 2069 abdicandum
1361 2022 1505 2070 esset
1531 2011 1682 2077 mihi,
1705 2011 1866 2066 etiam

293 2109 335 2162 si
387 2117 720 2176 suppeteret,
775 2106 1035 2160 facundia:
1081 2105 1404 2161 lenocinium
1452 2123 1464 2159 :
1506 2105 1626 2175 quia
1669 2119 1871 2174 pauper

302 2214 486 2254 sermo
518 2199 735 2254 uberem
779 2200 1101 2268 diligentiam
1142 2200 1340 2255 rectius
1382 2199 1705 2255 conﬁtetur:
1741 2207 1793 2251 ct
1821 2197 1867 2253 si

294 2291 574 2346 elevamus
611 2306 708 2360 per
736 2291 926 2346 ell‘usas
957 2292 1177 2362 paginas
1208 2291 1341 2353 illos,
1383 2306 1515 2362 quos
1545 2297 1736 2345 arcaiia
1774 2306 1869 2344 ne-

287 2385 628 2452 sciunt,jure
676 2384 949 2438 tribuenda
981 2384 1286 2439 amantibus
1340 2383 1394 2438 in
1444 2393 1617 2438 artum
1667 2384 1865 2439 tabella

287 2475 644 2530 concluditur.
658 2475 886 2529 Causam
919 2490 1046 2545 ergo
1088 2474 1286 2530 modici
1310 2476 1575 2530 sermonis
1603 2476 1865 2541 elocutus,

285 2565 600 2622 fin-deratiini
631 2565 850 2620 fratrem
881 2582 1182 2636 quanquam
1214 2566 1396 2636 paucis
1425 2566 1600 2620 verbis
1624 2565 1863 2622 insinuo:

287 2667 463 2713 tamen
508 2657 690 2711 multis
718 2657 991 2728 obsequiis
1044 2674 1055 2709 :
1113 2665 1170 2712 ut
1204 2657 1352 2728 jutus
1380 2657 1745 2728 magnitudine
1775 2672 1866 2712 ve-

288 2757 419 2816 stra,
475 2751 528 2801 in
580 2749 794 2818 negotio
843 2763 942 2802 suo
965 2749 1522 2820 circumstrepentium
1580 2748 1863 2819 aliquando

285 2841 535 2894 videatur
576 2857 852 2909 superasse
894 2851 1214 2897 commenta.
1261 2842 1412 2908 Quod
1451 2851 1638 2906 restat,
1695 2841 1864 2894 famu-

281 2931 482 2988 lantem
518 2933 894 2988 salutationem
918 2934 1197 2997 exhibens,
1241 2949 1328 2988 me
1370 2933 1552 2987 valere
1583 2931 1857 3002 signiﬁco;

281 3024 321 3076 si
349 3032 530 3077 tamen
560 3037 813 3092 prospera
849 3033 1024 3078 vestra
1055 3025 1216 3078 certis
1242 3023 1451 3078 indiciis
1483 3023 1611 3077 milii
1639 3023 1857 3093 dispen-

282 3116 414 3171 satio
437 3131 670 3187 supcrna
703 3116 982 3172 concedat.

834 3230 1159 3286 EPISIOLA
1194 3229 1309 3286 XV.

810 3337 1065 3376 ENNODIUS
1095 3336 1311 3376 FAUSTO.

357 3434 651 3490 Proclivior
672 3433 741 3488 ad
775 3433 1170 3500 impetrandum
1203 3433 1285 3486 via
1307 3440 1413 3496 est,
1441 3432 1687 3499 quotiens
1717 3444 1746 3484 a
1772 3445 1857 3486 re-

283 3529 472 3599 ligioso
499 3529 696 3597 aliquid
731 3527 896 3597 exigit
937 3526 1171 3595 abjectio
1212 3524 1552 3595 deprecantis
1585 3542 1596 3578 :
1639 3533 1856 3578 coactus

281 3623 417 3678 enim
446 3629 668 3688 prastat
696 3618 966 3682 allectum,
1007 3619 1100 3688 qui
1154 3617 1386 3672 miseriis
1416 3615 1670 3684 supplicis
1713 3613 1855 3668 iuvi-

282 3724 413 3768 tatur
439 3731 454 3765 :
487 3727 595 3766 non
630 3720 803 3780 potest
829 3709 1022 3764 atl'erre
1051 3707 1241 3764 obvias
1263 3723 1475 3772 manus,
1505 3708 1586 3759 cui
1631 3706 1855 3774 imperat

279 3807 611 3877 propositum
672 3803 900 3858 afﬂictos
961 3804 1166 3858 audire.
1217 3802 1459 3856 Perlator
1509 3800 1850 3870 praesentium

278 3899 412 3952 avito
442 3913 502 3952 se
532 3899 740 3964 cespite
764 3895 928 3949 deﬁet
957 3895 1247 3963 abjectuui,
1277 3892 1365 3962 qui
1402 3891 1516 3959 spei
1559 3907 1668 3946 sua:
1715 3893 1854 3946 resi-

277 3991 436 4044 duum
469 3991 522 4044 iii
570 3998 755 4044 vestro
781 3987 927 4058 ponit
957 3987 1240 4042 examine:
1270 4000 1339 4038 no
1385 3983 1674 4037 adversarii
1738 3980 1853 4050 ejus

274 4085 514 4154 potentia
545 4084 614 4138 de
646 4084 792 4136 lucro
814 4091 868 4136 et
887 4080 1175 4135 securitate
1197 4077 1513 4148 gratuletur.
1544 4076 1649 4130 Vos
1679 4075 1852 4145 legum

272 4185 753 4241 sacramenta,vos
782 4174 1019 4229 defensio
1049 4173 1269 4243 respicit
1295 4173 1708 4227 Submissorum.
1744 4172 1852 4239 Ego

271 4279 457 4336 partes
516 4280 665 4320 ineas
729 4265 1194 4322 commendatione
1251 4265 1469 4319 munivi.
1533 4261 1847 4317 Venerabile

272 4377 402 4430 ergo
436 4376 633 4413 nomen
655 4369 840 4428 augete
869 4359 1139 4414 beneﬁciis
1182 4377 1192 4410 :
1243 4359 1364 4426 quia
1392 4357 1516 4410 dum
1563 4355 1704 4425 justa
1761 4353 1853 4408 tri-

271 4455 456 4517 buitis,
507 4469 607 4507 nec
664 4455 748 4507 illa
800 4468 919 4522 qua:
969 4452 1032 4506 ad
1093 4450 1508 4506 misericordiam
1586 4448 1852 4518 pertinent

270 4545 634 4611 postlizilietis.
665 4544 890 4597 Domine
921 4545 1012 4608 mi,
1059 4543 1409 4598 reverentiam
1453 4540 1662 4597 sa‘utati
1707 4541 1846 4594 acci-

1976 1921 2190 1975 vicaria:
2215 1920 2474 1989 dignitate
2507 1922 2842 1989 suggerenda
2885 1925 3151 1980 commisi.
3192 1925 3298 1982 Vos
3343 1929 3554 1996 petitio.

1975 2030 2096 2070 nem
2123 2029 2296 2069 meam
2326 2013 2392 2067 ad
2425 2013 2675 2069 enectum
2709 2017 3024 2084 perducite;
3056 2021 3177 2086 quia
3211 2020 3396 2075 adsum
3432 2039 3553 2089 par-

1975 2109 2117 2164 tibus
2136 2109 2270 2165 meis
2295 2111 2543 2175 quotiens
2597 2109 2737 2177 apud
2767 2110 3236 2166 emeiidatissimos
3277 2115 3552 2172 hominum

1973 2215 2135 2271 cogor
2162 2201 2343 2258 subire
2366 2201 2754 2266 testimonium,
2788 2203 2913 2255 dum
2946 2205 3108 2259 certis
3135 2205 3383 2262 exhibeo.

2509 2293 2839 2348 EPISTOLA
2868 2292 3030 2348 XVII.

2437 2389 2693 2428 essemus
2735 2375 2749 2404 ¹
2792 2389 3088 2430 oscona'ro.

2041 2461 2206 2517 Recte
2219 2461 2456 2517 creditur
2472 2463 2800 2518 enuntiatrix
2828 2463 3008 2533 lingua
3032 2479 3154 2520 esse
3175 2468 3548 2540 penetralium,

1969 2568 2087 2623 quae
2114 2554 2330 2610 latentis
2355 2564 2562 2610 secreta
2589 2555 2780 2608 animo
2810 2555 2876 2609 ad
2905 2557 3078 2612 lucem
3098 2568 3254 2613 vocat
3280 2560 3497 2627 eloquio
3523 2581 3538 2618 :

1969 2649 2269 2702 nesciretur
2297 2662 2448 2702 amor
2479 2657 2781 2716 pectorum,
2827 2647 2929 2702 nisi
2961 2648 3108 2704 illum
3137 2652 3378 2719 proditor
3407 2653 3545 2710 indi-

1967 2751 2131 2798 caret.
2164 2743 2294 2798 Jure
2337 2750 2576 2796 veterum
2627 2742 2883 2810 sapientia
2938 2742 3177 2811 epistolis
3227 2761 3338 2802 usa.
3392 2748 3546 2816 quasi

1965 2837 2530 2906 clavibus,repositum
2561 2850 2757 2904 pereas
2777 2834 3012 2905 vulgavit
3043 2838 3314 2894 allectum.
3350 2840 3545 2896 Tracta
3629 2819 3636 2828 ’

1966 2927 2126 2983 estin
2171 2929 2538 2981 testimonium
2569 2926 2876 2992 scriptionis
2908 2941 3060 2980 mens
3089 2937 3282 2982 testata
3317 2930 3543 2998 diligen-

1967 3019 2090 3072 tiam
2115 3034 2127 3070 :
2156 3017 2348 3070 mutari
2377 3019 2654 3070 caritatem
2679 3033 2781 3069 non
2819 3016 2986 3079 licuit,
3027 3032 3184 3084 quam
3225 3018 3542 3074 desiderans

1964 3111 2152 3178 pagina
2182 3109 2572 3161 interveniente
2599 3107 2956 3176 promisisset.
2993 3107 3127 3162 Huic
3161 3124 3251 3162 me
3279 3124 3379 3180 ego
3405 3124 3542 3166 cono

1885 3221 1931 3286 ο
1963 3198 2231 3266 suetuilini
2277 3197 2358 3251 vel
2394 3197 2496 3266 legi
2524 3199 2701 3266 potius
2740 3199 3070 3266 mancipavi,
3115 3213 3364 3255 asserens
3391 3203 3539 3260 litte-

1969 3307 2148 3344 iaruiii
2181 3289 2303 3352 lide,
2341 3289 2482 3357 quod
2524 3292 2590 3342 de
2618 3290 2986 3358 magnitudine
3037 3300 3123 3345 tua
3152 3292 3401 3360 sensibus
3429 3295 3540 3349 ino-

1959 3383 2108 3436 levit.
2143 3380 2248 3435 Vos
2276 3379 2322 3435 si
2352 3395 2566 3435 mecum
2601 3381 2715 3448 pari
2744 3395 2872 3435 cura
2906 3382 2959 3435 in
2989 3382 3385 3440 devinctionem
3412 3401 3540 3442 con.

1960 3477 2260 3536 venientes,
2298 3473 2341 3526 si
2371 3471 2469 3526 tida
2501 3473 2764 3540 interpres
2792 3473 3022 3528 amicitia
3052 3490 3110 3528 se
3139 3475 3407 3530 actimans
3445 3493 3539 3529 vo-

1964 3573 2070 3617 tuui
2092 3564 2494 3628 videtalterius,
2516 3579 2830 3634 responsum
2855 3563 3105 3618 deferens
3126 3565 3312 3619 tabella
3336 3568 3537 3636 signiﬁ—

1957 3666 2063 3708 cet.
2095 3657 2202 3722 [εῖςο
2225 3670 2443 3709 munera
2464 3655 2803 3709 saliita:iouis
2831 3654 3169 3722 iinpartiens,
3191 3655 3536 3714 deliberatio-

1959 3759 2079 3798 nem
2113 3758 2286 3799 meam
2321 3759 2425 3798 non
2462 3737 2713 3814 taiiqiiam
2750 3745 3034 3797 verborum
3073 3759 3264 3799 avarus
3303 3746 3530 3804 occului.

2458 3835 2795 3890 EPISTULA
2851 3834 3037 3888 XVIII.
3477 3855 3480 3858 ·

2485 3941 2744 3981 εκιιουιυε
2774 3941 2996 3980 ηιλετο.

2028 4018 2082 4070 in
2127 4017 2431 4073 asserendis
2454 4017 2648 4086 quibus
2678 4031 2834 4071 suum
2864 4033 2968 4071 non
2999 4019 3229 4088 denegat
3275 4019 3533 4078 honestas

1956 4102 2108 4172 plena
2139 4103 2473 4174 suffragium,
2501 4103 2896 4171 multiplicibus
2927 4119 3032 4157 non
3066 4116 3188 4159 utor
3231 4106 3522 4176 alloquiis:

1956 4209 2021 4246 ne
2046 4194 2283 4262 prolixus
2311 4209 2489 4248 sermo
2515 4205 2769 4263 tanquam
2804 4210 2832 4246 a
2859 4207 3119 4262 negatum
3149 4195 3396 4251 videatur
3425 4197 3532 4251 im-

1955 4295 2197 4355 peti-asse
2256 4285 2578 4336 beneﬁcium
2619 4301 2631 4338 :
2693 4283 2876 4336 soletis
2927 4286 3068 4337 enim
3101 4299 3218 4352 qua:
3261 4288 3530 4352 poscenda

1955 4384 2096 4438 sunt,
2114 4373 2364 4442 precibus
2382 4372 2668 4426 anteferre.
2687 4371 2766 4425 Ad
2799 4370 3082 4425 sublimem
3106 4381 3162 4426 et
3187 4374 3527 4441 magniﬁcum

1955 4466 2126 4518 \ii'um
2165 4463 2488 4532 Opilioneui,
2521 4468 2772 4531 parentes
2798 4459 2913 4530 ejus
2943 4461 2994 4514 in
3027 4459 3204 4516 Africa
3226 4463 3529 4518 consisten-

1956 4565 2036 4610 tes
2053 4557 2369 4611 direxerunt
2390 4563 2590 4608 certain
2604 4552 2875 4621 diligentia
2905 4552 3198 4622 inspirante
3214 4566 3528 4621 personam:

275 4640 449 4704 piens,
479 4639 549 4688 ita
587 4636 829 4701 pri-cibus
851 4635 982 4689 meis
999 4634 1244 4693 effectum
1279 4634 1469 4697 tribue,
1497 4643 1550 4686 ut
1580 4632 1848 4701 proprium

1964 4663 2060 4718 qua
2093 4647 2156 4702 ad
2193 4647 2418 4715 patrium
2465 4643 2634 4697 solum
2661 4650 2959 4706 remeante,
2993 4643 3093 4697 hoc
3127 4643 3254 4696 mibi
3287 4646 3526 4701 muneris

277 4729 629 4791 desalerinm,
662 4727 785 4780 dum
821 4730 1067 4780 honestas
1096 4727 1370 4790 asseritur,
1403 4724 1569 4793 possit
1598 4722 1826 4792 impleri.

345 4865 359 4890 ¹
407 4854 688 4925 Decorum]
724 4858 888 4923 Major
920 4857 1004 4909 liic
1027 4867 1149 4909 natu
1182 4856 1346 4909 frater
1378 4855 1656 4920 Honorati,
1687 4863 1740 4907 iit
1771 4855 1850 4907 di-

282 4943 418 4992 ctum
453 4938 539 4982 est
566 4931 629 4979 ad
661 4929 817 4994 epist.
847 4928 918 4980 28
951 4929 1042 4980 lib.
1079 4945 1132 4980 ll.
1155 4928 1339 4980 Nobile
1366 4943 1459 4995 par
1500 4927 1717 4978 fratrum
1749 4927 1847 4978 ad-

281 5011 612 5060 rucatoi-um,
641 5009 694 5051 et
728 5014 790 5052 ex
816 4999 1087 5052 advocmis
1116 5009 1463 5066 quaestorum.
1519 4996 1595 5050 De
1621 5011 1844 5064 quorum

287 5075 550 5137 uniusque
576 5068 816 5120 laudibus
845 5069 1005 5121 multa
1039 5068 1397 5122 Theodericus
1420 5084 1510 5122 rex
1553 5067 1648 5137 lib:
1685 5083 1709 5115 v
1739 5066 1843 5119 Va-

290 5135 475 5193 iiariini
504 5140 665 5206 epist.
695 5141 728 5192 ὃ
760 5146 813 5191 et
846 5139 877 5191 2i
911 5139 1198 5191 Honorati).
1247 5137 1346 5202 Tu,
1389 5139 1578 5206 inquit,
1625 5135 1844 5188 Devora-

293 5221 357 5263 ιιι
375 5228 440 5264 ea:
465 5210 559 5262 illo
583 5226 658 5274 es,
694 5208 782 5261 ille
810 5207 1101 5261 Honoratus
1139 5225 1202 5261 ex
1230 5220 1278 5261 te
1300 5218 1390 5261 cst.
1443 5209 1569 5261 lteiu
1601 5207 1668 5261 de
1698 5223 1844 5274 quie-

294 5291 418 5336 stura
454 5282 730 5335 Decorati;
763 5279 878 5331 Tuli
914 5282 1068 5346 igitur
1113 5282 1278 5332 omine
1315 5279 1592 5332 Deroratus
1621 5279 1845 5332 evaluit:

295 5355 476 5422 statuit,
501 5356 732 5419 inquom,
752 5367 813 5402 ac
837 5351 1174 5422 seltonoribus
1200 5351 1440 5416 palatinis
1456 5349 1656 5422 judicio
1673 5363 1847 5422 nosfi'o

299 5419 512 5474 laudatus
539 5421 838 5485 immiscuit,
871 5421 1164 5489 dignitatem
1190 5437 1415 5480 sumens,
1446 5419 1594 5487 quam
1625 5419 1847 5470 solemus

301 5495 400 5544 dare
444 5495 798 5558 prudentibus.
842 5491 945 5543 Sed
971 5503 1205 5559 t]l|;l.'3IOI'
1235 5507 1351 5543 cum
1384 5490 1447 5543 ad
1476 5505 1594 5544 eum
1637 5504 1723 5541 scr
1748 5493 1852 5556 psit

301 5560 571 5622 Paeonius.
602 5567 838 5617 iionilum
887 5570 1022 5616 erat.
1068 5562 1260 5615 Iluinili
1303 5564 1571 5615 conditum
1604 5563 1850 5628 sepulcro

299 5630 438 5687 fuisse
466 5644 692 5688 t-tsiatur
723 5633 835 5702 ejus
858 5633 1208 5701 epitaphium,
1251 5634 1391 5700 quod
1423 5635 1558 5686 inter
1597 5630 1851 5688 CliriStia-

298 5718 348 5754 na
379 5711 700 5758 monimenta
736 5707 928 5771 legitur
960 5703 1041 5757 bis
1067 5705 1269 5756 verbis:

339 5797 468 5846 Hanc
497 5799 773 5849 Deceratus
795 5811 938 5854 oiiein
962 5797 1192 5845 subducta
1217 5797 1325 5845 luce
1353 5797 1542 5859 petivit,

394 5859 641 5910 Conderet
664 5862 850 5920 exiguo
869 5867 921 5910 ut
935 5872 1024 5908 sua
1047 5862 1265 5909 membra
1294 5860 1414 5916 loco,

1959 4737 2211 4809 pimlatus
2234 4735 2483 4804 iniunxit,
2517 4743 2564 4788 ut
2602 4733 2667 4786 ad
2697 4733 3035 4800 magniﬁcum
3083 4732 3256 4788 virum
3277 4734 3296 4764 '
3324 4735 3529 4804 Agite].

2015 4892 2159 4950 Hinc,
2187 4888 2472 4951 Spoletane,
2497 4887 2690 4953 gemis;
2716 4888 2895 4953 pateris
2919 4888 3029 4939 hinc
3053 4891 3244 4953 damna,
3273 4897 3443 4950 viator,

2075 4949 2318 5002 liicassuiii
2338 4961 2566 5012 quaerens
2598 4949 2750 5009 quisi
2779 4958 2852 5000 rat
2875 4954 3126 5000 auxilium.

2013 5016 2131 5064 Nam
2156 5017 2296 5061 fessis
2315 5014 2482 5060 tribuit
2505 5012 2748 5071 l't'QIIICm,
2775 5012 2977 5060 miseros
2998 5027 3076 5071 iue
3112 5013 3312 5065 levavit.

2073 5076 2283 5124 Iustitiae
2300 5073 2472 5131 cultor,
2503 5071 2664 5129 largus
2692 5081 2742 5120 ct
2767 5073 2943 5132 hospes
2966 5081 3086 5121 erat.

2014 5138 2244 5187 Fascibus
2273 5135 2497 5199 insignis,
2516 5133 2716 5199 generis
2732 5147 2822 5180 nec
2839 5141 3098 5199 stemmate
3127 5139 3280 5199 pejor.

2075 5199 2165 5246 llic
2188 5199 2349 5246 lumen
2373 5193 2566 5256 patria},
2595 5195 2670 5242 liic
2689 5193 2838 5243 decus
2862 5209 3006 5245 omne
3034 5193 3137 5246 fuit:

1956 5279 2148 5336 Fasvcs
2186 5277 2451 5345 iiit=~lligit,
2477 5292 2634 5349 quam
2683 5276 2913 5349 diximus
2953 5289 3295 5346 quaesturam.
3333 5281 3527 5349 Spole-

1959 5358 2186 5407 tinorum
2241 5349 2481 5402 meminit
2537 5347 2659 5415 quia
2713 5348 2765 5402 in
2819 5365 3006 5406 eorum
3037 5352 3288 5405 tribunali
3335 5347 3528 5404 causas

1959 5431 2170 5491 egerat,
2204 5430 2256 5472 iit
2315 5427 2432 5486 post
2467 5417 2637 5486 ipsum
2696 5419 3023 5487 Honoratus,
3069 5431 3287 5476 auctore
3330 5421 3528 5476 ibidem

1955 5490 2300 5548 Chssiodoro.

2027 5566 2044 5594 ³
2087 5557 2374 5632 Agnellum]
2407 5558 2716 5632 Patricium,
2740 5562 2828 5629 qui
2873 5561 2927 5615 in
2965 5559 3143 5632 Africa
3187 5559 3525 5632 versabatur.

1958 5629 2322 5690 Theodericus
2353 5645 2446 5683 rex
2479 5629 2635 5684 Fesni
2669 5632 2925 5694 patricio:
2958 5630 3161 5683 Idcirco
3207 5631 3528 5688 decernimus

1957 5715 2012 5759 ut
2041 5705 2222 5759 domus
2254 5701 2450 5773 patrici?
2482 5701 2683 5772 Agni'lli
2704 5702 2771 5773 all
2822 5701 3052 5773 Africum
3094 5701 3414 5773 discedentia,
3444 5707 3527 5773 qui

1957 5791 2167 5846 regnum
2193 5783 2357 5846 petrus
2380 5771 2590 5846 alterius
2606 5771 2884 5846 nos!ris_est
2910 5771 3216 5846 utilitatibus
3230 5771 3524 5846 serviturus,

1959 5842 2110 5901 salvis
2137 5843 2326 5911 legibus
2353 5852 2436 5894 (ita
2469 5842 2678 5895 mitione
2703 5842 2932 5895 valletur.
2965 5842 3079 5897 Lib.
3109 5859 3125 5897 ι
3154 5845 3276 5898 Var.
3318 5847 3398 5899 I5.
