4186 6252
607 387 680 444 79
1726 349 1998 417 ENNUDII
2036 347 2349 410 EPISCUPI
2387 341 2758 403 'I‘ICINENSIS
3751 387 3764 404 ‘
3794 333 3866 389 80

606 527 718 584 lum
747 535 845 595 pro
871 511 1337 576 commendatione
1363 517 1582 561 suorum
1605 515 1634 556 a
1660 499 1817 554 vobis
1847 497 2046 566 scripta
2072 507 2187 548 me-

606 592 808 676 reatur.
843 614 1011 682 Quam
1042 622 1154 663 rem
1182 595 1606 658 emendatissimi
1652 592 1928 647 hominum
1961 603 2068 643 non
2091 600 2187 640 ne-

606 673 819 782 gabitis,
847 673 950 758 non
981 694 1218 754 contenti
1253 689 1635 758 benignitatem
1665 690 1904 736 vestram
1960 682 2101 732 solos
2129 673 2185 730 in

605 769 760 856 Italia
787 769 988 867 positos
1010 788 1309 860 agnovisse.
1343 781 1492 836 Nunc
1533 776 1792 843 obsequia
1839 788 1954 828 mea
1991 769 2186 824 litteris

607 861 858 954 reddens,
907 898 1122 942 causam
1176 873 1480 945 scriptionis
1505 869 1791 925 verborum
1847 861 2186 932 compendiis

605 985 859 1044 indicavi.
896 981 1004 1036 Vos
1038 974 1235 1032 dicenti
1268 985 1433 1043 pauca
1458 971 1706 1036 praestate
1738 957 2023 1030 praecipua.

1141 1101 1471 1162 EPISTULA
1504 1096 1646 1152 XIX.

1082 1232 1338 1276 ENNUDIUS
1375 1224 1714 1271 APOLLINARI.

679 1341 1030 1406 Prnducendo
1069 1339 1208 1394 circa
1237 1339 1505 1388 amantem
1540 1324 1699 1379 vestri
1727 1319 1940 1376 silentia
1987 1316 2055 1370 ad
2093 1315 2190 1369 ab-

608 1443 836 1499 sentiam
859 1432 1192 1499 c--rporaletn
1217 1426 1449 1479 animum
1471 1412 1841 1472 transmisistis
1865 1427 1880 1464 :
1906 1405 2191 1464 retinendo

611 1536 854 1608 paginas,
886 1532 936 1581 in
967 1525 1290 1579 immensum
1313 1513 1507 1576 crevit,
1536 1523 1656 1579 quas
1700 1507 1963 1560 hactenus
1994 1499 2186 1554 divisio

612 1592 946 1684 Ililvt'alcbut.
994 1618 1098 1671 Res
1128 1629 1194 1666 eo
1225 1608 1385 1664 rediit
1418 1620 1511 1674 per
1541 1599 1920 1655 abstinentiam
1971 1592 2192 1647 tabella-

611 1742 752 1790 rum,
782 1739 833 1778 ut
865 1718 1063 1774 veteris
1093 1715 1190 1768 αενί
1224 1703 1558 1780 providentia
1597 1699 1841 1755 conferat
1886 1696 1960 1749 nil
1987 1691 2183 1747 amori.

610 1785 896 1874 Rancessit
925 1811 1144 1874 caritas,
1178 1817 1339 1872 quam
1393 1797 1683 1851 verborum
1725 1803 1918 1843 avarus
1964 1785 2194 1853 despicit

611 1901 1054 1962 ventilarezsine
1093 1894 1301 1948 cultura
1356 1897 1442 1944 est
1494 1883 1769 1953 diligentia
1798 1880 1852 1933 in
1886 1892 2040 1932 usum
2087 1889 2196 1930 non

611 1996 832 2055 reducta
862 2006 959 2062 per
988 1987 1246 2059 paginas:
1278 1980 1400 2047 styli
1443 1975 1743 2046 frequentia
1780 1970 1957 2025 vivaci
1996 1967 2187 2039 pabulo

556 2127 561 2133 ν
612 2091 828 2148 insitam
855 2058 1160 2155 pectoribus
1183 2073 1348 2130 nutrit
1376 2069 1690 2126 amicitiam.
1722 2063 1980 2126 Facilius,
2007 2058 2194 2126 frater,

611 2185 788 2241 fuerat
807 2150 1090 2234 desideriis
1120 2169 1254 2224 meis
1308 2175 1361 2220 te
1402 2163 1548 2217 nullo
1579 2168 1826 2226 tempore
1883 2152 2061 2220 cupita
2105 2150 2199 2203 tri-

610 2279 814 2342 buisse,
843 2284 1002 2343 quam
1047 2279 1190 2332 saepe
1241 2259 1445 2313 indulta
1485 2250 1806 2310 subtrahere
1829 2244 1998 2343 quia
2029 2240 2198 2343 corda

610 2333 878 2429 nesciunt,
905 2374 1024 2432 quae
1053 2356 1186 2412 cibis
1217 2352 1466 2407 dulcibus
1499 2353 1680 2416 pastor
1725 2337 1917 2394 artifex
1953 2333 2197 2390 irritasti.

612 2461 901 2528 Aliquanto
922 2429 1085 2507 venim
1135 2457 1376 2514 tempore
1428 2434 1791 2496 continuando
1828 2429 2197 2499 scriptionem,

611 2521 985 2610 immemorem
1013 2559 1100 2600 me
1124 2538 1568 2611 sequestrationis
1607 2530 1888 2590 elfeceras,
1919 2525 2044 2579 dum
2083 2521 2200 2576 effi-

613 2647 754 2718 giem
805 2638 1165 2696 venerabilem
1227 2629 1438 2702 placido
1492 2625 1771 2680 inserebas
1821 2616 2059 2685 alloquio
2098 2619 2201 2666 :at

612 2705 757 2793 nunc
783 2727 1201 2788 commeantium
1228 2735 1425 2776 vacuas
1466 2730 1656 2772 manus
1687 2711 1860 2766 nudus
1914 2705 2202 2776 inquisitor

611 2826 862 2894 lnSpicio.
899 2823 1009 2891 Ego
1037 2831 1210 2872 tamen
1242 2815 1364 2868 nolo
1395 2824 1581 2865 errore
1631 2819 1754 2860 meo
1781 2802 1987 2856 alienas
2013 2798 2199 2865 culpas

612 2888 879 2980 asserere,
913 2888 969 2968 ut
990 2910 1131 2981 qund
1155 2911 1348 2961 factum
1373 2896 1854 2963 doleo,adtnisisse
1885 2888 2196 2944 convincar.

611 3009 810 3076 Accipe
830 3020 978 3074 ergo,
1002 2980 1433 3056 emendatissime
1465 2990 1772 3051 hominum,
1803 2980 2198 3038 desideriorum

612 3069 826 3159 solatia,
857 3069 1252 3165 per’cmlcstem
1295 3083 1522 3155 gratiam
1569 3076 1881 3134 absentibus
1919 3069 2195 3134 attributa,

612 3199 671 3246 et
719 3164 1032 3257 perlatores,
1083 3179 1128 3233 si
1159 3179 1261 3232 tnei
1289 3175 1418 3229 estis
1459 3185 1747 3235 memores,
1776 3164 2092 3223 sublevate;
2143 3167 2202 3213 ut

612 3255 858 3344 nesciant
881 3270 1329 3348 peregrinationis
1357 3264 1717 3328 incommoda,
1745 3261 1871 3315 dum
1903 3255 2197 3312 nominatis

612 3375 838 3449 patriam
864 3365 1258 3426 commendatio
1296 3364 1468 3416 amica
1513 3356 1825 3414 contulerit.
1854 3352 2058 3420 Quibus
2104 3363 2197 3402 re-

612 3447 938 3532 meantibus,
970 3461 1155 3517 uuntio
1183 3473 1266 3512 me
1289 3467 1482 3510 vestrae
1508 3451 1827 3506 valetudinis
1851 3447 2151 3503 sublevate.

1170 3567 1504 3626 EPISTULA
1541 3564 1662 3621 XX.

1076 3704 1334 3746 ENNUDIUS
1371 3699 1590 3742 JULIANU
1619 3697 1672 3737 ν.
1714 3696 1750 3735 1.

687 3819 994 3876 Exercetur
1014 3810 1304 3880 diligentia:
1330 3807 1530 3861 bonum
1559 3799 1854 3870 scriptione
1889 3791 2201 3862 multipltct:

618 3910 814 3979 lingua:
856 3907 997 3962 enim
1044 3901 1240 3957 iudicio
1269 3899 1572 3953 animorum
1624 3897 1827 3945 secreta
1872 3886 2201 3957 panduntur.

619 3999 868 4060 ASsiduis
891 4008 1074 4049 curam
1105 3991 1367 4059 impendit
1397 3987 1646 4054 eloquiis,
1673 3981 1764 4050 qui
1807 3980 1975 4031 otium
2019 3988 2204 4028 amore

622 4077 933 4147 commutat.
968 4086 1094 4140 Haec
1123 4092 1248 4136 sunt
1275 4081 1474 4145 ollicia,
1508 4093 1602 4146 per
1630 4091 1746 4143 quo
1780 4072 1968 4125 tacitus
1996 4069 2209 4121 innote-

621 4183 725 4240 scit
753 4180 993 4235 allectus.
1029 4174 1332 4230 Familiaris
1353 4171 1604 4241 perlator,
1638 4167 1738 4220 nisi
1762 4160 2062 4217 reddendas
2091 4157 2209 4210 cul-

621 4274 755 4330 mini
786 4282 964 4326 vesuo
990 4270 1208 4339 paginas
1238 4265 1557 4332 accepisset,
1595 4275 1680 4314 me
1703 4257 1923 4312 oblitum
1955 4267 2210 4308 reveren-

620 4367 714 4421 tize
744 4372 935 4418 vestrae
967 4369 1272 4415 testaretur.
1307 4355 1496 4410 Nescio
1525 4355 1665 4407 enim
1695 4349 1936 4405 cari‘atis
1964 4360 2084 4400 esse
2113 4357 2211 4397 ne-

623 4456 850 4528 gligens,
883 4468 981 4507 nec
1015 4459 1220 4521 partam
1267 4448 1450 4500 labore
1484 4443 1709 4513 gratiam
1755 4440 1920 4509 quieti
1961 4435 2208 4490 serviens

625 4547 878 4615 ell'ngare.
905 4543 1066 4597 Multa
1094 4540 1264 4594 debeo
1295 4540 1454 4591 verba
1499 4534 1723 4588 foederi:
1750 4530 1845 4585 sed
1877 4528 1942 4581 ad
1974 4529 2214 4579 brevita-

2214 473 2257 530 Α
2290 478 2359 518 ne
2386 461 2698 530 petitionem
2720 461 2944 524 negatus
2969 451 3251 508 frustretur
3277 447 3520 512 effectus,
3542 445 3622 501 sic
3648 459 3871 503 conces-

2290 569 2410 608 sum
2438 549 2644 606 meritis
2672 546 2863 601 vestris
2888 543 3062 599 locum
3084 556 3180 613 per
3208 540 3363 611 longa
3387 548 3684 608 temporum
3707 537 3874 594 inter-

2289 644 2427 699 valla
2451 639 2695 698 teneatis.

2818 725 3153 785 EPISTULA
3191 721 3358 783 XXII.

2695 835 2949 878 ENNUDIUS
2989 830 3267 873 εἴκωσιιο
3304 829 3470 868 ΡΑΡΕ.

2362 917 2620 982 Quamvis
2656 910 2871 968 sublimi
2912 909 3028 964 viro
3066 906 3354 962 Laurentio
3390 903 3606 959 assistat
3651 916 3748 971 pro
3797 901 3880 972 pi-

2291 1023 2515 1080 gnorum
2540 1004 3006 1062 commendatione
3037 1000 3276 1069 probitas
3303 1012 3397 1052 sua
3415 1035 3430 1063 ,
3457 1003 3514 1052 et
3547 997 3710 1064 patris
3749 1010 3879 1065 pru-

2291 1100 2470 1155 dentia
2499 1113 2688 1154 causas
2728 1096 2928 1152 sobolis
2949 1099 3271 1162 exsequatur
3298 1107 3312 1143 :
3345 1098 3577 1143 attamen
3619 1088 3880 1143 sollicitu-

2305 1194 2431 1248 dine
2455 1191 2671 1262 genitali
2693 1190 2757 1245 ad
2791 1189 3048 1258 ampliora
3082 1183 3339 1255 procedit,
3365 1191 3419 1237 et
3455 1181 3545 1236 vix
3587 1180 3758 1236 credit
3784 1195 3884 1250 pro

2302 1285 2430 1339 ﬁliis
2456 1283 2704 1339 sufficere
2732 1281 2872 1352 quod
2905 1285 3159 1334 meretur.
3189 1275 3515 1345 Adjutriccm
3545 1273 3596 1326 itt
3631 1272 3886 1341 astipula-

2295 1377 2440 1430 tione
2462 1376 2719 1445 germinis
2750 1371 2994 1441 paginam
3025 1369 3215 1439 quarit
3254 1384 3269 1420 :
3318 1377 3372 1422 et
3421 1365 3718 1432 trepidante
3756 1363 3884 1418 dili-

2299 1469 2474 1539 gentia
2503 1478 2712 1535 patrum
2744 1466 2990 1520 ardorem
3023 1463 3209 1516 nititur
3236 1475 3356 1517 cum
3387 1457 3734 1513 universitate
3762 1472 3888 1526 par-

2295 1558 2420 1612 tiri:
2433 1559 2672 1627 Cogitate
2693 1557 2737 1611 si
2770 1559 2884 1611 viro
2911 1559 3112 1624 optimo
3140 1551 3318 1622 negari
3359 1551 3582 1606 effectus
3613 1548 3809 1617 potuit,
3832 1555 3888 1603 et

2296 1649 2380 1718 pia
2413 1658 2467 1703 et
2491 1650 2632 1717 jnsta
2665 1648 2928 1718 poscenti.
2953 1647 3173 1701 TI'IIIIIaI
3201 1645 3450 1699 divinitas
3477 1645 3726 1700 enectum
3760 1657 3886 1712 pre-

2297 1741 2450 1794 cibus
2472 1739 2610 1808 ejus,
2637 1748 2691 1793 et
2717 1742 2858 1794 Ituuc
2881 1737 3226 1793 beatitudinis
3240 1748 3432 1792 vestra:
3458 1735 3744 1790 nominatis
3761 1750 3888 1788 con-

2227 1849 2274 1910 B
2301 1833 2488 1887 ciliare
2523 1831 2777 1901 dignetur
2801 1830 3075 1894 affectum,
3106 1839 3164 1884 ut
3208 1830 3375 1898 erigat
3403 1829 3650 1898 parvulos
3696 1826 3889 1895 implo'

2303 1921 2415 1980 rata
2443 1938 2662 1979 corona:
2694 1932 2888 1979 vestra:
2927 1924 3201 1977 miseratio
3235 1940 3246 1975 :
3285 1932 3547 1991 quatenus
3575 1921 3718 1974 anxii
3749 1921 3890 1974 circa

2303 2017 2446 2086 ipsos
2477 2015 2736 2086 genitoris
2774 2027 2896 2069 vota
2929 2024 3270 2085 superentur.
3305 2014 3530 2068 Domine
3569 2016 3641 2067 mi
3676 2053 3692 2077 ,
3731 2024 3890 2080 spero

2303 2117 2358 2162 ut
2387 2108 2648 2176 promissa
2676 2108 2875 2162 dudum
2908 2107 3209 2176 benignitas
3253 2106 3307 2159 in
3348 2120 3412 2160 ea
3459 2113 3610 2175 parte
3650 2103 3890 2157 testimo-

2303 2200 2450 2256 nium
2473 2199 2626 2266 ferat,
2659 2200 2704 2254 si
2727 2199 3133 2269 comprehensis
3169 2197 3416 2266 superius
3445 2198 3765 2267 geminatam
3793 2194 3890 2249 im-

2304 2292 2464 2363 pendi
2493 2293 2738 2364 gratiam,
2765 2294 2855 2361 qui
2887 2305 2984 2359 per
3014 2305 3099 2344 me
3137 2298 3406 2359 precatur.
3436 2286 3712 2357 intelligat.

2814 2381 3145 2436 EPISTULA
3191 2376 3375 2434 XXIII.

2767 2488 3022 2529 ENNODIUS
3079 2486 3426 2526 DOIIINA'I'ORI.

2375 2572 2698 2640 Oportuerat
2739 2569 2950 2639 quidem
2981 2567 3249 2621 desideria
3293 2573 3504 2630 vestra,
3547 2577 3667 2634 qum
3710 2561 3890 2617 fratris

2304 2661 2517 2732 Agnelli
2547 2658 3082 2731 patefecitallegatio,
3115 2665 3172 2710 ut
3202 2657 3395 2711 tabella
3424 2665 3712 2719 reseraret,
3743 2661 3798 2708 et
3820 2651 3889 2708 ad

2308 2753 2569 2808 elicienda
2617 2750 2880 2819 colloquia
2931 2749 3156 2803 formam
3189 2763 3366 2802 sermo
3412 2749 3640 2816 praevius
3664 2745 3890 2800 exhibe-

2310 2853 2395 2899 ret
2427 2861 2440 2896 :
2473 2845 2594 2913 quia
2620 2842 2786 2911 p0tuit
2825 2841 2915 2894 tibi
2948 2839 3156 2894 restitui
3195 2838 3333 2909 quod
3375 2836 3590 2892 debebis
3619 2855 3630 2888 :
3658 2851 3758 2891 nec
3782 2835 3891 2890 ullo

2306 2951 2395 2991 me
2427 2937 2608 2990 colore
2639 2932 3006 2995 defenderem,
3037 2941 3087 2985 te
3123 2930 3395 3000 loquente,
3418 2944 3448 2983 a
3490 2929 3694 2998 paginis
3721 2927 3890 2980 absti-

2314 3028 2512 3084 nendo.
2547 3029 2600 3081 In
2633 3035 2725 3081 tuo
2751 3027 2870 3094 jure
2894 3025 3009 3090 fuit,
3043 3024 3234 3093 lingua:
3268 3031 3463 3077 nostrae
3497 3021 3657 3076 ferias
3685 3018 3893 3074 exorci-

2313 3125 2391 3178 tio
2419 3131 2772 3185 commutare,
2816 3127 2869 3174 et
2911 3116 3203 3187 rubiginem
3238 3115 3543 3170 rusticantis
3581 3113 3776 3181 eloquii
3815 3111 3894 3165 fa-

2231 3229 2279 3293 c
2309 3214 2531 3270 brilibus
2553 3213 2742 3268 studiis
2765 3225 3016 3266 amovere
3041 3228 3052 3262 :
3079 3208 3200 3280 quia
3223 3209 3361 3263 sicut
3379 3209 3630 3262 damnum
3653 3205 3892 3261 caritatis

2306 3321 2386 3362 εει
2405 3308 2634 3376 primttm
2655 3305 2888 3374 cupienti
2913 3317 3015 3356 non
3040 3301 3288 3356 dedicare
3317 3315 3620 3357 sermonem
3643 3315 3656 3351 :
3677 3300 3745 3352 ita
3770 3313 3895 3367 pro-

2305 3399 2555 3468 mulgatae
2584 3396 2863 3464 scriptioni
2906 3395 3180 3448 silentium
3216 3391 3461 3458 reddere,
3509 3405 3607 3445 nec
3640 3389 3895 3444 amicitiae

2307 3490 2501 3546 suadet
2525 3489 2784 3544 memoria
2807 3502 2904 3542 nec
2936 3487 3172 3556 pudoris.
3200 3486 3350 3540 Nunc
3371 3496 3546 3540 tamen
3574 3485 3800 3540 accessit
3827 3483 3894 3538 ad

2308 3583 2521 3653 genium
2546 3596 2743 3648 tneum,
2777 3578 2919 3648 quod
2947 3580 3166 3648 paginas
3197 3576 3503 3646 imperasti;
3535 3585 3589 3632 et
3614 3577 3657 3630 si
3681 3577 3896 3630 subtra-

2308 3673 2455 3729 hitur
2484 3673 2812 3738 testimonio,
2843 3670 2983 3741 quod
3017 3685 3285 3740 nunquam
3314 3671 3366 3724 in
3409 3683 3594 3724 amore
3636 3669 3776 3722 vires
3815 3667 3898 3721 in-

2310 3774 2548 3834 terrogo.
2584 3764 2836 3819 Facessat
2872 3763 2939 3816 ab
2978 3761 3207 3832 ingeniis
3243 3761 3582 3830 liberalibus,
3621 3769 3678 3814 ut
3709 3759 3898 3814 credas

2311 3855 2511 3910 fascem
2531 3869 2654 3910 esse
2677 3853 3084 3913 intolerabilem,
3111 3868 3269 3923 quem
3303 3854 3506 3906 amicus
3543 3852 3785 3920 imponit.
3815 3851 3896 3904 Tu

2313 3956 2516 4002 tantum
2551 3957 2740 4000 exacta
2775 3945 3171 4014 complectere,
3214 3952 3268 3998 et
3301 3957 3580 3998 censuram
3630 3943 3898 4011 castigans

2315 4040 2534 4095 rancida
2559 4039 2910 4108 judicantium
2946 4037 3152 4106 depone
3189 4036 3419 4089 fastidia.
3455 4036 3606 4090 Absit
3635 4051 3662 4089 a
3698 4047 3748 4090 te
3774 4050 3898 4089 eum

2319 4149 2424 4188 non
2452 4131 2634 4186 fovere
2661 4131 2750 4199 qui
2781 4131 2972 4198 paruit.
3009 4130 3064 4183 In
3104 4145 3252 4199 spem
3289 4130 3491 4184 altioris
3522 4130 3695 4184 meriti
3730 4129 3900 4184 tralti-

2319 4234 2429 4288 tur,
2460 4223 2670 4277 etiamsi
2705 4224 2880 4276 veniat
2909 4237 2938 4275 a
2971 4231 3179 4276 moneta
3213 4223 3439 4287 triviali,
3471 4223 3558 4291 qui
3611 4222 3702 4276 tibi
3731 4222 3902 4290 impo-

2316 4320 2475 4372 situm
2503 4318 2611 4372 oris
2637 4317 2957 4385 mancipavit
2987 4315 3320 4384 obsequium.
3348 4316 3489 4383 Ergo
3527 4316 3674 4378 vale,
3703 4316 3773 4368 mi
3804 4315 3903 4369 do-

2318 4411 2481 4474 mine,
2504 4411 2627 4478 quia
2660 4410 2782 4462 nolo
2819 4410 2930 4463 lieri
2972 4408 3196 4476 prolixa,
3227 4422 3343 4476 quae
3374 4421 3480 4460 non
3521 4413 3646 4460 sunt
3673 4406 3738 4460 ad
3780 4420 3904 4473 per-

2319 4502 2658 4570 pendsculnm
2699 4499 2953 4554 fabricata
2997 4499 3281 4566 colloquia.
3325 4499 3402 4553 'I‘u
3448 4513 3676 4553 messem
3712 4498 3902 4567 gratia:

625 4593 905 4706 ωωδωςὶι
933 4632 1179 4703 epistola.
1217 4630 1366 4689 Vale,
1400 4628 1470 4680 mi
1503 4625 1739 4686 (lumine,
1765 4621 2022 4674 umorem
2065 4619 2208 4669 εειυ,
2239 4612 2293 4672 D
2316 4593 2471 4664 juxta
2498 4593 2743 4646 fiduciam
2773 4608 2966 4706 meam,
3002 4602 3250 4661 tanquam
3277 4593 3408 4646 uber
3431 4593 3602 4645 solum
3633 4595 3855 4647 restitue
3886 4607 3902 4645 :

2328 4689 2435 4706 A1-
2475 4688 2519 4706 ε-
2556 4696 2640 4706 ι..Δ
2673 4695 2788 4706 ..--.
2818 4701 2895 4706 __-
2933 4688 3025 4706 -_!.
3061 4686 3275 4706 .-ιη2.-τΔ
3350 4685 3387 4706 -2
3427 4686 3607 4706 -_-L.._
3654 4684 3902 4706 --ε,.-1--

625 4729 724 4782 tati
751 4727 1038 4796 accipiens,
1067 4735 1118 4777 et
1149 4722 1291 4776 circa
1340 4733 1424 4772 me
1483 4715 1714 4769 adultam
1745 4725 1900 4766 serva
1941 4709 2205 4777 dignatio-

626 4833 776 4873 nem.
809 4820 900 4872 Sic
930 4818 1067 4872 bono
1099 4816 1150 4869 in
1177 4813 1413 4868 tnedimn
1444 4809 1642 4864 ascitus
1675 4805 2002 4876 reipublicae,
2032 4803 2099 4858 de
2126 4801 2204 4856 fe-

629 4910 849 4967 licitatis
880 4921 982 4964 tua:
1005 4909 1354 4963 diuturnitate
1385 4903 1692 4976 gratttlcris.

1179 5023 1510 5079 EPISTULA
1541 5021 1681 5077 XXI.

947 5136 1219 5182 .ENNUDIUS
1258 5132 1585 5173 CONSTAN'I'IU
1626 5126 1888 5170 EPISCOPU.

715 5238 940 5309 Vigilius
969 5237 1325 5291 subdiaconus
1352 5243 1529 5290 vester
1557 5230 1792 5301 experiri
1828 5227 1992 5282 voluit
2019 5237 2214 5297 quanta

633 5333 766 5390 mibi
800 5347 828 5384 a
873 5329 1024 5383 vobis
1062 5336 1255 5380 raritas
1299 5325 1642 5389 redderetur;
1676 5334 1725 5376 et
1776 5321 1841 5375 ad
1872 5319 2210 5374 occasionem

637 5426 906 5497 profectus
946 5423 1024 5476 sui
1066 5419 1492 5486 coniunctionem
1524 5424 1759 5471 nostram
1789 5424 2010 5468 conatus
2039 5411 2211 5467 addu-

639 5534 780 5577 cere.
804 5529 998 5572 Statum
1033 5514 1170 5568 inter
1202 5526 1298 5565 nos
1327 5509 1592 5572 amicitiae,
1622 5509 1746 5564 dum
1775 5517 1997 5576 augetur
2026 5506 2211 5560 Itono-

641 5611 811 5671 riluts,
831 5612 939 5664 vttlt
958 5609 1130 5663 mntiri
1160 5625 1172 5664 :
1199 5618 1458 5674 quatenus
1485 5601 1550 5656 ad
1575 5605 1742 5670 ipsum
1777 5601 1980 5655 fructus
2011 5600 2214 5662 redeat,

642 5718 797 5771 quem
826 5719 888 5756 ex
921 5705 1210 5772 diligentia
1241 5714 1415 5755 messe
1441 5696 1802 5752 condidimus.
1835 5695 1986 5749 IInnc
2016 5693 2060 5747 si
2101 5707 2219 5746 me-

645 5810 788 5858 reor,
818 5794 881 5846 ad
914 5795 1138 5847 diacunii
1169 5805 1502 5850 sacramenta
1550 5792 1825 5861 perducite
1857 5809 1869 5845 :
1904 5801 1959 5844 ut
1989 5790 2219 5855 dignitas

645 5885 846 5957 pra'lali
879 5885 942 5937 ad
969 5899 1118 5954 Spem
1150 5887 1274 5938 mibi
1307 5886 1548 5956 proficiat
1578 5886 1780 5954 majora
1805 5882 2078 5952 poscendi.
2110 5879 2218 5939 Sed

2318 4689 2442 4757 quia
2474 4688 2524 4740 in
2556 4696 2645 4740 tuo
2673 4685 2898 4755 posthac
2926 4688 3029 4740 erit
3058 4686 3310 4753 arbitrio,
3347 4685 3389 4740 si
3421 4686 3613 4739 crebro
3649 4684 3905 4752 epistolas

2319 4793 2469 4834 meas
2499 4778 2744 4848 accipere
2769 4777 3026 4843 volueris,
3058 4776 3138 4830 his
3169 4792 3254 4831 me
3275 4775 3471 4829 muniis
3497 4776 3740 4830 invitare.

2832 4866 3162 4923 EPISTULA
3205 4865 3390 4921 XXIV.

2861 4975 3110 5014 ENNUDIUS
3149 4972 3374 5013 I-‘AUSI'U.

2399 5054 2564 5125 Eger
2585 5054 2795 5108 animus
2817 5052 2954 5106 sicut
2981 5049 3190 5105 silentia
3216 5065 3319 5104 non
3342 5049 3556 5120 patitur,
3591 5049 3660 5103 ita
3690 5062 3908 5117 proces-

2323 5161 2442 5203 sum
2474 5144 2794 5200 narrationis
2822 5143 3031 5210 abjurat
3064 5160 3077 5195 :
3117 5141 3488 5197 contestationi
3524 5141 3774 5197 mteroris
3805 5156 3907 5198 nec

2323 5237 2681 5302 taciturnitas,
2715 5249 2814 5291 nec
2840 5234 3101 5299 colloquia
3127 5233 3329 5301 prolixa
3355 5232 3680 5286 conveniunt
3697 5248 3712 5285 :
3730 5242 3909 5287 arcta-

2324 5340 2410 5387 tur
2435 5330 2653 5400 pagina,
2695 5329 2780 5384 cui
2809 5329 2896 5383 vix
2935 5328 3075 5384 inter
3102 5327 3331 5397 gemitus
3369 5326 3529 5380 verba
3579 5325 3906 5380 tribuuntur.

2323 5424 2430 5480 Sed
2457 5423 2580 5493 quid
2603 5437 2786 5477 assero
2809 5423 3002 5492 lingua:
3026 5422 3184 5476 ferias
3209 5421 3327 5491 plus
3354 5419 3645 5488 loquendo,
3681 5428 3734 5473 et
3782 5433 3908 5470 coa-

2323 5527 2462 5571 ctam
2497 5516 2816 5571 necessariis
2845 5515 3126 5585 epistolam
3159 5514 3403 5569 terminis
3421 5512 3731 5584 garrulitate
3755 5509 3910 5578 pol!i-

2323 5608 2482 5662 ceor?
2513 5607 2680 5661 Deum
2721 5621 2926 5675 quaeso,
2963 5617 3020 5661 ttt
3057 5607 3312 5662 anxietati
3344 5621 3476 5661 mea:
3519 5605 3587 5659 de
3625 5602 3910 5657 manifeSto

2324 5697 2694 5769 prosperitatis
2733 5705 2926 5751 vestra:
2960 5707 3236 5752 succurrat
3284 5696 3501 5752 indicio.
3541 5695 3631 5748 Ille
3659 5691 3909 5748 admittat

2325 5792 2592 5860 lacrymas
2622 5803 2803 5852 meas,
2847 5790 2932 5844 cui
2975 5789 3152 5844 clausa
3201 5805 3294 5843 ora
3342 5789 3640 5842 fabulantur
3674 5804 3686 5838 :
3719 5786 3802 5840 cui
3839 5784 3907 5838 ad

2323 5887 2538 5959 plenam
2567 5884 2886 5955 legationem
2915 5887 3113 5945 sulticit
3135 5901 3199 5942 ex
3223 5885 3637 5954 compunctione
3661 5880 3908 5938 defluens
