4186 6252
625 389 698 449 85
1625 355 1630 358 Ι
1751 379 2018 440 ENNODII
2057 373 2358 435 EPISCOPI
2395 369 2769 428 TICINENSIS
3802 362 3876 420 84

623 506 678 562 in
703 494 855 559 vobis
877 510 1034 558 notus
1061 511 1144 557 eat
1171 501 1317 571 vigor
1340 504 1601 564 assurgat,
1645 505 1699 551 et
1725 494 1866 564 quod
1896 508 1924 547 a
1957 491 2195 561 patribus

2309 509 2512 580 pudeat.
2545 507 2703 562 Nefas
2734 513 2812 560 est
2843 504 2984 559 enim
3017 502 3321 580 credentem
3350 499 3415 556 ad
3441 499 3654 570 obliqua
3683 513 3876 570 provo-

624 595 814 651 vestris
844 593 1078 664 poscitur
1107 591 1210 646 mei
1234 589 1496 646 sermonis
1535 586 1814 657 obsequio,
1843 586 1908 640 ad
1939 584 2198 654 impetra-

624 689 821 744 tionem
851 699 1141 755 congxsam
1167 683 1507 752 perducatur.

1129 772 1458 829 EPISTULA
1495 768 1686 824 XXIX.

1155 868 1170 896 ²
1211 878 1461 920 nummus
1499 878 1666 918 paea.

691 962 935 1018 Calcatis
955 961 1234 1016 utilitatem
1255 959 1562 1028 sequacium
1583 970 1710 1010 cura
1739 953 1989 1023 disponit.
2009 955 2028 984 ³
2046 952 2199 1007 Inau—

619 1055 821 1124 spicata
853 1055 986 1108 bene
1011 1053 1079 1108 de
1108 1053 1216 1107 Deo
1239 1050 1567 1106 metentibus
1597 1050 1732 1102 dona
1765 1046 2090 1100 tribuuntur.
2115 1047 2200 1099 ln-

618 1149 758 1217 gerit
785 1162 1014 1216 superna
1041 1146 1370 1215 dispensatio
1395 1145 1553 1198 etiam
1589 1141 1730 1210 quod
1760 1141 2056 1208 supplicare
2097 1138 2198 1192 hu—

619 1240 849 1294 manitas
880 1257 983 1293 non
1016 1238 1306 1308 praesumit.
1333 1237 1677 1304 Agnoverunt
1716 1233 2008 1286 adversarii
2054 1233 2198 1286 sedis

619 1344 832 1395 vestra,
859 1346 968 1400 quo
1008 1339 1370 1400 propugnante
1415 1327 1693 1381 vincantur
1724 1343 1738 1378 :
1769 1325 1910 1395 quod
1953 1323 2200 1394 proxime

619 1424 687 1477 de
717 1425 1041 1493 Aquileiensi
1078 1423 1384 1491 redemptor
1425 1433 1610 1475 noster
1649 1434 1875 1489 persona
1922 1419 2194 1472 reseravit.

619 1513 692 1568 Et
721 1515 839 1569 ideo
870 1517 1008 1570 inter
1036 1515 1349 1568 excellentia
1401 1527 1681 1567 munerum
1711 1511 2016 1565 divinorum
2053 1518 2194 1577 peto,

619 1617 681 1663 ut
711 1608 813 1662 mei
842 1623 1035 1661 corona
1065 1616 1242 1662 vestra
1270 1606 1578 1660 meminisse
1607 1621 1710 1659 non
1757 1603 1971 1658 abnuat.
2013 1603 2202 1658 Invitat

619 1698 760 1752 enim
803 1697 868 1750 ad
907 1696 1264 1751 famulandum
1313 1698 1589 1765 plurimos,
1635 1694 1727 1764 qui
1770 1694 2012 1765 quamvis
2043 1693 2201 1764 longe

617 1791 847 1860 positum
875 1787 1045 1859 diligit
1074 1788 1480 1857 obsequentem.
1518 1787 1665 1842 Vale.

1137 1881 1468 1936 EPISTULA
1512 1879 1678 1934 XXX.

1053 1987 1308 2026 ENNODIUS
1344 1987 1602 2026 EL'GI'ZNETI
1640 1986 1694 2026 ν.
1735 1985 1774 2024 ι.

688 2066 979 2136 Postquam
1021 2065 1189 2134 prima
1221 2066 1333 2134 spei
1375 2080 1508 2118 mea
1536 2064 1781 2120 effectum
1811 2062 2007 2117 dedere
2033 2062 2200 2116 collo-

619 2158 764 2228 quia,
792 2158 859 2212 ad
905 2172 1059 2212 nsum
1104 2157 1368 2213 sermonis
1395 2172 1486 2210 ora
1519 2158 1606 2210 ditt
1640 2157 1821 2211 feriata
1852 2155 2042 2209 laxavi.
2073 2154 2202 2208 Ani-

619 2261 794 2304 matur
821 2249 963 2304 enim
997 2251 1348 2315 successibus,
1380 2251 1540 2304 etiam
1580 2251 1668 2304 cui
1699 2265 1792 2317 per
1817 2249 2198 2304 conscientiam

619 2355 727 2395 non
765 2342 1000 2408 suppetit
1043 2341 1269 2395 Latiaris
1310 2341 1563 2395 eruditio.
1613 2339 1959 2394 Cessantibus
2011 2341 2202 2394 studiis

620 2445 764 2499 sape
795 2429 1074 2486 facundum
1105 2433 1297 2499 gaudia
1322 2433 1667 2486 reddiderunt
1696 2451 1708 2484 :
1742 2433 1988 2487 maeroris
2019 2433 2200 2487 nubila

621 2523 860 2578 hilaritas
901 2524 1150 2593 depellit,
1196 2540 1322 2580 mox
1369 2526 1636 2580 rutilantia
1685 2541 1780 2596 per
1817 2526 2006 2580 sudum
2038 2526 2199 2580 verba

622 2615 946 2672 discurrunt.
974 2617 1156 2684 Itaque
1181 2629 1266 2671 aut
1298 2618 1564 2687 perfectos
1593 2633 1686 2671 nos
1709 2618 1890 2672 latitia
1914 2627 2196 2683 monstrat,

623 2715 717 2762 aut
745 2706 976 2763 infantes
1003 2706 1127 2763 facit
1167 2709 1481 2764 adversitas.
1508 2707 1654 2774 Hac,
1687 2711 1756 2763 tni
1788 2709 2024 2773 domine,
2048 2710 2200 2765 vobis

624 2799 784 2853 etiam
810 2801 1218 2868 astipulantibus
1243 2803 1648 2856 confirmantur.
1678 2802 1817 2872 Ergo
1845 2813 2051 2870 tempus
2079 2817 2203 2871 pro-

623 2891 893 2959 speritatis
921 2891 1219 2960 amplexus,
1252 2893 1420 2948 reddo
1448 2891 1707 2948 debenda
1739 2894 2076 2948 salutationis
2119 2893 2201 2946 af-

623 2981 850 3049 fectum;
879 2997 1101 3051 sperans
1125 2993 1181 3038 ut
1208 2986 1346 3039 circa
1375 2999 1462 3040 me
1492 2985 1682 3040 nobilis
1711 2986 1992 3055 promissio
2019 3001 2137 3056 qua
2171 3001 2202 3040 a

623 3069 951 3140 plenitudine
993 3073 1176 3142 gratia
1215 3077 1444 3142 sumpsit
1482 3073 1792 3143 exordium,
1835 3075 1986 3145 quasi
2029 3075 2204 3132 incre-

621 3163 819 3219 mentis
839 3177 1004 3233 egena
1027 3163 1345 3233 getninetur.
1383 3164 1530 3218 Vale.
2141 3184 2143 3186 ·

1141 3254 1469 3310 EPISTULA
1511 3255 1701 3310 XXXI.

1180 3361 1434 3401 ENNODIUS
1470 3363 1648 3404 Ανιτο.

699 3435 851 3491 Licet
878 3435 1098 3490 multam
1141 3436 1296 3491 nobis
1330 3452 1420 3505 per
1452 3438 1656 3492 litteras
1690 3438 2069 3508 magnitudinis
2109 3449 2213 3495 tua

630 3528 965 3582 occasionem
992 3529 1173 3596 gaudii
1198 3529 1458 3584 elementi
1493 3541 1846 3598 pepererunt,
1872 3547 1994 3586 cum
2025 3531 2090 3586 ad
2133 3531 2214 3586 III-

632 3617 862 3674 Iaritatis
899 3618 1211 3688 obsequium
1250 3617 1404 3673 index
1437 3619 1638 3674 funeris
1667 3637 1844 3676 sermo
1887 3622 2208 3688 militasset,

631 3723 738 3762 non
770 3717 946 3762 tamen
970 3725 1065 3779 par
1095 3710 1342 3780 lacrymis
1364 3711 1672 3781 jncunditas
1693 3715 1930 3782 contigit,
1965 3731 2061 3769 nec
2085 3730 2213 3770 ma-

631 3800 770 3855 roris
793 3802 1060 3856 turbidum
1093 3817 1156 3857 ex
1203 3813 1314 3859 toto
1351 3807 1604 3874 colloquii
1653 3822 1839 3862 serena
1874 3810 2210 3877 depulerunt.

631 3889 849 3947 Retinet
874 3891 1215 3949 altlictionem
1247 3911 1396 3969 mens
1433 3897 1498 3952 de
1539 3901 1666 3952 tanti
1699 3897 1719 3929 ³
1745 3900 2055 3956 ἀερθεήοηθ
2084 3916 2215 3970 pen-

632 3983 812 4052 tificis,
837 3987 996 4041 etiam
1031 3999 1148 4056 post
1174 3990 1472 4045 desiderata
1501 3994 1764 4063 colloquia
1799 4011 1812 4051 :
1845 3997 1910 4047 ab
1940 3996 2060 4058 hoc,
2092 3997 2214 4066 quia

633 4087 825 4132 natura
853 4094 1032 4133 rerum
1062 4088 1161 4145 est,
1195 4091 1250 4135 ut
1283 4084 1533 4148 qualibet
1561 4085 1740 4140 laetitia
1784 4087 1868 4140 vel
1902 4087 2092 4141 modici
2122 4103 2217 4141 an-

633 4169 780 4240 goris
801 4170 1089 4227 collatione
1118 4183 1419 4242 superetur.
1446 4175 1550 4231 Sed
1573 4177 1697 4246 quid
1726 4193 1862 4233 nova
1889 4194 2217 4235 commemo-

633 4261 845 4317 ratione
879 4262 1124 4332 facimu=,
1153 4282 1271 4335 qua
1311 4269 1546 4323 animum
1591 4261 1917 4326 clandestina
1959 4272 2216 4329 hactenus

631 4350 920 4423 iactatione
949 4354 1308 4412 domuerant?
1341 4359 1488 4414 Votis
1518 4362 1710 4418 vestris
1741 4377 1860 4417 cum
1889 4347 1978 4419 Dei
2009 4365 2219 4433 adjuto-

631 4445 718 4501 rio
760 4450 1009 4503 comitem
1059 4467 1143 4506 me
1187 4456 1442 4522 promitto
1483 4472 1497 4508 :
1531 4455 1820 4511 dummodo
1860 4459 2002 4512 salva
2037 4458 2220 4514 domni

634 4553 788 4609 papa
818 4541 989 4596 nostri
1020 4542 1272 4598 incolumi
1300 4554 1415 4609 ate,
1448 4546 1605 4600 talem
1643 4564 1740 4602 vos
1765 4549 1990 4617 elegisse
2017 4566 2216 4619 Cogno-

2300 576 2444 664 care.
2467 607 2521 656 et
2543 615 2698 670 quem
2720 596 2909 652 affectu
2931 595 3227 666 obligastis,
3252 576 3347 663 per
3370 595 3565 648 incerta
3587 592 3872 649 deducere.

2301 691 2451 748 Vale.
3245 740 3247 743 .

2796 777 3124 834 EPISTOLA
3161 775 3374 832 XXXII.

2796 885 3053 926 ENNODIUS
3091 883 3370 924 EUGERETI.

2373 965 2485 1020 Non
2513 964 2721 1019 aestimo
2743 977 2856 1017 rem
2884 962 3126 1030 obsequii
3155 960 3456 1030 frequentia
3487 971 3883 1030 posse'rances-

2300 1072 2419 1113 sere
2454 1074 2468 1111 :
2497 1071 2597 1111 nec
2618 1055 2881 1110 culturam
2898 1053 3188 1122 diligentia
3211 1051 3340 1105 vitio
3363 1053 3691 1122 garrulitatis
3721 1056 3884 1110 ascri.

2299 1150 2375 1205 bi.
2405 1149 2663 1219 Suppetat
2689 1147 2825 1201 forte
2855 1145 2922 1200 de
2960 1145 3280 1198 abstinentia
3312 1145 3622 1199 tabellarum
3655 1163 3885 1204 excusa-

2303 1240 2376 1294 tio
2407 1240 2534 1307 illis,
2580 1239 2670 1309 qui
2716 1237 2941 1306 publica
2978 1236 3219 1290 ublitatis
3258 1236 3453 1289 muniis
3499 1249 3830 1306 occupantur
3868 1256 3884 1292 :

2301 1331 2511 1385 veniam
2543 1342 2648 1382 non
2675 1336 2934 1393 meretur,
2967 1327 3011 1380 si
3042 1341 3070 1378 a
3096 1325 3403 1392 scriptionis
3423 1326 3734 1382 assiduitate
3759 1339 3884 1384 lem-

2302 1433 2451 1495 peret
2479 1423 2778 1478 absolutus.
2811 1420 3038 1490 Liquido
3066 1420 3349 1474 confitetur
3377 1421 3577 1474 amoris
3609 1422 3884 1491 negligen-

2303 1520 2451 1584 tiam,
2473 1518 2700 1587 quicum
2730 1514 2919 1584 possit,
2946 1513 3202 1584 epistolas
3231 1516 3280 1566 in
3309 1513 3504 1582 quibus
3529 1523 3612 1569 est
3642 1515 3886 1570 affectio-

2309 1609 2392 1664 nis
2423 1609 2698 1676 pabulum,
2733 1622 2836 1661 non
2867 1605 3168 1660 ministrat:
3200 1619 3351 1660 error
3377 1605 3531 1659 otiosi
3561 1614 3658 1664 est.
3679 1607 3720 1660 si
3749 1607 3886 1662 bene

2301 1711 2572 1767 comperta
2603 1713 2753 1753 mens
2781 1711 2874 1765 per
2902 1696 3088 1766 linguai
3120 1696 3279 1750 ferias
3302 1695 3617 1751 desideratis
3642 1705 3887 1752 attenue~

2306 1801 2390 1846 tur
2419 1793 2642 1860 impasta
2673 1789 2973 1858 colloquiis.
3001 1787 3102 1842 Sed
3133 1787 3269 1842 sicut
3307 1803 3403 1842 nos
3429 1788 3738 1857 religionem
3766 1805 3887 1859 gra-

2229 1866 2280 1929 Β
2306 1885 2392 1937 tia
2420 1883 2600 1936 fovere
2627 1880 2896 1946 convenit,
2929 1879 3072 1932 curis
3101 1878 3447 1933 saeuiat-ibus
3474 1879 3549 1933 nil
3587 1879 3843 1935 debentes
3870 1898 3884 1936 :

2306 1976 2377 2029 ita
2407 1974 2509 2028 nisi
2542 1971 2847 2042 magnitudo
2867 1979 3046 2025 vestra
3082 1972 3319 2040 partibus
3355 1971 3466 2026 suis
3494 1971 3722 2026 adfuerit
3765 1987 3888 2041 pro-

2303 2066 2630 2135 mulgatione
2655 2065 2922 2134 responsi,
2949 2063 3217 2117 damnatis
3239 2063 3403 2130 probe
3426 2063 3560 2116 facta
3579 2063 3884 2118 reticendo:

2304 2160 2426 2229 quia
2457 2163 2501 2213 si
2533 2158 2791 2212 tollantur
2819 2157 3108 2210 virtutibus
3151 2157 3396 2224 pratnia,
3426 2172 3582 2226 quem
3615 2156 3889 2212 laborasse

2305 2268 2411 2306 non
2439 2251 2668 2320 pudeat?
2707 2250 2845 2304 Ecce
2871 2256 3150 2317 quantum,
3186 2248 3424 2312 astimo,
3471 2248 3617 2303 brevi
3646 2248 3696 2303 el
3734 2259 3890 2303 cutus

2306 2357 2656 2413 utrorumque
2683 2344 3048 2412 propositum;
3076 2341 3254 2394 animo
3282 2356 3400 2396 meo
3441 2341 3578 2396 male
3615 2357 3735 2396 esse
3761 2357 3892 2396 con-

2304 2439 2482 2502 illeor,
2501 2434 2643 2505 quod
2665 2441 2942 2490 remeante
2969 2433 3321 2498 Montanario,
3347 2439 3466 2486 cum
3497 2433 3764 2488 dedissem
3796 2449 3892 2504 pa-

2299 2531 2474 2600 ginas,
2502 2543 2606 2582 non
2640 2529 2812 2595 recepi
2847 2525 3024 2595 :qund
3051 2525 3285 2580 debitum
3315 2539 3476 2594 posco
3506 2526 3621 2596 lege
3651 2527 3891 2590 restitui,

2304 2621 2510 2691 pudore
2538 2618 2822 2691 geminari.
2853 2618 3004 2672 Nunc
3031 2617 3175 2683 vale,
3206 2618 3276 2671 mi
3301 2617 3542 2684 domine,
3578 2628 3631 2672 et
3660 2626 3892 2672 vestram

2303 2725 2583 2781 quarens,
2615 2711 2885 2780 prepriam
2917 2709 3169 2762 nuntians
3198 2708 3505 2776 sospitatem
3530 2750 3545 2774 ,
3573 2706 3738 2761 Deum
3768 2722 3891 2774 pre—

2303 2817 2430 2869 cor,
2459 2814 2515 2858 ut
2543 2803 2589 2858 si
2615 2802 2719 2858 mei
2754 2815 2960 2856 memor
2993 2808 3107 2866 est,
3139 2811 3395 2868 prospera
3423 2808 3600 2855 vestra
3633 2797 3893 2870 multipli-

2302 2901 2407 2952 εει.
2787 2981 3120 3040 EPISTOLA
3164 2981 3401 3036 XXXIII.

2827 3090 3082 3131 ENNODIUS
3123 3089 3364 3130 SI‘ZNABIO.

2384 3171 2441 3227 Si
2472 3185 2622 3224 amor
2646 3168 2834 3239 pudori
2864 3169 3250 3238 acquiesceret,
3279 3172 3320 3221 si
3347 3165 3585 3220 caritatis
3615 3165 3894 3234 impatien-

2236 3243 2285 3311 ο
2321 3266 2390 3318 tia
2423 3262 2758 3319 verecundiae
2785 3252 2902 3332 lege
2932 3269 3226 3326 teneretur,
3270 3276 3298 3313 a
3341 3258 3665 3329 paginalibus
3707 3258 3895 3312 officiis

2321 3369 2702 3429 temperarem,
2730 3367 2781 3410 et
2806 3354 3000 3409 silentii
3025 3352 3249 3407 formam
3278 3351 3440 3406 vestri
3481 3349 3716 3404 imitator
3751 3366 3897 3403 assu.

2321 3465 2522 3504 merem
2564 3465 2712 3504 :non
2764 3447 3093 3515 improvidus
3139 3447 3432 3500 astimator
3460 3443 3772 3512 conjicicns,
3811 3441 3896 3497 illa

2317 3541 2510 3613 quibus
2539 3543 2900 3595 remuneratio
2931 3554 2958 3591 a
2993 3539 3142 3592 \obis
3163 3538 3492 3592 subtrahitur
3515 3579 3528 3602 ,
3557 3553 3660 3590 non
3686 3537 3852 3591 amari
3883 3554 3898 3593 :

2319 3647 2417 3687 nec
2449 3630 2663 3684 suaderi
2699 3629 2908 3683 facilius
2941 3627 3254 3682 fabellarum
3295 3626 3670 3680 abstinentiam
3695 3666 3709 3689 ,
3741 3641 3898 3693 quam

2319 3723 2544 3778 tacendo
2575 3741 2588 3776 :
2616 3721 2636 3752 ’⁸
2671 3722 2813 3775 viros
2857 3720 3221 3774 comitatensis
3273 3718 3514 3772 exercitii
3567 3732 3660 3785 per
3708 3716 3899 3782 lingua

2328 3816 2486 3870 ferias
2514 3816 2766 3874 clamare,
2798 3813 2924 3882 quid
2968 3820 3242 3880 respuant.
3283 3809 3390 3864 Sed
3430 3824 3534 3863 non
3572 3810 3642 3862 ita
3673 3813 3756 3862 est
3791 3823 3900 3862 ma-

2321 3909 2541 3980 gnitudo
2571 3917 2656 3962 tua
2686 3907 2837 3960 lineis
2883 3905 3140 3976 quadrata
3185 3903 3502 3970 fabrilibus,
3557 3913 3616 3957 ut
3662 3902 3900 3972 quolibet

2322 4010 2457 4055 tecta
2486 3998 2750 4054 velamine
2796 3997 3022 4051 amantis
3063 3995 3246 4050 oculos
3275 3997 3444 4064 possit
3468 3994 3702 4064 effugere
3733 4010 3748 4049 :
3779 3995 3900 4064 quia

2318 4094 2435 4147 sine
2459 4091 2734 4145 obstaculo
2757 4088 2992 4144 vestium
3021 4089 3312 4157 penetralia
3341 4088 3562 4156 respicit
3587 4101 3739 4141 mens
3767 4086 3901 4140 ami-

2319 4184 2388 4238 ci.
2415 4183 2581 4238 Nemo
2611 4183 2860 4246 astimet,
2883 4178 3023 4250 quod
3053 4180 3266 4233 latentis
3297 4177 3501 4233 interna
3529 4175 3737 4232 consilii
3760 4178 3902 4247 apud

2319 4292 2474 4332 caros
2503 4276 2690 4330 aulicis
2715 4284 2936 4328 excocta
2968 4272 3273 4328 fornacibus
3301 4271 3442 4328 celet
3470 4271 3768 4326 urbanitas.
3795 4270 3903 4325 Sed

2321 4366 2504 4431 credo,
2535 4365 2768 4436 querelis
2790 4366 2921 4419 meis
2943 4364 3072 4418 illud
3103 4364 3306 4419 ordinis
3331 4362 3492 4418 vestri
3522 4371 3704 4432 aptum
3734 4375 3901 4416 exeu-

2322 4460 2616 4514 sationibus
2659 4472 2828 4522 genus
2870 4471 3111 4526 opponas
3143 4471 3156 4507 :
3188 4453 3301 4509 Non
3333 4462 3480 4509 recte
3519 4453 3586 4507 ab
3629 4451 3901 4521 occupatis

2323 4551 2614 4604 otiosorum
2644 4548 2821 4602 munia
2853 4546 3109 4616 postulari
3134 4562 3148 4611 ;
3173 4546 3259 4599 vix
3289 4547 3348 4600 ad
3381 4543 3496 4598 hac
3521 4542 3702 4598 officia
3739 4558 3902 4613 posse

633 4645 803 4697 scam,
826 4649 985 4702 quem
1014 4649 1136 4689 eum
1167 4637 1250 4689 cui
1296 4639 1488 4690 anima
1531 4653 1656 4692 cura
1699 4649 1801 4707 est,
1852 4640 2068 4695 laudato
2113 4658 2218 4699 non
2247 4613 2300 4674 Β
2323 4642 2652 4697 descendere
2679 4613 2949 4708 obsequiis
2980 4637 3360 4708 principalibus
3399 4636 3752 4690 adharentes.
3785 4637 3901 4690 Au-

707 4747 724 4778 ¹
759 4747 1024 4801 Ennodiua
1053 4745 1224 4823 Rapit}
1251 4749 1572 4823 Symmacho
1602 4768 1614 4803 :
1643 4767 1797 4823 quem
1830 4767 1979 4823 papa
2005 4754 2217 4810 nomine

633 4830 891 4883 perpetuo
930 4820 1247 4892 significat}
1295 4837 1480 4873 omnes
1522 4822 1780 4890 siquidem
1831 4820 2096 4892 epistolas
2127 4835 2218 4880 aut

638 4901 774 4957 pene
791 4902 987 4957 omnes
1015 4889 1105 4941 illo
1135 4893 1422 4954 superstite
1446 4889 1678 4957 scripsit.

705 4955 1138 5036 '_.lnauapicata]
1181 4960 1324 5013 Ntva
1379 4955 1770 5036 significatione
1829 4965 2211 5032 inauspicatum

634 5026 911 5101 meliorem
944 5029 993 5082 in
1037 5026 1235 5101 partem
1275 5026 1449 5098 po~uit
1481 5048 1575 5098 pro
1613 5034 1902 5098 improviso
1943 5026 1995 5088 et
2035 5038 2213 5101 insoc-

633 5105 750 5176 rato
779 5098 1108 5176 bonoruquod
1138 5112 1333 5176 prater
1359 5118 1504 5176 spem
1526 5114 1579 5158 et
1601 5107 2052 5167 exspectationem
2083 5098 2209 5160 eve-

635 5167 766 5220 niat.
798 5166 885 5248 Sic
914 5167 1006 5248 lib.
1041 5186 1077 5230 ι,
1110 5175 1268 5239 epist.
1300 5171 1336 5227 5
1369 5166 1401 5224 ε’
1427 5166 1769 5242 lnnuspimtis
1798 5176 2107 5229 surcesaibus
2136 5177 2214 5229 illi

633 5246 954 5313 provectuurn
981 5246 1288 5313 testamenta
1312 5256 1519 5296 ventura
1549 5255 1666 5297 sunt
1685 5284 1698 5301 .
1733 5262 1875 5312 quem
1905 5248 2111 5313 capisse
2140 5251 2211 5299 vi-

633 5308 810 5360 demus
837 5308 1138 5384 thascibus.
1173 5311 1299 5384 Item
1341 5313 1431 5365 lib.
1483 5327 1533 5366 tx
1565 5315 1628 5367 ad
1667 5308 1954 5369 Caisarium
1979 5308 2210 5384 'episco-

635 5391 799 5454 puni;
837 5376 984 5433 Unde
1018 5383 1312 5454 parentibus
1361 5384 1481 5435 meis
1522 5385 1840 5454 inauspicata
1884 5376 2213 5440 sublimitas?

631 5449 1068 5530 etaltis,_quoque
1113 5449 1244 5530 locis
1289 5470 1305 5530 _:
1347 5468 1467 5506 cum
1513 5449 1900 5530 itta‘usjiitrarum
1931 5468 2113 5509 contra
2161 5458 2208 5510 id

633 5518 735 5598 dici
783 5518 997 5585 soleat,
1031 5521 1171 5598 quod
1200 5521 1475 5578 sinistrum
1509 5532 1563 5578 et
1595 5518 1881 5581 infaustum
1903 5566 1917 5591 ,
1951 5537 2009 5582 ttt
2040 5527 2209 5581 Plinio

631 5585 727 5662 lib,
760 5606 946 5662 x_xvttt,
973 5585 1092 5662 cap.
1115 5593 1170 5648 2.
1735 5638 1739 5642 ~

705 5657 726 5735 ἒ
761 5657 1062 5718 Decesaione
1090 5664 1370 5735 pontiﬁcis]
1403 5664 1780 5727 Aquileiensis.
1815 5666 1890 5722 Ibi
1917 5667 2057 5721 enim
2084 5681 2207 5720 ver-

634 5729 848 5805 sabatur
877 5735 1062 5789 Avitus
1091 5729 1184 5790 Itb.
1219 5729 1268 5804 v,
1297 5729 1455 5805 epist.
1479 5736 1566 5792 ‘20.

703 5797 724 5827 ‘
768 5797 1275 5884 I’iroaucomitatensi‘s
1303 5797 1552 5884 εέεᾳνεξίξὶ]
1580 5806 1729 5884 Quod
1764 5823 1957 5884 m_unus
1981 5807 2208 5884 comita-

636 5877 785 5926 teuse
822 5871 1013 5927 dicitur
1060 5875 1161 5943 leg.
1200 5877 1267 5932 58
1301 5879 1422 5935 cod.
1453 5871 1658 5936 'l‘h'eod.
1689 5877 1758 5936 de
1806 5878 2206 5937 Decurionibus.

2321 4755 2741 4815 Cernitatenses,
2784 4753 2920 4805 sicut
2965 4749 3225 4816 Palatini,
3269 4751 3590 4818 generaliter
3635 4750 3901 4806 interdum

2321 4834 2580 4878 vocantur
2611 4838 2797 4876 omnes
2819 4821 2907 4889 qui
2936 4821 2984 4874 in
3018 4837 3169 4874 sacro
3202 4822 3395 4886 palatio
3424 4822 3654 4874 militant
3678 4822 3728 4874 in
3757 4821 3904 4888 prin-

2318 4897 2449 4963 cipis
2501 4895 2770 4948 comitatu.
2814 4894 2929 4957 Quo
2961 4907 3117 4945 sensu
3164 4895 3528 4963 conntatensis
3559 4891 3678 4958 jure
3706 4891 3904 4946 dicitur

2318 4967 2589 5028 Senarius,
2625 4979 2780 5031 quem
2822 4965 2873 5017 in
2918 4967 3056 5029 regis
3100 4962 3358 5031 obsequio
3405 4963 3541 5014 inter
3585 4973 3902 5028 ext-eptnres

2325 5039 2584 5090 meruiSse
2612 5047 2881 5088 OSleliSllm
2913 5041 2995 5086 est
3021 5032 3084 5084 ad
3107 5033 3263 5096 epist.
3295 5034 3375 5094 il,
3406 5032 3495 5086 lib.
3527 5048 3602 5085 ttt.
3631 5033 3898 5084 Itttet'tluttt

2323 5105 2544 5161 Palatini
2591 5105 2928 5172 peculiariter
2975 5103 3262 5167 appella'i,
3310 5103 3397 5168 qui
3440 5099 3490 5155 in
3530 5103 3705 5154 officio
3745 5111 3903 5154 erant

2316 5178 2594 5242 utriusque
2647 5173 2856 5226 comitis
2902 5172 3260 5236 largitionum.
3292 5175 3527 5235 Quorum
3557 5187 3614 5225 ex
3651 5187 3898 5235 numero,

2314 5257 2370 5299 ut
2397 5248 2626 5313 antiqua
2647 5244 2778 5311 juris
2805 5244 2997 5310 glossa
3026 5242 3250 5313 docent,
3278 5242 3366 5311 qui
3408 5243 3458 5294 III
3501 5243 3696 5309 palatio
3725 5247 3903 5313 sulsi-

2317 5312 2556 5378 stt-liant’,
2598 5315 2974 5367 comitatenses
3012 5312 3446 5374 nominabantur;
3478 5313 3563 5380 qui
3606 5314 3658 5365 in
3687 5312 3900 5380 provin-

2314 5387 2426 5439 cias
2454 5383 2836 5452 dirigebantur.
2866 5383 3208 5437 ntittendarii.
3241 5383 3328 5436 Sit:
3359 5383 3498 5437 enim
3521 5383 3850 5450 tlisti:;gttttz.t
3883 5400 3894 5436 :

2315 5457 2586 5527 Παλατῖνος
2617 5453 2642 5508 ὁ
2674 5455 2979 5527 παλᾳτιᾳνός
3013 5455 3287 5527 ὑπηρέτης.
3333 5454 3590 5508 Παλατῖνοι
3620 5459 3716 5526 γὰρ
3752 5461 3899 5524 κοινῷ

2317 5525 2523 5596 ὀνόματι
2564 5529 2750 5596 πάντες
2795 5525 3056 5579 ἐκαλοῦντο
3097 5524 3142 5579 οἶ
3182 5526 3230 5578 ἓν
3257 5535 3367 5586 τοῖς
3393 5527 3525 5596 κᾳῖά
3564 5524 3899 5579 Terrenum»

2312 5595 2591 5668 θησαυροῖς
2631 5595 3003 5668 ὑπηρετοῦντες
3049 5597 3321 5668 ragadia-ar
3372 5595 3475 5649 ἀλλ’
3506 5597 3551 5647 οἷ
3589 5597 3678 5663 μέν
3705 5596 3783 5647 ἀεὶ
3822 5602 3898 5665 τῷ

2312 5615 2591 5668 σησαυροις
2631 5618 2738 5654 υπη
2775 5616 3003 5654 ιτουντες
3049 5615 3321 5658 ταςεωται·
3372 5615 3459 5649 “AA
3506 5616 3550 5647 0'.
3589 5616 3678 5663 μέν
3705 5615 3783 5647 αει
3822 5616 3898 5665 τῳ

2312 5668 2543 5754 πρατίῳ
2578 5615 3034 5755 προσ-ἐςρειξοντξςὲ
3063 5667 3306 5755 sua»?
3353 5668 3712 5755 θεομιτατέσξοι.
3755 5685 3900 5733 κομι-

2312 5741 2462 5791 τάτσν
2489 5734 2583 5812 γὰρ
2611 5734 2636 5790 ὃ
2661 5734 2816 5812 τόπρς
2846 5737 2893 5787 ἐν
3000 5734 3211 5812 διάγεέὸ
3243 5734 3509 5804 βασι)έύς·
3542 5738 3585 5788 οἱ
3622 5734 3674 5789 δὲ
3705 5737 3775 5794 εἰς
3805 5738 3898 5794 τὰς

2313 5805 2577 5933 ἐπὲρλχὶαξ
2609 5805 2948 5879 πεμπόμενος
2996 5805 3337 5878 μιτὲνδάριοι*
3369 5809 3507 5861 Mira)
3539 5808 3639 5882 ’γὰρ
3667 5808 3726 5861 τὸ
3751 5813 3900 5860 ’Δπο-

2313 5895 2432 5933 στεΑ
2462 5901 2521 5933 ω.

2311 5881 2521 5935 στέλλω.
