4146 6260
318 351 388 408 85
1614 356 1908 413 EPISTOL.

2011 357 2094 414 tut
2133 358 2263 414 LIB.
2290 359 2354 415 v.
3520 373 3590 428 36
3626 368 3640 375 θ’

318 470 425 525 divi
464 470 680 539 quidem
730 486 870 541 saepe
901 471 1021 529 talia
1055 488 1068 525 :
1105 472 1197 527 sed
1221 472 1493 536 confiteor,
1521 488 1624 526 non
1670 476 1891 543 recepi:
1926 478 2151 540 Afrons
2185 478 2323 545 picta
2368 480 2686 548 proposito:
2713 495 2809 535 nos
2853 483 2920 537 ad
2966 483 3102 540 hanc
3147 486 3400 543 fabricam
3442 494 3585 547 nulla

324 566 444 636 quia
478 565 788 633 frequentes
828 567 1174 620 necrssitates
1202 566 1464 619 desideria
1498 569 1902 634 transcendunt,

324 670 374 714 et
404 660 519 713 sine
560 657 969 712 intermissione
1011 658 1169 711 timor
1201 658 1341 712 cedit
1374 658 1605 718 afi‘ectui.
1649 658 1906 713 Voluntas

328 757 381 810 in
404 756 553 824 culpa
582 764 687 819 est,
716 767 836 818 quae
865 755 1183 808 concinnata
1204 756 1551 809 excusatione
1578 755 1900 809 defenditur.

325 846 487 913 Ecce,
515 847 583 901 mi
611 847 847 911 domine,
880 862 1038 915 quam
1072 862 1259 917 magna
1290 848 1530 915 doleam,
1570 861 1690 902 cum
1721 848 1901 902 officio

320 938 656 992 salutationis
685 939 920 1005 asserui;
968 940 1285 1008 perlatorem
1318 940 1527 1010 utrique
1572 956 1778 1004 earum,
1808 956 1905 1010 pro

324 1032 425 1085 fide
447 1044 546 1086 sua
575 1042 630 1087 et
660 1032 938 1087 nobilitate
968 1034 1369 1091 commendans.
1406 1042 1463 1087 ut
1496 1033 1756 1088 beneflcio
1783 1034 1900 1088 cul-

319 1122 475 1177 minis
520 1123 681 1177 vestri
729 1110 1067 1177 inimicorum
1115 1124 1397 1179 insolentia
1430 1126 1635 1179 tecltnis
1668 1124 1780 1181 suis
1803 1139 1903 1195 op-

319 1228 505 1284 pressa
531 1214 827 1284 subiaceat.
865 1214 1013 1269 Vale.

805 1304 1135 1360 EPISTULA
1174 1304 1418 1361 XXXIV."

783 1410 1039 1451 susooms
1078 1397 1098 1431 ⁸
1141 1410 1438 1451 ιιοιιιιιεωε.

398 1490 677 1557 Postquam
716 1490 894 1542 votiva
938 1488 1069 1541 mihi
1098 1490 1389 1543 necessitas
1426 1498 1602 1543 vestra
1640 1490 1901 1545 beneflcio

320 1581 675 1651 proximitatis
696 1580 948 1634 desiderii
994 1581 1156 1648 coepit
1193 1581 1458 1649 spondere
1485 1582 1755 1647 effectum,
1787 1582 1900 1635 ani-

321 1687 414 1727 mo
446 1673 512 1726 ad
557 1672 792 1741 longiora
843 1672 1161 1736 transiistis;
1206 1682 1259 1725 ct
1300 1688 1418 1726 cum
1462 1673 1728 1742 Liguriam
1762 1688 1897 1742 pene

323 1780 484 1820 manu
517 1765 845 1832 contingitis,
892 1764 1125 1831 linguam
1175 1764 1319 1819 feriis
1360 1768 1679 1834 deputastis.
1729 1766 1899 1817 Minus

2010 570 2423 638 prmcedentium
2470 573 2768 627 studiorum
2819 575 2941 629 lima
2986 582 3286 647 composuit
3330 600 3342 634 :
3392 586 3589 639 nudam

2009 661 2207 715 scimus
2236 662 2300 716 ad
2330 664 2760 732 conjunctionem
2791 665 2981 723 afferre
3005 674 3341 728 concordiam
3378 692 3390 728 :
3426 677 3586 729 urba-

2009 754 2229 805 nitatem
2272 752 2410 806 inter
2438 768 2593 809 caros
2628 767 2685 808 ut
2722 772 2926 812 venena
2961 762 3282 828 respuimus.
3312 766 3483 834 Ergo,
3511 767 3585 820 mi

2006 844 2249 911 domine,
2287 846 2661 903 salutationem
2690 850 2981 919 accipiens,
3006 865 3270 909 amantem
3291 858 3376 911 tui
3407 860 3457 911 in
3485 859 3584 913 bac

2008 935 2181 1002 potius
2207 945 2357 1003 parte
2378 948 2607 1005 sectare,
2635 948 2687 994 et
2708 951 2766 995 ut
2785 942 3049 997 culturam
3074 945 3193 1001 fidei
3221 962 3317 1016 per
3339 932 3588 1017 frequen-

2004 1027 2130 1081 tiam
2154 1031 2418 1083 sermonis
2450 1031 2750 1100 impendas,
2784 1044 2839 1087 et
2866 1051 2934 1089 ex
2960 1048 3171 1093 secreto
3198 1042 3427 1110 pectoris
3454 1042 3587 1096 inlu~

2004 1130 2119 1176 cata
2146 1126 2474 1191 exspectanti
2509 1126 2667 1179 verba
2691 1129 2974 1182 concedas.
3008 1130 3155 1185 Vale.

2500 1218 2827 1274 EPISTULA
2872 1221 3089 1276 XXXV.

2468 1324 2721 1363 [menius
2751 1310 2771 1340 ¹
2808 1326 3121 1366 ΑριιοΝιΛκο.

2074 1395 2132 1450 in
2154 1411 2257 1453 usu
2274 1406 2354 1452 est
2376 1398 2505 1452 viris
2529 1414 2733 1452 morum
2763 1400 3005 1454 claritate
3028 1401 3351 1470 fulgentibus
3374 1403 3588 1472 religio-

2004 1502 2123 1542 nem
2153 1488 2399 1541 amicitize
2429 1504 2524 1556 per
2552 1491 2813 1542 culturam
2838 1492 3040 1544 nutrire
3066 1492 3317 1561 colloquii
3342 1511 3354 1546 :
3378 1504 3432 1547 ut
3459 1496 3585 1547 dum

2002 1578 2186 1647 gratiae
2218 1579 2456 1647 germina
2494 1580 2602 1635 fotu
2646 1580 3096 1638 confabulationis
3141 1586 3476 1652 animantur,
3518 1586 3588 1640 ad

2005 1685 2233 1724 messem
2262 1671 2565 1739 conjunctio
2585 1670 2838 1726 foederata
2860 1676 3151 1741 perveniat.
3179 1674 3281 1728 Per
3305 1678 3416 1729 bace
3440 1679 3586 1730 enim

2003 1760 2183 1814 munia
2214 1760 2382 1813 voluit
2420 1762 2599 1815 senior
2637 1762 2974 1831 providentia
3005 1764 3263 1817 absentia:
3301 1766 3371 1817 nil
3401 1764 3584 1821 licere.

319 1859 470 1914 licuit
499 1859 756 1912 absentia:
784 1858 909 1910 dum
933 1858 1266 1910 sanctitatem
1302 1868 1529 1911 vestram
1560 1858 1759 1924 prolixa
1784 1858 1896 1911 via-
1930 1851 1976 1911 Β
2004 1854 2191 1908 Merito
2223 1854 2288 1908 de
2326 1855 2475 1907 vobis
2523 1856 2995 1910 emendatis~imus
3038 1858 3313 1911 hominum
3357 1858 3587 1913 domnus

317 1963 434 2007 rum
458 1948 738 2025 intervalla
767 1958 1050 2004 tenuerunt
1083 1966 1092 1999 :
1130 1953 1385 2017 pensabat
1407 1952 1597 2004 conl'ab
1621 1952 1763 2003 .latio
1790 1952 1898 2005 dis-

319 2043 515 2113 pendia
540 2042 783 2105 visionis,
815 2051 867 2095 et
896 2043 949 2095 in
974 2042 1223 2095 remediis
1252 2043 1459 2109 provisa
1491 2043 1777 2111 diligentia:
1806 2043 1896 2096 lit-

323 2145 559 2187 terarqu
591 2134 906 2187 commercia
948 2134 1337 2200 prmstabantur
1388 2149 1401 2185 :
1446 2148 1540 2201 per
1565 2150 1683 2201 quae
1720 2134 1894 2187 ofticia

322 2226 469 2279 inter
498 2224 821 2279 habitatione
850 2225 1107 2279 discretos
1136 2225 1209 2278 nil
1253 2225 1455 2293 peribat
1506 2224 1737 2278 amictui.
1768 2225 1896 2292 Sed,

319 2318 505 2383 credo,
536 2318 733 2385 eligitis
773 2318 955 2371 amicis
998 2317 1297 2371 difﬁciliora
1346 2315 1581 2371 tribuere
1614 2334 1626 2368 :
1666 2331 1771 2370 non
1800 2332 1901 2383 pu-

318 2419 496 2463 tantes
524 2408 862 2473 beneficium,
894 2410 936 2461 si
967 2422 1151 2476 pascar
1181 2410 1231 2461 in
1264 2417 1405 2461 tanta
1436 2409 1709 2462 vicinitate
1731 2408 1900 2462 collo-

319 2502 475 2572 quiis.
524 2504 593 2556 At
638 2516 765 2570 ergo
804 2516 985 2555 casum
1019 2517 1195 2555 meum
1227 2517 1379 2556 versa
1407 2503 1763 2557 aestimatione
1785 2517 1901 2556 sus-

318 2596 456 2662 piro,
486 2608 555 2647 ne
582 2593 857 2647 beatitudo
886 2602 970 2646 tua
997 2596 1237 2648 retulerit
1260 2593 1324 2647 ad
1346 2594 1628 2661 judicium,
1650 2594 1787 2662 quod
1810 2607 1902 2646 ex-

320 2684 496 2741 hibuit
526 2685 939 2749 blandimentis;
989 2684 1115 2739 dum
1163 2686 1303 2753 quod
1349 2685 1641 2753 praecessit,
1687 2687 1903 2741 ascribit

327 2785 575 2844 tempori,
605 2791 711 2830 non
748 2776 940 2829 amori.
971 2776 1220 2830 Facessat
1253 2791 1283 2830 a
1332 2787 1518 2832 nostro
1562 2776 1615 2830 itt
1653 2777 1901 2833 amicitiis

399 2915 413 2943 ¹
451 2911 760 2981 Ηονηιίιςάα]
794 2912 1041 2967 ῡίειοοηο.
1076 2912 1190 2966 Lib.
1218 2928 1330 2977 tht,
1360 2915 1515 2981 epist.
1542 2916 1631 2969 55.

396 2983 415 3012 ¹
445 2982 764 3051 Aproniano]
794 2983 851 3035 V.
884 2982 923 3037 l.
957 2983 1129 3036 comiti
1159 2985 1233 3036 rei
1269 2986 1505 3051 privatm.
1548 2983 1901 3038 Cassiodorus

323 3052 413 3107 lib.
446 3044 559 3115 Vill,
586 3044 960 3120 epistfultima
997 3070 1008 3104 :
1054 3044 1348 3121 Aproniano
1376 3055 1484 3107 viro
1516 3056 1709 3108 illustri
1735 3053 1904 3107 comiti
1929 3044 1978 3106 C

2006 1945 2234 1999 Faustus
2262 1946 2514 2015 prmdicat
2543 1948 2811 2016 singulare
2843 1950 3226 2003 testimonium.
3272 1950 3399 2004 Sine
3446 1951 3587 2005 nube

2005 2037 2160 2091 datttr
2189 2042 2429 2106 agnosci,
2461 2038 2591 2091 nihil
2617 2039 2685 2093 de
2710 2055 2775 2093 eo
2802 2039 3173 2105 dubitandum,
3209 2056 3365 2109 quem
3393 2041 3585 2109 proba-

2004 2139 2090 2186 tus
2118 2132 2335 2187 attollit.
2361 2132 2465 2187 Sed
2497 2149 2636 2187 nunc
2657 2133 2721 2187 ad
2747 2135 2984 2199 epistolae
3012 2136 3280 2202 angustias
3307 2150 3392 2188 me
3424 2134 3586 2187 redu-

2007 2239 2165 2289 cens,
2199 2225 2418 2279 secretis
2448 2224 2678 2280 debitam
2721 2226 2930 2280 laudem
2971 2226 3160 2280 claudo
3203 2228 3585 2293 penetralibus,

2006 2332 2075 2373 ne
2099 2319 2239 2387 quod
2270 2318 2405 2387 apud
2433 2328 2682 2373 externos
2711 2319 3011 2374 faciendum
3040 2330 3157 2387 est,
3189 2319 3326 2387 apud
3363 2333 3461 2373 vos
3487 2320 3588 2373 itit-

2009 2410 2331 2478 portnnitate
2346 2418 2639 2465 rancesCat.
2674 2410 2824 2479 Vale,
2851 2411 2921 2464 ini
2944 2410 3177 2476 domine,
3206 2410 3581 2465 salutationem

2010 2501 2545 2571 obsequentissimam
2585 2502 2856 2572 accipiens
2888 2521 2900 2555 ε
2937 2504 3100 2559 Deum
3139 2518 3349 2572 precor,
3382 2512 3436 2556 ut
3467 2518 3589 2572 ιιι-ος

2008 2609 2165 2663 spera
2196 2606 2370 2651 vestra
2409 2596 2461 2651 in
2494 2598 2705 2666 longum
2736 2597 3037 2667 producens
3057 2637 3072 2662 ,
3106 2597 3234 2651 mihi
3260 2611 3471 2666 quoque
3498 2611 3588 2651 se-

2009 2686 2198 2741 cundis
2231 2688 2526 2743 amicorum
2570 2688 2912 2744 successibus
2952 2687 3211 2758 spondeat
3261 2688 3584 2744 auctionem.

2015 2775 2159 2833 Vale.

2046 2911 2343 3035 rilvafarum.
2374 2912 2476 2969 Sed
2507 2913 2763 2984 nondum,
2794 2914 3003 2983 opinor,
3035 2912 3138 2989 hoc
3166 2911 3369 2968 honore
3398 2914 3586 2983 funge-

2048 2998 2073 3034 a
2104 2998 2183 3035 ur.

2048 2998 2183 3037 atur.

1420 3216 1798 3339 LIBER
1886 3211 2495 3336 QUINTUS.

812 3427 1140 3483 EPISTOLA
1178 3426 1407 3484 PRIMA.

678 3536 933 3576 ESNODIUS
974 3521 987 3551 ¹
1031 3535 1235 3575 uocato
1282 3532 1542 3573 PATRICIO.

399 3616 527 3668 Dum
560 3628 658 3683 pro
702 3611 1023 3667 veneranda:
1064 3612 1322 3680 religione
1359 3608 1702 3663 conscientize
1739 3609 1903 3664 verba

324 3708 548 3777 dirigitis
578 3707 632 3761 in
659 3707 1017 3776 Aquileiensis
1041 3704 1603 3768 electinnepontilicis,
1638 3711 1691 3757 et
1712 3701 1904 3756 divinis

322 3801 525 3853 initiata
551 3801 729 3868 lingua
754 3798 980 3851 cultibus
1016 3796 1205 3850 militat
1234 3794 1627 3858 consecrando,
1656 3794 1707 3847 in
1741 3795 1904 3862 ignoti

329 3906 429 3945 nos
449 3890 723 3959 diligentia
762 3902 1066 3943 sermonum
1090 3885 1296 3941 vincula
1325 3895 1612 3939 tenuerunt
1639 3902 1651 3937 :
1676 3884 1795 3951 quia
1824 3884 1905 3936 ni-

324 3984 401 4038 hil
424 3993 643 4051 superat
661 3981 896 4051 iudiciis,
925 3980 1171 4047 quotiens
1198 3977 1397 4048 aliquid
1431 3978 1682 4047 probatus
1701 3978 1905 4032 extule-

320 4080 412 4135 rit.
462 4076 602 4144 Quid
653 4075 795 4129 enim
852 4075 1129 4129 sententiae
1185 4074 1488 4145 sequacium
1543 4073 1904 4139 derelinquat,

320 4167 539 4238 quando
561 4166 783 4234 justitiae
814 4167 1147 4233 obsequitur,
1179 4166 1331 4235 cujus
1360 4167 1411 4219 in
1446 4180 1675 4219 examen
1715 4163 1904 4218 defini-

320 4261 402 4312 tio
433 4273 537 4311 non
559 4255 814 4309 vocatur?
837 4257 1005 4323 Agitis
1035 4259 1172 4310 leono
1199 4256 1543 4311 conscientiae
1565 4256 1703 4324 quod
1730 4266 1903 4310 ve~tro

317 4348 414 4401 vix
446 4354 729 4414 negaretur
756 4346 1003 4415 imperio.
1036 4345 1324 4399 Exhibuit'
1357 4346 1496 4401 inter
1523 4348 1751 4403 arbitros
1769 4346 1905 4401 Mar-

317 4437 505 4493 cellini
536 4436 850 4492 venerabilis
878 4438 1134 4508 collegam
1165 4440 1429 4493 maximus
1470 4438 1767 4506 hominum,
1805 4439 1907 4493 bu-

320 4531 557 4586 militate
595 4531 912 4585 sublimior:
958 4541 1011 4584 et
1054 4546 1121 4585 ne
1162 4532 1410 4599 potestati
1457 4530 1611 4585 favor
1658 4545 1751 4599 per
1776 4531 1913 4586 obli-

323 4635 470 4693 quos
498 4620 859 4674 ascriberetur
898 4620 1241 4689 interpretes,
1285 4617 1427 4687 quod
1474 4618 1540 4673 de
1576 4618 1789 4687 proprio
1818 4618 1912 4674 de—
1934 4657 1992 4719 Β

321 4712 531 4781 cerpsit
580 4711 772 4781 genio,
818 4710 1016 4764 laudati
1063 4710 1238 4778 junxit
1288 4709 1352 4763 ad
1407 4710 1657 4779 pretium.
1714 4708 1909 4779 Egistis

398 4849 416 4878 ¹
456 4844 658 4899 Liberio
684 4843 923 4916 patricio]
945 4845 997 4898 ln
1025 4843 1230 4916 synodo
1252 4843 1573 4916 Arausicana
1604 4857 1640 4895 ll
1664 4843 1911 4916 omnibus

321 4917 439 4971 suis
472 4911 775 4970 nominibus
805 4911 1087 4968 subscribit
1118 4933 1131 4966 :
1164 4914 1365 4967 Ptz'rnus
1398 4913 1714 4965 Manceuus
1747 4911 1907 4967 Fr:le

322 4988 581 5042 LmERlUS
608 4985 666 5039 V.
698 4988 757 5039 (ν).
805 5000 869 5039 ετ
902 5001 1003 5039 1st,.
1036 4990 1348 5038 emerso-rus
1388 4997 1663 5036 ρΜετοιιιο
1692 4998 1913 5036 οιιιιλ-

324 5073 435 5113 non
485 5071 656 5118 ATQUE
695 5071 969 5110 nummus
1017 5070 1364 5109 CONSENTIENS
1407 5068 1717 5107 susscmpst.
1766 5052 1909 5107 i\'ibil

324 5128 517 5181 habuit
560 5138 690 5180 :etas
734 5128 817 5179 illa
865 5126 1062 5179 Liberii
1109 5128 1321 5178 nomine
1360 5124 1643 5177 illu~trins.
1672 5121 1906 5176 Primum

324 5202 471 5252 enim
516 5212 611 5262 pro
656 5196 897 5251 Odoacre
934 5195 1190 5250 adversus
1241 5193 1628 5249 Theodericiim
1682 5193 1909 5246 fideliter

326 5269 475 5322 stetit
513 5286 523 5319 :
555 5278 678 5336 post
708 5268 798 5319 illo
827 5267 1037 5319 devicto
1071 5265 1169 5336 sub
1204 5264 1534 5319 Theoderico
1552 5307 1580 5336 ,Α
1604 5264 1833 5336 quandiu
1868 5264 1911 5317 is

328 5333 596 5403 regnavii,
628 5337 850 5390 suminis
880 5345 1023 5403 titng
1044 5333 1350 5403 militiaeque
1375 5333 1667 5387 honoribus
1698 5333 1913 5399 perfun-

329 5402 467 5473 ctus,
508 5409 675 5463 m-Ilta
721 5408 773 5461 in
817 5402 958 5461 Italia
1004 5415 1055 5459 et
1098 5402 1273 5459 Gallia
1310 5406 1563 5473 praeclara
1597 5420 1716 5457 cum
1760 5402 1914 5457 laude

331 5482 491 5546 gessit
530 5496 542 5531 :
578 5479 814 5549 itemque
842 5480 939 5531 sub
970 5478 1292 5531 Athalarico.
1325 5475 1578 5549 'l‘beodati
1622 5476 1779 5549 etiam
1826 5488 1913 5524 re-

332 5543 411 5615 gis
434 5550 641 5619 legatus
666 5543 742 5601 δι’
762 5549 1115 5603 .lustiuiantnn
1143 5549 1382 5613 imperat.
1409 5547 1644 5619 delectus
1666 5561 1677 5596 :
1703 5562 1727 5593 a
1752 5543 1917 5619 Justi-

337 5612 511 5672 pinno“
534 5623 764 5683 denique
804 5623 917 5683 ipso
960 5612 1277 5671 militaribus
1321 5614 1488 5681 Cupis
1528 5616 1781 5667 adversus
1811 5612 1917 5665 Go-

334 5690 450 5741 thes
472 5694 524 5744 in
556 5692 700 5744 Italia
732 5701 783 5743 et
798 5692 970 5743 Sicilia
1004 5700 1335 5762 piaeiwsits,
1364 5690 1505 5762 (longo,
1533 5686 1916 5762 utinm-opius.

339 5772 579 5827 letatur,
610 5764 760 5823 καλὸς
787 5784 837 5817 τε
864 5766 940 5815 καὶ
971 5763 1153 5833 ἀγαθὸς
1185 5758 1535 5833 (finesﬁnem,
1568 5758 1711 5829 λόγου
1742 5760 1915 5833 τειτοῦ

334 5831 546 5893 ἀληΰοῦς
587 5832 928 5902 ἓπιμελεῇσθαι
969 5829 1373 5898 agema-mosi...
1405 5830 1637 5895 Quorum
1677 5829 1915 5879 omnium

2012 3427 2359 3492 mediocrem,
2403 3439 2469 3479 ne
2508 3422 2747 3492 przccelsi
2787 3430 2931 3476 esset
2974 3429 3222 3490 suspecta
3259 3420 3586 3489 praedicatio.

2010 3516 2434 3573 Clarissimorum
2465 3513 2763 3569 testimonia
2794 3520 2854 3565 ut
2874 3510 3017 3566 vires
3040 3511 3324 3579 accipiant,
3357 3512 3590 3567 culmina

2010 3607 2356 3676 castigantur.
2397 3606 2543 3660 Felix
2588 3601 2943 3659 sacerdotium
2969 3642 2984 3667 ,
3022 3603 3106 3657 cui
3149 3600 3318 3655 facem
3360 3602 3591 3670 praetulit

2010 3700 2164 3768 plena
2195 3712 2345 3754 mens
2380 3696 2616 3751 luminis.
2656 3696 2816 3750 Beata
2852 3696 3211 3761 conversatio,
3242 3710 3363 3764 qua:
3390 3695 3591 3749 ideirco

2011 3790 2066 3845 in
2094 3787 2477 3843 discussionem
2505 3785 2732 3841 deducta
2755 3795 2857 3850 eat,
2883 3796 2935 3839 nt
2959 3794 3106 3840 tanto
3126 3786 3244 3839 viro
3267 3786 3591 3853 astipulante

2012 3888 2290 3950 superaret
2319 3897 2332 3931 :
2366 3893 2485 3947 qua:
2509 3892 2610 3931 non
2634 3876 2907 3932 didlClSael
2932 3890 3177 3943 saporem
3201 3878 3459 3941 victoriae,
3485 3876 3592 3932 nisi

2012 3973 2365 4042 subjacuisset
2400 3969 2639 4024 incertis.
2680 3969 2904 4037 Semper
2946 3969 3321 4025 innocentibus
3362 3970 3588 4039 gloriam

2014 4066 2234 4118 adversa
2266 4069 2587 4131 pepererunt
2614 4078 2629 4117 :
2658 4060 2902 4129 providet
2934 4060 3246 4115 defensores
3268 4061 3588 4115 fortiSsimos

2012 4153 2299 4211 mediocris
2346 4152 2692 4222 impugnatio.
2733 4150 2836 4207 Sed
2882 4150 3005 4220 quid
3047 4152 3290 4219 epistolae
3334 4151 3589 4205 terminos

2010 4247 2329 4318 loquacitate
2357 4242 2600 4313 produxi,
2633 4253 2847 4297 coactas
2875 4240 2989 4309 lege
3023 4244 3241 4310 paginas
3277 4243 3327 4295 in
3359 4241 3588 4295 humana

2010 4340 2419 4395 concinnatione
2445 4331 2842 4400 transgressus?
2874 4332 3044 4396 long»
3078 4343 3131 4383 et
3161 4347 3279 4397 ego,
3313 4331 3585 4399 amplissi-

2014 4430 2109 4493 mi,
2135 4423 2373 4496 partibus
2401 4420 2593 4476 vestris
2625 4432 2719 4488 pro
2750 4417 2965 4471 modulo
2996 4417 3303 4485 exiguitatis
3332 4420 3586 4485 propriae,

2012 4520 2151 4576 ccelo
2180 4516 2329 4570 vobis
2356 4514 2705 4581 obsequente,
2733 4521 3053 4563 consensum
3082 4505 3321 4574 :etquod
3347 4506 3589 4560 mirabile

2015 4614 2155 4667 inter
2181 4608 2424 4662 homines
2448 4602 2691 4667 habetur,
2717 4596 3142 4654 consideratione
3165 4594 3326 4649 vestri
3350 4597 3590 4648 attrabor

2014 4703 2080 4759 ad
2126 4713 2385 4754 amorem.
2422 4694 2682 4764 inSpirata
2720 4690 2851 4745 mihi
2894 4704 2989 4759 per
3035 4688 3261 4743 alterum
3306 4686 3476 4753 placet
3513 4684 3591 4738 af-

2015 4845 2258 4890 auctores
2279 4831 2432 4885 nobis
2456 4826 2803 4882 Cassiodorus
2827 4825 2915 4878 lib.
2939 4839 2973 4877 ιι
3000 4822 3199 4877 Variar.
3228 4823 3283 4875 ll
3309 4820 3471 4885 etlfi;
3496 4820 3588 4875 lib.

2014 4924 2128 4972 vm,
2150 4906 2307 4972 epiSI.
2332 4904 2388 4965 6,
2417 4909 2470 4972 et
2490 4901 2581 4972 lib.
2608 4913 2680 4957 ιιι,
2706 4896 2862 4972 epiLI.
2894 4897 2940 4949 Ι.
2962 4895 3260 4972 Procopius
3284 4892 3421 4946 idem
3449 4892 3541 4972 lib.
3573 4908 3592 4945 ι

2016 4952 2397 5033 εὶῖἱῖιὶιῖἷθὲιιδ
2418 4952 2644 5024 ἀίοιιιίειι
2672 4952 2681 5016 Ξ
2712 4952 2761 5019 ei
2786 4964 3060 5019 Eunodius
3084 4952 3196 5032 ipse
3215 4964 3302 5017 lib.
3330 4978 3404 5025 Ix,
3430 4962 3589 5030 epist.

2014 5048 2088 5104 25
2118 5056 2171 5101 et
2196 5046 2289 5110 99,
2311 5042 2401 5097 ubi
2427 5043 2574 5109 plura
2596 5038 2664 5110 de
2691 5035 2921 5110 Liberio.
2955 5037 3100 5110 lianc
3128 5049 3290 5110 porro
3312 5033 3591 5110 epistulam

2018 5102 2287 5185 tanquam.
2318 5102 2621 5185 Syrtimacbi
2672 5108 2905 5185 nomine”
2933 5106 3184 5185 scriptam
3244 5104 3311 5157 ab
3357 5102 3593 5156 Ettnodio

2019 5177 2157 5243 inter
2186 5177 2489 5257 Symniaislti
2518 5177 3157 5257 epistolas-collocarunt.

2086 5260 2105 5289 ¹
2152 5241 2295 5308 ΙηῘεν
2341 5241 2926 5320 ανὸὶινοείΜανεᾳΗὶιιί]
2977 5247 3272 5320 Ilonoratos
3326 5241 3591 5320 videlicet,

2017 5342 2244 5398 quorum
2269 5321 2545 5398 arbitrium
2578 5319 2628 5371 in
2654 5318 2885 5398 antiquis
2914 5312 3593 5398 episcoporumelectiopi—

2020 5384 2119 5452 bus
2145 5411 2205 5450 ac
2236 5393 2592 5448 testimonium
2622 5384 3153 5457 exqttirelt:itur._Leo
3174 5384 3439 5449 episcopis
3470 5393 3590 5445 proo

2026 5466 2212 5520 vincite
2237 5462 2549 5516 Viennensis
2584 5455 2805 5526 epistola
2837 5458 2904 5512 89
2949 5476 2960 5508 :
3005 5455 3594 5526 Exspectarentuucerls

2021 5546 2133 5591 vota
2160 5536 2365 5596 civium,
2394 5520 2681 5583 testimonia
2712 5530 3017 5599 pepulerunt
3048 5540 3066 5576 :
3096 5520 3405 5591 numeretur
3432 5520 3594 5571 Itono-

2022 5617 2245 5660 riitorum
2280 5604 2575 5663 arbitrium,
2612 5596 2788 5653 electio
2831 5596 3145 5653 clericorum,
3193 5604 3307 5659 quw
3342 5605 3595 5663 ιιι-»δαπαν-

2024 5657 2192 5730 dolum
2228 5675 2387 5726 solent
2430 5657 2829 5725 ordinationibus
2873 5663 2934 5716 ab
2962 5664 3025 5716 iis
3050 5664 3133 5731 qui
3163 5657 3347 5714 uerunt
3382 5657 3594 5717 Patrum

2021 5747 2220 5820 regulas
2252 5744 2513 5799 custodiri.
