4146 6260
598 364 667 420 37
1055 403 1069 409 -
1278 427 1290 438 .
1717 370 1992 427 ENNODII
2033 370 2331 430 EPISCOPI
2368 373 2741 436 TICINENSIS
3783 387 3854 445 88

601 481 797 547 lectio;
837 481 963 538 dum
999 492 1180 539 manet
1225 484 1418 539 caritas
1460 485 1581 540 imis
1638 488 1837 543 inserta
1884 490 2179 545 visceribus
2204 492 2260 553 Α

598 576 971 643 peregrinante
1012 591 1261 646 persona.
1314 576 1574 632 Comitem
1621 594 1680 633 se
1712 588 1891 635 tamen
1937 582 2176 636 caelestis

595 665 764 732 gratia
795 666 1075 721 desideriis
1098 669 1285 739 jungat
1319 686 1331 720 :
1364 678 1417 723 et
1448 669 1572 724 dum
1612 673 1806 739 cupitis
1846 671 2002 726 datur
2038 673 2172 727 effe-

596 766 736 822 ctus,
799 764 891 809 aut
934 756 1171 811 inveniat
1221 762 1417 814 bonum
1462 762 1830 829 pontificatus,
1863 770 1955 816 aut
1994 762 2171 818 faciat.

598 848 641 916 (ι
660 848 865 914 Valete,
891 852 960 904 mi
980 852 1213 920 domine,
1243 864 1575 913 etamantem
1602 857 1769 912 vestri
1798 858 2000 913 crebris
2028 861 2173 915 rele-

596 948 716 993 vate
744 941 1021 1009 colloquiis
1050 960 1064 998 :
1098 954 1155 999 ut
1180 946 1224 999 si
1254 962 1357 999 non
1390 948 1565 1016 exigat
1593 950 1895 1020 negotiosas
1925 950 2173 1020 frequen-

597 1030 664 1083 tia
696 1031 930 1099 paginas,
964 1043 1283 1102 praestentur
1310 1037 1568 1107 affectui.)

1172 1147 1501 1204 EPISTOLA
1540 1149 1603 1204 ll.

1065 1253 1318 1294 ENNODIUS
1356 1242 1375 1270 ²
1415 1257 1701 1297 unouno.

662 1321 797 1376 Dum
825 1323 964 1380 inter
991 1342 1139 1395 spem
1167 1342 1221 1383 et
1251 1338 1450 1384 metum
1481 1333 1692 1386 animus
1721 1347 1871 1387 meus
1900 1333 1967 1389 de
1993 1343 2045 1390 te
2072 1350 2168 1389 an-

592 1413 682 1467 xio
718 1414 1012 1481 jactaretur
1051 1417 1293 1482 incerto,
1337 1420 1507 1473 solida
1556 1421 1822 1488 profectus
1863 1424 1938 1477 tui
1976 1424 2170 1479 iudicia

592 1503 847 1571 colloquii
888 1505 1045 1558 melle
1091 1509 1340 1561 reserasti
1374 1526 1387 1560 :
1429 1510 1549 1577 quia
1586 1510 1929 1564 domesticam
1979 1515 2170 1582 origini

594 1601 699 1646 tua:
722 1593 1020 1649 facundiam
1047 1598 1215 1652 fidelis
1241 1600 1497 1654 doctrina:
1525 1602 1694 1657 haeres
1720 1604 2033 1671 insequeris.
2052 1606 2167 1661 Non

590 1683 898 1754 degenerat,
932 1695 990 1741 ut
1015 1688 1190 1755 video,
1223 1692 1708 1761 venalinguarum;
1738 1706 1787 1750 et
1818 1699 2022 1764 peritiae
2048 1714 2169 1755 suc-

588 1776 761 1830 cessio
794 1777 881 1831 illo
925 1794 1029 1847 quo
1082 1783 1393 1849 patrimonia
1436 1783 1558 1852 jure
1601 1785 1872 1843 discurrit.
1912 1790 2165 1846 Putabam

2845 498 3172 557 EPISTOLA
3212 501 3301 558 ill.

2694 591 2949 633 ENNODIUS
2986 578 3008 610 ⁵
3043 597 3266 637 οριιιομι
3305 598 3357 638 v.
3397 600 3436 640 ι.

2272 646 2279 651 ’
2348 662 2525 718 Debeo
2555 666 2801 734 equidem
2843 671 3109 738 prioribus
3149 689 3409 742 responsa
3444 677 3761 748 colloquiis,
3800 692 3857 738 et

2276 751 2328 805 in
2358 753 2614 821 obsequio
2647 759 2901 825 propositi
2937 762 3017 815 vel
3060 762 3299 831 pudoris,
3332 768 3432 821 nisi
3474 770 3661 839 pagina
3692 774 3857 828 rusti-

2275 852 2430 895 cante
2450 843 2789 913 displiceam,
2821 860 3038 919 accepta
3066 853 3369 920 geminare;
3416 872 3484 911 ne
3519 859 3745 927 potioris
3773 863 3856 918 dit

2273 934 2454 1001 gnatio
2493 936 2558 987 ad
2593 938 2959 1005 paenitentiam
2996 932 3180 998 redeat
3222 945 3291 1001 de
3326 947 3667 1016 abjurat'one
3703 952 3857 1009 fasti-

2274 1024 2369 1079 dii.
2400 1024 2594 1081 Nostro
2622 1029 2764 1083 enim
2792 1032 2922 1086 vitio
2948 1033 3001 1088 in
3025 1036 3259 1091 culmine
3283 1040 3554 1096 conStituti
3577 1047 3855 1114 supercilii

2272 1118 2584 1173 memoriam
2614 1136 2717 1175 non
2745 1124 3024 1193 amittunt,
3055 1128 3103 1181 si
3134 1128 3263 1183 illtid
3296 1132 3435 1187 male
3460 1148 3627 1202 genus
3657 1138 3857 1194 sectari

2273 1219 2329 1264 et
2372 1211 2599 1269 humiles
2639 1218 2997 1285 suspicentur.
3028 1222 3160 1277 Cum
3206 1226 3346 1280 enim
3398 1229 3855 1292 eminentissimos

2273 1301 2481 1355 attollat
2507 1306 2783 1373 castigatio
2812 1324 2929 1379 sua,
2950 1320 3005 1366 et
3029 1313 3288 1370 honorum
3317 1317 3593 1386 plenitudo
3622 1327 3855 1379 smcula-

2271 1391 2408 1444 rium
2448 1392 2551 1448 hoc
2578 1396 2694 1451 solo
2729 1400 2954 1455 artificio
2983 1404 3213 1473 patiatur
3251 1420 3563 1479 augmenta,
3603 1416 3854 1472 conside-

2272 1482 2496 1536 randum
2542 1494 2624 1540 est
2669 1490 2793 1558 qttid
2836 1492 3059 1560 abjectis
3105 1497 3415 1555 detrimenti
3464 1505 3637 1573 pariat
3678 1518 3853 1566 status

2273 1577 2512 1643 angustia
2542 1594 2646 1632 non
2679 1583 2867 1638 metiti.
2895 1585 3037 1656 Ergo
3072 1590 3303 1647 sufﬁciat
3347 1600 3698 1664 magnitudini
3750 1598 3849 1658 ire-

2271 1675 2396 1719 strae
2422 1671 2561 1736 quod
2594 1684 2710 1739 past
2732 1674 2998 1744 duplicem
3023 1681 3365 1750 scriptionem
3389 1690 3563 1743 sentio
3594 1693 3719 1761 quid
3757 1710 3851 1765 per

2271 1758 2540 1814 silentium
2585 1765 2785 1819 erroris
2829 1767 3165 1826 incurrerim.
3210 1775 3318 1829 Sed
3361 1778 3530 1845 timui,
3562 1784 3848 1853 confiteor,

585 1868 826 1923 scientiae
849 1870 1002 1925 dotes
1028 1888 1138 1927 rem
1173 1883 1374 1930 tantum
1419 1875 1753 1946 ingeniorum
1784 1896 1924 1945 esse,
1954 1898 2060 1937 non
2085 1885 2164 1938 fa—
2194 1858 2244 1918 Β
2271 1866 2336 1946 Ife
2366 1852 2430 1905 ad
2461 1854 2649 1908 mium
2699 1873 2783 1912 me
2816 1860 3037 1918 ducem"
3072 1862 3189 1931 fuga
3226 1867 3530 1937 '"lpamm;
3572 1882 3625 1927 εί
3666 1890 3847 1931 sermo

585 1959 767 2027 milim,
826 1977 925 2016 nec
966 1964 1086 2017 duci
1134 1981 1228 2034 per
1274 1977 1553 2024 stemmata
1600 1972 1742 2040 quod
1791 1973 1940 2027 labor
1987 1978 2161 2031 conti-

584 2066 719 2105 nuus
750 2063 801 2106 et
832 2054 1127 2110 indefessus
1176 2058 1338 2112 sudor
1382 2050 1723 2130 adipiscitur.
1750 2064 1875 2128 Sed,
1907 2078 2161 2137 quantum

583 2152 824 2211 apparet,
850 2145 1068 2202 ordines
1099 2162 1226 2203 suos
1243 2158 1420 2210 servat
1448 2152 1768 2221 eloquentia,
1801 2167 1853 2210 et
1878 2160 1987 2212 oris
2014 2175 2162 2228 pom-

582 2250 651 2304 pa
680 2252 796 2306 quze
827 2240 1115 2295 exundavit
1143 2242 1195 2295 in
1224 2244 1488 2299 veteribus
1508 2287 1523 2311 ,
1556 2247 1747 2315 migrat
1770 2248 1835 2302 ad
1868 2260 2110 2319 posteros
2144 2272 2157 2306 :

581 2329 871 2381 concordat
892 2331 1129 2385 scientiae
1157 2347 1347 2387 cursus
1373 2345 1427 2389 et
1455 2336 1732 2392 ﬂuminum
1767 2357 1778 2391 :
1815 2356 1909 2406 per
1935 2356 2161 2399 consue-

582 2427 667 2474 tos
696 2420 874 2477 alveos
902 2432 956 2477 et
985 2425 1193 2479 dicendi
1236 2427 1377 2479 unda
1422 2429 1746 2497 prtelabitur.
1800 2432 1952 2486 Venit
1990 2435 2055 2488 ad
2107 2444 2160 2492 te

581 2525 704 2565 eum
734 2528 896 2569 censu
927 2516 1092 2585 patris
1118 2518 1375 2585 eruditio;
1408 2530 1462 2575 et
1500 2520 1639 2575 bono
1664 2524 1862 2577 sobolis
1886 2526 2157 2582 Asterium

579 2605 821 2671 sepulcra
870 2608 1173 2662 restituunt.
1212 2609 1409 2674 Invidi,
1461 2611 1649 2678 fateor,
1699 2614 1953 2671 hactenus
2002 2620 2156 2675 annis

580 2694 901 2751 senioribus.
940 2698 1003 2751 Et
1032 2706 1241 2753 aetatem
1270 2701 1353 2755 cui
1384 2702 1474 2757 ille
1509 2718 1796 2759 concessus
1825 2705 1998 2761 fuerat
2050 2726 2155 2764 su-

578 2787 793 2863 spiravi.
823 2788 1206 2844 Beneficiorum
1225 2794 1520 2849 coelestium
1546 2798 1817 2867 negligens
1838 2801 2148 2871 aestimator,

577 2878 789 2944 quando
830 2882 971 2947 potui
1021 2882 1304 2950 desperare
1349 2887 1415 2939 de
1458 2898 1588 2956 toga:
1628 2888 1914 2957 fructibus,
1960 2894 2154 2951 radicis

578 2980 827 3021 manente
856 2971 1185 3027 substantia?
1215 2976 1317 3030 Sed
1348 2994 1572 3044 superna
1597 2980 1942 3051 dispensatio,
1978 2997 2035 3040 ut
2066 2986 2155 3041 det

575 3061 787 3125 genium
838 3060 1129 3128 beneficiis,
1183 3068 1523 3136 improtisum
1555 3070 1681 3124 facit
1720 3088 1841 3129 esse
1870 3078 2009 3143 quod
2059 3078 2153 3132 tri-

574 3146 687 3200 buit
718 3167 729 3200 :
761 3161 811 3204 et
837 3153 960 3206 dum
994 3168 1111 3209 vota
1152 3161 1555 3229 transgreditur,
1586 3166 1873 3233 potentiam
1908 3183 2055 3221 suam
2087 3169 2150 3222 li-

575 3238 853 3295 beralitate
891 3246 1206 3299 ιιι-ιηὶΐιιδῑθι.
1249 3251 1358 3302 Non
1398 3263 1477 3305 est
1522 3257 1672 3307 bonis
1711 3258 1965 3322 partubus
2008 3260 2145 3316 inle-

573 3331 741 3381 cunda
777 3330 983 3397 Liguria
1020 3352 1032 3384 :
1067 3339 1231 3389 nutrit
1277 3338 1392 3392 foro
1431 3346 1703 3409 germina,
1755 3362 1874 3413 qua:
1920 3349 2147 3404 libenter

572 3425 921 3492 amplectatur
968 3439 1019 3482 et
1058 3432 1224 3482 curia.
1272 3431 1402 3486 Nota
1452 3436 1787 3499 proximitate
1830 3441 2145 3494 sociantur'

570 3517 869 3572 causidicus
908 3527 963 3574 et
1000 3533 1213 3575 senator
1246 3540 1258 3574 :
1294 3522 1376 3577 his
1397 3525 1486 3593 qui
1519 3526 1652 3579 bene
1680 3535 1799 3596 toga
1823 3530 1901 3583 usi
1926 3532 2141 3597 fuerint,

568 3613 817 3664 reseratis
848 3623 1157 3679 su~ceptura
1180 3614 1381 3670 sinibus
1409 3616 1637 3684 palmata
1667 3616 1956 3673 blanditur.
1990 3620 2140 3691 Vale,

570 3699 910 3765 dulcissime.
941 3712 997 3757 et
1034 3704 1098 3758 ad
1130 3704 1243 3760 haec
1284 3704 1475 3763 decora
1507 3709 1706 3763 multus
1737 3710 1980 3768 incumbe
2013 3732 2027 3768 :
2060 3724 2141 3768 to-

506 3815 519 3823 ·
571 3803 682 3848 tum
706 3806 756 3850 te
782 3796 953 3852 studia
979 3797 1196 3854 honesta
1225 3803 1517 3870 suscipiant
1546 3820 1558 3855 :
1590 3801 1798 3867 festina,
1829 3814 1882 3857 ut
1907 3806 1972 3858 ad
2002 3822 2142 3861 mes-

568 3901 678 3940 Scm
706 3891 924 3957 patriam
952 3892 1156 3959 venias,
1180 3894 1409 3963 linguam
1439 3895 1683 3951 lectionis
1703 3897 1935 3964 sarculo,
1962 3914 2140 3956 mores

564 3978 826 4033 bonorum
860 3982 1154 4037 imitatione
1182 3986 1474 4054 purgando.

634 4113 651 4191 ξ
684 4112 878 4191 Valete}
907 4115 1125 4191 Omissis
1152 4132 1269 4185 qua:
1300 4126 1613 4191 sequuntur1
1652 4118 1861 4173 codices
1890 4118 2133 4191 Symma-

561 4183 735 4235 cliiani
768 4200 849 4247 epi
886 4186 1043 4237 tolam
1078 4187 1143 4236 ita
1173 4183 1500 4241 concludunt
1533 4206 1545 4239 :
1588 4189 1718 4243 Data
1762 4206 1887 4244 xvm
1928 4183 2131 4249 calend.

565 4254 837 4330 Novembr.
879 4256 978 4315 die,
1019 4255 1291 4309 indictione
1328 4274 1439 4324 vin,
1481 4260 1578 4313 hoc
1608 4271 1686 4315 est
1715 4277 1875 4329 anno,
1916 4272 1970 4317 ut
1998 4265 2129 4330 dixi,

560 4337 768 4376 coxerit.
799 4323 871 4375 Ex
896 4340 999 4391 quo
1024 4336 1157 4389 patet
1191 4330 1440 4391 epistolas
1465 4331 1685 4385 Eunodii
1710 4323 1950 4388 ordinem
1976 4323 2125 4392 suum

563 4410 668 4444 nun
691 4394 1204 4467 ietinei-e.Aliioquin
1226 4399 1306 4453 ha:
1323 4418 1439 4467 quae
1457 4404 1520 4453 du
1546 4404 1837 4459 Marcellini
1863 4406 2127 4465 electione

559 4478 743 4529 agunt,
778 4466 1135 4528 Superioribus
1160 4466 1392 4535 prmpnni
1426 4474 1703 4528 deberent.

630 4537 648 4607 ξ
682 4535 965 4607 Marciano]
1001 4537 1289 4603 Advocato,
1324 4542 1521 4594 A~terii
1554 4545 1683 4597 lilio.

629 4606 648 4634 ³
680 4606 977 4659 (Iausiticus
1019 4619 1066 4660 et
1094 4608 1315 4679 uitiator]
1343 4612 1418 4661 Ad
1443 4610 1640 4662 curiam
1670 4621 1722 4666 et
1742 4625 1982 4668 senatum
2005 4618 2123 4671 adi-

559 4685 640 4729 tus
670 4695 760 4740 per
792 4678 1263 4751 lionorespntcbat
1299 4695 1311 4731 :
1346 4680 1409 4729 ad
1453 4683 1681 4733 honores
1717 4694 1890 4745 autem
1930 4688 2125 4751 gradus

555 4762 613 4797 er
654 4759 664 4796 ι
690 4749 981 4801 advocatio.
1010 4747 1161 4802 Unde
1190 4748 1589 4802 Valentinianus
1619 4752 1822 4804 noiella
1850 4753 1914 4806 de
1934 4747 2123 4820 pnuu.

558 4817 732 4875 laudo,
764 4833 879 4883 quze
900 4830 982 4872 est
1011 4818 1078 4871 δά
1110 4819 1245 4872 iltlt'r
1276 4820 1690 4884 Theodosianas,
1719 4817 2120 4881 advocationem

554 4902 668 4950 app.
693 4884 905 4961 “.le1-le
933 4903 1124 4961 statim
1159 4906 1496 4944 ncnrnrun.
1536 4890 1627 4944 Vel
1669 4893 1787 4959 quia
1824 4909 1887 4947 ex
1926 4897 2125 4961 primo-

554 4959 696 5007 l‘llillN
727 4955 995 5029 atlvoculis
1022 4959 1329 5026 pleimnque
1359 4965 1554 5015 fiebant
1580 4955 1892 5029 tinuistoies,
1926 4955 2122 5019 consu-

555 5027 709 5083 lares,
743 5026 991 5102 pr‘rsides
1023 5039 1069 5079 et
1097 5029 1186 5080 alii
1219 5032 1435 5084 litterati
1484 5034 1819 5100 magistratus
1843 5052 1855 5085 :
1882 5026 2027 5102 quod
2060 5040 2109 5090 in

553 5096 811 5147 Dttctit'nlo
855 5108 905 5147 et
957 5098 1222 5171 lloqui-ato
1269 5102 1522 5162 vidimus;
1574 5096 1872 5171 passimque
1903 5096 2115 5161 exstant

549 5167 789 5233 exempla
814 5174 946 5244 apud
974 5167 1335 5244 Marcellinum
1358 5184 1411 5224 et
1430 5167 1803 5227 Cassiodoruni
1831 5191 1843 5227 :
1867 5191 1971 5242 quo
1995 5179 2114 5244 qni-

548 5236 668 5289 dem
692 5251 849 5290 Sensu
876 5237 939 5288 lo:
959 5248 1102 5289 utuui
1135 5238 1234 5290 hoc
1263 5241 1377 5293 IOl'O
1404 5244 1634 5297 arbitror
1666 5245 1816 5296 Enno
1838 5236 1981 5298 lium.
2013 5236 2111 5300 ’νει

547 5309 666 5373 quia
692 5308 790 5376 qui
806 5306 1076 5373 [ilfCiiXlllll
1109 5306 1311 5374 legibus
1346 5327 1626 5367 numerum
1656 5330 1912 5368 annorum
1936 5315 1986 5367 in
2015 5317 2110 5370 ad-

547 5374 823 5431 VUCuliOlie
849 5388 1213 5456 expleverant,
1239 5379 1568 5456 diversarum
1599 5384 1849 5454 deitweps
1879 5388 2105 5456 dignita-

546 5456 656 5521 tum
702 5450 987 5517 privulegis
1028 5448 1374 5504 ornabantur.
1413 5451 1528 5515 Quo
1568 5448 1813 5521 spectans
1859 5448 2112 5513 Sidonius

544 5515 697 5598 libat,
731 5515 1005 5585 epistﬁfi,
1032 5524 1405 5598 adv-oratorum
1433 5515 1714 5590 dignitates
1742 5536 1849 5581 tum
1876 5529 2111 5598 incipere

545 5584 836 5647 dixit,cum
858 5596 1093 5643 actiones
1123 5590 1396 5643 finiuntur.

613 5653 892 5734 ‘_0_pilioui
931 5660 992 5713 V.
1024 5659 1102 5734 _l.]
1150 5660 1441 5734 Sublimem
1480 5671 1533 5717 et
1572 5665 1905 5734 magnificum
1934 5671 2104 5726 virum

544 5724 802 5806 di_xit|_ib._
830 5743 910 5806 tv,
951 5724 1125 5806 cpist2__
1154 5732 1240 5786 18.
1290 5734 1437 5788 Illum
1486 5724 1778 5805 puto,'qui
1826 5724 2106 5806 postremis

543 5795 857 5853 Theoderici
888 5795 1211 5867 temporibus
1236 5795 1567 5861 consulatum
1596 5795 1722 5861 cum
1739 5795 1946 5865 Justino
1966 5813 2077 5878 Aug

2271 1943 2553 2012 deputatus
2582 1950 2649 2001 ad
2678 1952 2920 2021 gratiam,
2954 1955 3078 2011 dum
3107 1959 3247 2013 nulla
3280 1965 3479 2028 peritiae
3510 1966 3637 2021 lima
3667 1985 3848 2027 come-

2267 2051 2454 2105 reiur,
2503 2041 2769 2099 inveniret
2818 2046 3094 2104 oﬂ‘ensam.
3146 2050 3333 2124 Rcfugi
3387 2055 3701 2127 horrorem,
3754 2065 3845 2132 qui

2268 2134 2465 2201 ignaris
2490 2134 2557 2190 de
2583 2140 2803 2206 parendi
2837 2143 3119 2199 occasione
3139 2159 3441 2214 generatur.
3473 2152 3609 2208 Ecce
3638 2160 3846 2214 asserui

2264 2223 2519 2280 habuisse
2541 2243 2625 2283 me
2645 2238 2699 2284 et
2719 2233 2950 2288 animam
2967 2236 3267 2303 depositum
3289 2242 3618 2311 confitentis,
3633 2257 3688 2300 et
3706 2248 3845 2305 bene

2262 2316 2330 2370 de
2351 2320 2555 2375 viribus
2590 2325 2791 2379 conscii
2822 2327 2876 2380 in
2913 2329 3249 2388 restitutione
3279 2336 3675 2392 verecundiam.
3712 2339 3842 2395 Res-

2264 2417 2339 2463 tat
2366 2423 2572 2476 autem,
2597 2419 3019 2476 emendatissimi
3052 2424 3328 2480 hominum
3350 2469 3365 2494 ,
3392 2438 3446 2484 et
3470 2430 3598 2485 illud
3626 2434 3842 2503 placere

2263 2503 2416 2558 vobis
2442 2506 2777 2577 allegationis
2805 2520 2937 2567 mea:
2966 2515 3297 2584 inSpectione
3326 2534 3665 2593 cognoscam,
3694 2528 3839 2595 quod

2262 2592 2517 2651 hactenus
2546 2609 2761 2668 accepta
2803 2617 2908 2657 non
2942 2605 3181 2661 reddidi.
3215 2607 3346 2662 Fida
3373 2612 3515 2666 enim
3559 2592 3724 2669 indes
3760 2628 3841 2672 est

2260 2684 2626 2751 possibilitatis
2669 2703 2863 2745 nostra:
2904 2696 3292 2757 consideratio;
3339 2707 3394 2754 et
3421 2701 3561 2756 sicut
3588 2702 3641 2757 in
3668 2707 3839 2760 omni-

2258 2775 2356 2829 bus
2383 2779 2666 2848 praecipua,
2694 2781 2766 2835 ita
2791 2782 2925 2837 fama
2954 2788 3198 2842 muniens
3225 2789 3366 2843 circa
3392 2791 3583 2861 lingua:
3613 2796 3838 2852 maciem

2255 2869 2540 2932 custodita,
2573 2872 2724 2939 quasi
2750 2876 2947 2928 crescit
2972 2876 3333 2945 eloquentium
3364 2879 3462 2935 dos
3486 2882 3689 2950 pudore
3718 2902 3732 2937 :
3758 2886 3837 2938 fa-

2255 2956 2355 3012 cile
2403 2959 2695 3026 prudentia:
2740 2978 2933 3018 nomen
2980 2966 3318 3037 adipiscitur,
3362 2986 3483 3025 cum
3528 2987 3619 3039 per
3662 2972 3835 3043 ipsum

2253 3051 2579 3106 conticescat
2612 3054 2851 3111 infantii.
2878 3056 3063 3113 Causae
3092 3072 3267 3115 tamen
3307 3078 3463 3131 quam
3495 3065 3831 3136 injunxistis,

2251 3138 2512 3207 jacturam
2547 3144 2736 3201 frontis
2757 3147 3004 3213 exhibeo,
3030 3160 3082 3203 et
3106 3152 3231 3206 dum
3255 3153 3513 3222 imperata
3539 3172 3831 3228 exsequor,

2176 3221 2223 3286 C
2254 3236 2557 3301 Opinionem
2598 3237 2662 3291 ad
2692 3238 2892 3293 incerta
2937 3243 3259 3296 transmitte.
3302 3221 3553 3313 Agnellus
3582 3246 3647 3300 de
3690 3221 3833 3306 casis

2250 3342 2347 3396 per
2372 3331 2543 3384 varias
2575 3347 2651 3400 pri
2675 3334 2989 3388 missionum
3022 3337 3148 3389 mihi
3185 3336 3357 3392 illudit
3386 3337 3616 3409 effigies,
3646 3342 3832 3400 volens

2250 3433 2280 3471 a
2307 3420 2462 3473 nobis
2482 3436 2744 3475 summam
2779 3425 2933 3489 pretii
2961 3426 3250 3497 designari.
3281 3428 3385 3485 Sed
3436 3429 3555 3483 mali
3600 3432 3831 3487 hominis

2248 3507 2491 3562 ardorem
2544 3511 2897 3567 insatiabilem
2941 3530 3061 3571 esse
3107 3518 3389 3587 didicistis,
3433 3522 3523 3590 qui
3570 3522 3670 3575 nisi
3694 3538 3829 3578 con-

2248 3607 2450 3668 temptu
2486 3602 2724 3668 pecuniae
2754 3619 2859 3658 non
2888 3616 3130 3663 sanetur.
3164 3609 3388 3666 Domine
3428 3611 3534 3679 mi,
3564 3613 3737 3667 saluto
3773 3623 3827 3669 et

2245 3704 2377 3759 rogo
2420 3698 2481 3745 ut
2514 3691 2703 3762 religio
2728 3694 2867 3750 circa
2900 3710 2985 3750 me
3016 3697 3097 3767 ,pii
3142 3701 3343 3755 amoris
3378 3712 3621 3759 servetur
3640 3714 3696 3760 et
3725 3704 3825 3763 fte-

2243 3780 2405 3837 ἀθτίδσ
2835 3829 3161 3886 EPISTOLA
3201 3833 3287 3887 iv.

2737 3922 2991 3964 ENNODIUS
3021 3909 3043 3940 ⁸
3080 3926 3338 3968 nausea.

2312 3992 2408 4047 Diu
2444 3996 2697 4065 quaesitus
2732 3998 3012 4055 desideriis
3049 4003 3184 4057 meis
3222 4004 3407 4060 evenit
3438 4004 3661 4063 effectus
3706 4027 3719 4061 :
3766 4021 3828 4066 ut

2238 4130 2404 4199 gessit
2424 4146 2566 4210 anno
2585 4131 2696 4210 ρει
2737 4133 2994 4203 cujusque
3019 4151 3231 4210 nomen
3260 4139 3490 4194 concilio
3528 4140 3824 4210 Carpento-

2238 4203 2445 4275 ratensi'
2467 4203 2739 4275 praefixum
2767 4214 2870 4267 est,
2892 4206 3031 4275 quod
3062 4222 3128 4261 eo
3160 4223 3301 4262 anno
3331 4203 3658 4266 celebratum
3690 4229 3825 4268 con-

2234 4281 2360 4326 stat.
2378 4273 2540 4349 _Qiiod
2552 4274 2707 4349 enim
2739 4273 3016 4349 perperam
3046 4277 3115 4332 ibi
3150 4293 3179 4331 a
3226 4279 3393 4334 sciolo
3423 4282 3653 4349 quodam
3676 4286 3823 4339 anti-

2236 4344 2673 4421 quariu_0pi_lioni
2702 4348 2912 4421 consuli
2942 4347 3181 4414 adjectus
3209 4360 3289 4403 εει
3310 4344 3511 4421 collega
3538 4352 3821 4409 Vincoma-

2232 4414 2335 4480 lus,
2364 4414 2484 4496 quia
2509 4416 2811 4496 Opilionem
2835 4418 3057 4496 alterum
3082 4436 3238 4496 quem
3251 4414 3511 4496 eumdem
3539 4424 3818 4496 credebat,

2230 4497 2349 4536 cum
2389 4485 2694 4541 Vincomalo
2723 4489 2994 4542 consulem
3039 4485 3179 4543 anno
3209 4490 3313 4545 465
3346 4492 3507 4546 fuisse
3545 4485 3815 4550 meminel

2156 4584 2205 4643 υ
2231 4563 2346 4635 rati
2373 4554 2422 4607 id
2456 4557 2647 4643 mirum
2672 4559 2848 4643 .v'ideri
2873 4560 3091 4643 minime
3118 4562 3320 4643 dcliet‘:
3352 4577 3472 4614 cum
3504 4564 3618 4630 pari
3648 4566 3817 4621 auda-

2231 4623 2309 4704 cia
2336 4626 2386 4702 in
2414 4626 2967 4704 epistola-_Horm_isda:_
2991 4644 3137 4704 papa:
3155 4623 3653 4704 _atl__Possessorem,
3688 4651 3814 4704 quae

2231 4692 2432 4768 linstici
2458 4696 2692 4749 consulis
2714 4736 2727 4758 ,
2759 4697 2846 4768 cui
2869 4692 3071 4768 collega
3096 4700 3190 4754 fuit
3220 4700 3511 4757 Vitalianus
3540 4692 3683 4758 anno
3707 4692 3815 4762 .520

2227 4763 2569 4841 Subnotatum
2610 4780 2812 4841 nomen
2837 4763 3088 4823 habet'in
3126 4772 3354 4840 antiquis
3378 4774 3811 4841 exemplaribus;

2226 4846 2347 4885 cum
2392 4834 2606 4889 ltustico
2632 4836 2928 4907 Olybrium,
2961 4841 3050 4908 qui
3077 4856 3195 4895 cum
3242 4834 3459 4897 Rustico
3484 4834 3655 4897 altero
3682 4834 3813 4902 ante

2225 4915 2393 4982 anan
2418 4919 2511 4982 sex
2532 4916 2586 4960 et
2611 4910 2986 4977 quinquaginta
3018 4912 3204 4965 consul
3230 4910 3422 4977 fuerat,
3456 4914 3507 4967 in
3531 4916 3805 4982 plerisque

2224 4972 2545 5053 editiunibus
2575 4972 2901 5053 suppositum
2935 4982 3232 5036 videamus.
3277 4982 3384 5037 Sed
3410 4972 3472 5036 ἰιι
3507 4972 3571 5037 2ἰί
3600 4972 3806 5053 υρίίῖο-

2226 5056 2345 5112 neut
2396 5046 2693 5108 redeamus.
2746 5048 2988 5103 diversus
3033 5062 3061 5102 a
3110 5053 3375 5106 consulari
3424 5056 3611 5109 eadem
3644 5046 3806 5112 {etate

2224 5111 2319 5192 [uit
2342 5114 2513 5192 Opilio
2558 5117 2724 5192 Boe_tii
2753 5117 2983 5192 delator,
3014 5136 3171 5189 quem
3208 5124 3512 5192 perstringit
3542 5124 3633 5179 lib.
3664 5141 3702 5192 ι,
3733 5111 3803 5183 de

2220 5180 2617 5265 Consolatione.
2659 5188 2723 5265 ls_
2743 5180 3009 5265 nimirum,
3032 5180 3568 5265 'queiii'Atlialaricus
3590 5180 3799 5265 postea,

2220 5262 2276 5304 ut
2306 5264 2387 5306 est
2414 5256 2549 5329 apud
2578 5256 2817 5329 Cassiod.
2852 5257 2941 5313 lib.
2976 5256 3084 5325 vni,
3116 5264 3271 5329 epist.
3305 5262 3388 5327 16,
3422 5256 3673 5320 comitem
3704 5256 3798 5321 sa;

2218 5336 2428 5404 orarum
2460 5326 2797 5392 largitionum
2823 5329 2943 5407 fecit
2971 5326 3163 5407 indici.
3180 5347 3252 5399 vr,
3278 5326 3381 5407 boc
3400 5345 3483 5390 est
3500 5350 3643 5390 anno
3664 5336 3794 5407 528,

2220 5393 2448 5465 triennio
2478 5409 2751 5465 poetquatn
2782 5414 2811 5452 a
2844 5398 3172 5455 Theoderico
3202 5393 3390 5457 eadem
3422 5407 3670 5462 coniitiva
3697 5393 3794 5462 or:

2214 5462 2572 5547 natus'fuetzat
2614 5462 2910 5547 Cyprianus
2939 5470 3064 5547 ejus
3096 5472 3276 5547 frater,
3321 5473 3528 5547 delator
3552 5486 3606 5533 et
3646 5477 3794 5547 ipse,

2214 5541 2271 5586 ut
2296 5534 2481 5609 scribit
2506 5534 2751 5603 Boetius,
2776 5538 2951 5593 Albini
2980 5534 3307 5597 consularis.
3338 5544 3474 5609 Quin
3507 5556 3566 5602 et
3593 5534 3783 5602 horum

2210 5617 2419 5672 quoque
2450 5604 2692 5682 fratrum
2719 5618 2867 5674 pater
2883 5611 3066 5682 _Upilio
3113 5613 3282 5679 alius,
3315 5604 3405 5682 qui
3440 5631 3623 5673 comes
3654 5618 3783 5673 item

2215 5688 2489 5727 sacrarum
2524 5677 2857 5744 largitionum
2875 5679 3043 5735 fuerat
3068 5684 3168 5737 sub
3195 5677 3436 5741 Odoacre
3462 5686 3786 5745 lib.Variar.

2207 5745 2374 5798 x.6l.

2247 5784 2261 5813 ’
2280 5784 2559 5886 ἶὶίειὶδεατ]
2584 5817 2731 5872 Matri
2754 5818 2914 5887 Aviti,
2938 5820 3162 5880 Ennodii
3186 5825 3521 5898 pr0pinquaz,
3544 5828 3702 5898 epist.
3726 5829 3781 5884 5.
