4146 6260
242 292 301 350 89
1496 282 1972 348 EPISTULARUM
2011 291 2135 347 LIB.
2179 293 2243 346 ν.
3412 297 3479 351 90

242 410 389 465 detur
408 404 597 477 genius
619 402 913 468 beneficiis,
936 401 1248 457 transmissa
1271 402 1324 457 in
1354 402 1570 470 longum
1611 418 1806 474 exspe—

241 499 462 555 ctatione
482 491 952 551 tribuuntur.Vivit
973 492 1025 546 in
1046 507 1362 564 quacunque
1379 478 1811 565 teFrarum'parte

239 592 544 666 proximitas
577 607 588 641 :
622 587 1043 657 sequestratione
1083 602 1371 655 corporum
1412 588 1684 657 sanguinis
1724 605 1813 644 ca-

242 697 353 741 tena
384 699 487 736 non
531 680 798 747 rumpitur
836 697 850 733 :
895 694 992 748 per
1025 680 1252 734 discreto
1306 682 1580 750 regionum
1619 683 1812 737 caritas

242 779 426 833 damna
458 789 561 827 non
588 772 781 835 sentit;
822 771 1035 840 quando
1073 772 1213 826 inter
1241 787 1338 827 eos
1365 773 1451 842 qui
1488 772 1813 829 habitatione

243 874 563 937 separantur,
599 863 899 932 praesentia:
925 862 1042 917 vice
1074 872 1282 918 tenetur
1302 864 1533 919 alfectio.
1572 864 1680 919 Deo
1699 879 1814 918 om-

244 956 492 1026 nipotenti
523 957 720 1025 gratias
746 954 942 1019 refero,
972 954 1092 1025 quia
1120 970 1216 1009 vos
1247 969 1510 1010 memores
1536 954 1661 1009 fecit
1693 970 1814 1010 esse

243 1051 477 1123 pietatis,
509 1058 565 1104 et
596 1049 855 1118 prosapiae
893 1052 994 1102 sub
1046 1048 1289 1116 religiosa
1329 1050 1608 1104 occasioiie
1647 1052 1810 1104 remi-

246 1142 384 1196 nisci.
418 1138 579 1196 Teste
608 1139 740 1205 Deo,
769 1147 1047 1209 postquam
1072 1139 1200 1193 mihi
1223 1139 1417 1194 domna
1447 1140 1675 1211 Cynegia
1699 1155 1811 1195 rne-

244 1232 391 1286 ritum
424 1241 616 1285 vestrae
652 1229 1080 1284 conversationis
1125 1232 1399 1299 exposuit,
1432 1232 1687 1285 visionem
1726 1246 1815 1285 ve-

246 1332 399 1376 stram
432 1321 649 1389 speciali
682 1320 874 1374 ardore
919 1322 1203 1389 requisivi,
1232 1324 1278 1376 si
1308 1324 1443 1376 votis
1479 1323 1686 1391 copiam
1716 1321 1813 1376 de-

244 1414 402 1467 disset
431 1420 606 1480 optata
639 1411 872 1465 occasio.
904 1412 1124 1465 Domina
1144 1453 1159 1477 ,
1193 1411 1530 1465 salutationis
1566 1426 1816 1466 reveren-

249 1504 365 1556 tiam
412 1503 628 1565 dicens,
684 1502 736 1555 in
786 1501 1066 1570 designato
1119 1502 1311 1557 litteris
1360 1502 1552 1558 vestris
1602 1503 1815 1570 negotio

248 1598 594 1653 ministerium
623 1597 919 1652 dev0tionis
950 1598 1190 1665 spondeo
1216 1615 1228 1649 :
1278 1598 1399 1666 quia
1446 1606 1645 1651 tantum
1671 1612 1813 1665 pra:-

248 1698 416 1741 statur
454 1691 674 1753 animae,
723 1698 978 1756 quanturu
1028 1690 1225 1743 sanctis
1273 1689 1554 1743 exhibetur
1602 1688 1811 1743 studiis.

1911 407 2100 476 replet,
2130 405 2329 475 pudore
2357 404 2621 459 meliorat.
2652 401 2881 471 Superni
2909 417 3036 475 ergo
3069 404 3259 459 secreti
3297 404 3483 475 digna-

1915 498 2057 552 tione
2103 496 2542 551 confabulationis
2589 504 2781 549 veitra:
2826 494 3001 564 fruges
3046 496 3223 549 elicui.
3264 486 3369 550 Vos
3417 497 3483 553 de

1911 586 2152 655 corporis
2198 588 2304 641 mei
2351 585 2865 640 sanitate‘sollicitos
2914 586 3001 639 ille
3045 587 3307 655 reddidit,
3363 589 3481 657 quia

1912 678 2103 731 animae
2138 692 2269 731 mea:
2299 691 2479 731 curam
2510 691 2602 745 per
2630 675 2899 745 Spiritales
2926 676 3162 731 medicos
3188 677 3251 730 ad
3287 688 3484 734 statum

1912 770 2135 824 indultae
2158 768 2478 823 valetudinis
2517 767 2692 822 redire
2728 769 3021 837 compellit.
3053 769 3182 836 Quae
3207 771 3276 824 sit
3314 771 3367 824 in
3399 787 3486 827 me

1911 860 2209 914 substantia
2257 860 2649 923 membrorum,
2701 860 2963 927 religiosa:
3006 860 3377 916 sollicitudinis
3406 862 3486 916 in-

1911 952 2264 1020 vestigatione
2303 950 2608 1020 perquiritis
2643 967 2655 1001 :
2686 966 2913 1018 quorum
2949 959 3117 1005 status
3145 951 3336 1006 anima:
3366 968 3487 1023 par-

1915 1053 2019 1099 tem
2060 1044 2359 1114 negligens,
2403 1052 2514 1099 t0to
2559 1043 2741 1098 mundi
2776 1046 2926 1098 istius
2953 1053 3203 1115 gravatur
3244 1048 3485 1115 imperio.

1916 1142 2069 1211 Agite
2091 1156 2176 1195 me
2198 1140 2358 1196 ralem
2392 1139 2633 1193 oratione
2658 1140 2769 1194 fieri
2788 1182 2800 1203 ,
2832 1140 3041 1210 qualum
3069 1142 3307 1196 asseritis
3336 1142 3487 1197 blan-

1915 1232 2166 1287 dimentis
2200 1233 2357 1301 :quia
2386 1233 2487 1287 fuci
2522 1236 2697 1287 nescia
2731 1234 2986 1302 propositi
3012 1235 3174 1289 veSIri
3200 1235 3486 1302 claritudo,

1915 1339 2070 1393 quem
2107 1326 2301 1377 bonum
2335 1338 2454 1379 esse
2488 1325 2738 1392 prredicat
2769 1334 2894 1379 ante
2916 1334 3121 1395 tempus
3145 1328 3484 1394 innocentiae,

1914 1417 2197 1470 annuntiat
2231 1432 2350 1469 mox
2381 1417 2633 1470 futurum.
2662 1416 2939 1471 Fratribus
2971 1416 3104 1471 meis
3130 1426 3185 1472 et
3217 1420 3487 1473 Conservis

1918 1524 2053 1580 quos
2080 1509 2376 1576 direxistis,
2407 1518 2661 1575 quantum
2691 1506 2945 1564 exhibere
2971 1510 3141 1565 solatii
3170 1511 3332 1580 potui,
3364 1522 3489 1567 voto

1914 1600 2092 1671 potius
2121 1615 2277 1668 quam
2304 1616 2360 1654 re
2384 1600 2624 1665 idoneus,
2658 1616 2761 1655 non
2793 1602 3002 1670 negati.
3031 1602 3290 1670 Superest
3320 1611 3377 1657 nt
3402 1619 3489 1658 ac-

1917 1693 2180 1761 cipientes
2218 1693 2473 1759 obsequia
2516 1708 2632 1746 mea
2663 1708 2782 1746 cum
2825 1696 3073 1746 universo
3114 1694 3197 1746 cui
3248 1695 3490 1763 praeestis

252 1779 385 1833 Vere
409 1780 527 1833 dico
577 1795 660 1834 me
688 1795 959 1847 nunquam
991 1781 1245 1835 dilexisse
1262 1797 1416 1850 quem
1447 1780 1809 1845 detestamini;
1846 1802 1893 1862 Β
1918 1784 2165 1848 concilio,
2203 1798 2295 1851 per
2321 1784 2412 1837 Dei
2442 1786 2821 1850 omnipotentis
2862 1784 3276 1839 misericordiam
3307 1784 3491 1853 conju-

248 1884 301 1928 et
325 1874 541 1928 veritum
574 1890 640 1926 ne
670 1873 737 1926 ad
766 1873 867 1926 diri
900 1872 1130 1927 hominis
1161 1872 1452 1941 profectum
1484 1882 1659 1927 vester
1685 1886 1816 1939 quo-

246 1980 345 2034 que
374 1966 718 2019 inclinaretur
752 1979 1026 2018 assensus.
1068 1964 1219 2018 Adsit
1253 1965 1393 2018 Deus
1413 2004 1429 2031 ,
1460 1978 1526 2018 ne
1553 1963 1617 2017 ad
1647 1962 1819 2016 eccle—

245 2057 507 2110 siasticam
537 2056 846 2126 dignitatem
878 2056 1058 2109 veniat
1100 2057 1242 2111 nulla
1279 2060 1431 2111 bona:
1473 2055 1819 2111 institutionis

248 2149 439 2203 incude
462 2147 735 2201 formatus.

808 2215 1135 2271 EPISTULA
1176 2216 1238 2270 V.

795 2302 1051 2341 ENNODIUS
1092 2302 1265 2340 AVITO.

316 2367 517 2422 Vellem
552 2366 771 2434 produci
799 2383 1035 2430 causam,
1063 2368 1107 2421 si
1136 2367 1464 2436 propositum
1498 2381 1601 2421 non
1632 2381 1822 2437 grava-

239 2475 373 2523 rem,
408 2475 500 2527 per
528 2475 686 2527 quam
716 2458 1008 2526 frequentia
1040 2459 1269 2511 amantis
1296 2458 1492 2525 scripta
1528 2460 1816 2524 promerui.

238 2552 373 2606 Dum
398 2553 537 2606 enim
565 2551 869 2619 negotiosas
896 2550 1113 2619 paginas
1139 2550 1441 2614 destinatis,
1465 2550 1821 2605 ministerium

238 2644 492 2713 praebetis
517 2642 751 2697 affecrui.
776 2641 880 2696 Sed
918 2642 1054 2711 apud
1101 2642 1389 2710 prudentes
1428 2649 1483 2697 et
1520 2643 1820 2696 animorum

239 2734 489 2789 conscios
527 2735 799 2789 sufficiunt
849 2748 1003 2800 parca
1034 2733 1320 2803 colloquia.
1352 2733 1596 2789 Urbanus
1625 2736 1675 2787 in
1702 2750 1822 2803 pro-

238 2828 592 2880 missiOnibus
619 2843 734 2881 esse
760 2844 865 2883 non
895 2830 1046 2898 sapio
1079 2847 1092 2882 :
1125 2846 1225 2885 nec
1265 2829 1342 2883 eis
1370 2829 1563 2897 quibus
1588 2831 1819 2884 animam

236 2915 436 2978 debeo,
469 2917 641 2972 fucata
671 2918 838 2974 fronte
868 2920 1113 2973 blandiri.
1147 2919 1253 2973 Vos
1285 2932 1486 2974 tantum
1519 2920 1709 2989 ereptis
1736 2921 1819 2974 itt-

234 3006 434 3070 sistit»,
460 3018 515 3061 et
557 3009 819 3064 mandatis
864 3012 1169 3066 caelestibus
1212 3012 1593 3081 obsequentes,
1624 3013 1819 3066 malum

237 3096 514 3152 hominem
562 3115 719 3169 quem
768 3101 962 3166 dicitis,
1005 3116 1035 3155 a
1080 3101 1357 3156 desideriis
1394 3102 1686 3157 deducatis.
1738 3102 1821 3156 Me

1920 1875 2040 1937 rati,
2074 1874 2182 1928 Deo
2212 1890 2305 1943 pro
2329 1877 2587 1942 parvitate
2616 1890 2729 1929 mea
2765 1876 3009 1941 precibus
3033 1874 3309 1940 insistatis,
3335 1883 3389 1928 ut
3405 1876 3492 1930 cui

1918 1966 2070 2020 deest
2102 1981 2194 2033 per
2222 1966 2457 2019 actiones
2486 1980 2611 2019 suas
2643 1965 2864 2031 fiducia,
2888 1966 3147 2021 bonorum
3180 1980 3274 2034 per
3302 1965 3492 2020 suffra-

1917 2060 2001 2129 gia
2027 2067 2196 2112 vestra
2227 2059 2516 2126 contingat.

2466 2148 2791 2204 EPISTOLA
2832 2148 2941 2202 VII.

2422 2234 2692 2273 EUPBEPIE
2734 2232 3005 2273 ENNODIIIS.

1994 2300 2248 2368 Quamvis
2286 2314 2429 2368 saepe
2471 2299 2669 2369 ingenii
2718 2300 2822 2353 mei
2866 2298 3088 2352 maciem
3130 2296 3491 2367 cognovisses,

1922 2391 2221 2461 periclitari
2250 2400 2423 2444 tamen
2455 2390 2653 2459 jejunia
2694 2390 2803 2443 oris
2833 2389 2962 2442 olim
3000 2389 3205 2458 probati
3241 2388 3494 2457 iussionis

1922 2483 2195 2538 celeritate
2223 2482 2462 2535 voluisti.
2499 2482 2603 2536 Sed
2635 2496 2733 2549 ego
2770 2495 2874 2536 non
2910 2481 3084 2535 abnuo
3114 2480 3332 2535 obedire
3370 2479 3494 2534 dili-

1922 2573 2088 2642 genti,
2130 2580 2188 2626 ut
2220 2572 2264 2626 si
2314 2572 2574 2626 facundia:
2604 2572 2755 2626 deest
2798 2571 3044 2625 meritum
3066 2611 3081 2636 ,
3109 2571 3277 2641 gratia
3318 2572 3496 2625 veniat

1924 2664 2460 2732 obsequendiﬂarim
2485 2674 2608 2719 sunt
2635 2665 2894 2719 donorum
2926 2664 3255 2731 caelestium,
3288 2664 3411 2719 licet
3431 2663 3497 2717 ab

1923 2772 2033 2812 uno
2058 2766 2275 2812 auctore
2303 2756 2739 2827 progrediantur,
2766 2758 2993 2825 species.
3022 2756 3195 2810 Alium
3228 2771 3497 2810 commen-

1923 2851 2014 2904 dat
2059 2848 2335 2918 perfectio,
2370 2850 2598 2903 alternm
2638 2848 2870 2901 insinuat
2914 2847 3053 2915 quod
3094 2848 3211 2901 sine
3250 2845 3498 2901 tarditate

1923 2942 2100 3009 aliqua
2128 2941 2241 2992 vnlt
2268 2954 2475 3007 parere.
2504 2940 2719 2992 Domnae
2745 2952 2877 2991 mea:
2899 2935 3149 3005 Cynegite
3170 2934 3497 3003 epitaphium

1924 3032 2009 3085 vix
2034 3047 2135 3083 una
2168 3031 2296 3083 hora
2327 3028 2530 3081 habens
2560 3026 2817 3080 tractandi
2849 3025 3077 3091 spatium
3108 3022 3380 3075 inelimata
3407 3036 3498 3078 ve-

1924 3123 2137 3179 locitate
2167 3121 2466 3189 composui.
2501 3118 2629 3172 Vide
2658 3117 3063 3180 necessitatem,
3102 3123 3161 3169 ut
3197 3113 3337 3168 illam
3384 3123 3499 3167 tan-

233 3193 491 3246 conveuit
523 3193 641 3261 plus
673 3194 830 3248 rebus
868 3194 1174 3259 ostendere,
1205 3211 1362 3263 quam
1395 3211 1643 3249 sermone
1668 3196 1822 3262 polli-

1925 3168 2137 3179 ηραν--
2172 3168 2466 3189 --ν-τη---
2518 3168 2626 3172 .-μ
3050 3168 3063 3180 ,
3112 3168 3117 3169 ,

1927 3225 2099 3268 torum
2132 3212 2445 3266 meritorum
2485 3210 2734 3265 feminam
2774 3208 3055 3264 verborum
3083 3207 3306 3262 saltibus
3335 3208 3500 3275 expli-

238 3282 348 3335 ceri
384 3300 397 3332 :
429 3284 553 3350 quia
581 3284 721 3351 quod
753 3284 1078 3347 tribuo,'hoc
1112 3284 1241 3338 mihi
1272 3286 1477 3339 restitui
1512 3285 1819 3339 inconstan-

236 3381 322 3426 ter
364 3386 639 3439 exspecto.
665 3374 891 3429 Domine
920 3376 1021 3438 mi,
1055 3377 1425 3431 salutationem
1458 3378 1819 3446 plenissimam

234 3462 434 3518 dicens
464 3482 620 3534 rogo,
651 3474 711 3521 ut
744 3467 957 3522 domnae
986 3469 1213 3524 Helisea‘.
1239 3470 1509 3524 communi
1543 3471 1696 3523 matri
1730 3485 1824 3534 pro

230 3570 326 3609 me
351 3558 558 3624 gratias
585 3572 740 3627 agas;
771 3574 890 3628 quae
915 3560 1126 3630 dignata
1150 3569 1233 3616 est
1259 3560 1450 3616 litteris
1477 3561 1587 3617 suis
1616 3561 1824 3616 vincula

229 3649 605 3717 proximitatis
630 3652 934 3708 ostendere.

814 3742 1143 3801 EPISTOLA
1182 3746 1272 3800 VI.

626 3825 643 3856 ¹
686 3839 915 3880 ιεοιιτιο
953 3842 1138 3880 annm
1179 3841 1453 3882 sanemus.

288 3915 478 3985 Supra
518 3916 776 3971 meritum
821 3933 995 3972 meum
1030 3933 1239 3972 summa
1280 3918 1420 3972 circa
1467 3930 1553 3972 me
1590 3916 1833 3971 beneficii

219 4009 468 4063 celestis
498 4008 774 4078 adolevit,
808 4009 931 4063 dum
969 4010 1059 4078 qui
1088 4025 1243 4079 paena
1278 4010 1470 4079 dignus
1501 4025 1641 4075 sum,
1662 4009 1833 4078 justo.

213 4114 331 4154 rum
360 4103 612 4170 praemia
636 4110 954 4155 consecutus
971 4102 1202 4155 exsulto.
1229 4100 1446 4155 Frustra
1463 4100 1836 4170 delinquentes

216 4193 454 4259 periculi
495 4202 680 4247 mater
718 4193 1019 4262 desperatio
1050 4194 1115 4247 ad
1159 4200 1395 4247 extrema
1428 4192 1742 4262 praecipitat.
1781 4192 1838 4246 In

211 4302 409 4342 errore
452 4286 710 4342 maximo
745 4287 1045 4355 constituti,
1076 4300 1196 4339 meo
1224 4286 1290 4339 ad
1319 4285 1541 4339 solidam
1577 4300 1724 4354 spem
1757 4299 1842 4338 re-

214 4389 499 4443 parentur
534 4377 806 4444 exemplo.
837 4376 1028 4431 Nescio
1054 4376 1121 4430 de
1144 4390 1249 4445 quo
1275 4391 1437 4444 Opere
1466 4376 1617 4439 mihi,
1642 4374 1709 4428 de
1737 4389 1840 4443 qua

210 4470 554 4526 innocentia
583 4468 930 4537 epistularum
962 4479 1261 4523 vestrarum
1285 4467 1490 4522 fructus
1518 4467 1835 4533 accesserit;

211 4571 259 4616 et
290 4564 564 4616 animam
602 4561 802 4625 peccati
829 4561 1068 4614 ubertate
1096 4561 1416 4629 locupletem
1444 4560 1678 4615 coeleStis
1709 4559 1835 4613 boni
1865 4537 1914 4597 θ

209 4654 375 4709 melle
403 4650 652 4708 satiarit
684 4668 697 4704 :
738 4652 835 4705 nisi
874 4653 993 4717 quia
1026 4652 1114 4706 ille
1140 4653 1229 4720 qui
1262 4652 1480 4706 vulnera
1510 4664 1691 4706 nostra
1716 4666 1838 4706 sus-

211 4747 350 4813 cepit
383 4756 447 4801 et
487 4758 605 4813 pro
636 4743 789 4795 nobis
817 4742 1016 4809 doluit,
1062 4752 1259 4796 mutata
1306 4743 1617 4797 meritorum
1662 4741 1840 4795 condi-

215 4837 353 4892 tinne
377 4879 392 4895 .
439 4850 607 4905 quos
636 4833 857 4901 flagellis
888 4823 1074 4899 dignos
1104 4834 1317 4895 viderit,
1349 4833 1575 4901 castigat
1605 4833 1840 4885 muneri-

219 4925 307 4983 bus
339 4949 351 4981 ε
390 4936 456 4983 et
489 4939 666 4980 versa
688 4926 806 4977 vice
844 4925 1120 4978 noxiorum
1161 4926 1392 4986 animas,
1432 4924 1558 4978 dum
1589 4922 1838 4978 secundis

276 5069 291 5097 ¹
328 5062 593 5118 Leontio
616 5058 808 5129 abbati]
835 5060 996 5126 Cujus
1024 5060 1235 5114 hortatu
1266 5060 1426 5113 vitam
1453 5057 1594 5113 beati
1625 5057 1838 5112 Antonii

217 5137 467 5197 scripsit,
507 5146 690 5199 quam
718 5131 890 5184 eidem
922 5132 1261 5198 nuncupavit.

269 5197 593 5277 'Cynegiit
614 5200 952 5277 epitaphium]
986 5202 1160 5277 Fausti
1181 5201 1382 5277 uvorif.
1408 5199 1514 5253 Hoc
1530 5197 1672 5277 enim
1684 5198 1844 5277 docet

214 5274 256 5326 al
281 5270 447 5331 erum
467 5270 979 5342 ejusepilaphium,
994 5273 1133 5337 quod
1154 5272 1533 5342 subjicitnrep.
1548 5270 1616 5324 9.9
1642 5270 1733 5323 lib.
1748 5284 1839 5322 vit.

280 5348 300 5377 ³
337 5349 512 5401 Mens
544 5344 647 5397 aui
674 5341 837 5409 clara]
865 5343 935 5396 Ita
966 5344 1082 5396 libri
1108 5342 1329 5405 antiqui.
1364 5341 1684 5395 BasilienSes
1707 5356 1846 5393 mens

214 5429 295 5471 tua
320 5423 511 5478 clara.
553 5416 769 5481 inepte.
808 5413 911 5468 Sed
941 5414 1184 5466 mowbat
1216 5414 1335 5465 illos
1371 5412 1573 5464 vocula:
1610 5410 1690 5462 cui
1716 5409 1845 5462 diae-
1886 5428 1904 5445 ν’

215 5492 348 5541 resis
398 5501 459 5542 et
518 5485 811 5537 dimensio
857 5500 869 5535 :
913 5500 1031 5550 quae
1077 5492 1251 5535 tamen
1295 5491 1531 5534 veterum
1568 5488 1843 5545 poetarum

213 5561 492 5628 exemplis
536 5555 808 5628 nititur;
856 5564 911 5609 et.
950 5552 1151 5628 Paulini
1182 5552 1368 5628 Nolani
1395 5555 1460 5628 in
1503 5550 1846 5628 epithalamio

206 5620 418 5683 Juliani
462 5646 480 5681 :
529 5625 618 5679 Ut
664 5628 706 5677 si
738 5626 785 5677 ei
828 5634 995 5677 vertex
1029 5626 1122 5682 vir.
1160 5628 1239 5675 cui
1283 5622 1513 5676 Christus
1553 5636 1701 5687 apex.
1739 5620 1847 5674 Nec

209 5699 504 5767 ignoravit
540 5695 946 5767 Goteschalcus
968 5693 1272 5767 monachus
1308 5693 1625 5767 Orbaeensis
1654 5732 1666 5753 ,
1695 5691 1847 5767 cujus

204 5759 337 5827 sunt
382 5764 687 5826 versiculi
727 5780 862 5832 quos
902 5763 1179 5833 subjiciam
1212 5762 1263 5817 in
1296 5764 1554 5831 prommio
1597 5759 1848 5817 carminis

1922 3321 2121 3362 carem.
2174 3305 2359 3359 Parcat
2406 3303 2674 3357 sterilitati
2731 3317 2862 3354 mem
2918 3299 3238 3355 venerabilis
3286 3300 3492 3364 anima,

1923 3398 2220 3467 suscipiens
2248 3410 2345 3465 pro
2369 3396 2639 3451 schemate
2668 3392 2915 3447 dictionis
2939 3391 3172 3445 studium
3210 3391 3326 3443 sine
3363 3390 3502 3444 nube

1926 3490 2162 3545 dictoris.
2194 3488 2295 3552 Tu,
2327 3486 2569 3553 domina,
2593 3484 2870 3555 epistolam
2901 3483 3196 3553 praes-mire
3226 3497 3357 3536 mete
3387 3481 3502 3535 vice

1926 3583 2317 3651 complectens,
2359 3593 2449 3632 ora
2487 3588 2542 3632 ut
2572 3578 2787 3647 Spiritus
2834 3576 2974 3629 illius
3020 3574 3276 3631 scabridis
3307 3588 3502 3643 nequa-

1929 3688 2083 3743 quam
2116 3671 2339 3725 ltedatur
2364 3669 2576 3724 officiis.

2370 3761 2401 3790 "
2442 3772 2758 3812 EPITAPHIUM
2797 3772 3055 3811 omnem.

1992 3832 2071 3881 Nil
2103 3842 2271 3886 sexus,
2296 3841 2389 3877 nec
2412 3830 2551 3875 bus'a
2579 3837 2775 3887 nocent,
2800 3827 2867 3875 nil
2896 3827 2968 3873 illa
2993 3837 3212 3873 sororum

2062 3892 2262 3951 Ultima,
2293 3890 2444 3937 fallaci
2466 3889 2640 3949 pollice
2668 3902 2775 3948 quae
2790 3894 3020 3951 tenuant.

1998 3954 2149 4003 Mtxta
2176 3948 2284 4003 Deo
2306 3948 2483 3999 mulier
2509 3953 2621 3999 vivit
2646 3956 2751 4009 post
2783 3950 2951 3997 funera
2984 3948 3142 4010 factis,

2061 4015 2267 4064 Mascula
2294 4012 2508 4061 femineo
2541 4014 2732 4060 tramite
2770 4019 2907 4073 gesta
2932 4010 3115 4059 ferens.

1999 4078 2225 4135 Sanguis,
2251 4077 2421 4129 honor,
2447 4076 2640 4134 genius,
2671 4070 2899 4133 probitas,
2926 4072 3208 4128 constantia,
3235 4070 3413 4129 vultus,

2065 4140 2298 4187 l'iceruut
2322 4144 2467 4183 tantis
2489 4138 2692 4183 exitium
2718 4138 2903 4195 pretiis.

2006 4203 2219 4251 Moribus
2237 4198 2445 4245 asseruit
2479 4209 2761 4287 magnorum
2786 4204 2990 4243 stemma
3016 4200 3289 4264 parentum,

2068 4262 2298 4287 ῐηιιὶι.ἱιηη
2329 4260 2527 4287 nonaria
2608 4269 2745 4287 manu
2769 4258 2843 4287 nni
2872 4255 2999 4287 plur-vn
3025 4254 3107 4287 fml

2068 4262 2299 4309 Indicium
2326 4260 2530 4316 generis
2554 4254 2581 4287 ³⁷
2608 4269 2746 4303 meus
2769 4258 2845 4303 cui
2872 4255 2999 4302 clara
3025 4254 3130 4301 fuit.

2004 4322 2217 4373 Instituit
2242 4328 2379 4365 natos
2400 4319 2541 4365 vitam
2560 4328 2755 4364 servare
2779 4326 3025 4373 serenam,

2068 4384 2193 4434 Dum
2218 4382 2362 4430 docet
2389 4377 2629 4438 exemplis
2648 4375 2847 4437 semper
2868 4372 3032 4423 amare
3058 4372 3235 4422 Deum.

2476 4459 2812 4517 EPISTOLA
2852 4458 2983 4512 VIII.

2398 4548 2723 4589 sumemus
2764 4530 2783 4561 ’⁵
2823 4543 3059 4584 rsrno.

2014 4632 2296 4700 Postquam
2337 4627 2663 4683 venerabilis
2698 4624 2953 4695 judicium
2984 4618 3257 4691 principis,
3301 4617 3511 4688 pericli~

1942 4723 2065 4779 tatis
2095 4721 2335 4776 moribus
2366 4718 2749 4789 magnitudinis
2775 4725 2899 4781 tua),
2927 4713 3143 4769 donavit
3179 4720 3229 4766 te
3256 4710 3516 4769 honorum

1940 4814 2179 4886 germine
2222 4825 2319 4879 pro
2356 4820 2532 4864 messe
2574 4809 2861 4868 virtutum,
2907 4821 3003 4874 per
3034 4805 3226 4875 lingua!
3256 4804 3415 4859 ferias
3446 4803 3519 4860 fo-

1941 4919 2072 4960 vens
2102 4902 2400 4972 irreligiosa
2432 4900 2661 4965 silentia,
2709 4906 2761 4952 et
2806 4898 2858 4950 in
2900 4896 3205 4967 eloquentia
3254 4906 3340 4951 tua
3377 4908 3429 4951 et
3469 4899 3519 4951 in

1943 5042 2010 5096 ad
2036 5041 2382 5096 llatramnum
2411 5057 2426 5094 :

2309 5119 2439 5179 Age,
2466 5128 2646 5179 quaeso,
2671 5126 2823 5179 perge
2849 5112 2972 5175 Clio,

2313 5176 2529 5241 Propera
2548 5176 2683 5224 celer
2709 5177 2891 5237 virago,

2316 5242 2515 5301 lippeda
2536 5249 2681 5298 sagax
2706 5249 2937 5301 propago,

2320 5300 2404 5351 Cui
2425 5301 2573 5349 frater
2594 5309 2671 5349 est
2692 5300 2883 5359 Apollo.

2320 5363 2415 5411 Fer
2439 5364 2592 5409 amico
2615 5374 2762 5410 ovans
2784 5360 3058 5411 Ratramno.

2318 5423 2547 5481 Domino,
2574 5425 2715 5484 patri,
2744 5428 2991 5486 tnagi~tr0,

2315 5486 2505 5533 Calamo
2528 5491 2735 5546 metrum
2756 5485 2993 5546 impolito.

2320 5546 2456 5603 Quod
2491 5548 2535 5593 ei
2562 5545 2721 5595 libens
2745 5545 2958 5595 remitto.

2026 5618 2047 5649 ⁵
2077 5613 2255 5686 Petro]
2287 5616 2368 5671 Illi
2400 5616 2624 5673 fortasse
2654 5618 2743 5685 qui
2785 5628 2965 5684 postea
3004 5613 3283 5686 consulatu
3315 5612 3528 5671 ordina-

1956 5690 2035 5744 rio
2062 5684 2272 5742 functus
2311 5696 2393 5758 est
2429 5702 2570 5742 anno
2612 5688 2735 5751 Siti,
2764 5687 3019 5758 cui_nunc_
3031 5684 3197 5758 aliam
3224 5688 3527 5758 quampiam

1956 5760 2268 5828 dignitatem
2291 5757 2486 5828 adepto
2510 5759 2806 5826 gratulatur
2833 5754 3126 5811 Ennodius.
