4186 6252
313 372 378 426 95

1589 366 2066 432 EPISTOLARUM
2104 377 2233 434 LIB.
2260 379 2322 436 ν.

3501 392 3568 448 94

311 483 770 550 cocgitexpetere.
795 478 988 534 Sancta
1010 487 1132 533 sunt
1163 479 1336 536 studia
1364 481 1660 536 litterarum
1694 484 1743 537 in
1769 484 1888 550 qui-
1914 489 1964 548 Α
1992 490 2224 559 thenius,
2257 493 2460 550 sororis
2482 510 2614 551 meae
2642 496 2804 564 lilius,
2838 511 2934 565 per
2960 496 3192 552 liberalis
3213 498 3374 555 studii
3401 501 3566 556 disci-

309 573 407 627 bus
437 581 562 627 ante
593 572 917 626 incrementa
950 573 1152 639 peritiae
1197 573 1324 627 vitia
1372 575 1738 629 dediscuntur.
1774 576 1886 631 Hoc

307 665 655 720 itinere‘cana
681 662 745 716 ad
771 678 939 718 annos
971 664 1199 730 pu‘eriles
1219 665 1393 719 solent
1417 667 1600 720 venire
1623 668 1880 722 consilia:

307 759 434 814 dum
473 757 614 828 quod
650 766 782 812 tetas
825 756 1021 825 refugit
1071 768 1264 813 norunt
1309 761 1556 815 instituta
1604 773 1881 832 praestare.

308 847 504 905 Fovete
531 863 660 916 ergo
686 865 700 901 :
730 850 746 878 ι
778 849 1022 904 veniendi
1052 863 1242 904 causas
1274 852 1534 920 patefacta
1564 836 1917 925 consensui--

307 941 472 994 nitate
501 938 785 995 didicistis.
837 938 1054 994 Habetis
1092 940 1356 1009 obsidem,
1413 944 1465 998 in
1497 960 1601 1013 quo
1652 946 1884 1002 dilucide

306 1035 619 1089 meritorum
671 1031 807 1099 apud
855 1047 951 1086 vos
1001 1049 1240 1088 meorum
1283 1036 1509 1104 qualitas
1559 1038 1878 1096 innotescat.

306 1123 554 1189 Domine,
604 1133 661 1176 ut
701 1137 882 1194 supra,
931 1124 1263 1180 salutationis
1315 1129 1668 1183 reverentiam
1721 1131 1881 1186 obse-

304 1218 548 1288 quiorum
565 1215 851 1270 devotione
872 1216 1174 1281 restituens,
1203 1233 1393 1285 precor
1410 1227 1468 1272 ut
1492 1219 1723 1287 perlator
1743 1236 1884 1290 prze-

305 1309 532 1362 sentium
579 1305 814 1361 famulus
844 1317 1015 1361 vester
1057 1307 1198 1362 felici
1239 1317 1384 1364 sorte
1429 1310 1698 1378 peregrini
1741 1313 1881 1381 apud

304 1416 398 1455 vos
438 1416 636 1454 nomen
685 1400 918 1469 excipiat
958 1401 1128 1467 :quia
1181 1402 1321 1470 quod
1367 1402 1677 1457 attributum
1721 1403 1882 1458 fuerit

308 1495 552 1564 precibus
580 1494 732 1558 meis,
761 1501 994 1548 vestrum
1042 1508 1203 1562 supra
1233 1494 1382 1552 dotes
1414 1509 1538 1551 suas
1581 1504 1739 1551 ornat
1763 1496 1883 1551 offi-

308 1587 465 1640 cium.

859 1677 1187 1732 EPISTULA
1227 1677 1317 1732 XI.

803 1785 1057 1824 ENNODIUS
1096 1785 1376 1826 LUMINOSO.

1994 585 2163 653 plinas
2190 585 2449 656 ingenuus
2481 590 2593 643 vult
2622 588 2787 643 videri
2813 605 2830 643 :
2862 598 3034 656 optat,
3069 590 3119 643 ni
3162 590 3336 657 fallor,
3372 594 3565 661 peculii

1992 678 2154 732 vestri
2203 677 2402 732 habere
2432 679 2818 734 testimonium.
2862 680 3163 749 Magnitudo
3203 682 3361 750 igitur
3389 693 3564 739 vestra

1989 769 2380 836 praeteritorum
2423 777 2603 835 tenax,
2649 785 2856 825 memor
2902 773 3278 840 praesentium,
3334 775 3564 841 prud-ns

1987 860 2174 925 futuri,
2207 860 2525 929 perlatorem
2569 875 2664 930 pro
2708 876 2827 916 mea
2875 863 3339 919 commendatione
3388 866 3562 920 susci-

1986 951 2099 1020 piat
2127 967 2142 1003 :
2177 960 2233 1004 et
2258 952 2345 1020 qui
2376 952 2482 1005 erit
2508 966 2605 1020 per
2631 951 2890 1009 visionem
2922 965 3154 1007 vestram
3191 949 3460 1010 scribente
3489 958 3562 1011 fe-

1987 1046 2157 1111 licior,
2191 1045 2630 1114 peregrinationis
2673 1060 2778 1099 non
2825 1047 3055 1114 patiatur
3083 1047 3305 1102 adversa
3337 1049 3557 1104 sentire.

1987 1136 2214 1191 Domine
2258 1137 2350 1204 mi,
2396 1137 2633 1191 debitum
2672 1140 2946 1192 servitium
2989 1137 3220 1193 reddens
3265 1154 3452 1207 precor
3503 1149 3560 1194 ut

1986 1232 2070 1286 vel
2103 1246 2195 1300 per
2218 1231 2355 1285 hanc
2375 1232 2710 1285 occasionem
2739 1246 2842 1300 qua
2865 1233 3011 1288 illinc
3040 1234 3358 1288 Parthenius
3379 1246 3558 1288 susce-

1989 1330 2107 1390 ptas
2129 1325 2326 1390 poterit
2353 1323 2575 1390 paginas
2599 1322 2893 1389 destinare,
2925 1324 3213 1380 desiderati
3240 1324 3558 1395 multiplice-

1988 1422 2072 1467 tur
2099 1413 2265 1467 forma
2293 1413 2564 1482 colloquii.

2513 1501 2847 1558 EPISTOLA
2885 1502 3026 1559 XIII.

2475 1608 2729 1648 ENNODIUS
2767 1608 3067 1649 HOBMISDE.

2053 1687 2263 1742 Scimus
2291 1685 2525 1752 religiosi
2556 1695 2886 1740 sacramenta
2915 1686 3168 1754 propositi
3229 1687 3296 1742 ab
3327 1686 3555 1743 obnoxia

1989 1780 2223 1850 peccatis
2255 1777 2614 1843 multitudine,
2641 1777 2942 1832 innocentia
2983 1789 3036 1832 ct
3066 1779 3169 1834 lide
3198 1782 3456 1848 separari,
3501 1791 3555 1837 et

384 1861 569 1918 Videor
598 1861 736 1931 apud
761 1877 894 1931 quos
924 1862 1168 1951 plurimis
1198 1862 1518 1917 asserendtls
1563 1872 1667 1930 est,
1716 1880 1874 1934 quem
1905 1853 1956 1914 Β
1984 1872 2167 1928 titulos
2185 1870 2500 1925 venerabilis
2519 1868 2679 1923 ofﬁcii
2709 1884 2886 1924 mores
2913 1870 3088 1938 potius
3107 1871 3360 1939 insignire
3397 1887 3554 1941 quam

304 1956 525 2012 instituti
553 1957 785 2012 liberalis
813 1971 942 2011 cura
974 1957 1224 2011 sollicitat
1250 1974 1260 2008 :
1289 1971 1381 2010 vos
1412 1967 1659 2024 patronos
1683 1960 1878 2014 meruit

302 2064 458 2104 cau~a
485 2049 804 2103 communis.
854 2048 970 2103 Non
1013 2049 1179 2118 ignari
1230 2049 1538 2118 peregrinos
1580 2051 1872 2122 suscipitis,

305 2152 403 2192 nec
431 2138 744 2193 erudiendos
769 2139 1034 2192 animatis.
1075 2136 1319 2206 Expertis
1351 2155 1537 2199 [nanus
1573 2142 1869 2195 necessita-

309 2228 452 2284 tibus
484 2228 782 2296 frequenter
809 2227 1110 2292 adhibetur,
1163 2230 1287 2282 dum
1317 2228 1382 2282 ad
1415 2229 1730 2298 eloquentia:
1760 2231 1874 2297 pal-

301 2338 441 2377 mam
470 2321 666 2376 feriato
693 2336 784 2374 ore
814 2336 900 2375 eos
928 2324 1015 2390 qui
1046 2321 1271 2386 titubant
1306 2321 1566 2376 invitatis.
1602 2323 1873 2391 Exemplis

297 2413 541 2485 hortatur
562 2429 627 2468 ex
655 2413 931 2482 peregrino
954 2422 1164 2482 potens,
1182 2431 1247 2469 ex
1273 2414 1558 2483 insipiente
1585 2416 1872 2484 perfectus.

296 2496 531 2577 Utraque
562 2506 866 2570 Parthenio,
903 2521 1169 2574 germanze
1200 2522 1330 2560 inea:
1360 2507 1491 2570 ﬁlio,
1523 2522 1645 2576 pars
1677 2522 1876 2562 conve-

295 2599 407 2653 nit:
450 2602 534 2652 cui
581 2597 645 2652 ad
680 2598 1010 2652 venerabiles
1040 2596 1345 2667 disciplinas
1380 2600 1599 2652 Romam
1648 2603 1871 2666 petenti,

296 2708 391 2764 pro
418 2691 632 2746 ferratis
661 2689 962 2745 calcaribus
990 2689 1185 2744 sufficit
1215 2705 1305 2743 vos
1336 2690 1536 2746 videre.
1592 2690 1646 2745 Si
1674 2691 1740 2744 ab
1772 2692 1870 2746 ltu-

301 2781 549 2838 manitate
590 2797 694 2835 non
742 2777 1030 2848 discrepat,
1084 2779 1462 2850 sublimitatem
1496 2790 1636 2834 tuam
1678 2797 1872 2850 gerens

300 2883 428 2929 ante
455 2874 654 2938 oculos,
682 2874 843 2929 rebus
872 2874 936 2926 ad
968 2875 1214 2927 virtutem
1249 2874 1426 2942 potius
1456 2890 1611 2942 quam
1653 2875 1871 2930 monitis

295 2969 579 3024 excitatur.
612 2967 852 3037 Magistra
883 2966 1078 3022 laboris
1105 2975 1187 3020 est
1217 2967 1384 3021 laudis
1409 2968 1650 3034 ambitio,
1682 2965 1873 3038 pra-rci-

293 3074 394 3131 pue
418 3059 631 3130 quando
658 3059 709 3114 in
740 3059 828 3112 illo
870 3058 1146 3121 exuberat,
1190 3075 1349 3128 quem
1396 3059 1588 3114 similis
1636 3070 1871 3115 retineas

295 3152 457 3208 fuisse
486 3150 734 3207 fortunae.
767 3149 873 3206 Sed
906 3150 950 3204 si
980 3149 1128 3204 vobis
1156 3149 1304 3204 cordi
1328 3165 1465 3215 sum,
1497 3154 1639 3205 circa
1667 3167 1870 3206 memo-

297 3255 462 3303 ratum
516 3253 720 3315 patrem
768 3223 994 3310 reddite,
1047 3252 1103 3298 ut
1144 3258 1296 3299 amor
1334 3253 1548 3297 mutuus
1577 3243 1643 3299 de
1671 3245 1869 3300 vicaria
1895 3221 1942 3286 c

296 3337 626 3407 impensione
675 3337 1013 3408 gratuletur:
1059 3345 1115 3390 ut
1141 3335 1395 3406 quidquid
1427 3336 1478 3389 in
1511 3336 1870 3406 magnitudine

303 3437 392 3484 tua
419 3429 606 3483 dudum
635 3429 839 3483 laboris
859 3427 1099 3489 exhibui.
1133 3426 1264 3481 mihi
1311 3443 1402 3495 per
1432 3427 1658 3482 alterum
1704 3429 1872 3484 refor-

303 3535 494 3578 metur.
519 3520 758 3586 Damine,
806 3531 862 3575 ut
891 3536 1073 3589 supra,
1120 3519 1457 3574 salutationis
1488 3519 1740 3588 obsequia
1771 3520 1868 3576 de-

301 3615 554 3685 pendens,
596 3615 728 3669 satis
770 3627 892 3668 esse
921 3611 985 3667 ad
1014 3612 1530 3666 commendationem
1563 3611 1785 3678 credidi,
1827 3614 1872 3668 si

296 3707 381 3778 qui
429 3717 572 3762 esset
623 3705 849 3776 portitor
898 3721 1002 3760 non
1050 3706 1260 3759 lateret.
1314 3705 1538 3758 Precqu
1571 3704 1874 3774 prolixitate

293 3797 456 3851 utitur
479 3799 544 3851 de
573 3795 949 3865 impetratione
971 3793 1259 3849 diffidens:
1292 3803 1664 3863 argumentum
1694 3805 1774 3850 est
1801 3796 1873 3850 nil

295 3889 570 3950 merentis,
631 3887 721 3941 diu
763 3902 968 3956 rogare.
1013 3885 1264 3940 Facessat
1307 3902 1334 3937 a
1363 3884 1598 3939 moribus
1642 3887 1768 3953 tuis,
1821 3895 1878 3941 ut

292 3979 485 4050 perdas
505 3979 884 4035 beneficiorum
912 3982 1149 4049 genium,
1171 3979 1295 4032 dum
1317 3979 1469 4047 longa
1489 3979 1876 4049 supplicatione

291 4071 605 4142 producitur
637 4069 703 4126 de
731 4069 922 4125 effectu
945 4070 1106 4124 celeri
1141 4070 1519 4124 sublevandus.

848 4162 1178 4218 EPISTULA
1219 4163 1331 4219 XII.

706 4272 961 4312 ENNODIUS
1001 4272 1205 4311 I‘AUSTO
1243 4273 1461 4312 JUNIORI.

366 4347 478 4401 Deo
502 4347 694 4416 gratias
719 4347 994 4417 prmfatus,
1046 4351 1133 4416 qui
1167 4347 1443 4402 oculorum
1479 4363 1716 4402 meorum
1744 4363 1874 4417 quas

283 4437 684 4506 Inexplieahilis
714 4439 866 4492 dnlnr
912 4450 1194 4507 pepererat
1239 4441 1407 4494 nubes
1452 4439 1877 4508 abstersitzjure

289 4530 359 4585 ad
375 4517 552 4598 ipsum
568 4532 818 4586 benelicia
834 4546 928 4585 sua
958 4532 1218 4595 referens,
1237 4532 1324 4602 qui
1344 4533 1518 4587 lumen
1538 4532 1678 4586 dedit
1692 4532 1874 4587 etrcd-

289 4622 450 4678 didit.
489 4622 582 4675 Vix
611 4626 751 4676 enim
783 4633 902 4692 pust
928 4625 1235 4678 innumeros
1255 4591 1378 4679 .dies
1407 4625 1649 4679 sanitatis
1682 4623 1873 4678 fiducia

289 4714 566 4768 animante
592 4715 814 4783 respiro.
837 4715 901 4768 Et
935 4715 1032 4769 hoc
1064 4715 1127 4768 ad
1160 4715 1475 4769 sententiam
1507 4715 1756 4769 culminis
1782 4730 1876 4766 ve-

285 4809 389 4864 Itri
418 4807 762 4878 prolixiorem
785 4807 1022 4877 respicit,
1047 4818 1102 4863 ut
1124 4824 1278 4878 quem
1302 4809 1489 4876 genius
1511 4823 1639 4861 suus
1661 4807 1727 4862 de
1751 4807 1878 4862 vici-

289 4902 461 4955 nitate
486 4899 745 4965 deseruit,
797 4899 867 4953 nil
900 4899 1101 4954 videret
1144 4917 1156 4954 :
1191 4900 1285 4956 sed
1322 4908 1508 4967 potens
1559 4909 1643 4953 est
1673 4899 1762 4955 ille
1788 4900 1876 4967 qui

291 4994 536 5058 corporis
569 4990 706 5044 tollit
736 4990 978 5056 nebulas,
1019 5006 1196 5045 rerum
1227 4989 1516 5045 serenitate
1547 5000 1754 5044 mutare
1784 4992 1880 5044 tri-

291 5083 515 5139 stitiam.
548 5083 679 5139 Post
717 5085 1073 5139 elocutionem
1105 5084 1463 5148 necessita'is,
1507 5083 1570 5137 ad
1603 5083 1871 5146 negotium

295 5175 454 5230 redeo
483 5176 619 5244 quod
643 5183 884 5230 coactum
911 5175 1213 5243 impetravit
1243 5174 1552 5244 alloquium.
1589 5174 1869 5240 Amabitis,

297 5276 350 5318 ιιι
377 5281 556 5334 spero,
588 5266 822 5336 bajulum
854 5282 1011 5337 quem
1041 5266 1230 5321 asserit
1256 5280 1413 5320 causa
1446 5264 1718 5320 veniendi.
1747 5265 1871 5320 Par-

370 5401 383 5471 I
412 5401 468 5471 In
502 5401 631 5454 edit.
659 5401 889 5464 ScIioltI,
921 5405 1068 5471 cujus
1090 5403 1345 5460 veniendi.
1377 5410 1480 5457 etc.

369 5470 386 5498 ²
416 5470 615 5544 bonum)
643 5473 828 5542 papae]
859 5470 1182 5544 Symmacho
1224 5491 1235 5526 :
1281 5483 1332 5544 et
1377 5475 1480 5544 huc
1531 5471 1695 5541 igitur
1742 5470 1880 5544 inter

304 5537 520 5614 En_no_dii
561 5537 688 5611 erga
715 5537 1118 5614 Symmachum
1163 5543 1417 5597 beneflcia
1466 5537 1873 5614 numerandum.

371 5608 390 5684 ξ
418 5608 674 5684 Sanctitas
704 5608 898 5684 vestra]
931 5615 991 5669 Ut
1027 5613 1300 5666 Bealitudo
1337 5625 1441 5676 tua,
1476 5626 1635 5684 supra
1666 5611 1872 5684 lib.iv,

302 5680 455 5745 epist.
476 5683 545 5737 54
575 5680 1095 5740 IIormisdae'eidem.
1129 5685 1264 5737 ltara
1294 5680 1630 5744 compellatio
1662 5683 1714 5735 in
1744 5682 1876 5734 allo-

302 5751 509 5829 cutione
541 5755 787 5829 diaconi,
837 5757 988 5829 cujus
1035 5755 1241 5829 ordinis
1285 5768 1396 5829 erat
1429 5753 1730 5808 liotmisda.
1783 5752 1874 5804 Est

302 5825 440 5875 enim
472 5825 844 5894 episcoporum
876 5827 1054 5894 potius
1103 5827 1184 5882 vel
1243 5825 1679 5895 presbyterorum
1707 5843 1878 5892 προσ-

1979 1978 2224 2030 corpora.
2249 1963 2380 2028 Quis
2397 1961 2596 2015 bonum
2619 1962 2960 2015 conscientias
2984 1961 3122 2016 inter
3146 1963 3390 2024 homines
3415 1980 3556 2032 quae-

1979 2066 2082 2119 rat,
2116 2056 2159 2109 si
2189 2053 2369 2108 mundi
2396 2052 2695 2108 adhibenda
2743 2063 2828 2108 est
2854 2055 2996 2107 circa
3027 2052 3334 2123 pontificum
3363 2063 3557 2109 statuta

1979 2149 2306 2212 necessitas,
2357 2146 2402 2200 si
2450 2146 2788 2200 sacerdotum
2839 2146 3124 2214 promissio
3171 2145 3556 2214 circumspecta

1977 2242 2225 2296 cautione
2275 2239 2612 2294 servabitur?
2678 2237 2959 2308 Nunquam
3010 2237 3194 2292 habuit
3251 2237 3303 2292 in
3365 2237 3555 2294 affectu

1979 2333 2358 2397 constantiam,
2401 2332 2484 2385 cui
2531 2331 2707 2385 facere
2752 2329 2891 2384 aliud
2929 2327 2995 2382 de
3035 2329 3416 2398 pollicitatione
3452 2345 3556 2386 non

1979 2426 2148 2482 licuit.
2207 2425 2398 2480 Szcculi
2453 2423 2791 2480 conversatio
2839 2424 3014 2493 legum
3068 2432 3209 2478 metu
3259 2423 3553 2478 retinetur:

1978 2517 2071 2573 Dei
2107 2517 2331 2570 famulos
2359 2515 2499 2585 quod
2538 2516 2730 2570 bonum
2765 2523 2846 2569 est
2874 2514 3128 2570 exhibere
3168 2515 3416 2569 convenit
3449 2530 3552 2568 neu

1980 2607 2270 2670 formidini,
2315 2605 2407 2660 sed
2439 2605 2626 2660 amori.
2659 2605 2864 2658 Dudum
2912 2604 3036 2658 dum
3079 2605 3231 2659 nobis
3271 2614 3443 2659 metus
3469 2606 3554 2659 in-

1978 2707 2165 2766 staret,
2211 2707 2264 2752 et
2303 2698 2371 2752 de
2414 2696 2692 2751 clementia
2735 2697 2805 2767 pii
2853 2697 2995 2767 regis
3038 2697 3199 2751 dubio
3239 2698 3546 2752 meritorum

1978 2792 2333 2845 aestimatione
2363 2788 2716 2858 perderemus
2757 2791 2980 2853 incerto,
3022 2790 3255 2843 camelos
3288 2782 3374 2841 tot
3422 2787 3554 2843 dan-

1977 2885 2076 2941 dns
2099 2888 2118 2916 ¹
2147 2886 2344 2939 denum
2387 2898 2534 2952 papa:
2571 2883 2668 2937 tali-
2683 2883 2998 2939 reverentiae
3023 2889 3216 2936 vestrae
3248 2879 3554 2935 conditione

1978 2977 2314 3041 tradidimus,
2362 2983 2422 3028 ut
2465 2975 2508 3028 si
2555 2974 2705 3028 nobis
2753 2973 3005 3026 animalia
3054 2971 3169 3039 ipsa
3218 2987 3322 3024 non
3371 2979 3550 3025 essent

1976 3071 2303 3127 necessaria,
2327 3068 2526 3135 justum
2559 3081 2654 3132 pro
2697 3065 2824 3132 ipsis
2871 3067 3097 3132 pretium
3135 3064 3450 3116 mitteretur.
3483 3062 3552 3117 Et

1975 3163 2101 3230 quia
2142 3160 2288 3215 novit
2334 3155 2852 3226 eptime'sanctitas
2890 3163 3084 3220 vestra,
3141 3166 3258 3218 nos,
3302 3151 3428 3207 dum
3453 3169 3550 3222 po-

1982 3254 2198 3315 tuimus,
2231 3266 2326 3320 per
2353 3249 2728 3320 allegationem
2761 3257 2903 3302 tuam
2933 3247 3184 3300 utilitates
3213 3255 3412 3300 sancta:
3444 3246 3553 3301 Ro-

1976 3360 2148 3401 mana:
2182 3343 2434 3400 Ecclesia:
2475 3340 2815 3406 sublevasse,
2855 3353 2997 3394 nunc
3047 3353 3144 3408 pro
3187 3337 3551 3394 vicissitudine

1977 3437 2136 3493 facite
2161 3437 2228 3491 de
2255 3435 2478 3491 veritate
2500 3430 2834 3488 beneficium.
2863 3431 3177 3500 Quaesumus
3197 3430 3380 3493 etiam,
3406 3430 3553 3483 salu-

1979 3531 2180 3584 tatione
2212 3528 2446 3597 prtcfata,
2484 3536 2543 3582 ut
2570 3523 2694 3594 quid
2724 3538 2887 3594 super
2930 3524 3027 3577 hac
3056 3532 3206 3591 parte
3232 3521 3551 3574 deliberatio

1976 3631 2150 3676 vestra
2182 3620 2394 3676 habeat.
2421 3618 2666 3673 indicetis
2697 3633 2713 3670 :
2757 3615 2878 3685 quia
2918 3613 3187 3669 credimus
3230 3627 3329 3668 nec
3357 3609 3552 3680 praefa-

1981 3723 2091 3768 tum
2120 3712 2263 3767 sedis
2291 3709 2596 3780 apostnlicte
2625 3710 2927 3778 prmsulem,
2980 3721 3079 3761 nec
3107 3717 3205 3759 vos
3235 3703 3321 3772 qui
3352 3702 3554 3758 media-

1980 3813 2123 3859 tores
2154 3802 2404 3869 existitis,
2433 3801 2576 3854 aliud
2605 3800 2866 3868 COgital‘e,
2898 3795 2995 3850 nisi
3029 3793 3169 3865 quod
3199 3803 3253 3850 et
3282 3792 3554 3864 preposito

1980 3905 2034 3951 et
2061 3893 2280 3964 iustitia:
2309 3893 2426 3947 sine
2450 3891 2781 3945 dubitatione
2810 3887 3108 3943 conveniat.

2508 3981 2842 4039 EPISTULA
2882 3980 3021 4036 XIV.

2423 4091 2680 4131 ENNODIUS
2720 4074 2742 4104 ⁸
2785 4089 3104 4128 saevitiam.

2052 4169 2125 4222 De
2149 4167 2480 4237 perfectione
2509 4165 2782 4221 conﬁdunt
2809 4165 3072 4234 discipuli,
3105 4164 3356 4234 quotiens
3389 4164 3555 4232 magi-

1979 4267 2212 4314 strorum
2243 4259 2577 4326 praesentiam
2626 4257 3021 4324 pracSIolantur.
3071 4256 3204 4324 Spes
3241 4254 3554 4308 eruditionis

1979 4351 2256 4406 manifesta
2285 4357 2386 4405 est.
2421 4359 2479 4402 ut
2511 4350 2714 4400 fruatur
2747 4348 2903 4415 genio
2933 4361 3048 4409 suo,
3097 4347 3323 4399 invitare
3371 4345 3554 4399 docto-

1980 4457 2093 4497 rem
2126 4441 2304 4496 :clara
2337 4447 2459 4493 sunt
2487 4438 2714 4506 ingenia,
2749 4453 2865 4506 quae
2897 4437 3253 4490 inStruentum
3287 4437 3554 4496 agitantur

1982 4532 2291 4589 desideriis:
2320 4530 2637 4585 monitorem
2661 4529 2956 4599 requirunt.
2981 4528 3066 4597 qui
3091 4524 3227 4580 felici
3252 4538 3395 4580 sorte
3420 4523 3555 4581 didi-

1979 4633 2190 4684 cerunt.
2217 4623 2305 4678 Sic
2333 4638 2458 4692 ergo
2487 4621 2783 4676 sanctitatis
2810 4629 2912 4674 tute
2941 4618 3221 4673 affectione
3250 4631 3552 4686 possessus,

1981 4732 2281 4787 quanquam
2307 4729 2393 4768 me
2422 4715 2488 4767 de
2511 4715 2692 4781 peritia
2716 4711 2920 4781 jactare
2942 4725 3043 4762 non
3075 4707 3320 4772 audeam,
3351 4707 3552 4761 vultum

1983 4817 2160 4863 tamen
2193 4805 2535 4876 prmeeptoris
2565 4812 2818 4871 exspecto
2853 4817 2867 4855 :
2901 4816 2967 4855 ne
2993 4799 3245 4869 degeneri
3289 4809 3339 4854 te
3370 4799 3554 4854 credas

1982 4897 2404 4955 ecclesiasticum
2435 4911 2654 4966 germen
2683 4895 2790 4948 filio
2815 4892 3151 4949 commisisse
3177 4911 3188 4944 :
3224 4894 3345 4960 quia
3373 4909 3555 4962 quam-

1986 4994 2062 5048 vis
2091 4993 2344 5046 memoria
2380 5005 2496 5045 mea
2525 4990 2588 5042 ad
2631 4995 2886 5042 centenus
2915 5001 2970 5040 se
3006 4999 3108 5038 non
3140 4986 3314 5039 valeat
3357 4988 3557 5039 fructus

1979 5083 2238 5141 extollere
2273 5099 2289 5147 ;
2320 5082 2421 5136 scit
2449 5091 2624 5135 tamen
2656 5077 2859 5133 semina
2901 5078 3244 5147 multiplicata
3277 5077 3557 5132 redhibere

1979 5159 2193 5230 cultori.
2224 5173 2354 5228 Veni
2381 5187 2524 5240 ergo,
2562 5179 2616 5223 ut
2653 5183 2833 5223 coram
2881 5168 3085 5237 positus
3128 5177 3363 5237 segetem
3413 5179 3554 5220 luam

1979 5268 2104 5323 boni
2135 5265 2384 5338 agricolae
2410 5263 2525 5318 vice
2552 5261 2827 5331 respicias.
2858 5260 2998 5315 Deus
3031 5260 3216 5329 procul
3243 5265 3449 5317 avertat
3479 5258 3555 5309 in—

1984 5405 2222 5476 φῲνησις.
2251 5403 2502 5476 Attamen
2520 5398 2772 5476 eumdem
2805 5399 3136 5476 Il‘ormisdam
3157 5397 3445 5476 diaconum
3469 5408 3554 5476 ta-

1985 5467 2090 5524 cito
2121 5473 2335 5524 nomine
2365 5469 2759 5524 sanctissimum
2784 5471 2939 5524 etiam
2970 5479 3126 5525 vocat
3157 5467 3248 5521 lih.
3277 5480 3366 5524 vn,
3397 5467 3552 5522 erist.

1983 5541 2054 5595 20
2083 5541 2148 5594 ad
2172 5541 2454 5593 Maximum
2482 5557 2495 5594 :
2523 5539 2692 5594 Habes
2713 5557 2826 5609 quae
2849 5559 2962 5594 cum
3003 5542 3215 5592 diacono
3235 5535 3555 5609 sanctissimo

1982 5612 2306 5664 deinstitutis
2338 5627 2531 5664 morum
2568 5623 2685 5664 nota
2722 5607 2925 5664 dicendi
2946 5611 3168 5663 ubertate
3191 5607 3551 5662 communicet.

2054 5680 2076 5712 "
2103 5679 2410 5751 Servilioni]
2441 5680 2666 5735 Ennodii
2697 5685 2972 5750 magistro,
2998 5695 3027 5733 a
3049 5692 3156 5748 quo
3181 5676 3555 5734 ecclesiasticis

1967 5752 2239 5810 institutis
2262 5753 2433 5808 fuerat
2457 5753 2709 5808 imbutus.
