4186 6252
625 354 694 409 95
1728 346 2007 405 ENNODII
2047 344 2364 405 EPISCOPI
2406 349 2781 408 TICINENSIS
3823 348 3898 406 96

613 472 833 527 vidiam.
860 472 932 525 Ita
964 470 1271 528 vomeribus
1301 470 1405 527 tuis
1433 470 1810 527 ecclesiasticae
1848 467 2190 525 fecunditatis
2217 465 2273 524 Δ

613 568 789 636 planta
821 568 1107 633 convaluit,
1161 575 1218 620 ut
1258 566 1401 619 nulla
1433 565 1704 620 smvientis
1743 565 1993 633 procellae
2024 563 2195 631 possit

613 658 930 725 impulsione
947 658 1201 711 subverti.
1225 657 1360 711 Nolo
1390 657 1699 726 praejudicio
1727 656 1867 711 laudi
1889 656 2192 710 Sanctitatis

613 760 715 805 tuac
745 765 965 820 gravare
1006 751 1430 804 conscientiam:
1466 750 1718 817 inspicies
1742 763 1863 818 qua:
1890 748 2190 802 litterarum

612 842 1579 912 testimoniodeclarantur.Superest,
1604 841 1926 897 salutatione
1952 841 2190 910 praelata,

612 944 671 988 ut
696 935 762 989 ad
792 934 983 1005 gaudia
1012 945 1099 990 tua
1121 937 1229 1005 jam
1263 951 1523 1007 pr0peres
1547 953 1560 990 :
1585 938 1710 1004 quia
1733 936 1910 991 divina
1933 936 2191 992 beneficia

608 1027 857 1096 gradibus
884 1042 1101 1097 semper
1123 1031 1400 1096 accedunt,
1430 1040 1483 1086 et
1506 1029 1700 1100 quibus
1721 1028 1859 1085 bona
1886 1027 2191 1093 conferunt,

607 1120 829 1175 meliora
860 1121 1203 1190 pollicentur.

1149 1231 1481 1288 EPISTOLA
1528 1232 1638 1287 XV.

1124 1342 1381 1383 ENNODIUS
1419 1342 1667 1381 SENARIO.

675 1423 954 1489 Nunquam
1002 1421 1140 1490 apud
1170 1422 1337 1474 Deum
1390 1420 1503 1473 fusa
1545 1419 1854 1489 deprecatio
1883 1419 2064 1474 votivo
2088 1434 2190 1473 nu-

606 1514 763 1568 datur
789 1514 1003 1579 effectu,
1045 1514 1183 1582 apud
1212 1530 1369 1582 quem
1409 1514 1648 1568 hilaritas
1693 1514 1945 1584 lacrymis
1982 1514 2193 1567 obtine-

605 1614 710 1666 tur,
745 1616 797 1659 ct
826 1620 1024 1660 mceror
1050 1607 1240 1658 transit
1281 1606 1331 1658 in
1364 1593 1627 1659 laetitiam.
1673 1604 1857 1659 Adfuit
1891 1604 2192 1658 Divinitatis

604 1698 860 1751 auxilium
893 1698 1178 1752 desideriis
1212 1698 1362 1760 meis,
1405 1706 1460 1752 et
1497 1706 1580 1761 te,
1630 1697 1822 1751 anitme
1854 1712 1987 1751 mea:
2018 1696 2192 1766 major

604 1790 799 1859 portio,
832 1790 847 1819 ¹
879 1788 947 1843 de
977 1789 1199 1859 prolivis
1227 1790 1463 1859 gentium
1499 1790 1693 1841 finibus
1722 1789 1893 1857 gratia
1922 1788 2058 1843 duce
2098 1804 2190 1844 re-

602 1888 832 1939 vocavit.
880 1886 1020 1941 Vere
1048 1903 1151 1940 non
1180 1904 1396 1955 possunt
1428 1889 1710 1958 epistolam
1745 1888 1795 1941 in
1827 1887 1993 1941 multa
2023 1886 2188 1940 verba

602 1977 919 2043 diffundere,
956 1978 1242 2047 impeditus
1269 1982 1503 2040 fletibus.
1537 1996 1673 2051 quos
1698 1980 1893 2050 gaudia
1916 1980 1968 2033 in
2000 1994 2189 2034 cumu-

603 2069 710 2124 lum
739 2069 967 2123 adducta
997 2082 1338 2140 pepererunt.
1370 2072 1497 2137 Fac,
1540 2073 1610 2126 mi
1644 2072 1883 2133 domine,
1940 2070 2188 2139 parvitati

601 2177 738 2217 meae
760 2162 997 2217 caelestis
1031 2161 1156 2217 doni
1200 2164 1585 2232 plenitudinem
1629 2179 1733 2217 non
1770 2162 1966 2230 perire.
2013 2160 2186 2216 Unum

601 2262 828 2322 uterque
860 2253 1153 2310 habeamus
1196 2255 1483 2325 hOSpitium
1518 2275 1531 2309 :
1566 2271 1664 2311 uec
1702 2256 1769 2310 de
1799 2257 2058 2325 parietum
2091 2271 2188 2308 an-

601 2345 774 2416 gustia
815 2346 1118 2401 sollicitudo
1162 2360 1480 2417 generetur;
1532 2348 1746 2419 quando
1793 2364 1954 2402 unum
2003 2359 2189 2417 pectus

603 2437 873 2493 sufficiens
902 2438 1180 2494 animabus
1213 2440 1411 2496 nostris
1442 2450 1660 2510 praestat
1690 2440 2075 2495 habitaculum.

1135 2554 1468 2610 EPISTOLA
1507 2554 1648 2610 XVI.

1082 2660 1336 2701 immotus
1360 2648 1379 2677 ²
1402 2662 1721 2702 PANFRONIO.

676 2745 863 2817 Magna
904 2755 1029 2803 sunt
1054 2750 1369 2819 gaudiorum
1406 2751 1674 2819 imperiai:
1710 2766 1905 2820 expers
1940 2760 2023 2807 est
2060 2765 2189 2805 con-

604 2838 842 2894 tinentiae
865 2840 1127 2908 hilaritas,
1151 2852 1205 2896 et
1234 2842 1287 2896 in
1313 2858 1497 2897 vocem
1522 2845 1683 2915 gestit
1704 2860 2008 2914 erumpere.
2032 2843 2191 2898 Venit

601 2930 802 2998 aptatis
831 2930 1109 2986 desideriis
1137 2932 1275 2999 dies,
1307 2943 1362 2988 et
1382 2935 1473 2990 ille
1500 2951 1657 3005 quem
1690 2952 1959 3006 nunquam
1985 2936 2052 2990 de
2078 2951 2191 2991 tne-

602 3022 721 3077 ritis
751 3023 905 3088 meis,
947 3024 1041 3077 sed
1068 3040 1281 3094 semper
1307 3026 1374 3080 de
1410 3042 1643 3095 snperna
1674 3029 1869 3096 pietate
1900 3028 2185 3098 postulavi,

602 3113 956 3183 magnitudini
989 3124 1092 3171 tua:
1120 3117 1377 3187 splendor
1406 3120 1633 3175 accessit
1666 3138 1677 3173 :
1708 3120 1950 3176 redditus
1979 3130 2063 3176 est
2090 3136 2189 3190 ge.-

2832 468 3162 525 EI’ISTOLA
3204 467 3363 526 XVII.

2842 578 3098 618 ENNODIUS
3137 580 3355 619 AVIENO.

2376 654 2521 708 Bene
2567 655 2877 721 magnitudo
2926 667 3099 711 vestra
3125 698 3140 722 ,
3174 658 3298 711 dum
3331 657 3521 727 origini
3562 665 3617 713 et
3653 660 3897 718 moribus

2306 757 2524 817 praestat
2565 749 2877 815 obsequium
2904 792 2918 815 ,
2968 751 3401 805 emendationem
3449 754 3568 807 sine
3610 754 3895 813 intervallo

2302 840 2581 911 conjungit
2609 843 2779 896 errori
2816 858 2830 896 :
2861 852 2915 897 et
2943 843 3083 910 quod
3114 854 3389 912 peccatum
3432 845 3705 913 sapienter
3735 848 3897 903 intel-

2302 934 2453 1003 ligit,
2510 936 2813 1006 priusquam
2860 937 3030 991 altero
3068 937 3454 1001 denuntietur,
3495 940 3708 996 avertit.
3757 942 3894 1010 Quis

2302 1029 2484 1084 credat
2512 1028 2800 1097 deliquisse
2831 1029 2883 1084 in
2915 1031 3253 1085 correctione
3281 1029 3717 1087 velocissimum?
3755 1049 3895 1103 pene

2302 1138 2411 1177 non
2455 1123 2728 1177 vocandus
2766 1132 2849 1178 est
2884 1132 3119 1177 sectator
3157 1138 3471 1179 excessuum
3498 1166 3514 1190 ,
3557 1125 3647 1193 qui
3676 1124 3892 1181 obviam

2300 1228 2517 1268 manum
2550 1217 2699 1284 ponit
2728 1215 2781 1269 in
2808 1216 3155 1285 subreptione
3184 1216 3482 1285 culparum.
3513 1214 3661 1285 Haec,
3694 1217 3766 1270 mi
3793 1216 3897 1271 do-

2301 1308 2480 1371 mine,
2511 1307 2577 1361 ad
2608 1323 2669 1362 ea
2701 1324 2819 1375 qua":
2850 1308 3101 1379 dignatus
3127 1323 3185 1363 es
3213 1307 3472 1376 scribere,
3503 1308 3675 1378 gratia
3707 1318 3894 1367 vestra

2301 1398 2438 1454 duce
2467 1401 2789 1470 respundeo.
2821 1402 3086 1456 Caeterum
3118 1401 3457 1455 humiliorem
3490 1416 3574 1456 m:
3602 1402 3884 1471 propo-ito

2298 1504 2514 1549 actuum
2561 1509 2802 1549 meorum
2850 1495 3085 1565 pondera
3127 1493 3478 1549 reddiderunt
3506 1510 3521 1550 :
3552 1494 3640 1549 vix
3669 1495 3892 1552 miseria

2299 1588 2533 1642 remansi
2585 1588 2811 1643 idoneus
2850 1588 3148 1643 reformare
3194 1587 3481 1658 colloquia.
3534 1588 3757 1643 Domine
3787 1590 3888 1657 mi,

2298 1680 2638 1735 salutationis
2682 1681 2937 1748 obsequia
2985 1689 3347 1748 prtesentans,
3394 1680 3560 1734 Deum
3600 1695 3757 1750 rogo,
3796 1680 3888 1750 qui

2298 1776 2622 1830 culminibus
2648 1776 2840 1831 veStris
2863 1775 3096 1830 fructum
3126 1791 3223 1845 pro
3250 1775 3352 1830 hac
3373 1789 3478 1845 qua
3499 1773 3754 1830 humilem
3778 1788 3887 1830 non

2220 1851 2271 1912 Β
2295 1870 2575 1940 spernitis,
2608 1868 3043 1924 consideratione
3074 1868 3344 1923 restituat.

2809 1981 3144 2039 EPISTOLA
3182 1981 3371 2037 XVIII.

2830 2088 3087 2126 ENNODIUS
3125 2086 3346 2126 FAUSTO.

2373 2163 2470 2219 Vix
2500 2172 2583 2219 est
2606 2170 2663 2218 ιιι
2691 2163 2926 2218 intentus
2951 2164 3111 2219 rebus
3144 2163 3391 2219 felicibus
3417 2162 3639 2219 adversa
3671 2178 3883 2234 praeno-

2295 2268 2411 2312 scat
2444 2275 2457 2311 :
2490 2257 2633 2312 velut
2661 2256 2936 2311 sinistrum
2966 2258 3109 2311 enim
3145 2255 3307 2311 animi
3340 2271 3499 2311 omen
3527 2257 3804 2325 repudiat,
3839 2258 3883 2313 si

2294 2349 2424 2419 quid
2456 2349 2522 2403 de
2550 2350 2866 2404 austeritate
2907 2349 3208 2404 futurorum
3242 2349 3517 2404 intellectu
3546 2349 3884 2419 prtecedenle

2294 2442 2594 2511 reSpexerit
2625 2458 2640 2495 :
2672 2452 2820 2497 certe
2867 2459 2933 2498 tte
2979 2452 3034 2497 et
3079 2444 3255 2497 alieno
3303 2453 3544 2511 tempore
3588 2458 3787 2499 amara.-
3825 2458 3884 2500 se

2295 2537 2578 2602 misceant,
2600 2536 2712 2606 ipsa
2737 2536 3104 2591 molestiarum
3132 2536 3314 2592 horret
3340 2538 3560 2606 agnitio.
3586 2537 3740 2593 Nullo
3766 2554 3883 2596 cre-

2294 2628 2487 2682 debam
2516 2628 2797 2683 intervallo
2825 2643 2967 2683 nunc
3005 2629 3344 2685 inamabilem
3378 2629 3726 2697 Ravennam,
3757 2631 3883 2688 dum

2295 2730 2413 2774 erat
2442 2720 2709 2776 thesauris
2732 2721 2867 2776 meis
2896 2722 3069 2790 plena,
3096 2721 3295 2777 distare
3319 2739 3333 2776 :
3361 2732 3468 2777 non
3490 2738 3575 2778 me
3599 2723 3679 2779 sic
3700 2724 3881 2779 sitien-

2298 2824 2403 2870 tem
2435 2815 2585 2883 fons,
2618 2826 2933 2872 mstuantem
2962 2830 3087 2871 aura
3109 2858 3124 2882 ,
3157 2827 3214 2871 ut
3242 2817 3332 2871 illa
3355 2817 3422 2870 ad
3453 2832 3514 2873 se
3544 2831 3649 2871 non
3680 2817 3880 2873 lassum

2296 2909 2513 2976 requies
2549 2908 2832 2963 invitabat.
2872 2910 2940 2963 At
2979 2923 3119 2963 nunc
3156 2910 3268 2978 ipsa
3315 2909 3485 2964 Roma
3518 2918 3645 2979 puto
3672 2910 3736 2965 ad
3766 2911 3881 2966 lon-

2295 3000 2446 3069 giora
2466 3040 2480 3065 ,
2511 3015 2608 3069 pro
2645 3004 2985 3069 peccatorum
3012 3003 3255 3055 meorum
3290 3001 3464 3067 fasce,
3496 3002 3749 3056 translata
3775 3010 3889 3058 est.

2297 3092 2396 3147 Ubi
2429 3102 2511 3148 est
2540 3094 2660 3159 illa,
2692 3108 2814 3163 qua).
2850 3109 2970 3149 rara
3012 3094 3317 3163 putabatur,
3352 3094 3651 3165 frequentia
3678 3094 3881 3150 littera-

604 3205 718 3258 neri
747 3214 800 3259 et
822 3206 1061 3261 moribus
1093 3184 1195 3263 tuis
1229 3224 1388 3277 apex,
1433 3226 1526 3279 per
1563 3228 1723 3279 quem
1751 3184 2189 3267 conscientiar'fi-
2220 3235 2267 3299 ο
2297 3185 2449 3299 3'3“?
2470 3184 2989 3299 dﬁ’i‘ci‘ibfiﬂiif
3004 3184 3516 3299 {iiiiu‘fuff’jili‘i
3545 3185 3879 3299 ξείίιξξῗηίξξῗ

604 3294 737 3350 delis
765 3297 817 3350 in
850 3299 1019 3353 lucem
1049 3299 1262 3366 prodire
1291 3318 1397 3354 non
1431 3302 1685 3357 formidet
1715 3305 2011 3374 integritas.
2044 3307 2187 3361 Deus

603 3388 764 3453 bone,
795 3389 996 3445 indulta
1030 3392 1282 3446 custodi:
1316 3410 1453 3463 auge
1491 3397 1831 3451 successibus
1857 3400 1996 3468 quod
2037 3399 2189 3454 dedi-

604 3481 670 3534 sti
690 3499 703 3535 :
724 3481 805 3536 fac
821 3482 960 3536 circa
992 3497 1206 3537 servum
1236 3492 1380 3539 tuum
1416 3487 1647 3554 primum
1676 3503 1797 3543 esse
1828 3490 2071 3557 gradum,
2096 3493 2187 3562 qui

604 3589 845 3631 summus
871 3584 975 3631 est.
1008 3576 1263 3645 Prtecipio
1290 3592 1385 3647 Spe
1411 3579 1605 3647 futura,
1632 3597 1752 3650 quae
1774 3581 2036 3652 deprecor
2060 3601 2072 3638 :
2095 3601 2188 3641 ne-

604 3668 778 3724 sciunt
807 3668 863 3722 in
892 3668 1093 3723 foribus
1125 3668 1351 3739 haerere,
1383 3686 1503 3740 qua:
1532 3673 1671 3727 caelo
1700 3685 1920 3729 auctore
1946 3675 2187 3731 tribuun-

605 3770 707 3813 tur.
737 3759 962 3828 Semper
989 3761 1334 3816 incrementis
1364 3762 1431 3816 ad
1458 3764 1671 3819 culmen
1712 3768 2019 3823 ascenditur
2038 3810 2051 3833 ,
2099 3772 2188 3825 ubi

603 3866 868 3920 supernus
903 3852 1054 3906 favor
1089 3862 1305 3921 prastat
1348 3855 1647 3910 exordium.
1688 3856 1817 3924 Quis
1849 3858 1952 3913 hoc
1990 3860 2044 3915 in
2080 3862 2189 3917 vita

602 3939 877 3997 hominum
926 3943 1009 3998 vel
1040 3958 1227 4000 eorum
1255 3946 1345 4013 qui
1374 3950 1837 4006 conversationem
1864 3969 2013 4008 suam
2042 3956 2187 4012 nulla

602 4027 910 4088 custodiunt
945 4036 1087 4091 nube
1121 4036 1445 4107 sordentem,
1482 4042 1776 4097 accessisse
1814 4044 1918 4100 sibi
1959 4046 2044 4102 die
2084 4065 2188 4105 una

600 4127 927 4195 gratuletur;
962 4135 1015 4181 te
1042 4128 1304 4183 honorum
1333 4131 1571 4200 auspicia
1600 4133 1922 4204 ingressum,
1952 4147 2009 4192 et
2030 4138 2187 4196 dulce

599 4232 776 4274 meum
809 4221 1093 4275 Senarium
1139 4223 1205 4277 ab
1234 4223 1432 4280 ultimis
1456 4232 1720 4283 terrarum
1756 4231 1995 4300 partibus
2027 4234 2184 4288 resti-

598 4312 805 4367 tutum?
836 4313 1020 4369 Brevis
1045 4313 1299 4372 horarum
1329 4334 1519 4377 cursus
1549 4322 1811 4394 interfuit,
1846 4336 1902 4379 ut
1929 4336 1981 4381 et
2012 4335 2065 4381 tu
2091 4342 2183 4395 pa-

599 4405 724 4459 latio
756 4416 933 4474 natus,
961 4418 1016 4463 et
1058 4408 1147 4464 ille
1186 4411 1255 4465 sit
1287 4414 1547 4471 redditus.
1594 4417 1649 4471 In
1690 4420 1912 4474 veritate
1945 4418 2088 4487 dico,
2127 4427 2182 4474 et

602 4496 660 4551 ie
693 4496 785 4552 Dei
814 4498 1182 4555 misericordia
1216 4501 1343 4555 miln
1369 4520 1590 4560 securus
1617 4507 1879 4575 spondeo,
1907 4508 2178 4578 fragilitati

608 4602 725 4642 ncte
756 4590 999 4657 praesidia
1042 4592 1181 4646 caelo
1217 4592 1549 4662 obsequente
1583 4599 1826 4653 concedi.
1868 4600 2175 4669 Spondetur
2200 4608 2255 4671 ι)

591 4678 742 4744 mihi,
770 4682 913 4751 quod
946 4682 1097 4736 vobis
1126 4691 1208 4737 est
1237 4685 1555 4753 praestitum.
1596 4689 1821 4746 Domine
1852 4694 1944 4758 mi,
1974 4694 2175 4749 saluta-

591 4770 753 4825 tionis
776 4773 1028 4842 obsequia
1053 4775 1375 4845 suscipiens,
1404 4793 1532 4848 rogo
1558 4788 1616 4833 ut
1637 4783 1680 4834 si
1704 4782 1828 4852 quid
1857 4786 2026 4839 amori
2052 4802 2174 4842 meo

589 4861 801 4926 tribuis,
842 4863 1121 4919 dominum
1171 4868 1363 4955 anima:
1414 4886 1548 4926 mea:
1578 4873 1882 4940 Senarinnt,
1921 4887 1979 4932 ut
2027 4878 2170 4948 apud

586 4967 675 5007 me
702 4962 935 5022 maneat,
962 4971 1188 5014 exorare
1217 4962 1445 5030 pleniter
1472 4978 1576 5018 non
1603 4966 1840 5021 omittas.
1888 4970 2038 5035 Quod
2068 4972 2169 5027 uisi

583 5042 901 5113 obtinueris,
932 5049 1155 5104 multum
1177 5053 1306 5107 mihi
1337 5054 1404 5108 de
1432 5055 1716 5111 hilaritatis
1743 5061 1957 5116 cumulo
1979 5062 2172 5119 decer-

583 5133 755 5203 psisti.

654 5264 776 5350 {De
804 5266 1018 5350 proliais
1039 5273 1261 5338 gentium
1293 5272 1507 5349 finibus]
1541 5280 1711 5349 Epist.
1744 5286 2026 5350 sequenti:
2059 5287 2159 5341 Se-

580 5338 781 5417 narium
812 5339 876 5391 ab
904 5340 1097 5394 ultimis
1129 5338 1379 5417 terrarum
1402 5338 1630 5417 par'tibu's
1648 5338 2051 5411 νεηλὶιιάιιηιεὲξ(
2068 5338 2156 5413 Ie-

576 5409 684 5489 gati
725 5425 1068 5489 ne‘nnntrum
1101 5413 1310 5489 aliqua.
1343 5409 1674 5489 Frequenter
1712 5426 1854 5479 enim
1885 5409 2151 5484 delectum

576 5483 629 5533 itt
664 5484 941 5542 legationis
961 5484 1220 5556 honorem
1242 5486 1405 5541 fuisse
1431 5483 1661 5547 constat.
1685 5492 2036 5554 Οιεεὶοιιοιύε
2060 5483 2152 5556 lih.

576 5565 658 5641 is;
880 5555 913 5608 5
943 5554 1174 5641 Δξςειιξινίο
1200 5575 1230 5641 ξ.
1256 5556 1472 5612 Subiisti
1490 5578 1646 5641 .swpe
1670 5566 1850 5620 ardua:
1888 5554 2156 5641 legationis

575 5622 792 5703 amitith
812 5638 832 5677 :
854 5627 1078 5680 restitisti
1105 5630 1303 5700 regibus
1352 5647 1452 5684 non
1484 5622 1650 5700 imp'ar
1680 5622 2153 5701 asscrlorfcoaetn;

575 5694 823 5764 iustitiam
848 5706 1073 5772 nostram
1101 5694 1289 5756 etvillis
1328 5694 1607 5769 ostendere,
1660 5708 1745 5772 qui
1789 5694 2041 5766 rationem

574 5772 811 5847 poterant.
833 5768 1003 5847 cruda
1013 5771 1354 5826 obstinatione
1374 5776 1579 5828 sentire.
1596 5768 1729 5830 Non
1750 5788 1797 5831 te
1823 5786 1999 5835 terruit
2029 5800 2151 5837 con-

579 5834 887 5889 tentionibus
906 5836 1226 5908 inﬂammata
1247 5847 1561 5901 auctoritas:
1607 5847 1894 5917 subiugasti
1922 5834 2146 5917 quininto

2300 3276 2437 3332 Vere
2468 3292 2562 3346 pro
2590 3278 2722 3332 meis
2752 3278 2990 3347 partibus
3021 3277 3249 3347 loquor:
3281 3278 3517 3334 detestor
3545 3279 3728 3345 vitam,
3760 3296 3879 3350 quat

2291 3384 2391 3423 nec
2422 3370 2471 3423 in
2499 3385 2737 3424 aerumna
2765 3370 3074 3424 constitutis
3106 3377 3189 3425 est
3230 3369 3375 3424 odio.
3418 3370 3628 3441 Allegat
3656 3370 3877 3428 forsitan

2290 3462 2502 3516 culmen
2535 3478 2689 3516 suum
2711 3503 2725 3528 ,
2756 3461 2859 3516 sibi
2892 3476 2985 3531 pro
3015 3477 3243 3527 superna
3275 3462 3674 3531 dispensatione
3701 3465 3877 3534 cupita

2289 3554 2598 3625 contigisse.
2623 3554 2740 3609 Non
2765 3564 2849 3609 est
2876 3555 3031 3624 plena
3058 3555 3305 3622 felicitas,
3335 3558 3547 3627 quando
3568 3568 3877 3614 nostrorum

2290 3646 2483 3717 aliquis
2515 3647 2744 3702 miScriis
2772 3645 2920 3701 dura:
2958 3648 3397 3717 sequestrationis
3440 3647 3709 3719 affligitur.
3762 3648 3876 3705 Deo

2291 3740 2521 3806 credite,
2562 3754 2667 3794 non
2700 3748 2825 3793 sunt
2868 3739 3040 3794 fucata
3072 3755 3191 3811 qua:
3220 3740 3423 3807 defleo;
3467 3756 3568 3796 nec
3596 3741 3661 3796 ad
3703 3742 3877 3812 expli-

2290 3831 2513 3901 candam
2543 3831 2722 3887 cordis
2752 3831 3061 3902 tragmdiam
3081 3870 3098 3897 ,
3130 3841 3222 3885 aut
3252 3833 3559 3902 epistolaris
3584 3834 3875 3891 concinna-

2293 3924 2367 3978 tio
2397 3923 2632 3991 sufficit,
2675 3931 2769 3979 aut
2808 3926 3072 3980 sermonis
3109 3925 3377 3995 angustia.
3431 3925 3667 3993 Christe,
3693 3942 3873 3984 rerum

2286 4020 2519 4091 arbiter,
2561 4021 2797 4091 propriae
2837 4036 3091 4078 succurre
3121 4024 3428 4079 necessitati
3464 4040 3479 4085 ;
3530 4038 3598 4079 ne
3640 4024 3872 4081 humana

2286 4115 2566 4185 fragilitas,
2600 4116 2666 4171 ad
2696 4117 2942 4172 immensi
2976 4116 3173 4172 fascem
3203 4116 3407 4172 doloris
3436 4133 3540 4172 non
3570 4117 3870 4184 sufficiens,

2288 4226 2474 4282 pressa
2515 4212 2843 4267 succumbat.
2893 4212 3122 4268 Domine
3151 4212 3260 4279 mi,
3290 4211 3624 4267 salutationis
3651 4212 3869 4270 servitia

2285 4304 2616 4375 dependens,
2649 4320 2813 4373 rogo,
2846 4314 2903 4361 ut
2947 4305 3201 4376 paginalis
3228 4307 3367 4362 circa
3401 4321 3488 4362 me
3514 4321 3641 4362 cura
3684 4322 3867 4363 serve-

2285 4406 2371 4453 tur
2405 4417 2418 4453 :
2456 4410 2510 4452 ιιι
2538 4399 2621 4454 vel
2654 4399 2755 4454 hoc
2782 4400 3020 4454 remedio
3046 4402 3184 4455 inter
3211 4409 3373 4455 aestus
3402 4416 3554 4457 mens
3577 4400 3865 4457 constituta

2283 4492 2530 4561 respiret.

2814 4584 3145 4641 EPISTOLA
3184 4585 3326 4641 XIX.

2765 4700 3020 4740 ENNODIUS
3058 4702 3373 4742 PARI'HENIO.

2346 4796 2462 4851 Non
2508 4796 2559 4851 in
2601 4805 2652 4852 te
2695 4796 2930 4853 admiror
2970 4799 3235 4853 sermonis
3272 4799 3649 4855 abstinentiam
3688 4820 3700 4856 :
3733 4784 3863 4873 quia

2275 4890 2364 4960 qui
2393 4890 2581 4959 exigua
2609 4891 2927 4957 condiderit,
2975 4893 3047 4946 nil
3079 4893 3341 4961 producit.
3396 4892 3582 4949 Credis
3612 4898 3714 4951 sub
3764 4898 3861 4954 hac

2274 4985 2558 5037 occasione
2600 4986 2867 5053 profecms
2898 4985 2978 5039 ttti
3017 4985 3184 5041 latere
3214 4987 3600 5043 substantiam?
3638 4999 3693 5044 et
3725 4994 3859 5045 taci-

2282 5073 2548 5128 turnitatis
2579 5074 2894 5143 imperitiam
2927 5076 3138 5144 prodit,
3172 5086 3224 5130 et
3260 5078 3570 5134 infabricata
3600 5083 3859 5137 confabu-

2277 5162 2405 5219 latio
2437 5166 2737 5220 manifestat
2768 5166 3063 5221 infantiam.
3098 5167 3304 5223 lnterea
3342 5179 3467 5225 ante
3494 5172 3647 5242 inops
3674 5176 3859 5243 gratim

2270 5299 2538 5351 audaciam
2563 5301 2781 5368 veritati,
2806 5308 2853 5354 et
2875 5301 3137 5354 obsecutus
3162 5303 3575 5362 ordinationibus
3595 5309 3785 5362 nostris
3805 5309 3856 5363 in

2270 5370 2799 5443 conscientimnrsttam
2826 5370 3070 5443 barbaros
3103 5374 3331 5443 coegisti.

2337 5440 2708 5521 il’anfronio]
2747 5442 3042 5521 Stthlintem
3080 5440 3505 5521 etmaguificum
3549 5451 3721 5505 virum
3755 5466 3853 5521 ap-

2269 5513 2483 5590 pellavit
2510 5514 2599 5565 lib.
2632 5528 2688 5573 tt,
2721 5518 2878 5579 epist.
2910 5515 2993 5590 ιβ,
3028 5524 3088 5590 θε
3120 5516 3207 5568 lib.
3243 5532 3315 5578 vt,
3345 5520 3503 5588 epist.
3535 5521 3624 5587 Η,
3654 5513 3853 5590 quibus

2262 5582 2413 5662 illum
2447 5582 3029 5663 [ζειιιςιιςζιξοιιιιιιιςιιιιίιιε
3062 5584 3163 5663 I’ro
3192 5582 3392 5663 eodem
3415 5582 3683 5663 scribit'et'
3711 5594 3850 5663 Aga-

2262 5652 2373 5734 pito
2404 5652 2560 5716 epist.
2707 5655 2806 5734 “ubi
2833 5654 3031 5734 aliquid
3060 5657 3295 5734 insinuat
3323 5659 3395 5734 de
3428 5661 3648 5717 Vicarize
3675 5652 3849 5734 digiti—

2261 5733 2386 5798 tate,
2414 5739 2569 5798 quam
2596 5724 2681 5798 illi
2704 5724 2930 5779 fortasse
2955 5727 3056 5798 hoc
3084 5728 3201 5783 loco
3223 5732 3542 5798 gratulatur.
3570 5724 3844 5791 illustrem

2258 5795 2431 5853 virum
2459 5795 2600 5851 dicet
2631 5796 2722 5851 lib.
2759 5810 2852 5863 vtt,
2883 5795 3046 5866 epist.
3079 5799 3128 5851 1.
