4146 6260
278 371 351 427 97
1572 375 1894 436 EPISTULA
1904 378 2045 437 RUM
2084 380 2215 437 LIB.
2243 383 2303 437 V.
3481 393 3551 448 98

276 501 388 545 non
417 483 587 552 fuisti,
621 486 801 543 sciens
826 486 951 557 quid
980 485 1249 558 diligentia
1268 527 1282 552 ,
1309 490 1692 569 quidamantis
1719 495 1867 550 solli-
1892 500 1949 558 Α
1969 505 2174 551 avertat
2203 496 2476 565 divinitas,
2508 513 2575 554 ne
2604 514 2837 571 unquam
2868 499 3176 558 testimonio
3201 515 3318 556 meo
3346 502 3547 573 fragili-

278 580 467 637 citudo
507 577 776 649 flagitaret
805 594 821 634 :
851 580 1023 633 factus
1052 594 1110 635 es
1136 579 1397 637 bonarum
1429 598 1606 639 rerum
1636 588 1865 655 nescius,

279 684 568 743 postquam
621 681 672 727 te
720 671 785 725 ad
825 672 1111 728 obtinenda
1161 690 1277 744 qua:
1320 686 1573 745 putantur
1612 682 1865 748 maxima,

280 765 704 821 transmisimus.
738 765 888 832 Quod
916 774 1114 834 restat,
1144 768 1289 836 vale,
1321 778 1375 824 et
1401 772 1668 841 accipiens
1698 776 1870 829 moni-

280 856 421 911 toris
467 856 669 922 verba,
723 856 1057 912 melioratum
1109 867 1160 913 te
1207 860 1510 929 scriptionis
1557 863 1868 920 assiduitate

281 947 517 1020 divulga.

832 1038 1157 1097 EPISTULA
1199 1040 1318 1101 XX.

843 1145 1093 1184 ENNODIUS
1133 1147 1309 1187 AVITO.

354 1218 494 1273 Dum
517 1218 753 1274 remedia
779 1233 873 1273 sua
904 1222 1094 1289 quaerit
1117 1222 1348 1291 affectio,
1374 1236 1429 1281 et
1455 1234 1642 1281 aestum
1666 1229 1865 1284 sollici-

283 1308 484 1364 tudinis
530 1310 800 1379 colloquio
829 1313 974 1379 cupit
1003 1313 1275 1370 mediante
1322 1317 1545 1373 relevari
1574 1362 1589 1387 ,
1630 1321 1865 1376 ardescit

283 1400 495 1455 animus
522 1400 843 1470 provisionis
872 1401 1135 1457 beneficio
1166 1420 1182 1457 :
1211 1408 1352 1462 unde
1385 1408 1652 1478 exstingui
1687 1411 1864 1464 credi-

288 1502 407 1556 tur,
445 1493 764 1563 geminatum
802 1493 1090 1563 diligentia:
1133 1500 1303 1567 surgit
1344 1500 1664 1554 incendium.
1708 1502 1865 1571 Smpe

284 1585 418 1648 mihi
466 1584 761 1653 bajulorum
791 1586 996 1652 copiam
1041 1589 1366 1657 perquirenti
1411 1589 1533 1644 inde
1568 1606 1864 1661 aegrescere

289 1678 554 1749 contigit,
598 1679 733 1733 unde
780 1680 1038 1746 opinabar
1086 1680 1225 1749 quod
1276 1684 1555 1751 prodesset
1595 1684 1859 1739 accidere.

288 1768 430 1824 Ecce
467 1769 708 1824 medetur
746 1769 1025 1824 desideriis
1054 1771 1218 1835 meis,
1260 1773 1349 1841 qui
1396 1788 1613 1827 suorum
1651 1774 1716 1827 ad
1766 1789 1863 1829 vos

1978 595 2060 641 tas
2085 589 2242 643 claris
2268 590 2508 644 moribus
2533 591 2746 646 inimica
2777 592 3055 661 subripiat.
3086 591 3237 647 Nulla
3262 602 3363 653 est,
3394 609 3551 661 quam

1977 680 2155 747 opime
2177 680 2442 745 texuistis,
2466 682 2517 734 in
2539 682 2691 737 vobis
2712 683 2910 737 erroris
2929 697 3086 738 causa
3104 699 3261 753 quam
3288 688 3514 739 rec07am
3535 702 3550 738 :

1975 778 2029 823 et
2056 769 2099 822 si
2120 784 2216 850 pro
2248 770 2454 825 meritis
2485 772 2617 826 meis
2662 772 2986 838 exstitisset,
3020 773 3279 827 bonorum
3311 785 3552 830 veterum

1976 860 2351 915 recordatione
2405 864 2689 931 sopiretur.
2757 864 2909 929 Quod
2967 873 3170 929 restat,
3217 865 3426 930 valete,
3465 856 3552 920 'mi

1975 950 2214 1016 domine,
2238 964 2291 1005 et
2314 955 2415 1007 iter
2436 968 2611 1007 meum
2638 963 2880 1007 votorum
2910 954 3233 1023 benignitate
3262 958 3549 1025 prosecuti,

1974 1043 2211 1096 caritatis
2240 1044 2614 1099 reCordatione
2645 1044 2901 1099 absentia:
2930 1060 3064 1099 meae
3092 1046 3283 1100 damna
3315 1057 3552 1116 pensate.

2497 1134 2831 1189 EPISTULA
2872 1135 3035 1189 XXII.

2436 1241 2687 1280 naxon-tus
2726 1226 2747 1256 ³
2795 1242 3078 1281 νειηητιο.

2045 1313 2101 1369 Si
2129 1316 2441 1384 proximitas
2470 1320 2746 1385 sanguinis
2780 1317 2845 1370 ad
2879 1318 3207 1385 diligentiam
3238 1327 3445 1374 mentes
3478 1320 3555 1374 in-

1974 1405 2140 1471 vitat,
2173 1408 2239 1474 pii
2273 1408 2471 1461 amoris
2496 1409 2782 1461 obsecutus
2814 1408 3074 1475 imperiis,
3105 1410 3274 1476 geStio
3305 1426 3389 1465 me
3416 1426 3548 1479 pra“:-

1971 1496 2119 1549 vium
2150 1497 2461 1565 prtesﬁtisse
2488 1514 2786 1553 sermonem
2810 1542 2826 1567 ,
2860 1508 2915 1553 et
2943 1500 3170 1554 orditunt
3200 1501 3413 1570 paginas
3438 1517 3553 1556 am-

1972 1587 2273 1655 pleetendis
2321 1590 2457 1643 viam
2513 1605 2780 1645 reserasse
2826 1592 3123 1659 colloquiis.
3193 1592 3289 1645 Diu
3342 1593 3557 1662 quidem

1972 1694 2125 1734 cassa
2151 1683 2549 1750 exspectatione
2576 1690 2894 1747 maceratus,
2926 1682 3051 1735 dum
3082 1684 3296 1752 operior
3317 1685 3557 1754 paginas,

1972 1788 2080 1827 non
2111 1774 2283 1827 emisi.
2332 1774 2439 1828 Sed
2471 1775 2769 1827 calcaribus
2798 1774 2909 1827 suis
2937 1778 3173 1828 animum
3205 1790 3381 1829 meum
3425 1776 3558 1830 fodit

287 1873 443 1914 causa
467 1854 773 1929 properavit
794 1878 807 1912 :
831 1860 889 1913 fit
910 1861 1273 1929 adjumentum
1298 1864 1633 1918 necessitatis
1656 1865 1868 1930 alienas,
1902 1870 1953 1931 Β
1978 1864 2212 1931 affectio,
2246 1873 2300 1918 et
2327 1866 2392 1918 ad
2433 1864 2749 1919 tabellarum
2780 1866 2956 1918 munia
2987 1864 3217 1930 priorem
3255 1864 3377 1918 fecit
3414 1880 3559 1920 acce-

286 1952 426 2021 quod
459 1956 692 2022 propria:
714 1954 1145 2008 consideratione
1172 1957 1482 2025 suscipitur.
1523 1957 1717 2013 Videre
1742 1959 1870 2028 quid

288 2046 752 2101 commendatione
778 2061 892 2100 mea
914 2045 1235 2100 Bonifacius
1276 2058 1625 2116 promoveat:
1657 2051 1871 2105 interim

240 2188 249 2195 ,
292 2135 582 2203 opitulatur
608 2137 794 2191 studiis
822 2138 988 2203 meis,
1019 2139 1158 2206 quod
1202 2140 1425 2209 prolixis
1452 2157 1479 2193 a
1510 2157 1594 2196 me
1626 2142 1871 2211 precibus

292 2228 616 2295 impetravit.
670 2228 820 2283 Hunc
859 2231 1011 2285 bonis
1056 2241 1234 2286 ortum
1276 2234 1539 2287 natalibus
1570 2237 1723 2290 testis
1748 2252 1872 2290 san-

285 2321 460 2388 guinis
488 2335 644 2376 mens
673 2322 935 2390 designat.
977 2322 1301 2378 Germanum
1342 2341 1494 2380 suum
1536 2328 1789 2395 prmfatus
1817 2330 1872 2383 in

284 2411 553 2466 vicinitate
575 2414 936 2483 Aquileiensis
957 2416 1186 2471 civitatis
1208 2433 1345 2471 asset
1361 2419 1399 2472 it
1419 2434 1539 2474 esse
1560 2421 1827 2489 captivum
1853 2439 1868 2474 :

284 2505 366 2573 qui
399 2514 455 2558 ut
485 2518 515 2556 a
540 2506 692 2559 vobis
716 2506 965 2574 juvetur,
1008 2509 1270 2575 exposcit.
1321 2510 1531 2564 Sanctae
1558 2513 1749 2565 domus
1778 2528 1871 2567 ve-

283 2603 406 2648 stra:
437 2597 777 2650 consuetudo
807 2589 1033 2665 vulgata
1067 2605 1150 2650 est
1179 2614 1193 2651 :
1229 2599 1387 2653 talem
1418 2601 1576 2654 vitam
1608 2600 1869 2655 bonorum

286 2698 496 2741 actuum
533 2690 774 2743 obsidem
799 2689 910 2757 jam
950 2690 1204 2755 dedistis,
1238 2707 1266 2743 a
1311 2708 1410 2759 qua
1447 2691 1593 2746 velut
1632 2693 1868 2747 debitum

291 2786 496 2848 poscat,
526 2782 613 2848 qui
640 2781 944 2835 calamitate
973 2782 1309 2851 deprimitur.
1350 2785 1570 2838 Domine
1599 2785 1692 2847 nti,
1722 2786 1868 2839 acci-

286 2871 501 2937 pientes
526 2872 689 2937 plena:
716 2872 1052 2948 salutationis
1078 2876 1412 2943 obsequium,
1444 2874 1598 2929 facite
1624 2877 1867 2945 exorari,

284 2962 425 3031 quod
455 2972 656 3032 Sponte
681 2968 1049 3031 consuevistis,
1086 2978 1137 3022 ut
1172 2968 1263 3037 qui
1291 2970 1482 3023 vestris
1510 2970 1735 3041 supplex
1758 2981 1864 3036 est,

286 3057 433 3109 alteri
463 3071 586 3110 eum
622 3070 743 3113 esse
774 3072 877 3112 non
909 3058 1085 3112 liceat.

815 3150 1136 3204 EPISTULA
1182 3149 1322 3204 XXI.

836 3256 1089 3295 ENNODIUS
1128 3258 1306 3297 Ανιτο,

359 3328 775 3398 Astipulatorem
802 3348 886 3386 me
907 3332 1176 3402 opinionis
1212 3347 1323 3388 sua:
1351 3334 1660 3405 magnitudo
1688 3342 1865 3391 vestra

295 3422 365 3477 ita
398 3426 781 3494 supplicatione
813 3430 1063 3496 postulat,
1095 3431 1244 3497 quasi
1275 3429 1340 3482 ad
1370 3429 1634 3483 amicuias
1664 3429 1870 3483 recenti

294 3516 467 3571 adhuc
492 3518 589 3572 sim
630 3519 824 3573 incude
860 3519 1120 3574 formatus
1159 3537 1173 3574 :
1204 3531 1296 3574 aut
1328 3536 1432 3577 non
1465 3524 1619 3591 genio
1648 3536 1744 3575 suo
1775 3524 1872 3575 de-

290 3615 529 3681 fraudet,
576 3616 665 3685 qui
721 3617 1048 3685 propositum
1094 3617 1378 3685 diligentia:
1415 3617 1514 3671 sub
1557 3631 1872 3686 quacunque

284 3707 570 3762 occasione
596 3716 908 3762 commutat.
954 3706 1205 3762 Facessat
1234 3723 1264 3761 a
1291 3708 1606 3762 Christianis
1633 3710 1874 3762 moribus

284 3799 430 3851 varia
461 3798 533 3853 de
564 3808 778 3852 amante
806 3800 1067 3852 sententia
1099 3817 1112 3853 :
1141 3799 1231 3868 qui
1258 3798 1493 3853 officium
1522 3799 1630 3853 oris
1660 3798 1739 3852 sui
1772 3801 1873 3855 de-

284 3887 545 3943 dicaverit
570 3889 836 3953 laudibus,
867 3890 1089 3944 liberum
1121 3906 1225 3944 non
1260 3890 1418 3946 habet
1445 3891 1690 3945 inchoata
1720 3892 1877 3946 dese-

282 3996 404 4037 rere
429 4022 444 4046 ,
489 3997 559 4036 ne
589 3982 902 4036 devenustet
933 3982 1136 4049 prmfati
1177 3983 1331 4037 mella
1378 3985 1631 4052 prreconii
1672 3984 1877 4039 vilitate

282 4075 653 4143 sequentium.
709 4074 898 4127 Videro
935 4077 1021 4143 qui
1056 4075 1071 4104 ¹
1104 4075 1373 4144 ingeniuut
1418 4077 1605 4130 credat
1644 4091 1764 4132 esse
1792 4091 1878 4131 se-

282 4167 423 4222 ctari
456 4169 749 4222 novitatem
784 4184 798 4232 ;
840 4184 938 4238 ego
992 4180 1049 4223 ut
1095 4171 1244 4224 tarde
1279 4170 1481 4223 amicos
1508 4170 1648 4238 eligo
1672 4210 1686 4231 ,
1720 4172 1787 4222 ita
1822 4169 1877 4222 in

280 4260 366 4315 his
394 4260 859 4316 indentutabiliter
885 4279 1185 4331 persevero.
1219 4263 1344 4318 Mihi
1374 4263 1584 4326 adsunt,
1623 4264 1877 4332 quotiens

279 4354 603 4423 Opinionem
632 4365 864 4409 vestram
897 4356 1054 4410 astris
1080 4370 1361 4426 :equavero
1390 4373 1402 4408 :
1433 4356 1555 4423 quia
1579 4354 1716 4423 apud
1742 4368 1878 4422 quos

279 4446 457 4517 ignoti
484 4462 673 4501 sumus
702 4448 940 4502 moribus
983 4451 1179 4502 nostris
1199 4490 1213 4515 ,
1241 4448 1308 4503 de
1342 4448 1613 4502 sodalibus
1643 4446 1880 4499 testima-

280 4554 433 4593 mur.
480 4538 619 4593 Vere
670 4538 841 4594 fateor
896 4540 1235 4609 splendorem
1278 4538 1620 4594 conscientiae
1663 4545 1876 4600 vestrae,

1978 1955 2129 2010 dere.
2164 1956 2185 1987 δ
2219 1956 2392 2011 Habes
2422 1957 2859 2026 praerogativam,
2900 1955 2945 2010 si
2973 1958 3110 2010 bene
3149 1956 3409 2024 conjicio,
3440 1958 3559 2025 plus

1977 2048 2208 2102 amantis
2250 2065 2264 2102 ε
2296 2049 2385 2117 qui
2415 2058 2470 2103 et
2506 2056 2627 2117 post
2656 2049 2971 2118 productum
3013 2047 3211 2101 silentii
3254 2050 3415 2102 vestri
3452 2056 3561 2102 stu-

1978 2138 2123 2193 dium
2156 2139 2362 2209 loquor,
2395 2149 2450 2195 et
2471 2140 2642 2195 debeo
2668 2139 2991 2194 verecundia
3018 2139 3393 2193 commendare
3418 2140 3559 2208 quod

1979 2230 2143 2283 tacui.
2169 2228 2321 2284 Nunc
2352 2239 2550 2296 tamen,
2582 2246 2648 2283 ne
2678 2228 2981 2297 epistolaris
3010 2229 3351 2284 concinnatio
3383 2239 3559 2284 trans-

1977 2334 2164 2388 gressa
2194 2321 2482 2374 terminum
2512 2320 2832 2374 devenustet
2867 2330 3139 2374 auctorem
3161 2364 3175 2386 ,
3221 2321 3560 2376 salutationis

1977 2412 2198 2465 servitia
2229 2412 2546 2480 deponendo
2572 2452 2587 2475 ,
2628 2412 2729 2466 etsi
2757 2427 2997 2475 mereor,
3042 2411 3333 2481 dignationi
3366 2423 3561 2467 vestra:

1979 2502 2345 2558 conciliandus
2364 2517 2629 2557 occurro:
2653 2504 2773 2571 quia
2805 2503 3071 2570 potiorum
3098 2502 3392 2556 sublimitas
3414 2517 3561 2556 eom-

1981 2597 2234 2650 munioue
2262 2598 2586 2665 geminatur,
2616 2604 2670 2649 et
2700 2595 2865 2648 facem
2898 2595 3108 2661 praefert
3134 2594 3559 2651 eminentissimo

1978 2689 2148 2756 gratia
2178 2703 2432 2744 concessa
2465 2688 2739 2755 subjectis.

2484 2778 2817 2833 EPISTULA
2858 2775 3044 2831 XXIII.

2458 2884 2708 2923 ENNODIUS
2739 2883 3081 2922 CONSTANTIO.

2049 2966 2104 3020 Si
2136 2966 2319 3020 liceret
2344 2979 2463 3019 cum
2492 2964 2856 3032 magnitudine
2885 2971 3057 3016 vestra
3089 2975 3237 3025 aequa
3262 2970 3407 3014 sorte
3432 2976 3559 3017 con-

1979 3056 2125 3111 tendi
2156 3071 2170 3109 :
2201 3057 2247 3109 si
2279 3056 2538 3119 honores,
2573 3066 2725 3117 aetas,
2760 3054 3005 3103 interitum
3039 3051 3180 3118 quod
3208 3050 3357 3103 vobis
3386 3052 3557 3104 facem

1977 3146 2250 3214 prmtulit,
2297 3161 2393 3197 nos
2432 3158 2537 3197 non
2580 3146 2629 3196 in
2662 3144 2901 3194 umbram
2936 3151 3186 3209 cogeret,
3242 3155 3342 3208 ego
3385 3144 3558 3210 potius

1898 3233 1947 3298 C
1984 3239 2195 3294 culmen
2227 3247 2460 3293 vestrum
2497 3239 2565 3292 de
2603 3233 2917 3289 tabellarum
2948 3232 3269 3289 abstinentia
3296 3232 3416 3304 jure
3443 3234 3559 3289 eul-

1977 3346 2187 3400 parem;
2213 3330 2302 3396 qui
2322 3338 2597 3397 postquam
2621 3326 2684 3378 ad
2714 3326 2898 3379 urbem
2919 3325 3137 3377 Romam
3160 3325 3383 3393 profecti
3409 3325 3558 3393 estis,

1978 3423 2123 3476 nulla
2168 3436 2255 3477 me
2297 3418 2682 3475 recordationis
2712 3416 2863 3485 fruge
2902 3416 3243 3470 sublevastis.
3280 3415 3386 3470 Sed
3418 3417 3560 3481 vide,

1978 3531 2074 3586 per
2120 3529 2299 3569 rerum
2350 3510 2738 3582 providentiam
2788 3524 2945 3577 quam
2996 3515 3148 3561 cauta
3177 3515 3261 3561 est
3289 3507 3561 3561 seniorum

1978 3608 2341 3677 dispensatio,
2372 3617 2424 3659 et
2454 3603 2723 3658 fabricatis
2754 3602 2908 3671 plena
2938 3599 3277 3653 sermonibus
3308 3614 3320 3649 :
3350 3612 3560 3666 praeve-

1979 3701 2121 3753 nitttr
2152 3697 2383 3768 querelis
2413 3696 2714 3749 innocentia
2742 3710 2754 3745 :
2779 3701 2833 3745 et
2860 3704 2927 3745 tte
2952 3689 3188 3743 dolorem
3216 3703 3367 3742 suum
3402 3689 3454 3742 in
3487 3688 3562 3741 lu-

1981 3808 2097 3848 cem
2130 3793 2409 3860 producat,
2442 3786 2679 3855 arguitur
2713 3802 2726 3839 :
2759 3784 2815 3835 fit
2841 3798 2953 3847 rea,
2982 3796 3048 3835 ne
3079 3779 3255 3835 faciat.
3289 3780 3426 3849 Ergo
3451 3778 3563 3833 haec

1981 3886 2110 3940 mihi
2138 3883 2439 3952 digrediens
2471 3880 2731 3949 promissa
2763 3877 3108 3931 contuleras?
3136 3875 3249 3929 haec
3280 3875 3560 3928 deoscula-

1981 3985 2091 4028 tum
2124 3974 2310 4028 fiducia
2344 3972 2652 4033 sublevasti,
2681 3979 2737 4023 ut
2763 3968 3036 4022 crederent
3066 3966 3169 4020 mei
3225 3965 3563 4019 immemores

1981 4086 2078 4125 vos
2105 4067 2353 4123 futuros?
2392 4082 2459 4120 an
2492 4063 2559 4118 ad
2586 4061 2729 4117 aliud
2757 4061 3023 4114 attributa:
3051 4066 3177 4112 sunt
3202 4059 3429 4128 paginm,
3461 4055 3563 4111 nisi

1983 4172 2042 4217 ut
2090 4170 2295 4215 secreta
2345 4169 2622 4227 pectorum
2672 4154 2781 4208 oris
2828 4154 2975 4207 clave
3026 4149 3406 4203 manifestent?
3456 4146 3563 4202 Sed

1983 4255 2224 4307 abstineo
2252 4249 2554 4320 prolixitate
2580 4245 2806 4314 paginali
2829 4286 2844 4309 ,
2879 4259 2945 4297 ue
2973 4244 3309 4311 grandiorem
3341 4245 3562 4308 generet

1984 4343 2349 4402 confabulatio
2378 4340 2633 4408 producta
2662 4350 2964 4388 rancorem.
2991 4334 3071 4387 Ad
3098 4334 3431 4385 salutationis
3462 4331 3561 4385 ob-

1986 4437 2170 4505 sequia
2198 4448 2282 4488 me
2312 4433 2514 4487 reduco
2536 4468 2550 4493 ,
2577 4438 2770 4494 rogans
2801 4432 2859 4477 ut
2886 4439 2981 4490 pro
3012 4439 3096 4474 me
3126 4423 3262 4489 apud
3292 4420 3562 4487 apestolos

1988 4529 2079 4583 Dci
2107 4538 2293 4594 preces
2320 4521 2583 4584 efl‘undas,
2612 4526 2671 4570 ut
2692 4535 2702 4565 ι
2724 4530 2875 4568 orum
2906 4513 3176 4566 beneficiis
3199 4508 3439 4563 mortalis
3468 4525 3562 4561 an-

283 4632 449 4687 famze
477 4632 613 4699 vice,
639 4600 953 4702 copiosius;
984 4632 1168 4687 en‘udi,
1201 4635 1337 4686 Αῃιθ
1362 4631 1647 4685 adventum
1676 4627 1874 4683 culmi-
1903 4613 1958 4675 Ῑ)
1981 4620 2167 4691 gustia:
2194 4622 2474 4685 superetur
2500 4607 2825 4672 obscenitas,
2846 4614 2901 4660 et
2930 4603 2996 4659 de
3026 4618 3157 4702 pttr‘o
3190 4600 3561 4656 mandatorum

283 4725 370 4778 nis
399 4722 523 4788 tui,
555 4723 815 4793 obsequio
851 4723 1118 4779 sermonis
1152 4724 1255 4778 mei
1296 4724 1347 4777 in
1390 4721 1601 4790 Liguria
1631 4761 1644 4785 ,
1690 4717 1877 4790 quanti

283 4816 508 4884 essetis,
540 4818 790 4871 innotuit.
824 4818 933 4873 Deo
958 4818 1175 4888 gratias,
1205 4818 1293 4888 qui
1318 4832 1438 4872 cum
1466 4817 1728 4871 sententia
1756 4829 1878 4869 mea

285 4914 304 4933 '
332 4908 748 4979 generalitatem
778 4908 901 4964 fecit
929 4909 1128 4964 habere
1155 4909 1519 4964 concordiam.
1554 4909 1764 4964 Utinam
1792 4921 1879 4963 me

287 5018 399 5058 non
435 5002 743 5057 humiliaret
782 5015 1063 5074 paupertas
1093 5003 1326 5071 ειοιμιίἰῑ
1378 5002 1497 5071 plus
1530 5002 1727 5056 habent
1756 5011 1880 5056 vota

288 5094 355 5151 de
387 5095 600 5149 meritis
627 5096 728 5150 tuis
755 5136 770 5161 ,
814 5110 971 5165 quam
1014 5095 1247 5164 proferat
1274 5096 1452 5162 lingua
1485 5095 1551 5148 de
1580 5092 1829 5147 laudibus
1857 5108 1874 5147 :

290 5184 453 5255 inops
484 5184 745 5240 facundia:
773 5200 867 5254 per
897 5200 1240 5255 quoscunque
1268 5186 1523 5254 Strepitus
1549 5200 1666 5254 qua:
1693 5182 1878 5253 gloria:

292 5289 399 5334 tua:
443 5286 730 5348 potuerunt
769 5278 1056 5333 convenire
1080 5321 1095 5345 ,
1138 5293 1242 5332 non
1283 5277 1443 5332 tacui.
1485 5277 1641 5332 Facta
1675 5285 1759 5330 est
1788 5275 1879 5329 lux

294 5371 440 5441 genii
473 5372 635 5427 vestri
681 5372 1022 5427 conscientia:
1062 5386 1196 5428 mea:
1238 5372 1646 5427 demonstratio.
1686 5368 1879 5425 Procul

372 5530 387 5559 ³
430 5528 485 5583 In
514 5528 644 5583 edit.
678 5527 884 5583 Schotti
903 5567 918 5593 ,
948 5529 1241 5594 ingenuum.

371 5598 396 5629 ⁹
432 5598 485 5652 1η
513 5598 641 5652 edit.
676 5597 903 5664 Schotti,
937 5598 1154 5666 e/Tundi.

371 5669 395 5699 ³
437 5667 710 5740 νεηίιῃιὶο]
743 5668 865 5721 Viro
895 5670 1211 5731 clarissimo,
1247 5668 1338 5722 lib.
1370 5665 1625 5740 tv,‘epist.
1654 5665 1880 5740 9._»I)uos

303 5739 458 5807 hujus
481 5742 579 5793 aevi
600 5736 891 5792 Venantios
915 5747 1299 5794 commemorat
1318 5736 1683 5807 Cassiodorus.
1703 5737 1878 5790 Unum

303 5813 472 5865 virum
501 5810 845 5877 spectabilem
868 5851 884 5876 ,
916 5821 1276 5864 correctorem
1314 5807 1557 5861 Lucania:
1585 5815 1637 5859 et
1671 5806 1877 5877 Brittio-

305 5898 425 5937 rum
453 5873 547 5937 lib.
579 5896 672 5948 ιιι,
712 5873 878 5951 epist.
917 5881 949 5937 8
977 5890 1033 5937 et
1059 5880 1160 5949 46,
1185 5894 1341 5952 quem
1379 5877 1591 5947 quidem
1632 5873 1879 5934 eumdem

1984 4712 2283 4769 etelestium
2314 4707 2527 4763 tramite
2559 4717 2711 4759 mens
2739 4716 2929 4757 serena
2960 4696 3276 4768 gratuletur.

2497 4792 2827 4850 EPISTULA
2866 4789 3055 4843 XXIV.

2503 4901 2755 4944 ENNODIUS
2794 4898 3037 4940 LACONIU.

1986 4989 2034 5024 “'~
2056 4990 2201 5044 Bene
2247 4985 2443 5056 cupitis
2483 4993 2712 5051 superna
2755 4975 3083 5046 dispensatio
3113 4973 3259 5029 dedit
3292 4973 3561 5038 effectum,

1986 5092 2040 5140 et
2058 5084 2126 5137 de
2152 5079 2410 5151 negotiosi
2431 5074 2712 5131 occasione
2734 5069 2981 5139 colloquii
3007 5068 3294 5121 fraternam
3321 5067 3564 5122 refovens

1986 5177 2338 5245 diligentiam,
2370 5169 2511 5240 quod
2544 5164 2826 5235 putabatur
2856 5160 3239 5226 necessarium,
3266 5160 3389 5214 fecit
3414 5169 3565 5227 opta~

1986 5270 2113 5325 bile.
2144 5268 2280 5323 Hinc
2308 5264 2541 5320 cmlestis
2570 5274 2698 5315 cura
2730 5259 2874 5328 nepti
2903 5273 3037 5314 meae
3068 5272 3283 5327 procum
3316 5271 3420 5309 non
3450 5268 3562 5305 om-
3626 5277 3635 5288 ι

1984 5364 2111 5416 nino
2128 5377 2158 5415 a
2176 5357 2433 5429 sanguine
2452 5364 2637 5410 nostro
2656 5354 3083 5424 peregrinantem
3100 5351 3261 5422 jussit
3274 5347 3557 5403 accedere:

1984 5518 2149 5573 fuisse
2179 5530 2297 5570 cum
2343 5511 2659 5566 Ennodinno
2700 5508 2831 5563 nihil
2870 5516 3033 5561 vetat.
3080 5504 3316 5582 Alterum
3341 5498 3561 5582 Liberii

1986 5590 2149 5643 filiuni
2176 5629 2188 5651 ,
2236 5586 2406 5639 virum
2458 5584 2715 5637 illustrem
2743 5622 2757 5641 ,
2805 5584 2891 5646 qui
2933 5589 3111 5651 eomes
3149 5574 3560 5651 domesticorum

1986 5642 2219 5724 vacans,
2251 5666 2463 5709 creatur
2505 5671 2533 5707 a
2570 5642 2901 5724 Theoderico
2932 5648 3021 5697 lib.
3067 5657 3101 5695 ιι
3124 5686 3148 5723 ,η
3177 5646 3333 5724 epist:
3379 5642 3475 5707 15,
3508 5649 3563 5696 et

1987 5712 2279 5784 Vienattti'us
2312 5726 2560 5795 patricius
2594 5725 2783 5795 dicitur
2818 5718 2908 5770 lib.
2950 5729 3031 5781 tv,
3066 5714 3223 5783 epist.
3258 5712 3346 5767 56.

2056 5800 2076 5831 ⁸
2119 5802 2169 5853 Itt
2199 5791 2327 5852 edit.
2360 5798 2589 5865 Schotti,
2615 5791 2813 5843 Habeo.
2866 5856 2877 5865 _
2978 5858 2998 5865 Α
3030 5856 3059 5865 _
3117 5855 3131 5865 _

2056 5874 2075 5894 ⁶
2115 5862 2533 5933 Generalitatem]
2566 5862 2646 5917 Att
2672 5856 2999 5931 generalem?
3028 5855 3134 5914 Sed
3162 5855 3293 5912 nihil
3317 5861 3486 5909 muto.
