4186 6252
209 313 308 371 101

1505 310 1837 369 EPISTOLA
1850 311 1995 370 RUM
2036 314 2163 370 LIB.
2212 315 2296 372 νι.

3396 321 3494 386 109.

225 428 3384 458 MM

1345 535 1725 678 LIBER
1789 532 2334 646 SEXTUS.

703 809 1039 868 EPISTOLA
1082 809 1309 864 PRIMA.

669 918 926 958 εκκουηέ
967 901 984 932 ί
1025 919 1346 958 ΡΑῐιτιιτ-ῑκιο.

279 996 386 1051 Nisi
430 1005 482 1050 te
513 994 756 1050 efflictim
791 984 1068 1066 diligerem
1094 1037 1107 1059 ,
1142 1005 1196 1048 et
1235 996 1305 1062 pii
1347 994 1522 1050 cordis
1564 996 1804 1051 soliditas

209 1091 576 1146 indemntaliili
612 1089 793 1145 radice
818 1097 1120 1152 constaret,
1154 1099 1334 1156 posset
1366 1090 1680 1158 injuriarum
1714 1091 1805 1144 do-

209 1181 321 1238 lore
369 1193 723 1254 provocitus,
770 1183 849 1236 vel
898 1197 1017 1235 cum
1066 1181 1348 1251 pueriliter
1392 1183 1677 1247 irasceris,
1720 1182 1805 1239 vel

212 1291 328 1332 cum
366 1287 684 1347 arroganter
729 1274 996 1342 supplicas
1021 1317 1036 1341 ,
1072 1276 1421 1329 commoveri.
1474 1274 1612 1329 Nihil
1661 1275 1804 1330 enim

213 1369 443 1434 invenio,
470 1368 612 1438 quod
637 1370 706 1421 sit
730 1367 983 1421 fabricata
1009 1366 1309 1421 humilitate
1332 1368 1635 1436 superbius.
1661 1367 1807 1421 Prte-

214 1461 324 1516 fero
367 1459 722 1516 contumelias
779 1459 968 1512 fucata:
1017 1458 1213 1512 frontis
1257 1457 1527 1526 obsequiis
1563 1477 1576 1513 :
1619 1460 1808 1514 transit

215 1554 624 1610 amaritudinem
651 1549 878 1606 dulcedo
905 1550 1175 1605 simulata.
1211 1549 1324 1605 Non
1353 1566 1486 1620 opus
1511 1560 1594 1606 est
1619 1550 1808 1621 depre-

217 1649 534 1716 cationibus,
557 1646 600 1701 si
623 1663 742 1718 quae
768 1655 820 1700 te
841 1655 1030 1700 catena
1065 1652 1241 1699 nectat
1269 1645 1541 1714 intelligis.
1580 1645 1807 1701 Poscant

217 1755 314 1812 pro
342 1737 651 1794 excessibus
692 1737 904 1791 veniam
928 1777 950 1817 ,Ι
986 1735 1180 1806 quibus
1217 1745 1298 1790 est
1332 1736 1554 1790 liberum
1589 1749 1693 1790 non
1722 1751 1807 1806 pa-

217 1847 355 1886 rere.
386 1830 460 1884 Ita
496 1829 721 1882 famulos
756 1827 910 1882 nobis
938 1821 1173 1882 creleStis
1199 1827 1386 1896 iudicii
1429 1827 1690 1882 claritudo
1721 1829 1808 1883 de-

219 1925 439 1994 putavit,
476 1933 532 1976 ut
562 1923 613 1976 in
641 1936 955 1991 quacunque
987 1934 1139 1975 mens
1171 1929 1319 1988 parte
1354 1920 1664 1984 deﬂexerit,
1698 1921 1807 1975 illo-

216 2030 328 2070 rum
379 2014 677 2068 necessitas
714 2012 1020 2066 inclinetur.
1077 2011 1168 2064 Ille
1217 2020 1493 2079 exspectat
1541 2011 1802 2079 clemens,

214 2107 302 2176 qui
335 2106 680 2169 deStrictuni,
727 2105 768 2157 si
813 2104 973 2171 velit,
1010 2102 1240 2157 refutare
1283 2103 1450 2170 possit
1501 2103 1802 2170 imperium.

215 2195 375 2254 Haud
408 2196 589 2266 procul
623 2207 672 2250 te
700 2196 765 2250 ab
792 2196 891 2250 hoc
929 2194 1116 2248 ordine
1157 2195 1370 2264 evagari
1406 2203 1642 2263 potestas
1672 2196 1802 2249 melii

216 2307 245 2345 a
296 2290 408 2346 Deo
454 2291 712 2345 attributa
763 2290 1007 2356 patietur.
1065 2289 1263 2356 Optare
1331 2296 1382 2340 te
1434 2285 1682 2339 convenit
1745 2300 1810 2340 ne

215 2382 684 2440 mansuetudinem
743 2397 899 2452 quam
935 2382 986 2435 in
1037 2396 1123 2436 me
1171 2379 1433 2450 praedicas
1497 2381 1810 2434 meritorum

219 2485 431 2533 tuorum
461 2475 826 2530 consideratio
852 2475 990 2544 justa
1023 2474 1358 2541 devenustet,
1390 2483 1441 2527 et
1469 2472 1682 2543 pietatis
1716 2483 1816 2527 tra-

216 2571 398 2625 mitem
423 2570 699 2638 culparum
732 2568 1018 2622 multitudo
1047 2567 1329 2635 depretiet.
1363 2565 1534 2630 Licet,
1560 2567 1612 2620 ni
1641 2565 1812 2630 fallor,

219 2661 639 2718 misericorditer
669 2660 906 2714 vindicta
929 2659 1214 2714 comitatur
1244 2667 1512 2713 errantem
1532 2701 1544 2725 ,
1579 2671 1680 2711 nec
1711 2657 1816 2710 ulla

219 2766 306 2812 est
334 2757 506 2825 potior
534 2755 786 2824 patientia
845 2754 944 2808 nisi
971 2769 1088 2824 qua:
1115 2752 1260 2807 vitiis
1284 2735 1621 2806 aditum'non
1651 2750 1821 2805 reclu-

220 2849 304 2903 dit
330 2891 346 2914 ,
374 2863 403 2902 a
433 2857 485 2903 te
505 2856 678 2902 tamn
708 2845 936 2902 facessat
964 2845 1256 2916 indignatio
1283 2854 1464 2900 nostra
1491 2861 1504 2897 :
1529 2843 1650 2911 quia
1675 2843 1818 2914 quod

219 2937 554 3009 deliqueris,
588 2953 692 2992 non
723 2938 957 2992 inclusus
984 2936 1138 2991 dolor
1167 2948 1218 2988 ct
1249 2937 1417 3004 gratia
1461 2934 1680 2989 fal‘ente
1712 2949 1822 2988 ser-

221 3043 374 3086 vatus
398 3075 412 3097 ,
449 3031 546 3085 sed
580 3033 795 3085 verbera
830 3029 1185 3098 castigabant.
1238 3027 1388 3082 Nunc
1428 3043 1533 3082 uno
1574 3027 1735 3082 modo
1767 3027 1818 3081 in

224 3124 524 3180 cicatricem
571 3137 768 3193 cogere
812 3121 1031 3178 vulnera
1073 3119 1441 3190 intemperatis
1479 3119 1820 3174 sermonibus

226 3217 430 3282 ingesta
460 3213 811 3284 prtevalebis,
842 3213 888 3267 si
921 3225 973 3269 te
999 3227 1095 3282 per
1123 3213 1360 3266 culmina
1390 3211 1626 3266 liberalis
1657 3210 1826 3278 studit

227 3309 516 3378 ingenitum
545 3308 790 3362 doctrina
826 3305 1226 3361 monstraverit.
1278 3306 1526 3373 Veniam,
1556 3303 1657 3358 nisi
1686 3304 1826 3373 peri-

229 3404 299 3457 tia
327 3401 680 3471 suffragante.
712 3417 818 3456 non
850 3401 1030 3468 exiges
1058 3415 1074 3454 :
1109 3408 1333 3462 mutata,
1360 3414 1462 3468 qua
1494 3406 1650 3452 notus
1681 3411 1820 3459 sum,

1831 772 1879 829 Α
1913 797 2237 856 transmitto.
2277 802 2426 868 Quod
2459 813 2735 877 superest,
2769 812 3087 867 reverentiae
3117 821 3310 871 vestrae
3353 818 3498 887 quid-

1908 888 2034 956 quid
2076 890 2236 946 habet
2278 893 2548 951 humilitas
2595 899 2901 957 devotionis
2949 905 3250 974 oll'erimus,
3300 914 3498 979 suppli-

1906 995 2034 1035 cans
2075 993 2130 1038 ttt
2161 985 2364 1042 litteras
2390 999 2598 1047 vestras
2650 994 2736 1050 vel
2782 1010 2878 1066 pro
2920 1013 3161 1056 mearum
3185 1003 3498 1061 assiduitate

1904 1074 2012 1144 jam
2047 1093 2274 1134 merear.

2469 1176 2794 1234 EPISTULA
2839 1182 2925 1238 Ill.

2412 1284 2666 1324 ENNODIUS
2699 1288 2991 1333 EUPREPIAS.

1982 1353 2180 1410 Rerum
2217 1359 2454 1413 omnium
2488 1377 2675 1417 cursus
2708 1367 2979 1437 obsequiis
3009 1373 3271 1442 CorpOris,
3308 1379 3500 1430 anima-

1907 1458 2025 1500 rum
2054 1457 2261 1501 constat
2302 1449 2529 1518 imperio
2563 1471 2578 1506 :
2607 1455 2748 1509 aliud
2782 1458 3025 1512 nobilitat
3059 1463 3293 1518 C(Blestis
3322 1467 3499 1520 affini-

1911 1547 1991 1594 tas
2021 1582 2034 1606 ,
2084 1540 2224 1596 aliud
2273 1541 2502 1612 abjectio
2534 1555 2744 1602 terrena
2784 1550 3071 1607 submittit.
3118 1553 3228 1610 Nec
3269 1556 3501 1615 liberum

1909 1641 1991 1686 est
2039 1642 2096 1687 ut.
2126 1651 2231 1704 quo
2258 1652 2408 1692 mens
2434 1639 2541 1693 Deo
2565 1653 2785 1710 parente
2811 1645 3003 1700 collata
3035 1646 3334 1718 deﬂexerit,
3357 1651 3503 1721 quod

1909 1721 1978 1776 de
2033 1724 2231 1780 ultimis
2269 1739 2603 1799 assumptum
2648 1745 2730 1788 est
2789 1751 2893 1790 non
2923 1748 3218 1808 sequatur:
3255 1756 3353 1796 nec
3383 1741 3504 1799 licet

1914 1816 2136 1871 militem
2170 1819 2378 1875 obviam
2414 1839 2627 1880 manum
2657 1827 2891 1882 decretis
2923 1830 3260 1900 imperatoris
3287 1833 3502 1891 afferre.

1915 1907 2047 1962 llinc
2109 1909 2333 1981 Crispus
2377 1919 2604 1971 asseruit
2671 1919 2809 1974 aliud
2842 1921 2997 1976 nobis
3025 1938 3146 1978 cum
3172 1924 3272 1979 diis
3297 1966 3313 1990 ,
3359 1926 3505 1982 aliud

1912 2015 2033 2054 cum
2068 2002 2258 2057 bt-llnis
2291 2020 2411 2060 esse
2457 2021 2759 2065 commune.
2792 2013 2812 2044 ³
2847 2013 3012 2081 llujns
3055 2015 3248 2068 secreti
3300 2017 3507 2074 ratione

1913 2109 2032 2146 cum
2066 2095 2377 2150 absentibus
2425 2103 2848 2170 peregrinantur,
2881 2117 2934 2158 et
2965 2107 3108 2162 salva
3142 2109 3508 2166 membrorum

1913 2186 2224 2241 valetudine
2248 2231 2262 2254 ,
2314 2203 2586 2246 amantum
2621 2195 2858 2251 febribus
2907 2212 3196 2256 aestuamus
3231 2219 3243 2256 :
3273 2217 3370 2272 per
3396 2204 3508 2261 hac

1916 2279 2127 2333 vincula
2176 2282 2318 2336 nulla
2374 2283 2622 2340 itinerum
2672 2287 3044 2358 interjectione
3083 2294 3412 2362 dividimur,
3455 2305 3510 2352 et

1917 2375 2177 2441 segregati
2227 2375 2541 2431 habitaculis
2567 2421 2582 2444 ,
2632 2381 2683 2434 in
2714 2397 2876 2437 unum
2909 2384 3099 2438 studiis
3137 2389 3507 2446 convenimus.

1919 2463 2068 2518 Nosti
2096 2511 2109 2530 ,
2146 2481 2300 2521 soror
2330 2465 2651 2525 venerabilis
2675 2513 2689 2538 ,
2723 2480 2778 2527 et
2804 2489 3018 2532 omnem
3047 2479 3186 2547 apud
3217 2495 3302 2534 me
3331 2488 3510 2535 trans-

1920 2573 2102 2626 gre~sa
2135 2558 2496 2628 dulcedinem,
2519 2579 2638 2633 quae
2669 2566 3030 2634 praefationem
3063 2571 3330 2639 exegisset
3354 2586 3512 2627 occa-

1923 2652 2026 2706 sio.
2083 2652 2232 2707 Nunc
2278 2669 2464 2724 aperta
2517 2667 2693 2712 tecum
2738 2671 2794 2715 et
2833 2663 3050 2734 prodiga
3096 2665 3313 2732 pudoris
3343 2665 3515 2722 fronte

1923 2745 2261 2813 Congrediar.
2334 2745 2431 2801 Vix
2493 2764 2611 2813 quae
2657 2758 2782 2806 ante
2833 2751 3112 2809 direxeras
3154 2754 3515 2812 blandimenta

1929 2838 2158 2890 sustinui
2198 2856 2210 2889 :
2245 2848 2363 2908 post
2391 2840 2815 2899 admonitionem
2842 2862 3014 2901 meam
3041 2847 3268 2919 duplicia
3297 2850 3348 2903 itt
3377 2850 3515 2905 litte-

1926 2927 1999 2979 ris
2031 2929 2186 2983 mella
2214 2931 2426 2998 ftnlisti,
2471 2949 2589 3004 qum
2619 2946 2724 2991 tota
2758 2940 2989 3008 pectoris
3020 2950 3232 2994 secreta
3262 2951 3516 2998 concute-

1929 3029 2127 3092 rentet
2161 3021 2225 3076 ad
2270 3025 2594 3078 desiderium
2631 3027 2705 3080 tui
2754 3031 3018 3096 captivam
3057 3031 3289 3087 animam
3332 3035 3516 3090 relicta

1927 3113 2174 3181 corporis
2204 3113 2332 3166 sede
2365 3116 2738 3171 transferrent.
2790 3118 2959 3186 Quam
3026 3122 3188 3178 timeo
3233 3139 3299 3179 ne
3331 3141 3517 3182 rursus

1931 3203 1996 3257 ad
2030 3205 2291 3258 incertum
2344 3207 2650 3262 remittatur
2676 3209 2928 3278 allectio;
2976 3222 3031 3268 et
3073 3228 3194 3270 cum
3228 3225 3333 3274 tota
3365 3233 3518 3274 mens

1932 3293 2219 3366 dil'gentite
2264 3298 2379 3353 vela
2429 3300 2718 3367 laxaverit,
2760 3303 3020 3359 subducta
3073 3308 3367 3374 periculum
3412 3319 3521 3364 sta-

1934 3395 2076 3450 tione
2135 3397 2395 3464 patiatur!
2445 3399 2673 3453 Animus
2707 3414 2858 3454 meus
2889 3400 3010 3469 quia
3044 3400 3149 3456 fuci
3189 3405 3260 3458 sit
3308 3407 3520 3461 nescius

229 3498 353 3564 lege
382 3495 657 3564 parcendi,
695 3495 838 3549 circa
870 3493 1110 3550 desidem
1155 3494 1412 3547 srevitiam
1447 3492 1546 3546 sub
1579 3490 1823 3560 perenni'
1851 3523 1897 3586 α
1939 3489 2270 3558 cognovisti;
2317 3503 2416 3543 nec
2447 3490 2820 3546 detestabilem
2853 3491 2993 3548 inter
3026 3503 3268 3549 amantes
3299 3495 3519 3552 urbani-

229 3598 341 3643 tate
371 3588 612 3642 servabo.
662 3587 815 3655 Quod
859 3594 1043 3649 restat,
1080 3586 1245 3640 Deum
1278 3599 1493 3658 precor,
1527 3593 1582 3637 ut
1616 3586 1814 3650 valeas,

230 3686 373 3736 etde
405 3683 649 3736 versibus
679 3681 815 3745 tuis,
859 3680 1063 3736 caelesti
1097 3680 1278 3735 favore
1309 3679 1624 3745 comitatus,
1667 3695 1815 3748 spem

232 3787 420 3845 augeas
444 3790 604 3845 quam
636 3774 857 3829 dedisti.

816 3865 1147 3920 EPISTOLA
1181 3864 1240 3918 ll.

767 3972 1020 4010 ENNODIUS
1061 3970 1279 4010 FAI’STO.

296 4050 528 4103 Summa
545 4048 863 4118 gaudiorum
894 4057 976 4103 est
997 4048 1368 4116 Opportunitas
1397 4047 1701 4116 perlatoris,
1731 4046 1820 4116 qui

230 4143 473 4196 minister
496 4141 794 4212 diligentia:
841 4157 936 4212 per
977 4139 1321 4196 necessitates
1369 4156 1494 4195 suas
1543 4141 1822 4198 desideriis

230 4233 546 4301 obsequium
589 4241 806 4303 praestat
843 4234 1050 4288 alienis.
1105 4234 1254 4288 Hunc
1300 4233 1515 4304 quidem
1572 4235 1823 4287 honestas

229 4325 614 4390 commendat,
645 4335 698 4380 et
725 4327 1038 4395 peregrinus
1067 4327 1134 4380 ab
1182 4327 1364 4382 officio
1395 4329 1706 4382 mercatoris
1738 4341 1826 4397 pu-

230 4419 328 4474 dor
377 4419 622 4472 insinuat
664 4437 678 4473 :
721 4419 1003 4488 jungitur,
1050 4419 1192 4487 quod
1248 4419 1296 4474 ei
1344 4421 1531 4475 notitia
1575 4421 1825 4474 culminis

231 4513 398 4566 vestri
441 4511 510 4564 ad
539 4511 696 4566 ﬁdem
729 4512 1010 4579 probitatis
1051 4511 1296 4568 accessit.
1341 4506 1486 4567 Nam
1522 4511 1827 4580 scriptionis

232 4604 560 4658 veneranda:
607 4602 845 4674 frugibus
876 4605 991 4673 ipso
1029 4615 1367 4661 commeante
1413 4605 1636 4658 satiatus
1685 4619 1825 4661 sum.

235 4693 484 4749 Refnndo
512 4711 640 4765 ergo
670 4697 1001 4766 depositum,
1035 4697 1198 4752 officii
1228 4699 1343 4767 lege
1381 4698 1734 4761 con~tricms;
1776 4703 1831 4749 et

235 4802 395 4857 quem
444 4788 500 4841 in
549 4787 764 4858 Liguria
806 4788 1034 4856 positum
1081 4805 1178 4858 pro
1219 4790 1411 4844 virium
1462 4789 1830 4844 mediocritate

1935 3591 2093 3634 tatem
2128 3583 2294 3650 possit
2333 3599 2632 3638 assumere.
2684 3585 2797 3640 Tua
2843 3602 3030 3642 rursus
3055 3587 3326 3645 diversum
3357 3598 3518 3646 sexus

1926 3684 1980 3728 et
2009 3684 2196 3728 natura
2220 3675 2524 3744 pollicetur,
2545 3685 2604 3731 ut
2622 3677 2750 3733 dicit
2777 3680 3205 3749 sapientissimus
3233 3680 3515 3738 Salomon:

1925 3768 2112 3822 Anima
2141 3768 2160 3798 ³
2202 3783 2318 3838 quae
2360 3769 2413 3822 in
2459 3772 2728 3824 saturitate
2767 3779 2877 3840 est,
2925 3771 3057 3841 facit
3102 3771 3275 3827 t'lludit
3320 3774 3519 3844 (Prov.

1844 3865 1850 3870 '
1928 3875 2096 3926 xxvn,
2134 3861 2209 3928 7).
2261 3860 2374 3916 Scit
2428 3861 2714 3916 verborum
2761 3877 3002 3918 meorum
3053 3865 3205 3918 testis
3246 3873 3302 3920 et
3333 3863 3516 3934 judex,

1927 3949 2258 4018 disposuisse
2285 3967 2370 4005 me
2415 3952 2539 4024 (nisi
2571 3952 2706 4008 forte
2735 3953 2963 4008 subdolo
2991 3955 3178 4026 gratia:
3206 3971 3398 4026 sapore
3427 3957 3521 4015 dc-

1926 4041 2094 4111 cipiar
2119 4083 2132 4108 ,
2188 4051 2242 4098 et
2282 4043 2579 4114 degustatae
2619 4046 2860 4102 caritatis
2891 4049 3091 4104 sitienti
3126 4051 3312 4119 pocula
3343 4051 3523 4106 oblata

1927 4136 2294 4206 submovet-is)
2339 4139 2594 4206 spiritalis
2625 4140 2857 4210 c0ujugii
2892 4157 2994 4195 nun
3026 4143 3400 4212 simulacrum,
3429 4143 3524 4200 sed

1928 4229 2097 4299 ipsam
2150 4230 2374 4299 implere
2427 4232 2729 4288 veritatem.
2777 4233 2843 4288 Ut
2881 4234 3007 4290 dum
3057 4237 3198 4291 inter
3231 4253 3330 4291 nos
3360 4253 3524 4293 unum

1928 4325 2098 4389 velle,
2130 4332 2183 4377 et
2207 4340 2369 4378 unum
2401 4325 2543 4379 nolle
2573 4328 2916 4392 constiterit,
2949 4331 3031 4382 vel
3068 4330 3208 4398 quod
3243 4332 3413 4388 bonos
3453 4333 3523 4388 ad

1929 4415 2285 4482 imitationem
2325 4417 2596 4483 stimulet,
2631 4417 2715 4471 vel
2750 4417 2892 4486 quod
2935 4419 3106 4474 malos
3137 4420 3373 4490 alliciat,
3409 4437 3526 4476 om-

1932 4508 2075 4562 nium
2112 4510 2280 4562 oculis
2311 4519 2364 4563 ct
2397 4508 2664 4565 mentibus
2697 4509 2973 4567 exhibere.
3027 4512 3106 4566 Tu
3141 4521 3342 4572 tantum
3367 4553 3385 4582 ,
3418 4515 3527 4570 Deo

1933 4598 2110 4653 medio
2144 4639 2159 4664 ,
2210 4598 2471 4654 adversus
2519 4616 2736 4654 omnem
2773 4619 2889 4668 quac
2939 4620 3003 4656 ex
3043 4604 3247 4658 invidia
3289 4607 3528 4662 nascitur

1933 4692 2391 4762 impugnationem
2420 4736 2435 4757 ,
2472 4696 2680 4748 firmam
2729 4697 2980 4765 promitte
3010 4705 3063 4751 et
3095 4698 3527 4755 indetnulabilem

1933 4785 2254 4840 servandam
2283 4801 2404 4840 esse
2434 4790 2813 4840 constantiam.
2846 4788 3105 4853 Quocirca
3149 4790 3288 4854 vale,
3333 4791 3402 4843 mi
3431 4790 3530 4846 do-

237 4881 493 4950 suscepi,
525 4879 590 4932 ad
627 4881 894 4950 potissima
928 4883 1221 4951 patrocinia
1253 4882 1447 4938 tabella
1475 4892 1830 4953 prosequente
1855 4903 1912 4966 Β
1938 4881 2110 4945 mina,
2150 4888 2205 4933 et
2235 4877 2379 4933 brevi
2414 4893 2510 4948 pro
2549 4879 2800 4932 maximis
2838 4878 3210 4934 admonitione
3253 4890 3530 4949 contenta,

308 5041 327 5071 ⁸
381 5039 680 5112 Parthenio]
703 5041 987 5097 Germana:
1012 5043 1236 5097 Ennodii
1261 5045 1464 5100 sororis
1485 5041 1645 5097 filium
1671 5041 1834 5098 fuisse

244 5113 538 5184 docuerunt
570 5129 668 5166 nos
700 5115 901 5184 aliquot
943 5116 1220 5181 superiore
1253 5117 1390 5169 libro
1418 5115 1682 5184 epismlm,
1717 5115 1834 5182 qui-

247 5182 339 5235 bus
395 5183 739 5239 Parthenium
793 5182 1014 5240 Romani
1060 5187 1359 5241 sodiorum
1409 5182 1569 5241 causa
1622 5185 1836 5253 profici-

250 5265 480 5307 scentem
529 5257 999 5310 commendatione
1048 5272 1142 5310 sua
1204 5268 1514 5320 prosecutus
1559 5265 1660 5310 est.
1728 5257 1833 5310 Sed

251 5326 415 5398 sorori
449 5342 641 5380 nomen
679 5330 817 5396 quod
853 5327 1048 5396 fuerit,
1080 5344 1338 5398 nusquam
1366 5329 1583 5382 indicat.
1631 5329 1835 5394 Eupro-

255 5397 388 5459 [iam
413 5399 556 5451 enim
581 5415 684 5450 non
709 5416 831 5452 esse
861 5401 910 5452 id
936 5397 1357 5468 ostendit,quod
1391 5401 1672 5466 Euprepia:
1697 5399 1834 5453 filius

253 5480 352 5541 que
377 5489 403 5513 tt
437 5468 650 5524 unicum
681 5470 888 5541 habuit,
924 5471 1231 5541 Lupicinus,
1261 5487 1364 5524 non
1397 5471 1713 5524 Panhenius
1742 5485 1835 5523 vo-

254 5538 487 5592 cabatur.
526 5540 724 5596 Deinde
755 5538 1017 5611 Euprepia
1051 5546 1203 5596 vidua
1233 5551 1379 5603 erat;
1415 5541 1682 5595 Parthenii
1709 5556 1835 5593 vero

249 5620 402 5674 pater
441 5624 715 5682 superstes
744 5613 839 5666 lib.
887 5629 955 5665 vn
983 5657 994 5672 ,
1038 5615 1193 5682 epist.
1242 5616 1311 5668 5t)
1343 5622 1396 5666 et
1426 5614 1511 5666 5i.
1564 5614 1662 5664 Par
1691 5611 1834 5665 henii

243 5691 412 5802 gerro
440 5679 772 5738 nobilitatem
805 5694 855 5736 rt
888 5679 1403 5738 felicia’eruditionis
1429 5685 1664 5751 auspicia
1697 5683 1839 5736 cele-

285 5762 366 5802 rat
396 5754 446 5802 in
479 5753 719 5802 Dictione
749 5755 783 5802 4
808 5755 1147 5802 ςιιίιυιίιειὶοτι-
1181 5771 1280 5802 tnta
1307 5755 1505 5802 gratias
1530 5765 1636 5802 emt
1659 5770 1838 5802 aram-

285 5762 366 5803 rat
396 5754 446 5806 in
478 5753 719 5810 Dictione
749 5755 783 5807 4
808 5755 1148 5818 ειιίιυιιιδιὶατι,
1181 5771 1280 5823 qua
1307 5755 1505 5825 gratias
1530 5765 1636 5824 egit
1659 5770 1838 5824 grain-

243 5825 466 5890 matico,
493 5827 707 5894 quando
732 5826 1056 5882 Parthenius
1092 5830 1226 5881 bene
1251 5827 1532 5881 recitavit:
1560 5827 1686 5881 item
1715 5826 1836 5880 libri

1943 5041 2099 5105 huius
2122 5035 2279 5103 epist.
2303 5035 2395 5091 ΞΒ.
2425 5034 2628 5101 Quibus
2657 5036 2986 5102 argumentis
3013 5034 3201 5100 ducor,
3228 5045 3283 5090 tit
3312 5037 3379 5091 de
3415 5037 3537 5093 Par-

1945 5113 2125 5167 thenio
2155 5110 2246 5163 illo
2279 5109 2588 5177 conjiciatn.
2624 5107 2713 5175 qui
2750 5107 2998 5174 magister
3027 5105 3324 5162 officiorum
3353 5123 3416 5162 ac
3448 5127 3538 5178 pa-

1943 5184 2128 5237 tricius
2167 5183 2380 5235 tandem
2421 5181 2518 5232 fuit
2546 5195 2558 5230 :
2593 5179 2658 5229 ad
2688 5192 2846 5245 quem
2880 5186 3055 5232 t-xstat
3092 5179 3388 5246 elegiacunt
3421 5197 3540 5234 car-

1945 5271 2061 5309 Ineu
2097 5253 2338 5309 Aratoris
2363 5293 2376 5315 ,
2409 5249 2549 5318 quod
2583 5248 2674 5302 lib.
2707 5265 2759 5302 ix
2793 5251 3178 5317 producemtts,
3211 5254 3261 5304 in
3293 5268 3397 5319 qtto
3429 5266 3539 5303 sin-

1936 5339 2175 5394 gutaretn
2245 5323 2359 5391 ejus
2410 5320 2766 5394 eruditionem
2827 5336 2950 5394 cum
2997 5323 3209 5390 gent-ris
3263 5321 3540 5376 nobilitate

1937 5391 2301 5464 conjunctatn,
2333 5408 2393 5446 ac
2418 5394 2659 5464 diversas
2689 5391 2987 5461 legationes
3014 5402 3421 5448 commemorat.

2011 5463 2049 5498 ’ί
2071 5466 2292 5522 Sallust.
2325 5467 2376 5518 in
2407 5463 2565 5516 Catil.

2011 5537 2031 5569 ³
2069 5539 2257 5589 Anima
2284 5550 2398 5612 qua:
2435 5536 2489 5587 in
2532 5532 2832 5612 saturitate]
2881 5533 3171 5612 Ca~slanus
3214 5530 3398 5612 collat.
3449 5532 3537 5612 [ᾖ.

1940 5625 2057 5678 cap.
2097 5609 2164 5663 -15
2198 5623 2210 5661 :
2244 5602 2427 5658 Anima
2456 5623 2569 5676 qua:
2600 5608 2654 5660 in
2681 5602 2912 5678 artiﬁciale
2936 5615 3029 5663 est.
3063 5604 3192 5678 ιαινξε
3223 5602 3539 5678 illudit._En

1939 5668 2022 5736 est
2056 5680 2214 5732 lectio
2246 5668 2597 5750 interpretum
2632 5677 2771 5731 LXX
2806 5680 3004 5750 avexi:
3031 5668 3543 5750 inﬂa-intrpovgiobn

1941 5757 2129 5828 κηρίοις
2149 5744 2403 5828 deneget.
2429 5749 2536 5828 Nec
2557 5751 2782 5804 multum
2801 5744 3327 5815 discrepatVulgata,
3347 5744 3546 5801 'Am'nta

1942 5822 2174 5878 salttrttta
2201 5822 2413 5875 enicabit
2442 5825 2637 5885 favum.
