4186 6252
540 1013 549 1047 i

603 514 700 570 I07

1721 524 1988 586 ENNODII
2022 528 2329 589 EPISCOPI
2369 528 2758 590 TlCJNENSIS

3748 539 3853 599 M8

598 624 902 696 scriptionis
932 634 1126 683 vestrae
1157 642 1250 698 per
1276 629 1413 685 hanc
1438 630 1778 701 impetrasset
1808 636 2161 708 frequentiam
2191 642 2550 713 Adrgnetur;
2602 654 2864 712 quatenus
2900 644 3010 700 sub
3058 646 3498 704 confabulatione
3541 648 3722 706 votiva
3767 653 3852 722 pia

600 714 836 775 relevare
861 719 1041 775 munia
1070 734 1181 775 non
1208 720 1491 781 desistant.

1134 832 1457 889 EPISTOLA
1508 837 1648 892 XVI.

1106 938 1357 977 ENNODIUS
1398 942 1674 983 LUMINOSO.

675 1008 789 1063 Non
826 1011 1082 1065 deberent
1122 1028 1241 1068 esse
1284 1018 1554 1085 negotiosa
1597 1022 1859 1090 colloquia
1921 1037 2040 1092 quae
2080 1038 2176 1093 pro

600 1100 838 1154 remedio
870 1100 971 1154 sibi
999 1116 1149 1155 amor
1175 1104 1397 1171 invenit,
1425 1123 1525 1162 nec
1554 1110 1829 1179 religionis
1851 1112 2179 1180 stipendium

598 1189 664 1243 ad
692 1193 984 1246 necessaria
1012 1208 1108 1247 nos
1128 1204 1398 1264 oporteret
1420 1213 1646 1257 evocare
1670 1204 2029 1259 commercia:
2052 1206 2177 1274 quia

597 1278 758 1333 dulce
796 1290 938 1334 esset
976 1282 1321 1350 epistolarum
1352 1288 1530 1342 munia
1559 1289 1659 1344 soli
1687 1292 1919 1348 militare
1954 1308 2179 1350 concor-

596 1366 723 1431 diae,
770 1383 867 1422 nec
895 1383 1009 1424 rem
1041 1371 1333 1441 diligentiae
1372 1376 1423 1428 in
1455 1380 1679 1447 aucupia
1712 1383 2003 1438 transferre
2030 1397 2179 1438 com-

596 1457 797 1526 pendii.
833 1458 937 1513 Sed
977 1475 1063 1515 res
1094 1461 1159 1514 ad
1192 1462 1292 1517 hoc
1330 1465 1519 1532 rediit,
1549 1476 1607 1521 ut
1641 1470 1744 1523 nisi
1779 1472 1958 1526 senior
1985 1474 2177 1529 caritas

596 1562 715 1617 qua:
739 1549 875 1603 inter
900 1565 996 1605 nos
1019 1552 1086 1605 ab
1109 1552 1223 1622 ipso
1246 1554 1366 1611 vita:
1392 1557 1593 1615 lumine
1621 1546 1851 1632 sumpsit
1872 1565 2175 1635 exordium,

595 1648 651 1696 et
668 1653 761 1707 per
778 1639 950 1694 varias
966 1642 1296 1710 profectuum
1321 1645 1458 1700 vires
1479 1663 1706 1704 messem
1727 1654 1911 1721 gratia:
1928 1651 2180 1722 perduxit

595 1729 664 1783 ad
692 1744 891 1795 aream,
924 1734 1197 1801 compulsa
1235 1749 1332 1807 pro
1372 1740 1503 1792 meis
1535 1743 1770 1817 partibus
1796 1746 2015 1801 stimulo
2043 1751 2175 1803 scri-

594 1820 793 1889 ptionis
822 1833 1082 1893 assurgat,
1118 1826 1304 1892 grandi
1334 1827 1725 1899 ingratitudinis
1753 1845 1808 1890 et
1828 1837 2178 1896 detrimento-

2272 734 2541 789 desideria
2582 736 2944 790 subleventur.

2802 824 3143 883 EPISTULA
3183 827 3325 884 XIX.

2802 934 3059 975 ENNODIUS
3096 934 3295 976 FAUSTO
3304 964 3316 975 .
3369 948 3372 951 ‘

2348 1007 2635 1079 Postquam
2658 1010 2938 1066 desideriis
2967 1012 3102 1088 meis
3128 1010 3345 1069 videndi
3366 1025 3467 1071 vos
3484 1016 3716 1074 faCultas
3741 1018 3854 1075 ela-

2278 1113 2373 1168 psa
2396 1110 2514 1168 est,
2545 1104 2738 1157 iterum
2768 1103 2834 1157 ad
2862 1104 3068 1159 litteras
3092 1115 3249 1160 mens
3275 1106 3559 1164 revertitur
3592 1126 3605 1164 :
3648 1113 3856 1182 cogitur

2278 1192 2579 1261 abiuratum
2603 1210 2827 1265 poscere
2854 1198 3098 1267 paginale
3128 1192 3447 1271 subsidium,
3477 1214 3530 1259 ct
3556 1206 3855 1263 inStitutam

2279 1284 2592 1339 melioribus
2630 1287 2799 1355 copiis
2836 1289 3096 1354 animam,
3136 1294 3282 1361 quasi
3323 1292 3528 1351 vilioris
3566 1292 3667 1352 cibi
3709 1299 3857 1354 alere

2278 1383 2367 1426 aut
2387 1383 2687 1430 sustentare
2707 1380 3048 1434 commercio.
3072 1380 3117 1435 0
3126 1394 3289 1450 quam
3306 1398 3468 1453 grave
3486 1395 3590 1452 est,
3610 1392 3856 1456 quotiens

2278 1466 2439 1519 variis
2461 1468 2872 1545 necessitatibus
2896 1468 3281 1541 obsequentem
3310 1474 3524 1545 fugitiva
3546 1476 3765 1534 libertas
3786 1480 3855 1535 ad

2275 1570 2416 1610 nova
2444 1542 2687 1612 instituta
2712 1560 3044 1615 ‘transducitl
3064 1560 3201 1628 Quae
3228 1562 3357 1617 dura
3372 1542 3539 1632 sunt,
3573 1567 3855 1623 continua-

2272 1647 2422 1701 tione
2448 1647 2769 1718 franguntur
2801 1667 2814 1703 :
2850 1653 3083 1706 multum
3120 1652 3187 1709 de
3211 1655 3473 1723 gravitate
3510 1658 3691 1713 oneris
3727 1672 3854 1715 usus

2276 1736 2461 1791 incidit
2499 1754 2513 1801 ;
2557 1738 2748 1794 ﬂebilis
2798 1741 3037 1796 conditio
3074 1742 3138 1797 ad
3185 1754 3359 1813 optata
3402 1748 3520 1815 quae
3573 1761 3678 1801 non
3733 1758 3857 1803 sunt

2274 1842 2527 1882 mansura
2570 1830 2852 1897 perducit;
2876 1833 3043 1888 levior
3062 1848 3179 1888 sors
3196 1846 3279 1890 eet
3304 1836 3444 1890 curis
3459 1836 3671 1906 Iugibus
3699 1850 3857 1893 occu-

592 1922 712 1963 rum
734 1911 1014 1967 sterilitate
1034 1918 1323 1983 percutiar.
1354 1919 1366 1947 ¹
1392 1919 1634 1977 Meminit
1658 1926 1951 1994 amplitudo
1972 1938 2162 2001 vestra,

2278 1919 2408 1986 pati.
2450 1918 2567 1974 Hoc
2594 1935 2713 1975 sum
2739 1922 3013 1979 infelicior
3041 1934 3383 1994 pecmtomm
3420 1925 3585 1994 fasce,
3619 1930 3758 1998 quod
3791 1928 3856 1987 de

594 2012 712 2067 qua:
736 1999 802 2054 de
823 2001 1077 2070 expensis
1100 2018 1216 2072 quae
1237 2007 1377 2075 apud
1395 2007 1700 2067 Ravennam
1723 2013 2001 2086 episcopus
2023 1999 2162 2074 meus

2280 2005 2539 2062 bonarum
2562 2024 2744 2065 rerum
2772 2027 2967 2082 sapore
2990 2018 3218 2085 gustavi.
3262 2014 3367 2073 Sed
3392 2017 3523 2075 hinc
3549 2018 3700 2075 alias.
3742 2021 3854 2078 Deo

595 2090 826 2156 fecerat,
859 2108 943 2147 me
972 2095 1021 2148 ei
1059 2096 1473 2154 redhibitionem
1508 2106 1881 2174 promittente,
1912 2124 2007 2176 pro
2031 2111 2177 2165 sedis

598 2185 908 2252 apostolicae
932 2186 1185 2252 utilitate,
1226 2192 1497 2246 vobiscum
1537 2194 1698 2249 fuerit
1737 2198 2053 2254 collocutus.
2102 2202 2177 2259 De

592 2290 695 2345 qua
725 2279 1056 2334 restituenda
1094 2282 1323 2337 celerem
1353 2288 1720 2354 promiseratis
1758 2290 2005 2346 effectum
2034 2311 2046 2345 :
2079 2294 2175 2350 sed

592 2382 692 2437 pro
722 2371 952 2437 peccatis
990 2374 1123 2426 meis
1160 2376 1339 2429 nescio
1373 2378 1462 2444 qui
1506 2394 1661 2434 casus
1691 2385 1935 2451 opposuit
1964 2400 2173 2443 manus.

592 2458 671 2512 De
691 2474 791 2526 qua
813 2459 877 2514 ad
902 2475 986 2515 me
1009 2464 1248 2530 praedicti
1273 2467 1521 2522 antistitis
1549 2485 1607 2524 se
1629 2474 1892 2527 convertit
1919 2474 2170 2544 intentio,

592 2558 651 2603 ut
696 2551 777 2604 vix
832 2553 1071 2608 inducias
1115 2554 1181 2609 ad
1230 2560 1644 2615 sacratissimam
1695 2564 1878 2619 urbem
1931 2568 2172 2623 tribuerit

589 2641 912 2697 destinandi.
959 2645 1107 2699 Nunc
1136 2658 1257 2714 post
1284 2648 1448 2703 Deum
1489 2652 1541 2705 in
1573 2654 1723 2709 vobis
1749 2670 1904 2711 causa
1938 2669 2048 2725 est;
2080 2661 2172 2729 qui

588 2734 808 2802 potestis
836 2744 891 2789 et
919 2750 1202 2804 personam
1236 2754 1409 2795 meam
1440 2742 1736 2800 offensione
1767 2749 2032 2815 pontiﬁcis
2061 2753 2172 2807 mei

585 2835 640 2879 et
681 2825 1015 2881 detrimentis
1054 2831 1299 2897 eripere;
1347 2847 1413 2887 ne
1460 2834 1695 2889 officium
1742 2837 1865 2893 ﬁdei
1905 2841 2034 2894 milii
2078 2843 2170 2895 uni

586 2920 864 2986 peperisse
894 2920 1136 2974 videatur
1153 2922 1404 2978 adversa.
1468 2925 1691 2981 Domine
1714 2928 1805 2993 mi,
1835 2929 2168 2991 salutationis

585 3020 802 3062 munera
851 3010 1187 3078 persolvens,
1242 3013 1523 3070 Dominum
1565 3033 1777 3085 precor,
1818 3031 1880 3074 ιιι
1930 3022 2168 3076 animum

582 3108 816 3152 vestrum
838 3098 904 3153 ad
927 3100 1174 3157 utilitatis
1195 3119 1328 3158 meae
1349 3108 1831 3164 considerationem
1853 3111 2166 3168 incunctan-

583 3200 664 3245 ιθ(
689 3192 897 3246 invitet.
937 3193 1049 3261 Ego
1077 3196 1204 3263 quid
1244 3200 1469 3266 amplius
1517 3200 1745 3257 facerem
1790 3203 2164 3262 invenire’non

583 3282 750 3350 potui,
783 3282 882 3335 nisi
914 3293 967 3335 ut
1004 3298 1126 3337 cum
1163 3287 1482 3355 allegatione
1520 3293 1803 3348 manifesta
1831 3295 1992 3349 fidum
2030 3297 2160 3354 mihi

581 3369 865 3440 dirigerem
898 3372 1237 3440 perlatorem.

1108 3486 1439 3543 EPISTOLA
1481 3490 1642 3546 XVll.

907 3592 1161 3630 essemus
1200 3590 1531 3634 MARCELLINO
1574 3582 1837 3639 EPISCOPO.

652 3666 911 3734 Magnifici
958 3666 1055 3718 viri
1094 3668 1273 3721 domui
1306 3671 1655 3738 Stephanioni
1700 3675 1793 3729 filii
1836 3678 2001 3732 vestri
2034 3680 2159 3736 facit

578 3756 813 3825 dignatio
853 3764 909 3809 ut
964 3756 1271 3811 beatitudini
1318 3770 1504 3817 vestrae
1546 3763 1803 3833 legendus
1847 3782 2155 3839 occurram,

576 3847 728 3914 cujus
748 3847 1006 3902 beneficio
1027 3848 1232 3903 itineris
1254 3852 1450 3906 caritas
1471 3855 1789 3911 detrimenta
1814 3874 1919 3913 non
1940 3863 2156 3931 patitur,

574 3944 631 3992 et
677 3936 819 4005 quod
857 3942 1139 4005 praesentia
1182 3956 1287 3995 non
1333 3943 1490 4009 valet,
1533 3960 1784 4003 sermone
1820 3965 2153 4021 compensat.

575 4024 673 4082 His
701 4039 829 4096 ergo
855 4028 1068 4082 servitia
1098 4031 1413 4098 apostolatui
1447 4047 1628 4089 vestro
1655 4038 1830 4091 debita
1863 4056 2160 4107 repraesen-

572 4124 714 4185 tans,
758 4132 941 4184 quaero
975 4126 1032 4173 ut
1071 4134 1157 4173 me
1195 4123 1498 4177 orationum
1540 4127 1794 4196 suffragio
1836 4131 2157 4187 sublevetis:

572 4216 834 4276 quatenus
880 4207 1112 4264 insertus
1157 4212 1448 4267 venerabili
1501 4217 1865 4286 conscientiae,
1908 4220 1975 4275 de
2011 4228 2161 4280 omni

462 4340 475 4357 .
572 4312 783 4353 merear
823 4299 1147 4369 dignationis
1188 4312 1382 4358 vestrae
1411 4303 1561 4374 fruge
1586 4310 1875 4378 gratulari;
1931 4314 2049 4383 quia
2099 4315 2161 4367 ﬁ-

571 4387 744 4446 ducia
771 4406 905 4448 mea:
929 4405 1187 4449 coronam
1218 4404 1451 4449 vestram
1489 4412 1596 4452 non
1630 4400 1845 4472 ambigo
1876 4417 2161 4473 responsu-

571 4494 711 4538 ram.
1084 4574 1411 4631 EPISTOLA
1457 4576 1642 4632 XVIII.

1070 4682 1326 4721 ENNODIUB
1364 4682 1653 4724 DOIINICJB.

634 4768 788 4830 Fecit
826 4778 1133 4847 magnitudo
1175 4789 1353 4834 vestra
1393 4782 1533 4849 quod
1572 4791 1627 4836 et
1666 4785 1864 4840 sanctis
1914 4788 2149 4845 moribus

570 4866 683 4919 suis
709 4866 867 4920 debet
903 4878 954 4921 et
992 4870 1264 4939 sanguini,
1299 4881 1355 4925 ut
1386 4875 1797 4944 propinquitatis
1835 4882 2148 4935 memoriam

570 4956 766 5010 silentii
798 4972 903 5009 non
932 4960 1159 5026 patiatur
1188 4970 1405 5030 torpore
1433 4964 1795 5034 languescere.
1828 4969 1884 5023 ln
1912 4986 2150 5039 quacun-

569 5060 675 5114 que
720 5054 980 5101 terrarum
1022 5061 1175 5118 parte
1218 5054 1345 5108 vivit
1380 5056 1613 5112 affinitas
1645 5099 1660 5126 ,
1693 5074 1792 5114 nec
1837 5074 2152 5130 separantur

570 5135 876 5203 regionibus
918 5142 1202 5207 parentelae
1240 5153 1427 5200 catena
1474 5148 1681 5203 sociati.
1732 5151 1945 5207 Credite
1986 5155 2145 5224 mihi,

568 5224 785 5282 dilectio
825 5239 1005 5283 sancta
1045 5246 1153 5287 non
1190 5232 1443 5302 deperit,
1483 5254 1580 5295 nec
1610 5240 1773 5297 ullum
1812 5244 2006 5312 patitur
2053 5261 2148 5314 per

498 5344 505 5348 -
567 5316 844 5377 divisionis
882 5319 1074 5375 itinera
1110 5333 1296 5378 natura
1325 5326 1684 5395 dispendium.
1726 5332 1857 5388 Nam
1886 5349 2143 5403 generum

550 5418 805 5465 vestrum
841 5421 1044 5467 tantum
1072 5414 1215 5479 mihi
1252 5420 1509 5476 noveritis
1537 5425 1773 5479 caritatis
1806 5426 2138 5498 impendere,

566 5515 821 5574 quantum
856 5507 922 5563 ad
961 5508 1385 5567 vicissitudinem
1432 5513 1576 5569 nulla
1612 5518 1907 5577 satisfactio
1938 5524 2139 5579 existat

566 5594 777 5653 idonea.
818 5599 971 5665 Quod
1016 5611 1291 5681 superest,
1321 5602 1537 5658 domina
1567 5609 1659 5672 mi,
1692 5610 2015 5681 accipientes
2042 5616 2142 5670 de-

563 5684 693 5741 bitae
726 5692 1058 5749 salutationis
1084 5672 1363 5765 allectum,
1393 5696 1559 5753 Deum
1588 5672 1890 5769 ρωποι-,λη
1918 5706 1969 5761 in
2001 5707 2141 5763 bono

564 5787 749 5833 mutuo
794 5777 1059 5839 felicitatis
1101 5788 1313 5843 videndi
1367 5805 1459 5846 vos
1506 5792 1841 5851 occasionem
1896 5799 2139 5875 conferre

637 5908 654 5941 ⁸
680 5909 778 5966 lnf.
814 5912 965 5982 epist.
993 5916 1079 5971 53.

1888 6046 1946 6058 με

2279 2097 2629 2166 relinquenda
2671 2111 2814 2169 sunt,
2851 2118 2971 2171 qua:
3004 2104 3243 2161 humano
3275 2104 3569 2164 remedium
3616 2113 3855 2170 nesciunt

2280 2187 2480 2245 habere
2503 2193 2751 2248 consilio.
2784 2196 2943 2251 Vobis
2974 2199 3186 2255 interim
3213 2202 3565 2258 reverentiam
3589 2198 3855 2261 salutati0<

2279 2280 2363 2333 nis
2390 2281 2729 2350 impendens,
2754 2288 2961 2343 reditus
2989 2291 3095 2346 mei
3121 2290 3295 2347 facere
3323 2291 3518 2349 indicia
3542 2309 3649 2350 non
3676 2299 3853 2371 omisi,

2273 2371 2496 2439 cupiens
2523 2376 2638 2441 pari
2666 2377 2975 2445 scriptionis
3000 2390 3193 2436 vestra:
3222 2382 3489 2441 hilaritate
3528 2387 3775 2445 relevari.

2821 2488 3155 2548 EPISTOLA
3193 2490 3312 2548 XX.

2799 2595 3053 2637 ENNODIUS
3096 2600 3315 2641 FAUSTO.

2342 2666 2626 2734 lgnoratur
2654 2672 2912 2728 bonorum
2942 2690 3101 2745 sapor
3131 2676 3181 2731 in
3212 2680 3483 2749 prosperis
3510 2697 3526 2746 ;
3552 2681 3641 2737 vix
3667 2682 3853 2753 digito-

2272 2758 2438 2811 scitur
2466 2762 2683 2829 superni
2723 2764 2949 2833 qualitas
2982 2767 3242 2835 beneficii,
3279 2770 3408 2825 dum
3438 2779 3648 2828 tenetur
3679 2793 3692 2840 ;
3731 2786 3854 2844 post

2270 2851 2645 2919 migrationem
2684 2858 2861 2925 cupita
2905 2858 3216 2916 dulcescunt
3248 2878 3263 2926 ;
3306 2861 3557 2919 desiderii
3597 2868 3765 2937 pretia
3797 2868 3855 2925 in

2273 2941 2517 2995 manibus
2554 2946 2838 3000 constituta
2886 2951 3174 3004 nescimus.
3222 2948 3359 3008 Vere
3400 2952 3589 3021 fateor,
3617 2955 3853 3026 quandiu

2273 3027 2525 3085 Ravenna
2547 3048 2644 3087 vos
2670 3036 2873 3103 habuit,
2903 3039 3180 3095 sinistrum
3205 3057 3364 3099 omen
3390 3045 3591 3100 credidi
3618 3048 3856 3117 cogitare

2270 3133 2389 3185 quae
2426 3124 2627 3189 patior;
2676 3141 2773 3181 nec
2814 3132 2952 3183 inter
2982 3144 3070 3186 res
3100 3135 3383 3198 secundas,
3415 3138 3563 3206 quasi
3591 3140 3856 3209 malignus

2270 3213 2501 3280 propriae
2542 3214 2809 3272 felicitatis
2830 3218 3131 3290 interpres,
3164 3238 3282 3294 quae
3311 3241 3403 3295 per
3431 3227 3725 3284 absentiam
3765 3247 3855 3284 ve-

2269 3310 2437 3356 stram
2469 3307 2684 3362 evenire
2734 3319 2985 3379 poterant
3011 3316 3292 3384 suSpiravi.
3326 3317 3440 3373 Non
3469 3318 3626 3375 debui
3660 3322 3856 3379 mcrita

2272 3405 2413 3459 mea,
2438 3395 2484 3448 si
2509 3396 2577 3452 ab
2600 3398 2815 3455 homine
2844 3416 2950 3457 non
2978 3418 3275 3477 separarer,
3306 3424 3614 3479 agnoscere,
3645 3427 3746 3467 nec
3772 3413 3856 3468 in-

2268 3483 2511 3553 telligere
2543 3488 2817 3557 fugitivum
2850 3506 2997 3558 esse,
3029 3496 3169 3565 quod
3200 3500 3425 3553 scctanti
3457 3512 3671 3568 peccata
3700 3502 3853 3559 blan-

2263 3575 2427 3631 ditur.
2463 3579 2569 3635 Sed
2594 3582 2720 3651 quid
2747 3584 3052 3653 epistolaris
3080 3592 3418 3646 concinnatio
3444 3594 3712 3663 caStigatae
3743 3605 3852 3650 ter-

2264 3667 2468 3723 minum
2495 3670 2743 3729 dictionis
2780 3676 3031 3731 excedit?
3058 3676 3220 3733 Ferat
3246 3680 3327 3736 his
3359 3682 3517 3738 rebus
3552 3683 3846 3755 medelam,

2264 3758 2420 3828 cujus
2450 3762 2677 3829 imperio
2704 3766 2953 3821 universa
2984 3766 3324 3825 famulantur.
3361 3766 3477 3845 Ego
3514 3776 3693 3830 tamen
3724 3793 3850 3846 pro-

2267 3860 2385 3919 pter
2423 3855 2564 3923 quod
2604 3857 2874 3915 attributa:
2912 3870 3046 3916 sunt
3084 3865 3316 3933 paginae,
3360 3867 3511 3923 valeo
3549 3872 3849 3930 substantia

2265 3949 2564 4013 corporali;
2594 3960 2645 4003 et
2672 3966 2767 4018 per
2792 3952 2904 4008 haec
2929 3958 3132 4020 munia,
3160 3958 3257 4013 sub
3280 3958 3373 4013 Dei
3400 3975 3521 4031 Ope,
3546 3974 3603 4016 ut
3626 3948 3847 4035 prospe-

2265 4036 2395 4090 ritas
2409 4049 2587 4093 vestra
2606 4043 2879 4098 nuntietur
2898 4057 3169 4115 exspecto.
3191 4050 3427 4119 Accipite
3448 4068 3575 4122 ergo
3592 4052 3847 4125 obsequia
3864 4052 3901 4075 ‘

2265 4144 2418 4194 mea;
2452 4141 2504 4185 et
2525 4134 2567 4187 si
2590 4135 2714 4201 quid
2738 4136 2872 4190 inter
2900 4136 3011 4192 haec
3038 4155 3156 4209 quae
3185 4156 3388 4198 mecum
3418 4146 3529 4214 geri
3560 4147 3842 4220 didicistis,

2264 4229 2492 4277 eventus
2518 4225 2708 4280 dexter
2742 4229 2996 4300 attulerit,
3038 4232 3154 4290 sine
3187 4234 3626 4295 dissimulationis
3664 4242 3846 4299 obsta-

2263 4312 2387 4365 culo
2416 4316 2675 4370 nuntiate.

2796 4404 3126 4467 EPISTULA
3164 4412 3307 4473 XXI.

2788 4512 3044 4555 ENNODIUS
3082 4519 3309 4561 ΙἊΠΒΤΟ.

2336 4584 2391 4637 In
2423 4588 2705 4642 occasione
2733 4593 2883 4658 rapui
2916 4594 3184 4648 solvend:e
3214 4596 3525 4654 humilitatis
3555 4618 3836 4671 personam

2180 4711 2239 4774 Β
2265 4673 2541 4731 domestici
2566 4679 2867 4749 perlatoris.
2900 4682 3186 4741 Desideriis
3225 4690 3354 4745 meis
3383 4692 3649 4764 militabit,
3694 4700 3840 4767 quod

2258 4768 2309 4821 in
2351 4770 2575 4825 aliorum
2609 4776 2941 4844 negotiorum
2974 4778 3205 4835 efficacia
3234 4785 3557 4851 providistis.
3614 4788 3836 4861 Fateor,

2257 4857 2449 4913 dur‘um
2469 4863 2669 4917 credidi
2686 4865 2912 4922 vicinior
2936 4869 3138 4925 litteras
3155 4871 3438 4943 denegare,
3461 4878 3549 4947 qui
3566 4897 3838 4951 nunquam

2257 4954 2406 5020 potui
2445 4954 2498 5007 in
2532 4955 2819 5026 longinquo
2862 4962 3181 5018 constitutus
3221 4965 3491 5024 abstinere
3528 4971 3832 5041 colloquiis.

2259 5044 2439 5099 Visum
2461 5050 2600 5101 enim
2626 5049 2750 5103 mihi
2775 5066 2913 5116 sum,
2937 5054 3331 5115 Ravennatibus
3360 5074 3647 5131 occupatus
3672 5081 3835 5121 excu-

2257 5136 2387 5202 biis,
2422 5140 2839 5208 magnitudinem
2870 5155 3099 5201 vestram
3128 5153 3355 5218 quadam
3388 5157 3583 5210 mentis
3614 5156 3832 5214 dextera

2254 5230 2560 5298 contigisse.
2593 5229 2796 5287 Idcirco
2822 5236 2887 5290 ad
2921 5236 3168 5294 levamen
3200 5242 3453 5299 desiderii
3484 5249 3678 5314 scripta
3713 5260 3835 5316 pro-

2249 5320 2452 5387 rogavi,
2480 5330 2537 5375 ut
2555 5324 2696 5391 quod
2721 5325 2854 5380 vivis
2878 5328 3290 5387 subtrahebatur
3312 5330 3577 5405 affatibus,
3603 5338 3833 5395 lectione

2248 5423 2548 5479 pensarem.
2584 5415 2720 5483 Ergo
2745 5417 3002 5474 honorem
3030 5423 3243 5476 salutati
3274 5424 3556 5497 exhibens,
3593 5445 3740 5499 rogo,
3775 5436 3830 5484 ut

2244 5516 2332 5557 me
2364 5504 2691 5584 hujusmodi,
2720 5511 2967 5579 quotiens
3004 5518 3374 5582 opportunitas
3414 5519 3615 5589 ingesta
3642 5520 3823 5586 fuerit,

2247 5598 2501 5653 remediis
2527 5601 2833 5670 sublevetis,
2864 5603 2915 5657 in
2943 5606 3137 5671 quibus
3165 5606 3404 5664 absentia
3429 5611 3640 5667 unicum
3669 5612 3827 5670 habet

2247 5687 2428 5743 divina
2456 5693 2760 5759 provisione
2790 5694 3107 5755 subsidium.
3150 5700 3455 5775 Agnovistis
3487 5721 3608 5775 qua:
3638 5707 3707 5761 sit
3734 5721 3826 5760 cu-

2245 5780 2381 5834 ratio
2402 5780 2675 5837 affectione
2697 5783 2964 5854 languenti
2993 5807 3003 5840 :
3030 5798 3261 5848 vestrum
3284 5802 3368 5850 est
3386 5793 3647 5852 medelam
3669 5797 3825 5865 aegris

2244 5874 2438 5927 animis
2467 5890 2568 5927 non
2596 5890 2807 5946 negare.
