4186 6252
649 502 746 557 111

1744 502 2021 557 ENNODII
2058 501 2363 557 EPISCOPI
2400 501 2774 558 TICINENSIS

3785 501 3883 559 112

597 590 611 685 )
645 613 896 669 tationem
921 613 1280 681 plenissimam
1302 606 1730 681 dicens,‘quarso,
1752 622 1810 667 ut
1833 628 1917 668 me
1937 614 2209 683 antiquum
2235 619 2286 676 Α
2313 622 2423 678 rat;
2454 629 2612 684 quam
2637 627 2755 668 cum
2789 620 2945 681 negat
2973 611 3144 666 anxiis
3173 612 3219 666 is
3251 610 3337 679 qui
3369 609 3515 663 nuilo
3542 609 3765 665 labascit
3802 612 3882 666 ln-

641 704 903 758 cultorem
943 711 1178 758 vestrum
1217 702 1309 757 illo
1347 702 1570 757 foveatis
1597 718 1701 772 quo
1738 704 1865 758 olim
1896 703 2211 773 promisistis

634 798 827 855 aﬁ'ectu
868 818 880 851 :
929 810 981 854 et
1026 813 1281 868 prospera
1314 806 1489 853 vestra
1528 799 1835 868 paginarum
1876 812 1964 854 me
2007 796 2212 854 faciatis

635 893 931 949 directione
959 904 1308 963 cognoscere.

1146 981 1481 1037 EPISTOLA
1520 980 1712 1056 xxix.

1170 1086 1425 1127 ENNODIUS
1463 1085 1683 1125 FAUSTO.

703 1168 959 1235 Quamvis
989 1166 1203 1221 sublimi
1234 1166 1347 1219 viro
1374 1172 1428 1219 et
1453 1165 1597 1217 omni
1628 1161 1930 1231 integritate
1961 1160 2205 1230 praedito,

633 1262 649 1290 ί
674 1259 875 1316 Sabino
903 1260 1126 1313 Romam
1163 1265 1513 1327 properante,
1547 1265 1659 1308 tute
1696 1254 2004 1322 paginarum
2034 1251 2206 1306 officia

628 1351 1042 1415 commisissem,
1076 1357 1133 1402 ut
1163 1347 1477 1416 resignanda
1511 1360 1602 1413 per
1635 1346 1835 1398 litteras
1867 1344 2037 1397 fidelis
2069 1343 2208 1396 rela-

628 1450 712 1496 tor
727 1450 993 1497 assereret
1020 1480 1036 1505 ,
1071 1449 1304 1494 attamen
1334 1437 1681 1492 sollicitudini
1708 1452 1837 1489 mem
1862 1435 2017 1488 debui
2036 1433 2208 1494 dupli-

625 1532 776 1586 cibus
815 1530 1233 1601 magnitudinem
1279 1539 1509 1582 vestram
1548 1528 1761 1581 indiciis
1802 1526 2113 1590 informare,
2150 1535 2207 1579 ut

624 1623 859 1690 perlator
907 1637 972 1676 ex
1020 1620 1211 1675 litteris
1256 1631 1468 1673 secutus
1520 1618 1835 1686 principium
1886 1617 2204 1671 narrationis

526 1774 529 1775 ν
626 1720 882 1765 assumat.
917 1711 1040 1764 Haac
1080 1709 1280 1777 scripto
1308 1708 1585 1776 degustata
1627 1706 1894 1761 sufﬁciant
1929 1725 1939 1757 :
1973 1707 2036 1758 ad
2072 1705 2202 1776 illud

623 1809 881 1865 revertor,
916 1808 1132 1868 propter
1162 1798 1300 1867 quod
1334 1798 1577 1866 epistolae
1613 1797 1964 1851 destinantur.
2014 1796 2205 1850 Valere

625 1907 708 1946 me
732 1907 957 1961 corpore
983 1892 1199 1955 nuntio;
1224 1890 1331 1943 Deo
1358 1889 1684 1958 supplicans,
1708 1896 1768 1943 ut
1792 1898 1988 1943 statum
2010 1888 2201 1942 animae

622 1981 687 2036 de
714 1991 888 2037 vestra
920 1982 1080 2035 faciat
1105 1980 1458 2049 prosperitate
1489 1980 1746 2047 reparari.

1135 2088 1471 2143 EPISTOLA
1512 2087 1679 2141 XXX.

1149 2196 1404 2236 ENNODIUS
1444 2196 1663 2234 FADSTO.

692 2275 804 2328 Non
830 2282 1007 2343 potest
1025 2274 1226 2327 doloris
1252 2271 1669 2340 magnitudinem
1693 2268 1869 2337 eloqui
1894 2268 2004 2323 oris
2029 2267 2199 2320 infan-

619 2366 687 2417 tia
710 2406 723 2428 ,
764 2366 852 2432 qui
886 2363 1014 2416 mihi
1043 2362 1110 2416 de
1140 2363 1225 2415 illa
1257 2377 1315 2415 re
1346 2361 1595 2429 contigit,
1630 2364 1772 2429 quod
1801 2359 1990 2412 harum
2020 2358 2198 2427 perla-

620 2454 827 2508 toribns
857 2452 922 2507 ad
951 2452 1215 2522 Liguriam
1245 2451 1525 2505 destinatis
1555 2466 1585 2503 a
1614 2453 1904 2518 scriptione
1934 2458 2198 2517 tempera-

621 2545 755 2600 stis:
788 2560 1011 2614 quorum
1042 2544 1484 2598 commeationem
1516 2558 1610 2596 vos
1640 2543 1917 2611 ignorasse
1948 2558 2051 2594 non
2081 2555 2199 2596 cre-

588 2624 591 2625 ν
619 2638 749 2700 didi,
783 2647 834 2692 et
868 2637 1205 2706 praesentiam
1237 2634 1616 2702 magnitudinis
1644 2645 1836 2687 vestrae
1864 2648 1894 2685 a
1924 2634 2195 2702 petitionis

616 2726 872 2796 qualitate
898 2726 1225 2795 deprehendi
1258 2745 1270 2779 :
1300 2725 1456 2779 datur
1484 2730 1623 2780 enim
1655 2725 1879 2778 inveniri
1909 2716 1935 2774 a
1967 2725 2196 2791 disposi-

614 2818 680 2871 tis
710 2826 1081 2871 tractatorem.
1129 2816 1210 2871 Me
1252 2804 1428 2871 tamen
1460 2830 1616 2871 urunt
1654 2816 1997 2880 epistolarum
2027 2815 2190 2882 ferias,

582 2923 745 2976 ,quas
785 2894 859 2961 ad
895 2909 1137 2962 levamen
1179 2909 1425 2962 mmroris
1463 2908 1567 2962 mei
1599 2908 1758 2960 etiam
1798 2907 2193 2975 occupatissitni

613 2999 904 3068 repulistis.
934 2998 1086 3053 Nunc
1113 2999 1178 3052 ad
1208 3008 1330 3052 vota
1361 2997 1545 3052 redeo.
1578 2998 1783 3059 Valete,
1813 3004 1829 3016 ‘
1862 2998 1931 3050 mi
1963 2996 2191 3061 domini,

613 3101 667 3174 et
699 3092 976 3148 cccle5tem
1022 3092 1163 3146 circa
1203 3106 1299 3145 vos
1339 3092 1563 3161 gratiam
1606 3091 1887 3159 multiplici
1926 3091 2192 3159 resignate

613 3186 896 3255 colloquio.
940 3185 1155 3239 Partum
1200 3193 1283 3239 est
1322 3185 1465 3239 enim
1506 3185 1711 3239 actibus
1742 3184 1953 3247 vestris,
1996 3178 2191 3251 quietis

613 3286 855 3343 tempore
880 3275 947 3328 de
972 3290 1034 3328 ea
1059 3290 1178 3343 quae
1205 3274 1261 3327 in
1288 3274 1561 3329 laboribus
1590 3283 1703 3327 sata
1734 3284 1837 3339 est,
1870 3273 2190 3328 innocentiae

614 3381 791 3420 messe
818 3364 1073 3435 gaudere.

1125 3447 1457 3502 EPISTOLA
1498 3447 1693 3503 XXXI.

1065 3554 1319 3595 ENNODIUS
1358 3555 1536 3595 ΒολίΝο
1576 3554 1722 3594 ΡΛΡΕ
1732 3580 1743 3591 .

687 3631 913 3698 Pervigil
954 3630 1300 3686 beatitudunis
1349 3643 1547 3686 vestra:
1600 3648 1759 3699 cura,
1811 3634 1960 3702 quasi
2010 3648 2188 3690 coram

616 3726 838 3791 positos,
864 3725 915 3776 in
939 3738 1256 3793 quocunque
1281 3724 1384 3778 loci
1407 3725 1534 3790 sint,
1566 3725 1921 3794 obsequentes
1942 3728 2187 3793 attendit,

614 3825 662 3869 et
702 3818 819 3870 sine
860 3816 981 3869 ullis
1025 3815 1192 3883 feriis,
1239 3816 1366 3869 dum
1405 3818 1588 3885 gratiae
1630 3815 1936 3883 sulfragium
1976 3826 2192 3885 praestat

584 3893 589 3897 ’
614 3907 867 3974 expertis,
898 3906 1086 3959 invitat
1111 3915 1419 3960 extraneos.
1452 3908 1658 3960 Etenim
1688 3908 1866 3977 plures
1888 3908 1954 3962 de
1983 3920 2191 3976 specta-

614 3998 732 4051 culo
776 3997 981 4050 fructus
1023 3997 1305 4065 capiuntur
1357 3996 1554 4051 laboris
1599 3998 1760 4052 alieni
1806 4016 1819 4052 :
1867 4000 1987 4068 quia
2032 4000 2190 4056 discit

615 4106 828 4157 operam
876 4104 1072 4143 navare
1120 4089 1172 4142 in
1220 4092 1371 4157 cujus
1423 4091 1594 4145 oculis
1640 4091 1933 4145 redduntur
1976 4094 2188 4160 praemia

614 4179 822 4233 sudoris
847 4192 897 4234 et
922 4179 1063 4235 fidei.
1084 4179 1257 4248 Atque
1281 4180 1479 4236 utinam
1502 4197 1596 4251 par
1615 4184 1755 4238 votis
1775 4193 1918 4239 esset
1938 4185 2184 4241 effectus!

613 4281 664 4325 et
682 4272 823 4339 quod
847 4272 1007 4327 didici
1025 4268 1125 4340 “pro
1148 4274 1420 4342 religione,
1439 4289 1687 4342 cuperem
1710 4277 1923 4331 daretur
1944 4279 2183 4347 implere.

614 4362 839 4417 Domine
879 4363 969 4429 mi,
1015 4361 1299 4417 famulatus
1348 4364 1453 4419 mei
1498 4364 1852 4422 humilitatem
1902 4370 2183 4435 exhibens,

614 4468 768 4519 parca
797 4454 852 4508 in
879 4453 1128 4508 maximis
1155 4456 1457 4510 elocutione
1483 4467 1787 4523 contentus,
1812 4460 1935 4528 quid
1958 4460 2186 4516 domnus

612 4548 894 4617 episcopus
922 4548 1083 4601 frater
1112 4556 1290 4601 vester
1330 4563 1492 4616 super
1518 4550 1718 4604 directa
1761 4552 2021 4619 legatione
2058 4568 2183 4608 sen-

614 4640 760 4703 serit,
795 4632 1217 4708 patefaciendum
1246 4638 1453 4708 praefati
1485 4640 1679 4695 litteris
1707 4642 2040 4714 derelinquo.

1104 4738 1436 4794 EPISTOLA
1475 4738 1686 4795 XXXII.

1140 4848 1396 4887 ENNODIUS
1434 4849 1646 4887 AVIENU.

679 4918 814 4975 Cum
843 4934 1055 4989 semper
1079 4921 1186 4977 sint
1211 4923 1504 4978 litterarum
1533 4924 1668 4977 inter
1688 4934 1928 4980 amantes
1951 4925 2185 4996 jucunda

615 5012 952 5077 commercia,
978 5021 1032 5066 et
1057 5027 1121 5067 ex
1154 5013 1236 5067 bis
1259 5014 1469 5079 muniis,
1496 5015 1655 5068 etiam
1685 5015 1729 5068 si
1753 5027 2001 5083 spartana
2031 5019 2186 5074 adhi—

614 5104 801 5157 beatur
837 5103 1089 5169 brevitas,
1133 5105 1322 5174 gaudia
1354 5107 1565 5174 prolixa
1609 5115 1928 5173 nascantur;
1966 5110 2179 5180 sintque

614 5196 1096 5264 hujusmodiofﬁcia
1115 5200 1350 5254 remedio
1365 5201 1879 5267 absentibus,votiva
1902 5204 2147 5260 sollicitis
2166 5225 2180 5259 ε

613 5298 849 5343 attamen
879 5304 1020 5358 aeger
1043 5290 1253 5344 animus
1273 5306 1433 5359 super
1456 5309 1637 5349 eorum
1668 5294 1734 5349 de
1752 5294 1943 5364 quibus
1962 5299 2177 5367 pendet,

616 5383 967 5452 prosperitate
986 5381 1241 5451 jactatnr,
1268 5392 1322 5437 et
1349 5383 1447 5439 hac
1477 5395 1680 5441 tantum
1708 5389 1981 5444 curatione
2015 5391 2184 5460 respi-

684 5520 699 5548 ¹
725 5517 873 5572 εηγ.
894 5516 1107 5589 Sabino]
1134 5517 1361 5586 Hujusce
1381 5520 1609 5589 nominis
1628 5522 1932 5588 praefectum
1952 5539 2182 5581 annona

611 5585 778 5638 Roma
820 5590 999 5654 paucis
1045 5585 1162 5657 post
1198 5585 1349 5641 annis
1380 5588 1581 5654 habuit,
1614 5585 1765 5655 cujus
1798 5595 1898 5647 hoc
1926 5605 2084 5648 restat
2128 5597 2179 5648 in

612 5657 831 5776 basilica
858 5660 1087 5717 Ostiensi
1117 5658 1466 5729 epitaphium,
1497 5659 1590 5714 sed
1622 5664 2031 5719 mendosissime
2057 5681 2185 5720 exa-

612 5738 668 5776 ra
701 5740 829 5776 um:

612 5738 789 5776 I'IIIUIII
814 5742 829 5779 ἶ

686 5823 794 5877 HIC
834 5825 1240 5891 REQUIESCIT
1278 5830 1342 5883 IN
1376 5830 1552 5885 PACE
1580 5871 1592 5884 .
1622 5830 1905 5888 SABINUS
1946 5834 2015 5886 V.
2053 5835 2109 5891 S.

682 5912 902 5969 PRIEF.
946 5916 1095 5971 ANN.
1140 5918 1255 5983 QUI
1314 5918 1496 5973 VIXI'I‘
1558 5920 1779 5977 ANNOS
1838 5920 1967 5975 LIII.
2021 5924 2108 5979 ET

2225 1984 2276 2045 Β

2313 714 2484 769 certo,
2519 706 2751 775 resignat
2775 719 2834 758 se
2854 703 3126 772 diligentia
3151 717 3257 756 non
3290 703 3481 755 teneri.
3504 701 3770 756 Paverunt
3786 702 3879 758 diu

2308 797 2546 852 animum
2576 811 2751 850 meum
2779 809 2809 849 a
2838 793 3200 867 magnitudine
3219 802 3393 847 vestra
3421 793 3685 847 destinata
3710 793 3879 849 collo-

2312 889 2460 957 quia,
2527 897 2583 943 et
2640 887 2894 941 hilaritati
2955 900 3191 955 congrua
3259 885 3446 954 pabula
3494 886 3874 954 prazstiterunt.

2310 978 2544 1046 Quorum
2576 992 2716 1032 nunc
2734 978 3112 1031 abstinentiam
3136 990 3244 1029 non
3273 974 3427 1029 affert
3452 975 3745 1043 tristitiam,
3777 980 3867 1029 sed

2310 1071 2453 1140 cogit
2478 1070 2546 1126 ad
2588 1070 2823 1126 exitium.
2860 1071 3038 1124 Potuit
3064 1069 3210 1124 enim
3248 1068 3405 1122 saluti
3436 1084 3593 1140 opem
3622 1071 3876 1136 tribuere,

2282 1165 2449 1233 quod
2486 1172 2609 1217 ante
2637 1162 2880 1217 militavit
2924 1160 3175 1227 an'ectui;
3226 1160 3471 1229 abjurata
3513 1172 3596 1217 est
3637 1164 3878 1218 caritatis

2308 1256 2515 1324 religio,
2547 1255 2760 1324 quando
2788 1254 3062 1323 profutura
3096 1268 3230 1308 mea:
3255 1253 3549 1308 valetudini
3587 1255 3748 1309 verba
3780 1257 3877 1311 de-

2309 1332 2588 1416 negantur.
2629 1347 2934 1415 Agnovistis
2970 1346 3095 1419 quid
3142 1346 3383 1401 fecerunt
3420 1347 3629 1401 silentia
3664 1358 3875 1412 vestra;

2308 1438 2504 1507 quibus
2542 1438 2921 1491 emendatione
2968 1438 3306 1491 succurrite:
3352 1452 3472 1490 nam
3519 1437 3657 1507 apud
3697 1452 3790 1491 vos
3830 1438 3875 1492 si

2308 1527 2413 1581 mei
2437 1543 2543 1581 non
2564 1527 2869 1581 dominatur
2895 1527 3115 1591 oblivio,
3144 1526 3433 1595 scriptione
3462 1536 3746 1580 mutantur.
3774 1526 3874 1580 Do-

2308 1618 2450 1672 mine
2491 1618 2584 1684 mi,
2628 1618 2853 1672 salutem
2900 1617 3249 1687 largissimam
3281 1618 3537 1680 referens,
3570 1617 3735 1673 Deum
3779 1618 3873 1672 de-

2308 1726 2517 1780 precor,
2557 1720 2616 1764 ut
2642 1711 2860 1765 aestibus
2900 1712 3034 1765 meis
3086 1714 3303 1779 superni
3344 1710 3626 1778 dispositio
3675 1710 3875 1764 favoris

2303 1811 2540 1869 occurat,
2567 1811 2623 1856 et
2651 1802 2703 1855 in
2730 1802 2922 1856 solatio
2949 1815 3236 1856 maerorum
3269 1816 3509 1856 meorum
3549 1801 3634 1855 illa
3664 1816 3695 1855 a
3726 1800 3875 1856 vobis

2306 1891 2529 1948 iudieari
2558 1894 2732 1958 faciat,
2763 1907 2881 1962 qua:
2902 1893 3130 1948 delectet
3155 1895 3392 1961 agnosci.
3676 1906 3681 1911 ‘

2780 1985 3107 2041 EPISTULA
3147 1986 3386 2041 XXXIII.

2583 2092 2837 2131 ENNODIUS
2872 2092 3148 2132 HORIIISD£
3187 2093 3254 2131 ET
3293 2092 3567 2133 DIOSCORO.

2372 2164 2499 2220 Scio
2562 2167 2944 2220 conscientiam
2992 2167 3293 2235 religiosam
3361 2168 3561 2238 grande
3602 2168 3871 2223 aestimare

2301 2256 2699 2325 compendium,
2727 2258 2773 2311 si
2806 2258 3088 2326 praestandi
3114 2270 3361 2313 nascatur
3385 2260 3616 2324 occasio,
3648 2260 3728 2314 his
3759 2278 3871 2313 ina-

2300 2351 2444 2405 xime
2501 2365 2634 2419 quos
2681 2351 2902 2405 devotos
2951 2350 3223 2407 exstitisse
3287 2352 3668 2408 meminerunt.
3728 2336 3873 2421 Ergo

2299 2442 2541 2510 quamvis
2581 2442 2752 2511 prima
2787 2443 3100 2496 reverentiae
3146 2451 3335 2497 vestrae
3371 2456 3529 2497 causa
3569 2443 3640 2496 sit
3675 2442 3875 2511 scripta

2298 2533 2563 2599 mittendi,
2609 2541 2665 2589 et
2712 2533 2951 2587 utilitatis
3011 2532 3259 2601 allegatio
3298 2534 3368 2587 sit
3417 2532 3739 2601 subjicienda
3790 2533 3875 2587 di-

2298 2624 2563 2694 ligentiae,
2632 2634 2863 2679 attamen
2914 2626 3101 2679 anxius
3133 2626 3339 2679 animus
3387 2639 3529 2693 saepe
3568 2623 3877 2679 necessaria

2298 2719 2559 2786 prmponit
2580 2717 2814 2772 aﬁ'ectui.
2862 2718 3075 2772 Retinet
3096 2716 3399 2773 fraternitas
3418 2729 3592 2773 vestra
3614 2716 3872 2773 domuum

2308 2823 2499 2879 papam
2528 2810 2595 2865 de
2624 2825 2878 2879 expensa,
2908 2825 3065 2879 quam
3092 2812 3373 2878 episcopus
3413 2825 3562 2865 meus
3587 2811 3723 2878 apud
3760 2812 3873 2864 lia-

2298 2914 2521 2954 vennam
2543 2916 2638 2969 pro
2664 2900 2778 2969 ejus
2802 2901 3026 2955 utilitate
3039 2916 3126 2955 me
3151 2901 3447 2967 spondente
3472 2900 3687 2968 fecerat,
3704 2901 3868 2954 resti-

2298 2991 2556 3047 tutionem
2586 2991 2750 3047 fuisse
2780 2992 3092 3059 pollicitum.
3139 2992 3245 3047 Sed
3276 3004 3452 3047 actum
3474 3003 3557 3047 est
3584 3002 3643 3045 ut
3671 2991 3756 3044 vix
3791 2991 3863 3045 ad

2294 3098 2389 3139 vos
2419 3083 2680 3152 dirigendi
2702 3092 2979 3154 praestaret
3002 3083 3245 3137 inducias
3270 3124 3285 3149 ,
3322 3092 3378 3139 et
3403 3086 3474 3139 de
3501 3099 3616 3138 mea
3646 3082 3743 3136 sibi
3774 3096 3873 3138 sa-

2296 3173 2662 3229 tisfaciendum
2697 3188 2815 3228 esse
2851 3175 3143 3228 substantia
3176 3183 3523 3243 protestatur.
3558 3173 3711 3228 Nunc
3738 3174 3873 3240 quia

2294 3266 2507 3334 grandis
2535 3279 2744 3319 summa
2772 3280 2882 3321 non
2909 3276 2994 3320 est
3020 3281 3139 3335 quae
3165 3266 3491 3335 reposcitur,
3524 3277 3576 3320 et
3599 3279 3872 3319 summum

2223 3351 2269 3414 C
2300 3365 2382 3410 est
2414 3356 2729 3410 bi-neficium
2759 3372 2843 3411 me
2898 3358 2964 3410 ab
3009 3357 3386 3426 ingratitudine
3426 3356 3543 3426 ejus
3569 3372 3684 3426 qua:
3713 3356 3872 3411 vide-

2293 3454 2378 3500 tur
2400 3445 2562 3515 iusta,
2592 3448 2935 3512 subtrahere,
2970 3448 3214 3502 ordinate
3248 3448 3386 3518 quod
3411 3449 3561 3503 vobis
3586 3447 3873 3502 retributio

2293 3553 2522 3607 superna
2553 3548 2886 3607 compenset.
2936 3538 3161 3596 Domine
3191 3541 3286 3607 mi,
3330 3544 3554 3596 salutent
3586 3540 3873 3595 abundan-

2294 3630 2549 3685 tissimam
2580 3630 2833 3695 reddens,
2868 3632 3032 3685 Deum
3056 3647 3260 3701 quaeso,
3293 3646 3398 3700 quo
3425 3631 3617 3686 animis
3644 3632 3873 3699 vestris,

2291 3724 2431 3793 quod
2461 3739 2546 3778 me
2574 3725 2855 3780 sublevare
2883 3727 3075 3795 possit,
3110 3725 3350 3795 inspiret.
3375 3724 3486 3795 Ego
3515 3733 3689 3779 autem
3716 3723 3876 3779 adfui

2293 3816 2531 3883 partibus
2579 3817 2734 3881 meis,
2766 3817 2855 3886 qui
2894 3832 3016 3870 cum
3048 3819 3436 3872 contestatione
3483 3817 3729 3873 maeroris
3771 3832 3875 3886 per

2292 3908 2509 3977 paginas
2557 3908 2772 3963 indicati
2804 3908 2981 3963 direxi
3014 3908 3380 3963 fidelissimum
3413 3908 3749 3977 perlatorem,
3773 3909 3874 3978 qui

2292 4001 2446 4056 nobis
2466 3999 2783 4071 perferenda
2805 4003 2921 4055 sine
2948 4001 3317 4056 imminutione
3344 4002 3617 4071 suscipiat.

2775 4093 3102 4149 EPISTULA
3143 4093 3379 4148 XXXIV.

2739 4202 2995 4240 ENNODIUS
3030 4200 3233 4241 HUSTO
3270 4203 3422 4242 ΛιΒο.

2362 4276 2616 4344 Quamvis
2662 4267 2971 4348 magnitudo
3000 4288 3174 4333 vestra
3218 4294 3311 4347 per
3350 4278 3562 4347 longum
3598 4277 3879 4335 silentium

2290 4368 2606 4424 oblivionem
2638 4369 2741 4423 mei
2787 4368 2945 4423 fuerit
2972 4378 3298 4435 contestata,
3330 4377 3384 4424 et
3412 4369 3537 4425 dum
3569 4370 3635 4423 ab
3664 4369 3879 4438 episto-

2291 4460 2491 4514 laribus
2516 4463 2713 4516 muniis
2736 4471 3017 4530 temperat,
3049 4463 3361 4517 memoriam
3387 4461 3738 4531 obsequentis
3770 4461 3883 4515 ab-

2287 4551 2476 4620 iecerit
2499 4590 2516 4617 ,
2549 4561 2781 4606 attamen
2810 4552 3140 4620 providentia
3163 4553 3401 4607 caelestis
3429 4553 3709 4608 desideriis
3729 4553 3886 4607 meis

2292 4658 2544 4712 prospera
2574 4655 2750 4698 vestra
2792 4661 2897 4698 non
2926 4647 3120 4714 patitur
3141 4646 3418 4710 occultari,
3447 4654 3501 4701 et
3535 4646 3697 4699 variis
3726 4643 3887 4699 indi-

2213 4717 2270 4780 Ῑ)
2292 4736 2391 4790 ciis
2411 4750 2715 4792 successum
2743 4737 2884 4792 circa
2916 4752 3009 4792 vos
3052 4738 3285 4806 resignat
3307 4748 3565 4806 optatum.
3600 4738 3749 4792 Nunc
3780 4746 3887 4791 ta-

2292 4842 2414 4882 men
2437 4831 2645 4884 animus
2686 4845 2834 4884 meus
2862 4845 3027 4900 usque
3056 4829 3122 4885 ad
3146 4831 3245 4885 hoc
3272 4829 3606 4907 devinctione
3633 4829 3889 4899 produc-

2272 4924 2377 4976 ‘tus
2420 4931 2525 4989 est,
2574 4931 2630 4975 ut
2670 4923 2943 4992 proprium
2972 4924 3036 4977 ad
3070 4938 3163 4978 vos
3203 4922 3487 4993 dirigerem
3522 4925 3891 5004 perlatorem,

2291 5016 2382 5084 qui
2427 5015 2563 5069 vivis
2593 5024 2776 5084 pastus
2820 5017 3142 5084 aspectibus,
3176 5016 3313 5071 bona
3351 5017 3416 5071 ad
3461 5032 3547 5071 me
3584 5016 3897 5076 manifesta

2290 5105 2563 5174 perducat.
2593 5105 2828 5172 Credite,
2850 5106 3076 5174 domini,
3092 5122 3277 5177 magna
3299 5122 3386 5164 me
3410 5108 3561 5163 vobis
3601 5107 3901 5165 esseobli-

2290 5196 2505 5264 gatione
2543 5197 2913 5263 constrictum,
2967 5213 3065 5253 nec
3120 5199 3255 5254 ullas
3309 5200 3509 5268 pectori
3539 5214 3660 5255 meo
3702 5198 3904 5257 ferias

2289 5286 2427 5353 dari,
2459 5290 2650 5356 quibus
2674 5290 2933 5344 visionem
2980 5300 3212 5345 vestram
3244 5305 3347 5345 non
3380 5293 3536 5360 plena
3572 5293 3905 5349 intentione

2289 5377 2600 5448 disquiram.
2644 5378 2903 5449 Superest
2950 5390 3028 5450 ut,
3075 5383 3095 5413 ²
3151 5382 3364 5439 reducta
3399 5382 3454 5437 in
3494 5383 3733 5438 Ecclesia
3760 5380 3908 5441 Ro-

2362 5529 2517 5587 mss
2572 5531 2760 5587 xxw.
2823 5519 2929 5591 u—p.
2972 5534 3084 5590 xv.
3142 5535 3523 5623 sitting.
3578 5536 3800 5592 svum.

2546 5690 2551 5695 _
2621 5622 2708 5676 ET
2747 5625 2990 5681 BOETIO
3029 5626 3116 5681 W.
3158 5626 3262 5681 CC.
3301 5622 3534 5684 CONSS.
3602 5657 3619 5673 ο

2363 5735 2402 5815 ξ.
2428 5731 2657 5815 Redito:th
2714 5732 2962 5815 Ecclesite
3012 5742 3328 5815 concordia]
3378 5743 3586 5799 Sedatis
3633 5744 3913 5805 motibus

2291 5802 2593 5857 schismatis
2624 5805 2986 5869 Laurentiani.

2354 5896 2371 5914 '
2398 5893 2469 5944 Mi
2491 5895 2707 5959 domini]
2733 5905 2890 5962 Forte,
2913 5901 2980 5951 mi
3002 5900 3208 5966 dandae,
3236 5910 3289 5956 ut
3311 5905 3424 5957 alibi
3444 5921 3597 5969 saepe.
