4186 6252
312 335 411 389 ΗΞ

293 541 520 598 Domine
565 537 662 601 mi,
689 535 1059 588 salutationem
1103 530 1418 586 reverentiae
1449 539 1641 582 vestrae
1674 527 1869 592 plenis-

293 635 481 690 simam
511 629 696 683 dicens
728 666 742 689 ,
773 626 1035 693 deprecor
1062 633 1119 677 ut
1146 621 1536 690 suggestionem
1567 617 1866 684 portitoris,

297 722 525 780 hominis
553 718 690 780 mei,
715 726 865 785 grato
887 715 1187 782 suscipiatis
1219 714 1417 775 auditu,
1442 721 1494 764 et
1526 710 1591 764 de
1614 709 1871 764 felicitate
1912 763 1920 773 _

296 824 471 870 vestra
497 813 581 864 vel
605 810 766 864 totius
793 808 982 861 domus
1009 815 1150 858 statu
1173 804 1469 859 recurrenti
1500 817 1596 856 nos
1633 802 1870 855 instrua-

299 914 364 963 tis
392 905 649 974 alloquio.

797 965 1127 1023 EPISTOLA
1163 963 1387 1018 XXXV.

784 1073 1040 1114 ENNODIUS
1077 1071 1349 1110 DOIININE.

366 1167 512 1221 Inter
558 1178 714 1218 curas
752 1173 808 1219 et
858 1160 1132 1216 molestias
1165 1159 1357 1228 quibus
1404 1170 1502 1225 pro
1533 1163 1873 1225 peccatorum

303 1262 442 1318 fasce
471 1259 750 1326 subjicior,
777 1255 908 1322 elegi
942 1253 1212 1320 singulare
1241 1250 1558 1310 subsidium,
1588 1257 1646 1301 ut
1671 1248 1738 1301 ad
1779 1261 1875 1299 vos

315 1354 534 1406 domnas
567 1362 716 1402 meas
747 1346 950 1399 litteras
985 1344 1337 1404 destinarem;
1369 1354 1592 1409 quarum
1633 1337 1879 1406 precibus

319 1443 496 1498 omnia
525 1441 652 1493 mihi
696 1439 928 1492 secunda
958 1435 1348 1502 contingerent,
1376 1441 1430 1486 et
1457 1430 1524 1483 ad
1567 1444 1756 1482 serena
1787 1428 1879 1480 las-

310 1534 456 1598 titia,
497 1529 752 1599 depositis
807 1525 1172 1592 anguStiarum
1226 1522 1482 1586 nubibus,
1529 1519 1876 1590 reformarer.

315 1624 484 1678 Prima
516 1622 654 1676 enim
693 1617 948 1672 mceror-is
978 1629 1136 1668 causa
1167 1621 1268 1673 est,
1320 1611 1461 1680 quod
1492 1623 1743 1679 prospera
1789 1623 1879 1662 ve-

317 1724 444 1778 Istra,
472 1713 596 1765 dum
643 1712 695 1762 in
725 1709 1018 1776 longinquo
1064 1705 1276 1778 degitis,
1312 1703 1399 1756 vix
1430 1703 1585 1756 datur
1623 1699 1838 1770 agnosci
1865 1716 1877 1752 :

1522 317 1993 377 EPISTOLARUM
2034 319 2160 371 LIB.
2204 315 2312 372 VII.

293 462 452 508 mana
477 443 788 510 concordia,
812 442 1126 498 occurrendi
1158 440 1308 495 vobis
1328 440 1612 506 contingat
1635 436 1867 490 occasio.
1896 430 1951 489 Δ

3447 312 3541 360 'IH

2432 425 2762 482 EPISTOLA
2803 424 3066 478 XXXVII.

2522 531 2775 572 ENNODIUS
2813 531 3015 570 JOANNI.

2047 612 2184 679 Ergo
2215 609 2349 662 falso
2388 609 2624 663 creditur
2676 621 2913 662 amorem
2956 606 3106 660 reddi
3146 604 3453 672 diligentia,
3490 613 3546 660 et

1977 706 2150 759 tacitis
2195 705 2399 756 animas
2422 717 2482 757 se
2511 703 2836 772 interrogare
2857 701 3169 769 colloquiis,
3202 700 3358 756 ﬁdem
3394 715 3549 755 men-

1977 796 2106 849 tium
2146 809 2334 849 sensus
2363 808 2634 862 asserere,
2679 804 2740 847 ut
2781 795 2920 863 quod
2953 793 3307 863 impendimus
3351 794 3547 848 vicaria

1977 889 2133 942 nobis
2182 886 2442 941 relatione
2472 886 2992 941 debeatur?Vocem
3038 885 3296 940 montium
3341 892 3548 939 secreta

1977 979 2288 1045 restituunt,
2312 987 2365 1032 et
2393 978 2446 1031 in
2474 977 2734 1047 obsequio
2763 978 3105 1032 humanitatis
3121 989 3263 1032 muta
3291 977 3549 1031 famulan-

1980 1079 2066 1124 tur
2094 1089 2106 1121 :
2138 1070 2231 1124 sed
2256 1067 2671 1137 magnitudinem
2701 1076 2842 1121 tuam
2875 1069 2925 1121 in
2952 1075 3258 1134 contemptu
3288 1067 3393 1121 mei
3421 1081 3551 1119 con-

1980 1162 2097 1232 tigit
2125 1162 2393 1215 silentium
2442 1174 2535 1227 pro
2565 1161 2854 1228 scriptione
2882 1159 3142 1222 reddere;
3176 1165 3230 1212 et
3257 1158 3310 1212 in
3349 1159 3552 1227 astipu-

1981 1255 2179 1309 latione
2205 1252 2425 1305 artiﬁcis
2445 1251 2608 1319 genii,
2628 1251 2972 1318 temperando
2999 1264 3028 1301 a
3057 1249 3280 1318 paginis,
3311 1250 3549 1317 pertina-

1981 1346 2118 1400 ciam
2143 1344 2467 1414 garrulitatis
2488 1341 2812 1409 epprimere,
2840 1351 3044 1394 natum
3075 1341 3192 1409 lege
3217 1340 3436 1394 calcata.
3455 1339 3554 1392 Fa-

1982 1445 2211 1491 cessata
2242 1434 2477 1488 moribus
2505 1433 2660 1496 meis,
2697 1432 2849 1500 sequi
2879 1433 3020 1500 quod
3050 1431 3340 1484 admissum
3372 1429 3549 1495 doleo,

1983 1536 2038 1582 et
2065 1527 2341 1581 sublevare
2391 1524 2574 1591 culpas
2621 1521 2897 1576 imitando.
2949 1522 3089 1575 Ecce
3117 1522 3308 1573 iterum
3341 1519 3554 1588 appello

1984 1621 2176 1690 linguae
2207 1619 2370 1672 ferias
2401 1616 2688 1678 foventem,
2719 1624 2775 1668 et
2805 1614 2856 1666 in
2888 1612 3214 1682 longioribus
3239 1623 3551 1681 persequor,

1987 1712 2186 1766 habens
2229 1709 2506 1777 promissae
2557 1705 2793 1760 caritatis
2838 1703 3169 1757 memoriam.
3219 1700 3464 1765 Domine,
3501 1706 3558 1753 ut

321 1819 514 1874 ex‘qua
542 1803 773 1856 nascitur
800 1802 939 1854 circa
975 1812 1253 1865 personam
1289 1811 1460 1850 meam
1490 1795 1668 1849 omnis
1693 1794 1881 1847 adver-

2000 1815 2167 1870 supra,
2220 1799 2592 1852 salutationem
2640 1793 2994 1862 largissimam
3043 1791 3296 1854 offerens,
3346 1803 3552 1859 quaeso,

318 1899 459 1952 sitas.
510 1896 706 1949 Adeste
747 1907 875 1960 ergo
908 1893 1132 1961 supplici
1164 1890 1409 1960 precibus
1438 1889 1649 1952 vestris,
1699 1897 1754 1940 ut
1786 1902 1880 1954 per

319 1997 616 2042 sanctorum
656 1985 749 2039 Dei
781 1984 1032 2053 suffragia
1061 1997 1203 2050 aegro
1231 1983 1413 2035 animo
1437 1981 1643 2034 medela
1675 1980 1880 2033 tribua-

320 2089 425 2133 tur.
457 2078 676 2132 Domina
722 2077 814 2140 mi,
854 2074 1128 2129 servitium
1172 2071 1507 2127 salutationis
1543 2069 1878 2138 impendens,

327 2173 601 2239 deprecor,
633 2180 686 2224 et
709 2185 800 2239 per
839 2169 1001 2223 Deum
1031 2184 1126 2222 vos
1145 2207 1159 2231 ,
1201 2182 1357 2234 quem
1385 2165 1585 2228 colitis,
1613 2164 1882 2225 obtestor,

327 2273 386 2316 ut
412 2262 679 2316 continuis
717 2276 802 2315 me
828 2258 1271 2327 postulationibus
1311 2267 1365 2310 et
1395 2255 1663 2324 lacrymis,
1695 2254 1885 2320 quibus

326 2369 546 2422 regnum
579 2353 798 2407 caeleste
830 2353 932 2405 vim
963 2351 1176 2417 patitur,
1208 2349 1432 2401 Domino
1459 2344 1882 2400 commendetis:

321 2448 438 2514 quia
495 2445 596 2498 hoc
667 2459 860 2497 munus
909 2442 1142 2510 speciale
1204 2447 1474 2507 computo,
1536 2444 1592 2490 et
1645 2435 1890 2490 omnibus

321 2539 612 2594 commodis
633 2546 923 2605 antepono.

803 2624 1127 2682 EPISTOLA
1168 2621 1405 2692 xxxvi.

613 2719 868 2764 ENNODIUS
909 2720 1185 2760 ADEODATO
1224 2716 1578 2758 PRESBYTERO.

399 2802 639 2857 leestis
667 2799 996 2869 dispensatio
1027 2797 1288 2866 religiosis
1317 2792 1595 2849 desideriis
1624 2803 1891 2858 nunquam

330 2903 489 2964 negat
517 2893 751 2947 ell‘ectum
779 2908 792 2945 :
822 2905 942 2943 nam
967 2887 1106 2957 quod
1140 2887 1223 2954 pie
1244 2886 1506 2952 cupimus,
1531 2892 1739 2935 maturo
1759 2892 1896 2946 prae.-

326 2995 431 3039 stat
485 2983 678 3036 studio.
715 2979 1047 3035 Desideranti
1079 2978 1222 3031 enim
1252 2974 1377 3029 mihi
1411 2988 1504 3042 per
1549 2972 1751 3024 litteras
1779 2982 1898 3021 ora-

329 3077 531 3128 tionum
576 3082 870 3126 vestrarum
923 3067 1196 3137 postulare
1239 3065 1487 3134 sull'ragia
1518 3105 1531 3126 ,
1572 3063 1894 3131 perlatorem

1985 1905 2044 1949 ut
2071 1895 2306 1948 debitum
2333 1891 2515 1960 gratiae
2540 1889 2623 1942 vel
2655 1902 2793 1940 nunc
2813 1886 2987 1954 exigat
3009 1884 3401 1952 importunitas,
3425 1882 3552 1934 dum

1987 1986 2296 2056 pr0videtur
2319 1990 2580 2051 quatenus
2599 1979 2845 2032 ardorem
2868 1974 3121 2031 desiderii
3151 1972 3370 2043 prolixis
3397 1971 3558 2026 satie-

1987 2078 2056 2130 tis
2086 2074 2350 2143 alloquiis.

2451 2140 2776 2195 EPISTOLA
2819 2137 3103 2193 XXXVIII.

2512 2235 2762 2274 ENNODIUS
2802 2232 3051 2272 FIBMINE.

2061 2315 2320 2383 Quotiens
2341 2314 2515 2367 votiva
2542 2327 2630 2367 res
2664 2319 2878 2378 repente
2904 2308 3208 2376 contigerit,
3240 2307 3468 2375 pretium
3490 2304 3559 2359 de

1992 2410 2109 2478 ipsa
2155 2406 2408 2474 temporis
2447 2402 2710 2457 brevitate
2753 2401 2993 2454 sortitur.
3038 2397 3286 2454 leestis
3314 2395 3458 2451 enim
3508 2403 3564 2448 ut

1992 2506 2200 2556 crescat
2225 2495 2463 2551 beneﬁcii
2494 2495 2698 2562 genius,
2734 2492 2965 2545 subitum
2991 2490 3117 2543 facit
3145 2502 3264 2543 esse
3290 2486 3432 2557 quod
3472 2486 3565 2539 tri-

1995 2592 2135 2656 buit,
2172 2606 2239 2645 ne
2268 2589 2581 2643 devenustet
2603 2594 2907 2654 sperantum
2950 2582 3221 2650 prolixitas
3253 2579 3562 2634 misericor-

1995 2685 2136 2738 diam
2165 2680 2432 2751 Iargitoris
2452 2697 2465 2742 ;
2483 2680 2602 2748 quis
2632 2679 2773 2731 enim
2793 2677 3037 2730 allectum
3063 2672 3314 2728 desiderii
3345 2680 3565 2740 repente

1997 2774 2296 2843 suscipiens
2329 2788 2433 2826 non
2460 2770 2666 2823 avidius
2691 2770 2968 2835 impetrata
2995 2763 3318 2819 veneretur?
3349 2761 3438 2818 Sic
3481 2762 3568 2816 lit-

1998 2875 2141 2920 teras
2165 2861 2540 2932 magnitudinis
2563 2868 2757 2914 vestrm
2787 2858 2996 2921 sitiens,
3028 2866 3266 2923 tempore
3289 2852 3570 2922 profectio-

2000 2961 2082 3013 nis
2109 2958 2311 3026 accepi.
2346 2954 2618 3016 Dolebam,
2652 2952 2839 3015 fateor,
2867 2960 2920 3004 et
2948 2949 3292 3002 vehementer
3313 2946 3568 3014 angebar,

2002 3053 2129 3106 dum
2157 3065 2254 3120 nec
2277 3049 2652 3114 obsequiorum
2671 3059 2906 3097 meorum
2926 3042 3156 3111 perlator
3177 3040 3444 3099 existeret,
3475 3050 3573 3090 nec

329 3165 677 3219 domesticum
722 3172 840 3214 veta
871 3133 1222 3227 pepererunt;
1259 3165 1314 3208 ut
1349 3153 1566 3208 stimulo
1595 3148 1899 3218 scriptionis
1925 3154 1971 3216 ο
2007 3141 2276 3210 sospitatis
2322 3148 2516 3192 vestrm
2569 3137 2907 3203 digressurus
2975 3133 3110 3185 bona
3169 3141 3572 3198 cognoscerem.

331 3255 608 3319 admoniti,
629 3267 724 3313 pro
751 3250 978 3318 suscepti
1004 3249 1176 3300 anima
1208 3243 1519 3314 supplicetis
1545 3282 1558 3304 ,
1587 3242 1705 3306 quia
1724 3240 1739 3268 ¹
1774 3238 1899 3291 doc-

336 3356 419 3400 tor
450 3347 682 3414 gentittm
716 3343 928 3405 clamat,
977 3338 1129 3392 Orate
1158 3354 1250 3406 pro
1281 3336 1491 3387 invicem
1525 3331 1660 3401 (Jac.
1695 3345 1746 3396 v,
1792 3328 1896 3396 I6).

340 3438 479 3492 Nihil
509 3436 644 3490 enim
667 3443 747 3487 est
778 3431 917 3501 quod
951 3431 1117 3484 Deum
1150 3427 1394 3495 diligens,
1423 3425 1582 3478 etiam
1616 3436 1712 3490 pro
1735 3420 1903 3474 delin-

346 3529 625 3598 quentibus
677 3526 918 3580 obtinere
946 3538 1050 3575 non
1093 3521 1277 3589 possit.
1323 3517 1585 3571 Laborate
1614 3529 1740 3583 ergo
1787 3529 1907 3582 pro-

337 3619 514 3673 missis
541 3617 736 3671 dudum
770 3612 1098 3682 patrociniis,
1122 3620 1175 3663 et
1202 3607 1389 3678 gaudia
1421 3605 1548 3660 mihi
1579 3620 1673 3672 per
1722 3605 1904 3673 lacry-

333 3725 446 3764 mas
490 3717 814 3774 comparate.
872 3703 1057 3757 Veniat
1097 3702 1162 3755 ad
1201 3716 1283 3753 me
1329 3699 1528 3752 fructus
1571 3697 1896 3749 innocentia:

331 3801 537 3855 meritis
568 3800 866 3866 ignoratus.
903 3795 1027 3847 Haec
1066 3799 1188 3846 sunt
1214 3792 1279 3844 de
1317 3791 1508 3858 quibus
1539 3795 1781 3841 sanctum
1813 3786 1907 3840 Dei

328 3894 628 3946 admonere
677 3886 1013 3957 praesumpsi.
1067 3885 1254 3938 Timeo
1310 3885 1450 3937 enim
1497 3883 1670 3935 facere
1701 3881 1906 3948 prolixa

328 3983 618 4050 colloquia,
648 3983 770 4049 quia
803 3993 888 4032 res
921 3978 1217 4032 necessaria
1246 3975 1442 4028 strictis
1483 3983 1564 4028 est
1592 3971 1908 4040 postulanda

326 4074 694 4130 sermonibus.
743 4071 890 4124 Nunc
933 4070 984 4122 in
1016 4068 1230 4123 Christo
1262 4068 1454 4131 valete,
1487 4065 1556 4118 mi
1588 4065 1821 4128 domine,
1854 4069 1910 4115 et

325 4167 533 4221 sentire
553 4180 640 4218 me
661 4161 1057 4232 deprecationis
1085 4170 1274 4216 veStrac
1304 4171 1521 4212 munera
1548 4153 1913 4226 prosperisin-

323 4257 528 4310 dicate.

403 4371 422 4398 ¹
461 4366 649 4421 Doctor
682 4364 926 4434 gentium]
980 4363 1139 4416 Pattlo
1180 4361 1397 4434 tribuit,
1427 4358 1570 4430 quod
1607 4367 1690 4412 est
1731 4355 1910 4411 Jacobi

324 4437 566 4507 apostoli
600 4451 716 4502 cap.
750 4451 779 4484 v
813 4433 1385 4507 EpiSlQ_I:¥_Caliloiica3.

406 4512 428 4539 ³
466 4507 543 4559 De
564 4497 774 4568 Alpibus
804 4497 1004 4574 Cottiis]
1038 4504 1146 4557 Iloc
1174 4504 1273 4556 iter
1294 4500 1434 4570 quod
1466 4499 1725 4553 describit
1748 4499 1800 4551 in
1831 4497 1917 4550 iti-

2008 3235 2148 3288 Ecce
2169 3243 2450 3297 utrumque
2482 3229 2625 3281 frons
2648 3227 2784 3280 bona
2825 3225 3090 3279 concessit
3118 3240 3131 3276 :
3162 3221 3343 3289 accepi
3375 3219 3576 3290 pariter

2009 3327 2205 3382 indicia
2230 3332 2407 3392 optata
2439 3337 2556 3391 quae
2587 3319 2782 3382 refero,
2809 3327 2863 3372 et
2891 3331 2998 3370 uno
3019 3315 3314 3382 eodemque
3338 3321 3579 3381 tempore

2016 3430 2317 3488 regressum
2346 3429 2431 3468 me
2457 3416 2476 3443 ²
2501 3413 2568 3467 de
2598 3411 2819 3479 Alpibus
2847 3409 3056 3476 Cottiis,
3088 3418 3142 3463 et
3167 3408 3480 3461 Ravennate
3508 3405 3581 3459 εἰς

2011 3509 2204 3581 gniﬁco
2235 3508 2336 3562 iter
2361 3515 2716 3573 arrepturum.
2757 3504 2918 3556 Orate
2948 3510 3004 3555 ut
3048 3499 3207 3555 variis
3234 3499 3474 3553 laborum
3501 3497 3584 3566 ja-

2014 3615 2155 3660 ctato
2186 3600 2539 3656 incommodis
2572 3598 2878 3667 patientiam
2920 3609 3165 3661 supernae
3192 3589 3582 3647 benedictionis

2015 3711 2207 3751 munus
2236 3693 2494 3748 infundat.
2526 3691 2606 3745 Me
2632 3699 2808 3745 autem
2837 3688 2978 3757 quod
2999 3687 3064 3742 ad
3089 3685 3380 3741 custodiam
3402 3684 3588 3754 gratia:

2012 3788 2256 3843 culminis
2283 3785 2442 3838 vestri
2474 3782 2724 3850 splendor
2747 3781 3010 3843 hortatur,
3041 3778 3248 3831 facilius
3279 3777 3442 3831 credo
3461 3789 3588 3830 cur—

2013 3893 2102 3933 sus
2131 3877 2407 3930 ﬂuminum
2439 3874 2489 3926 in
2521 3873 2730 3925 diversa
2763 3869 3024 3932 revocari,
3048 3876 3101 3920 et
3131 3867 3329 3921 relictis
3359 3865 3589 3919 ﬁuento-

2015 3986 2131 4024 rum
2165 3952 2434 4022 alimoniis
2463 3963 2632 4018 aether
2657 3975 2879 4015 vacuum
2914 3959 3088 4026 pisces
3127 3968 3398 4025 expetere,
3428 3969 3588 4025 quam

2011 4069 2281 4115 tantorum
2318 4072 2402 4109 me
2438 4057 2803 4106 immemorem
2848 4049 3040 4103 delicta
3091 4047 3394 4100 restituant.
3438 4043 3591 4112 Quod

2015 4160 2281 4220 superest,
2331 4148 2522 4209 valete,
2555 4144 2624 4199 mi
2671 4142 2909 4203 domina,
2953 4147 3007 4192 et
3051 4136 3380 4204 redemptori
3407 4143 3592 4191 nostro

2015 4259 2112 4314 pro
2143 4255 2367 4311 persona
2399 4237 2631 4305 suscepti
2652 4231 3040 4288 incessabiliter
3056 4228 3369 4297 supplicate.

2023 4356 2236 4412 nerario
2285 4351 2654 4419 Brigantionis.
2686 4347 2761 4399 De
2790 4343 3040 4396 Firminae
3080 4350 3258 4394 autem
3289 4339 3485 4393 annulo
3513 4346 3593 4394 est

2021 4428 2345 4496 epigramma
2372 4423 2461 4474 95.

1391 4692 1768 4793 LIBER
1832 4676 2513 4789 SEPTIMUS.
3325 4728 3346 4741 ι-

829 4882 1152 4938 EPISTOLA
1192 4881 1428 4937 PRIMA.

839 4989 1092 5028 ENNODIUS
1124 4976 1137 5004 '
1170 4988 1404 5028 JULIANO.

407 5067 702 5135 Praeceptis
744 5064 1125 5133 magnitudinis
1174 5073 1365 5117 vestra:
1414 5059 1765 5114 ministerium
1823 5057 1916 5112 de-

333 5158 576 5215 votionis
614 5156 943 5212 exsolvimus
979 5173 992 5216 ;
1047 5156 1171 5224 quia
1215 5157 1270 5206 lit
1312 5151 1543 5222 aequitati
1597 5150 1868 5218 proximus
1898 5191 1914 5215 ,

337 5254 426 5321 qui
474 5250 598 5318 justi
633 5248 736 5301 viri
780 5247 998 5300 monitis
1036 5245 1379 5299 obseeundat.
1414 5242 1756 5311 NegOtiorum
1788 5253 1919 5309 qua-

409 5387 425 5416 ¹
459 5383 671 5436 Juliano
694 5382 712 5453 ]
739 5380 933 5434 Comiti
967 5379 1294 5453 patrimonii,
1315 5377 1510 5453 libantl
1532 5375 1687 5453 epist.

410 5457 434 5487 ¹
467 5454 634 5523 Regia:
664 5442 844 5506 domus
884 5442 1238 5523 conductorem
1263 5447 1280 5518 ]
1305 5447 1433 5523 _Qni
1483 5444 1660 5523 ﬁscale
1700 5442 1913 5523 aliquod

344 5515 595 5595 praedium
647 5524 1047 5595 conduxerant,
1070 5520 1150 5595 __hi
1183 5515 1554 5595 conductores
1582 5517 1771 5595 domus
1801 5515 1916 5568 Au-

347 5585 511 5665 gustae
536 5591 970 5665 dieebantnr,__de
997 5591 1186 5665 quibus
1218 5587 1602 5665 est__t_itnlus._i_n_
1625 5585 1829 5665 codice,
1864 5591 1918 5636 et

353 5655 432 5719 rex
462 5666 808 5719 Valentiniani
845 5655 928 5723 t'lI,
954 5676 1054 5725 qua
1085 5662 1202 5712 illus
1230 5660 1422 5711 nullius
1452 5658 1655 5711 militiae
1686 5655 1914 5723 dignita-

348 5740 481 5790 tisve
508 5737 798 5803 privilegiis
827 5733 927 5786 frui
949 5731 1122 5785 docet.
1155 5729 1354 5784 Domus
1395 5732 1624 5794 Augusta
1645 5770 1659 5793 ,
1703 5725 1916 5793 quando

1939 4848 2138 4940 blitas
2185 4883 2305 4938 qua:
2344 4866 2410 4919 ab
2447 4876 2618 4916 amico
2660 4855 2895 4913 veritatis
2937 4850 3270 4923 agnoscenda
3311 4848 3602 4905 committi-

2018 4973 2123 5026 tur,
2167 4959 2413 5015 cautione
2436 4950 2648 5007 instruit
2669 4949 2903 5000 animum
2938 4942 3227 5012 cognitoris
3257 4941 3486 5011 integri:
3519 4941 3602 4994 af-

2019 5057 2304 5111 fectionem
2336 5048 2620 5104 infudisset
2654 5042 2807 5096 nobis
2838 5039 3214 5108 magnitudinis
3242 5047 3435 5091 vestrae
3467 5051 3598 5089 con-

2018 5146 2293 5208 sideratio,
2319 5142 2365 5196 si
2397 5138 2569 5193 studia
2618 5148 2721 5188 non
2769 5130 3059 5185 dedissent.
3113 5129 3168 5183 In
3202 5129 3413 5197 negotio
3443 5128 3601 5197 igitur

2021 5240 2162 5310 quod
2190 5240 2324 5293 inter
2351 5234 2640 5287 Bautonem
2662 5229 2705 5291 ',
2727 5225 2882 5294 regiae
2907 5223 3094 5277 domus
3122 5222 3525 5283 conductorem,
3545 5228 3601 5273 et

2028 5369 2375 5438 imperatores
2419 5369 2600 5438 erant,
2642 5356 2963 5438 vocabatur;
3016 5368 3157 5409 nunc
3191 5352 3385 5438 domus
3432 5350 3600 5429 regia,

2030 5420 2284 5507 regnante
2312 5420 2642 5507 Theoderico
2669 5438 2766 5507 ,_et
2792 5427 3143 5507 conductores
3172 5424 3361 5507 domus
3403 5420 3563 5507 regiae
3583 5460 3598 5483 ,

2028 5489 2377 5562 ca'ssiodorus
2407 5503 2497 5554 lib.
2531 5515 2584 5564 v,
2613 5489 2770 5565 epist
2813 5498 2902 5551 59.
2940 5496 3136 5548 Eorum
3166 5489 3399 5565 cognitio
3419 5489 3484 5565 ad
3511 5503 3603 5542 co-

2030 5558 2209 5634 mitem
2243 5572 2544 5640 patrimonii
2572 5558 2914 5640 pertinebat,
2935 5580 3036 5631 qua
3066 5561 3314 5640 cornitivrtt
3357 5558 3601 5640 Iulianus

2026 5627 2367 5717 fungebatur.
2411 5627 2774 5717 Theodericus
2816 5627 3250 5717 .I‘nlianqeidem
3470 5627 3603 5717 C015-

2031 5700 2260 5773 duriores
2288 5714 2440 5779 Apuli
2465 5712 2727 5780 deplorata
2759 5704 2898 5756 nobis
2923 5702 3149 5752 aditione
3181 5700 3436 5767 conquesti
3461 5707 3600 5764 sunt,
