4146 6260
329 316 430 374 H7

1548 304 2023 364 EPISTOLARUM
2062 307 2192 363 LIB.
2234 307 2345 364 VII.

3468 317 3568 371 H8

323 437 425 483 tem
470 424 724 495 Ligurum
770 423 989 478 urbanae
1018 421 1138 476 fuco
1168 419 1539 489 disputationis
1571 422 1841 473 incessere
1867 456 1882 482 ,
1914 419 1969 479 Α
1993 424 2107 471 arte
2134 417 2428 482 contendis,
2460 419 2545 473 cui
2587 432 2686 474 nec
2725 420 3025 475 satietatem
3052 422 3119 477 de
3144 426 3424 489 praesentia
3456 436 3567 489 tua,

322 518 445 588 quia
466 525 523 571 et
547 529 633 570 me
655 515 813 584 origo
827 513 1082 568 reddebat
1111 512 1361 579 alienum,
1398 522 1461 567 et‘
1482 526 1576 566 vos
1602 512 1668 565 ab
1699 523 1883 564 eorum

321 606 493 675 culpis
526 605 831 661 constantia
857 605 1115 673 promissa
1144 603 1471 672 sejunxerat.
1504 602 1607 658 Sed
1639 614 1763 656 cum
1783 614 1887 655 una

320 707 459 755 sorte
490 698 558 753 ab
599 696 769 753 oculis
800 697 991 753 vestris
1024 707 1077 752 et
1114 707 1292 753 mente
1333 697 1584 762 discessi,
1627 698 1887 769 praeconis

322 802 450 848 voce
488 800 782 854 contestor,
832 792 1097 846 neminem
1129 791 1383 846 damnare
1424 805 1579 858 posse
1626 789 1777 860 quod
1800 804 1885 843 se-

324 882 496 951 quitur
522 921 539 947 ,
575 894 674 936 nec
707 881 861 935 salvo
898 882 1100 949 pudore
1123 882 1441 936 sententiam
1467 881 1779 936 excessibus
1799 879 1884 933 di-

322 980 458 1028 ctare
485 979 816 1041 peccantem.
867 968 971 1025 Fas
1001 980 1083 1026 est
1109 971 1306 1027 liberos
1332 986 1364 1025 a
1394 980 1544 1026 reatu
1574 970 1835 1026 detestari
1866 986 1882 1036 ;

322 1063 435 1130 quis
458 1074 617 1128 sequo
643 1060 829 1113 animo
864 1058 999 1114 ferat
1044 1062 1360 1116 monitorem
1420 1060 1561 1130 quod
1591 1060 1769 1115 verbis
1792 1059 1887 1114 de-

320 1153 469 1208 struit
523 1152 732 1207 actibus
773 1166 879 1207 non
919 1153 1133 1208 vitare?
1169 1144 1737 1223 Evangelii'sententia
1780 1161 1883 1217 est,

323 1245 415 1312 Qui
455 1246 637 1313 fecerit
650 1252 700 1297 et
723 1244 950 1299 docuerit
974 1246 1047 1299 sic
1069 1243 1281 1315 (M‘atﬂi.
1313 1256 1367 1315 v,
1405 1246 1495 1317 i9)
1527 1246 1749 1317 dignum
1789 1244 1893 1302 Uei‘

319 1336 483 1405 gratia
502 1347 662 1403 posse
688 1333 941 1401 judicari'.
975 1332 1139 1389 Vobis
1157 1336 1406 1404 cepiosus
1427 1350 1615 1391 sermo
1625 1346 1728 1400 est,
1752 1350 1889 1405 quo-

323 1425 451 1478 tiens
464 1434 619 1478 error
632 1426 891 1493 arguitur,
918 1428 973 1480 et
1000 1426 1541 1481 sub=conversatiunis
1564 1427 1883 1497 negligentia

326 1514 517 1584 purius
546 1514 914 1581 ampiect‘enda
945 1514 1249 1571 verborum.
1279 1512 1593 1572 Perdidistis
1622 1517 1882 1587 Iacryma-

325 1618 441 1660 rum:
463 1616 701 1669 mearum
716 1607 1048 1669 memoriam,
1077 1621 1232 1677 quam
1256 1607 1653 1664 discedentibus
1681 1610 1880 1678 gemini

328 1697 519 1753 doioris
548 1700 681 1753 ictus
716 1698 928 1754 eﬂudit.
974 1698 1116 1754 Ecce
1145 1701 1331 1769 quanti
1366 1701 1478 1756 dies
1505 1711 1650 1769 sunt},
1681 1702 1734 1756 in
1765 1704 1881 1772 qui-

1988 522 2086 562 nec
2132 508 2452 563 oblivionem
2511 510 2579 564 de
2619 509 2835 565 silentio
2869 512 3066 581 pateris
3115 514 3418 571 subvenire.
3454 517 3569 573 Scit

1988 599 2245 653 mentium
2294 599 2562 654 discussor
2596 600 2909 667 altissimus,
2947 602 3174 659 lectione
3198 607 3407 673 apicum
3436 616 3558 662 tuo-
3592 620 3599 635 τ

1988 701 2107 743 rum
2132 691 2360 743 animam
2388 704 2558 745 meam
2584 690 2722 745 intra
2753 693 3044 760 penetralia
3067 708 3162 748 sua
3194 710 3302 750 non
3326 697 3566 763 potuisse

1988 782 2314 851 consistere,
2346 789 2401 835 et
2449 781 2512 835 ad
2559 782 2898 850 praesentiam
2932 793 3073 837 tuam
3102 783 3389 855 diligentia:
3437 802 3566 843 evo—

1989 873 2129 927 lasse
2171 873 2330 927 melle
2370 874 2722 942 compulsam.
2757 872 2957 928 Habuit
2989 874 3315 932 Arelatensis
3360 878 3567 933 habita-

1988 962 2083 1025 tio,
2115 976 2236 1016 cnm
2269 963 2753 1018 Mediolanensibus
2784 966 2950 1019 muris
2978 966 3317 1021 includerer:
3357 976 3415 1023 et
3433 970 3563 1024 dum

1986 1051 2059 1105 ad
2098 1052 2304 1107 dulcem
2345 1053 2525 1109 sedem
2566 1055 2782 1109 libertas
2830 1058 3025 1110 mentis
3054 1068 3389 1126 excurreret,
3422 1060 3562 1114 intra

1985 1141 2189 1197 Italiam
2237 1155 2323 1198 me
2361 1148 2601 1213 corporis
2631 1147 2910 1215 captivitas
2940 1148 3261 1204 includebat.
3287 1149 3331 1204 Ο
3358 1152 3400 1205 si
3434 1165 3562 1219 sup-

1986 1241 2194 1302 peteret
2220 1238 2485 1289 sermonis
2516 1236 2839 1290 abundantia
2864 1237 2937 1290 ad'
2957 1253 3018 1291 ea
3042 1254 3157 1307 qua:
3182 1242 3329 1308 cupit
3350 1242 3567 1297 animus

1988 1324 2325 1391 exponenda,
2357 1334 2449 1378 aut
2489 1325 2557 1379 ad
2596 1324 2684 1379 illa
2733 1326 2797 1379 ad
2831 1341 2948 1395 qum
2981 1329 3154 1398 lingua
3199 1329 3424 1395 sufﬁcit,
3456 1346 3567 1385 non

1985 1416 2158 1483 pudor
2184 1417 2444 1485 eriperet!
2478 1416 2676 1472 Parvus
2698 1432 2849 1472 amor
2873 1428 2974 1485 est,
3003 1422 3092 1489 qui
3124 1422 3233 1475 oris
3256 1423 3564 1487 testimonio

1985 1505 2316 1560 sufﬁcienter
2345 1508 2604 1576 aperitur.
2646 1505 2922 1563 Confessio
2953 1518 3037 1563 est
3078 1511 3268 1579 tepidae
3296 1512 3566 1574 caritatis.
3664 1504 3675 1515 ’

1984 1600 2228 1667 qu0tiens
2287 1600 2340 1654 in
2384 1616 2449 1655 ea
2490 1616 2593 1654 non
2640 1601 2783 1656 cedit
2832 1603 3123 1673 eloquium.
3174 1602 3326 1670 Quod
3366 1614 3563 1673 restat,

1984 1691 2150 1745 Deum
2190 1707 2398 1760 precor,
2426 1701 2489 1745 ut
2526 1693 2706 1747 valeas
2744 1702 2798 1748 et
2830 1693 2898 1747 ad
2934 1695 3319 1749 sublevandum
3354 1711 3558 1751 mcero-

328 1788 537 1845 bussub
562 1800 705 1845 tanta
732 1790 1027 1860 frequentia
1068 1800 1467 1849 commeant-um
1508 1794 1651 1849 “una
1704 1808 1877 1862 neque
1907 1775 1957 1837 Β
1982 1796 2093 1837 rem
2125 1797 2299 1839 meum
2344 1798 2503 1852 quem
2554 1784 2849 1851 scriptione
2892 1793 2981 1839 tua
3022 1786 3182 1839 nimis
3219 1785 3421 1839 daedala
3451 1795 3566 1842 arte

326 1878 517 1936 domini
532 1883 659 1951 mei,
687 1882 845 1938 amici
874 1884 1054 1946 vestri,
1084 1898 1254 1954 neque
1282 1892 1479 1953 vestra,
1512 1899 1630 1955 qua:
1670 1885 1736 1941 de
1785 1885 1877 1940 illo

324 1984 435 2027 rem
457 1973 569 2027 voti
592 1970 853 2038 indicent,
882 1974 1082 2043 scripta
1126 1974 1377 2043 suscipio.
1409 1974 1726 2031 Absolvistis
1759 1976 1878 2031 imi-

324 2064 513 2119 tatione
539 2064 865 2133 culpabiles:
898 2080 1005 2119 non
1033 2066 1173 2135 quod
1199 2065 1480 2134 Liguribus
1498 2068 1737 2122 evenerit
1757 2081 1878 2137 pro—

328 2155 572 2223 positum,
605 2164 855 2223 quantum
880 2169 975 2210 vos
1004 2155 1202 2225 dicitis,
1232 2156 1558 2212 infidelitatis
1587 2160 1835 2215 amittere
1859 2200 1874 2224 ,

326 2244 416 2298 sed
450 2244 588 2313 quod
612 2258 708 2300 eos
729 2246 1005 2315 contigerit
1025 2247 1291 2301 invenisse
1320 2248 1373 2301 in
1404 2247 1486 2302 his
1511 2265 1630 2319 quae
1651 2259 1775 2303 sunt
1795 2251 1875 2303 vi-

325 2336 475 2389 tanda
524 2344 819 2393 consortes.
861 2336 1012 2408 Rogo
1065 2352 1259 2404 tamen,
1293 2341 1515 2395 servitio
1548 2342 1878 2396 salutationis

321 2425 569 2490 exhibito,
604 2436 657 2481 ut
682 2428 895 2482 tandem
924 2429 1228 2498 aliquando,
1252 2426 1501 2499 tanquam
1533 2432 1654 2485 boni
1676 2432 1879 2486 domini

320 2529 533 2585 precum
567 2526 804 2571 mearum
850 2530 1133 2583 memores,
1173 2519 1583 2589 prosperitatem'
1625 2528 1876 2585 vestram,

318 2605 397 2659 vel
441 2605 624 2660 donmi
671 2607 812 2674 mei,
861 2610 1114 2664 amatoris
1152 2611 1346 2676 vestri,
1392 2611 1643 2667 reseretie
1683 2612 1888 2667 muniis-

320 2698 626 2755 litterarum.

839 2789 1164 2849 EPISTULA:
1205 2794 1319 2851 VII.

654 2913 908 2972 aesonius
948 2898 981 2947 ¹ν
1004 2930 1210 2971 ειριυιο
1247 2928 1491 2971 DIACONO.

381 3028 627 3086 Perfecta
664 3032 861 3087 caritas
906 3032 1201 3102 corporalis
1246 3032 1506 3089 absentiae
1550 3030 1745 3087 damna
1770 3043 1879 3085 non

1980 1873 2288 1942 geminasti,
2321 1873 2462 1927 bono
2490 1873 2859 1942 prosperitatis
2887 1882 3088 1930 mutua:
3120 1876 3430 1930 reserveris.

2535 1984 2866 2041 EPISTOLA
2902 1986 2995 2041 IX.

2510 2115 2771 2157 “NONUS
2813 2115 3029 2157 AVIENO.

2052 2218 2311 2288 Pompam
2353 2233 2515 2289 (πυρίη
2556 2220 2611 2274 in
2658 2220 2849 2274 ﬁtteris
2889 2221 3069 2289 bigitis
3118 2218 3408 2287 obtinetis;
3466 2235 3566 2276 nec

1982 2310 2123 2364 aliud
2152 2318 2236 2364 est
2255 2311 2397 2381 loqui
2424 2320 2696 2375 vestrum,
2729 2311 2830 2365 nisi
2855 2311 3311 2366 declamationum
3337 2312 3568 2378 insignia

1982 2400 2253 2456 custodire
2289 2421 2299 2453 ε
2336 2403 2435 2456 hoc
2474 2403 2528 2456 in
2575 2402 2728 2458 vobis
2755 2412 2977 2468 natura,
3011 2404 3111 2458 hoc
3142 2403 3345 2481 peritiae
3391 2411 3565 2457 mater

1983 2491 2291 2548 indeﬁciens
2343 2492 2585 2547 lectionis
2649 2507 2776 2547 cura
2834 2494 3119 2564 congessit.
3173 2494 3280 2549 Sed
3332 2493 3564 2547 miseriis

1985 2581 2117 2637 meis
2155 2582 2373 2639 evenire
2421 2583 2565 2637 nulla
2613 2585 2910 2640 consolatio
2951 2593 3159 2656 potest,
3201 2584 3414 2655 quando
3442 2593 3567 2638 ante

1983 2672 2165 2728 oculos
2191 2682 2314 2728 sunt
2350 2673 2552 2739 locata,
2592 2690 2709 2743 quae
2740 2676 2909 2730 merui
2941 2717 2956 2740 ,
2994 2686 3048 2731 et
3077 2686 3336 2746 quantum
3368 2676 3566 2745 pracla-

1984 2774 2069 2817 tus
2099 2763 2365 2832 indignior
2406 2764 2700 2832 exstiterit,
2729 2774 2931 2820 tantum
2968 2766 3019 2819 in
3050 2774 3237 2835 aperto
3275 2765 3407 2819 ﬁunt
3443 2779 3569 2834 pec-

1983 2861 2103 2910 cata
2149 2854 2408 2923 superati.
2464 2854 2601 2921 Quid
2651 2856 2891 2911 animum
2946 2873 3151 2921 meum,
3205 2858 3567 2912 iiiustrissime

1984 2946 2293 3014 hominum,
2317 2948 2531 3002 conaris
2564 2948 2849 3002 attollere?
2876 2948 3003 3017 quid
3035 2948 3090 3001 in
3118 2949 3226 3000 vita
3258 2963 3377 3016 qua:
3408 2949 3565 3016 plena

1986 3038 2232 3091 maeroris
2264 3045 2374 3099 est,
2404 3052 2679 3090 reservare
2710 3038 2871 3090 liceat
2918 3020 3351 3090 tribulationibus
3398 3037 3569 3091 meis?

320 3121 531 3191 patina,
560 3136 660 3177 nec
707 3124 1006 3179 animorum
1053 3139 1243 3180 serena
1277 3125 1587 3195 coniunctio
1631 3126 1879 3179 itinerum
1908 3146 1955 3211 ρ
1983 3142 2081 3197 pro
2122 3128 2262 3180 bono
2288 3126 2702 3194 dispensationis
2730 3126 2966 3180 ccelestis
3002 3127 3161 3180 ﬁnem
3193 3127 3275 3181 vel
3305 3142 3425 3181 cum
3456 3129 3565 3183 vita

318 3214 740 3283 sequestratione
768 3214 1057 3278 multatur:
1086 3231 1312 3286 quorum
1351 3217 1545 3269 animae
1581 3215 1793 3269 Christo
1822 3214 1877 3268 in

321 3305 528 3361 caritate
565 3307 807 3361 sociante
843 3308 1195 3375 conveniunt,
1226 3307 1369 3363 nulla
1396 3315 1621 3378 possunt
1644 3309 1879 3376 separari

326 3395 683 3466 interiectione
734 3407 1021 3454 terrarum.
1062 3398 1295 3470 ﬂacego
1335 3414 1431 3468 spe
1457 3398 1542 3453 vel
1570 3399 1881 3467 securitate,
1910 3405 1945 3475 'f

327 3486 387 3541 de
404 3489 727 3545 conscientia
748 3496 928 3545 vestra
946 3504 1182 3557 secum,
1204 3499 1468 3545 amantem
1490 3490 1595 3543 mei
1615 3488 1881 3557 alloquor,

247 3596 253 3601 ’
325 3587 563 3651 tanquam
612 3582 668 3635 in
713 3581 1044 3651 amplexibus
1078 3582 1451 3638 constitutum.
1490 3581 1657 3647 Fove,
1685 3580 1884 3636 domne

320 3669 511 3741 Eipidi,
574 3687 734 3742 quem
782 3672 900 3729 Deo
941 3673 1121 3729 medio
1174 3673 1479 3744 suscepisti.
1508 3673 1713 3729 Habeat
1760 3687 1885 3727 suas

316 3765 546 3821 mundus
571 3764 820 3831 astutias,
848 3772 903 3819 et
924 3766 1276 3821 urbanitatem
1300 3764 1516 3821 fallendi
1532 3764 1883 3834 prudentiam

317 3856 652 3913 damnandus
680 3856 947 3926 appellet.
967 3855 1047 3910 Tu
1071 3856 1145 3911 illi
1165 3856 1430 3912 dulcedini
1460 3870 1618 3925 quam
1641 3857 1883 3925 probavi,

319 3946 439 4001 nihil
461 3946 793 4012 admisceas.
828 3947 927 4000 nisi
959 3947 1100 4015 quod
1136 3945 1390 4016 gradibus
1411 3947 1476 4002 ad
1509 3946 1760 4015 perfectae
1791 3961 1885 4001 ca-

316 4036 479 4092 ritatis
512 4050 617 4091 nos
645 4036 783 4090 bona
809 4036 1080 4104 perducat.
1112 4036 1355 4100 Domine,
1389 4048 1445 4093 ut
1473 4052 1655 4107 supra,
1684 4039 1884 4093 saluta-

317 4128 514 4183 tionem
560 4128 919 4196 plenissimam
957 4128 1209 4193 reddens,
1266 4143 1449 4199 quteso
1478 4139 1535 4184 ut
1561 4129 1889 4200 proSperita-

317 4227 420 4273 tem
436 4227 678 4275 vestram
694 4220 779 4275 vel
803 4231 987 4275 eorum
1008 4222 1098 4292 qui
1128 4235 1226 4277 nos
1252 4221 1476 4293 diligunt
1523 4221 1889 4292 frequentibus

318 4312 445 4367 mihi
473 4312 725 4368 indicetis
747 4312 1014 4383 alloquiis.
1052 4304 1056 4307 ’

850 4425 1177 4483 EPISTOLA
1223 4425 1355 4481 VIII.

826 4550 1077 4600 amemus
1110 4556 1401 4598 coruscus.

391 4664 571 4731 Quam
598 4648 735 4717 bene
764 4658 994 4714 animum
1047 4671 1222 4712 meum
1253 4656 1317 4709 ad
1352 4654 1656 4725 patientiam
1697 4666 1892 4721 seque-

326 4754 603 4812 strationis
630 4749 882 4806 absentia:
906 4759 1094 4803 vestra:
1125 4762 1255 4801 usus
1287 4746 1578 4815 aptaverat,
1613 4745 1738 4799 dum
1770 4757 1895 4813 pro-

324 4838 429 4901 lixa
474 4834 687 4899 silentia
735 4850 1094 4909 contemptum
1146 4835 1441 4892 dulcedinis
1481 4852 1655 4890 rerum
1683 4849 1895 4889 suarum

329 4936 651 4992 necessitate
679 4934 990 5004 pariebant!
1032 4932 1257 4985 rescissa
1290 4941 1371 4984 est
1402 4929 1621 4984 cicatrix
1670 4941 1787 4996 quae
1830 4925 1897 4979 ad

332 5018 655 5085 medicinam
704 5018 776 5098 pii
817 5026 1014 5080 amoris
1042 5033 1368 5079 accesserat.
1410 5021 1698 5080 Conﬁteor,
1746 5030 1900 5072 soror

329 5108 675 5184 venerabilis,
701 5116 767 5171 ad
792 5118 1062 5185 antiquum
1094 5130 1179 5170 me
1211 5106 1529 5169 desiderium
1563 5113 1752 5166 littera:
1797 5119 1900 5163 tute

332 5213 491 5266 nimis
508 5220 637 5265 noto
656 5208 887 5265 conditu:
912 5223 1103 5278 sapore
1124 5214 1463 5263 revocarunt.
1482 5204 1626 5259 Ecce
1653 5202 1781 5257 vide
1802 5216 1903 5271 qua

402 5369 417 5396 ι
458 5360 1092 5431 Helpidib'diacon01Lib.
1118 5374 1239 5425 vm,
1268 5360 1505 5431 epist.A8.
1536 5359 1626 5414 Sic
1643 5357 1907 5431 jemolim

334 5428 660 5499 scribebant,
684 5428 1023 5504 +proElpidio
1046 5435 1179 5495 quod
1212 5441 1294 5485 est
1320 5428 1538 5504 ἑλπίδικ
1570 5447 1584 5504 :_
1613 5439 1671 5483 ut
1701 5429 1901 5498 Helpis,

340 5501 724 5574 Euheipistus,
774 5516 828 5560 et
878 5501 976 5574 alia
1030 5504 1080 5557 id
1129 5516 1320 5574 genus.
1350 5502 1525 5566 Quare
1575 5501 1641 5553 ita
1696 5513 1905 5569 quoque

339 5572 592 5639 scriptum
625 5575 691 5629 ab
718 5572 959 5629 Ennndio
984 5572 1269 5627 verisimile
1296 5580 1395 5626 est.

407 5648 427 5677 ²
452 5638 806 5703 Compulsoris
832 5644 1026 5713 ofﬁcio]
1056 5643 1338 5711 Fiscalium
1375 5656 1595 5697 onerum
1621 5638 1910 5713 esacmris,

326 5719 432 5783 qui
482 5716 703 5781 publicis
754 5708 1107 5769 [unctionibus
1165 5708 1429 5767 obnoxius
1476 5713 1540 5766 ad
1593 5708 1908 5783 solutionem

342 5785 632 5854 compellit.
658 5785 787 5855 Leg.
812 5788 841 5839 7
884 5785 1002 5842 cod.
1049 5785 1115 5841 de
1163 5783 1609 5854 Exsecutoribus,
1647 5788 1701 5838 et
1727 5782 1830 5852 leg.
1860 5783 1911 5835 4.

1984 3216 2257 3273 constitui.
2291 3214 2455 3271 Vobis
2497 3223 2675 3270 tamen
2708 3216 3094 3272 insuiﬁcientes
3123 3218 3300 3275 refero
3330 3222 3564 3289 gratias,

1984 3309 2072 3378 qui
2119 3309 2260 3362 illam
2290 3308 2431 3360 circa
2474 3322 2561 3361 me
2598 3311 2825 3362 servatis
2870 3305 3223 3379 diligentiam,
3261 3325 3361 3381 qua
3393 3312 3566 3381 potio-

1983 3413 2097 3455 rem
2129 3412 2228 3453 nec
2254 3397 2580 3467 dignissimis
2606 3401 2954 3467 praestaretis.
2992 3401 3209 3456 Domine
3240 3404 3334 3468 mi,
3366 3404 3565 3458 saluta-

1986 3490 2146 3546 tionis
2184 3489 2539 3545 reverentiam
2574 3490 2810 3555 solvens,
2840 3506 3000 3560 spero
3040 3502 3097 3545 ut
3140 3508 3299 3548 orare
3340 3508 3435 3565 pro
3481 3508 3568 3549 me

1985 3582 2207 3638 minime
2237 3579 2540 3647 desistatis,
2576 3588 2632 3637 et
2677 3581 2745 3636 ad
2782 3583 3142 3638 calamitatum
3174 3585 3361 3639 solatia
3391 3584 3564 3640 feren-

1983 3674 2055 3729 tia
2086 3688 2241 3743 opem
2272 3671 2470 3742 scripta
2500 3671 2743 3727 mittatis.

2552 3783 2885 3840 EPISTOLA
2922 3785 2989 3839 X.

2238 3956 2241 3961 ,
2338 3913 2591 3955 ENNODIUS
2624 3913 2795 3954 ηοιιο
2824 3916 2891 3955 ΕΤ
2922 3912 3223 3959 υεοοιλτο.

2057 4009 2447 4079 δϐοιηριιιεοτίε
2459 4007 2672 4065 functus
2692 4009 2891 4077 ofﬁcio,
2913 4010 2980 4066 ad
3006 4009 3419 4066 redhibitiouem
3444 4024 3568 4081 pro-

1990 4101 2266 4156 missionis
2287 4114 2398 4156 sua:
2427 4100 2516 4156 vix
2560 4101 2876 4177 advocatum
2914 4103 3099 4172 coegi,
3135 4111 3192 4158 ut
3217 4102 3361 4173 quod
3407 4102 3569 4157 advo-

1991 4196 2129 4250 catis
2154 4195 2385 4250 debebut
2426 4194 2962 4259 exsolveret.qunus
3007 4195 3155 4249 durae
3191 4194 3567 4264 proiessionis,

1994 4296 2050 4341 ut
2080 4302 2108 4339 a
2135 4287 2288 4342 vobis
2312 4285 2538 4339 dicenda
2569 4288 2891 4354 praeveniam
2909 4326 2923 4349 ,
2948 4288 3017 4340 ad
3048 4288 3422 4343 verecundiam
3452 4285 3567 4340 cle-

1991 4379 2135 4431 ricus
2167 4376 2436 4431 inclinavi.
2465 4377 2632 4442 Quale
2678 4378 2748 4429 sit
2777 4391 2881 4445 quo
2914 4378 3227 4431 molliuntur
3256 4376 3569 4432 obstinatis-

1998 4467 2147 4530 simi,
2200 4475 2254 4521 et
2305 4466 2430 4533 quid
2473 4466 2573 4519 sibi
2601 4465 2731 4520 velit
2775 4465 2863 4534 qui
2894 4474 3133 4533 raptores
3162 4466 3386 4533 Spoliat,
3424 4467 3569 4519 aesti-

1999 4566 2162 4613 mate.
2198 4557 2414 4626 Argenti
2440 4556 2634 4611 Iibram
2666 4570 2822 4627 quam
2850 4555 3014 4610 irater
3043 4555 3367 4624 Epiphanius
3390 4554 3567 4621 dedit,

1999 4649 2151 4705 fratri
2198 4647 2404 4703 Gaiano
2448 4648 2513 4704 ad
2563 4662 2662 4704 vos
2715 4648 3086 4719 perferendam
3127 4646 3357 4711 tradidi,
3403 4647 3573 4715 pactis

1998 4750 2189 4796 tamen
2229 4741 2401 4794 adhuc
2457 4740 2594 4809 apud
2642 4756 2727 4795 me
2777 4755 2896 4807 qua:
2976 4738 3183 4806 suscepi
3247 4738 3569 4791 constitutis.

2004 4831 2191 4886 Restat
2228 4839 2306 4896 ut,
2355 4832 2397 4883 si
2438 4831 2654 4884 tradere
2692 4831 2943 4897 debeam,
2992 4829 3299 4899 designetis.
3350 4828 3575 4891 Domine

2001 4922 2509 4988 migsaiutationem
2548 4908 3165 4989 plenissimam'dicens,
3219 4935 3351 4992 rogo
3380 4931 3437 4975 ut
3465 4920 3575 4988 pri-

2004 5030 2147 5069 mum
2179 5014 2277 5084 pro
2310 5030 2395 5069 me
2421 5024 2632 5068 sanctos
2665 5027 2821 5067 orare
2851 5013 3163 5083 dignemini.
3199 5013 3397 5069 Deinde
3425 5014 3575 5069 dom-

2010 5107 2092 5161 nis
2119 5106 2446 5161 amatoribus
2474 5105 2669 5158 nostris
2698 5103 2950 5173 obsequia
2979 5120 3096 5160 mea
3126 5107 3225 5161 sub
3249 5106 3334 5161 illa
3361 5120 3460 5175 qua
3492 5118 3576 5159 me

2009 5217 2202 5272 cupere
2233 5202 2375 5256 scitis
2402 5199 2700 5255 humilitate
2731 5200 2988 5256 reddatis.

2001 5357 2089 5412 Ne
2111 5354 2409 5427 collationis
2439 5356 2715 5427 translatio
2740 5358 3037 5427 postuletur
3066 5374 3078 5409 :
3106 5366 3169 5412 et
3186 5353 3579 5427 apndLCassio-

1995 5428 2200 5483 .dornm
2233 5425 2323 5479 lib.
2352 5441 2449 5490 νη,
2480 5426 2567 5490 45;
2608 5428 2701 5481 lib.
2739 5422 2813 5489 ix,
2850 5429 2905 5492 4;
2941 5429 3034 5482 lib.
3064 5443 3161 5490 stt,
3188 5427 3239 5479 8.
3278 5422 3579 5492 Editio‘Ba-

2012 5492 2247 5550 siliensis
2277 5496 2360 5548 hic
2408 5498 2565 5551 etiam
2604 5499 2800 5559 mutila
2846 5507 2977 5551 erat.
3014 5497 3180 5549 Priori
3231 5493 3370 5545 enim
3427 5492 3580 5559 hujus

2015 5567 2253 5634 epistola:
2301 5568 2540 5623 membro
2595 5569 2816 5623 alterum
2854 5566 3115 5625 attexuit,
3154 5562 3297 5630 quod
3340 5563 3580 5634 epistola;

2012 5639 2085 5691 15
2127 5635 2439 5706 debebatur.
2489 5639 2619 5693 Tres
2662 5635 3128 5706 igitur_epi‘stolas
3176 5642 3471 5706 sequentes
3516 5633 3583 5706 ad

2019 5705 2318 5780 agnellum,
2350 5701 2719 5777 .Ilormisdam'
2739 5715 2791 5760 et
2830 5701 3073 5765 Boetium
3113 5703 3580 5780 ex‘manuscriptis

2022 5775 2397 5853 supplevimus.
