4186 6252
548 367 647 425 119

1100 483 1422 539 EPISTULA
1466 485 1554 538 XI.

1059 579 1308 617 BNNUDIUS
1354 580 1605 619 AGNELLO.

619 653 756 708 Male
797 663 878 708 est
911 654 1089 709 animo
1131 671 1269 721 meo,
1303 658 1440 726 quod
1467 661 1532 712 de
1559 658 1821 714 facundiae
1841 673 1952 716 sua:
1972 661 2113 716 doti-

548 744 648 800 bus
693 745 822 799 mihi
877 747 1197 801 abundantia
1246 760 1420 804 vestra
1477 751 1608 806 nihil
1668 752 1853 808 tribuit
1892 771 1906 810 :
1948 764 2002 809 et
2043 757 2114 810 ita

547 839 866 907 eloquentia:
905 839 1094 906 opibus
1121 839 1368 904 incubat,
1395 850 1451 895 ut
1478 851 1678 910 partem
1705 858 1769 896 ex
1797 844 1875 898 eis
1907 844 2106 914 facere,

545 929 880 999 sacrilegium
915 941 1268 998 computetur.
1297 934 1489 1001 Turpis
1516 944 1598 990 est
1625 936 1867 1004 equidem
1899 940 2112 992 univer-

546 1035 721 1073 sarum
753 1036 928 1074 rerum
965 1023 1182 1076 avaritia
1210 1027 1468 1094 :contigit
1503 1035 1676 1081 tamen
1697 1068 1711 1090 ,
1753 1029 1796 1081 si
1827 1030 1987 1083 verba
2019 1030 2111 1084 de-

546 1123 740 1178 neges,
785 1111 902 1179 plus
947 1112 1207 1179 pudenda.
1248 1113 1401 1181 Saepe
1454 1117 1611 1168 etiam
1674 1117 1850 1170 evenit
1909 1128 1965 1170 ut
2011 1118 2116 1173 fre-

545 1209 771 1269 quenter
811 1202 1108 1259 scribentes
1139 1205 1312 1257 minus
1341 1204 1561 1272 diligant
1593 1222 1607 1270 ;
1645 1222 1910 1275 nunquam
1936 1213 2112 1264 tamen

544 1293 772 1345 accessit
809 1301 866 1344 ut
894 1293 1094 1362 aliquid
1125 1294 1329 1348 caritati
1359 1303 1624 1362 reservet,
1671 1298 1759 1366 qui
1784 1299 1836 1351 in
1862 1309 2115 1368 perpetua

544 1383 907 1438 taciturnitate
949 1386 1219 1452 perdurat.
1250 1386 1430 1440 Potest
1462 1389 1605 1442 nasci
1640 1388 1706 1442 de
1743 1391 2116 1457 epistolaribus

461 1488 470 1498 ·
544 1472 920 1527 blandimentis
951 1475 1264 1542 ambiguitas
1299 1494 1312 1529 :
1344 1487 1488 1531 certa
1521 1478 1652 1532 fides
1683 1489 1765 1532 est
1814 1479 1880 1533 ab
1910 1495 1975 1534 eo
2027 1483 2116 1550 qui

544 1573 723 1617 servat
750 1565 1015 1618 silentium
1060 1580 1161 1619 non
1192 1568 1379 1619 amari.
1418 1567 1540 1622 liceo
1567 1577 1693 1622 sunt
1737 1585 1857 1638 quae
1913 1571 1964 1622 in
2016 1572 2118 1626 fes-

546 1656 804 1710 tinatione
844 1656 1128 1723 perlatoris
1167 1658 1310 1711 celer
1351 1659 1573 1726 scripsi,
1620 1662 1846 1727 geminis
1889 1662 2116 1716 stimulis

544 1747 826 1811 incitatus,
857 1747 938 1800 vel
971 1747 1358 1814 preperationis
1403 1749 1567 1816 bajuli
1608 1751 1690 1803 vel
1721 1749 1940 1805 doloris.
1975 1752 2116 1821 Ergo

1672 373 1941 429 ENNODII
1989 377 2280 433 EPISCOI’I
2323 378 2686 434 TICINENSIS

2141 495 2193 554 Α
2219 493 2511 561 ρι’ωόίρετθ
2557 492 2793 559 virtutes,
2836 509 2992 564 quem
3043 497 3094 549 in
3135 497 3288 550 annis
3328 497 3632 565 puerilibus,
3662 501 3778 555 sine

3673 387 3775 442 120

2215 583 2384 637 aetatis
2427 583 2756 653 prtejudieio,
2787 584 3042 640 industria
3070 585 3194 640 fecit
3219 587 3490 656 antiquum
3521 604 3534 652 ;
3567 590 3658 658 qui
3687 604 3780 660 per

2213 673 2538 744 diligentiam
2571 675 2758 744 imples
2777 689 2935 729 omne
2954 676 3094 745 quod
3118 678 3357 746 cogitur;
3387 679 3470 733 cui
3493 680 3632 735 inter
3657 682 3782 736 vita:

2215 764 2439 818 exordia
2479 765 2633 819 ludus
2665 773 2745 820 est
2782 765 3024 819 lectionis
3053 767 3358 834 assiduitas,
3383 777 3437 823 et
3463 769 3667 825 deliciae
3695 786 3784 826 su-

2215 855 2312 910 dor
2342 855 2544 910 alienus
2569 874 2583 922 ;
2617 859 2670 910 in
2700 859 2851 923 cujus
2877 858 3122 911 manibus
3142 859 3410 927 duplicato
3431 861 3551 930 igne
3577 864 3781 929 rutilat,

2219 962 2321 1016 qua
2353 957 2560 1003 veteres
2590 948 2703 1003 face
2734 949 3014 1004 fulserunt.
3047 949 3176 1004 Nam
3209 951 3346 1018 quod
3373 953 3461 1006 vix
3494 955 3785 1021 majoribus

2221 1040 2363 1095 circa
2384 1042 2776 1096 extremitatem
2807 1042 2930 1095 vita:
2958 1043 3196 1109 contigit,
3227 1042 3327 1096 hoc
3348 1043 3442 1097 tibi
3473 1045 3706 1099 abundat
3734 1048 3782 1101 in

2221 1132 2424 1187 limine.
2459 1135 2595 1190 Vere
2621 1135 2813 1189 dedisti
2845 1136 3070 1204 pretium
3117 1137 3416 1206 loquacitati
3464 1152 3618 1204 meae,
3661 1139 3784 1193 dum

2220 1223 2614 1280 desiderantem
2658 1227 2918 1296 colloquia
2959 1227 3161 1296 primus
3194 1227 3523 1297 aggrederis.
3556 1227 3785 1300 Contigit

2220 1331 2354 1370 nova
2387 1331 2471 1370 res
2505 1319 2740 1387 garrulo,
2782 1328 2837 1372 ut
2884 1334 3051 1388 usque
3078 1320 3214 1373 adeo
3256 1321 3661 1389 produceretur,
3692 1323 3786 1376 do-

2217 1419 2317 1459 nec
2361 1407 2635 1477 exigerent
2680 1409 2877 1475 scripta
2929 1423 3267 1476 responsum.
3311 1409 3421 1464 Deo
3450 1412 3670 1481 gratias,
3697 1417 3784 1481 qui

2217 1499 2441 1555 occultis
2471 1500 2749 1555 itineribus
2776 1500 2843 1554 de
2871 1502 3148 1570 propinqui
3181 1518 3276 1557 vos
3306 1504 3601 1558 necessaria
3632 1504 3787 1558 affec-

2223 1589 2366 1643 tione
2391 1591 2696 1644 commovit.
2742 1592 2878 1644 Ecce
2915 1593 3139 1661 gemina:
3187 1608 3376 1648 causas
3424 1594 3630 1664 injuriae
3676 1595 3786 1662 jam

2227 1682 2456 1755 tenetis:
2491 1697 2612 1735 nam
2659 1692 2938 1750 postquam
2992 1686 3216 1753 agrestis
3259 1686 3482 1751 innotui,
3524 1700 3788 1754 praesumo

2222 1785 2308 1825 me
2356 1771 2535 1827 dicere
2585 1775 3152 1841 parentetn.'Domine
3196 1777 3288 1844 mi,
3320 1777 3508 1830 salutis
3554 1778 3789 1832 officium

545 1836 707 1890 ίδεάίο
734 1836 904 1936 ἓηίξηί-
927 1837 1031 1936 mel
1064 1838 1295 1936 rf’medi“
1328 1839 1697 1936 ίηθξηοξδηξθτ
1729 1841 1976 1936 εξίΠξίδθῑθ
2011 1861 2023 1895 ε
2061 1852 2118 1936 Ψ
2146 1854 2192 1915 Β
2219 1861 2422 1925 dicens,
2453 1836 2610 1930 spero
2635 1872 2692 1917 ut
2715 1865 2855 1918 circa
2898 1865 3194 1920 litterarum
3230 1836 3408 1920 tn'nnia
3439 1866 3788 1936 frequentiam

545 1930 786 1997 quamvis
815 1928 1043 1982 defuerit
1091 1929 1346 1985 hactenus
1375 1931 1640 1986 affectioni
1675 1932 1864 2000 pabula
1906 1947 2030 1999 sua,
2062 1934 2114 1989 in

545 2021 774 2075 statione
799 2034 918 2075 esse
965 2029 1138 2075 tamen
1163 2023 1418 2090 promissa
1446 2023 1638 2077 caritas
1665 2023 1979 2078 innotescat.
2014 2025 2114 2080 Do-

545 2110 687 2168 mine
735 2112 834 2175 mi,
887 2113 1114 2167 salutem
1184 2113 1542 2180 plenissimam
1587 2114 1791 2182 dicens,
1832 2132 2013 2183 quaeso
2063 2128 2119 2172 ut

546 2201 925 2271 exspectationi
956 2216 1089 2257 mea:
1115 2203 1256 2272 quod
1283 2203 1483 2279 sufficit
1513 2204 1766 2274 loquendi
1797 2205 2119 2273 peritissimo

545 2311 648 2350 non
678 2303 916 2365 negetur.

1079 2365 1404 2420 EPISTOLA
1444 2362 1557 2420 XII.

915 2458 1168 2514 εΝΝοιιυβ
1199 2461 1472 2499 HORMISDE
1500 2461 1739 2502 DIACONO.

616 2533 803 2588 Nullus
829 2546 1131 2590 remaneret
1176 2536 1438 2604 imperitis
1471 2538 1617 2592 locus
1642 2539 1840 2603 venire,
1882 2539 1926 2592 si
1971 2541 2121 2608 plura

540 2626 926 2695 loquerentur:
960 2627 1072 2680 sola
1103 2626 1334 2680 brevitas
1355 2628 1694 2682 commendat
1726 2630 1987 2684 indoctos.
2021 2630 2120 2685 Su-

541 2732 639 2788 pra
664 2732 903 2772 errorem
921 2727 1000 2772 est
1029 2719 1227 2785 prolixa
1265 2721 1496 2772 narratio
1528 2721 1830 2774 rustieantis
1863 2739 1873 2773 :
1908 2722 2120 2790 quando

541 2810 611 2864 ab
650 2811 833 2878 ignaro
879 2819 1147 2864 extortum
1197 2809 1351 2864 fuerit
1411 2811 1552 2879 quod
1604 2811 1692 2864 ditt
1740 2813 1964 2881 legatur,
2018 2814 2118 2867 sibi

540 2917 821 2958 raneorem
872 2916 1023 2955 suum
1072 2902 1229 2956 debet
1266 2912 1504 2956 exactor.
1537 2903 1898 2972 Quisquamne
1951 2904 2120 2958 homi-

541 3011 669 3050 num
702 2996 755 3049 in
787 2996 998 3065 longum
1022 2997 1136 3051 vult
1179 2996 1497 3051 fastidienda
1541 2997 1854 3067 procedere,
1894 3007 1947 3052 et
1975 3000 2121 3052 nullo

540 3101 735 3157 sapore
758 3088 970 3142 condita
995 3089 1183 3142 breves
1206 3091 1464 3143 terminos
1493 3105 1597 3143 non
1623 3089 1853 3145 habere?
1881 3089 2118 3144 Romana

539 3179 677 3248 hoc,
723 3180 910 3247 frater,
953 3190 1006 3235 et
1044 3183 1261 3234 nimium
1293 3183 1485 3236 artifici
1517 3184 1808 3239 subtilitate
1845 3185 2114 3255 flagitasti.

540 3271 648 3325 Sed
696 3286 792 3324 nos
823 3280 1008 3324 contra
1042 3270 1320 3324 fabricatos
1370 3273 1543 3326 munit
1590 3274 1907 3341 simplicitas
1953 3277 2114 3330 nullis

541 3361 777 3414 colorata
822 3359 1122 3428 prmstigiis.
1179 3359 1386 3413 Etenim
1432 3363 1669 3428 quamvis
1717 3379 1803 3418 me
1834 3364 2114 3423 delenifica

542 3453 784 3520 epistola:
815 3461 916 3506 tuae
952 3451 1195 3506 oratione
1227 3453 1547 3520 produxeris
1570 3496 1582 3518 ,
1611 3456 1711 3508 mei
1744 3455 2112 3514 immemorem

543 3559 648 3597 non
681 3543 870 3598 fecisti.
909 3542 1032 3597 Seio
1053 3551 1226 3597 artare
1258 3543 1528 3610 paginam,
1559 3546 1709 3614 cujus
1733 3548 1958 3614 pretium
1991 3564 2114 3616 pro-

546 3638 805 3704 mulgator
847 3634 1101 3703 intelligo.
1150 3635 1371 3688 Noveris
1392 3650 1478 3690 me
1509 3644 1683 3691 tamen
1710 3640 1844 3693 meis
1876 3641 2112 3708 partibus

542 3745 649 3783 non
676 3728 884 3792 deesse,
927 3727 1170 3796 quamvis
1198 3737 1352 3780 vocet
1379 3729 1430 3780 in
1463 3728 1694 3782 medium
1725 3740 1778 3783 et
1800 3731 2030 3784 urbanus
2060 3741 2113 3785 et

540 3819 788 3874 clericus.
817 3819 920 3873 Sed
949 3817 1074 3885 quid
1106 3819 1338 3886 produco
1370 3819 1644 3887 paginam,
1688 3821 1836 3888 cujus
1865 3823 2112 3890 superius

539 3909 836 3978 angustiam
885 3908 1210 3978 pollicebar?
1241 3909 1364 3963 Haec
1409 3909 1538 3962 mihi
1581 3925 1699 3963 cum
1745 3921 1955 3966 amante
1985 3928 2113 3965 con-

540 4003 761 4054 certatio
792 4013 807 4052 :
841 4000 963 4053 talis
1016 4000 1217 4053 fruetus
1245 4008 1327 4053 est
1364 4001 1684 4054 litterarum.
1738 4001 1960 4055 Domine
2007 4003 2105 4067 mi,

539 4087 763 4142 salutem
795 4087 1118 4142 uberrimam
1150 4089 1352 4154 dicens,
1392 4103 1578 4156 precor
1605 4099 1662 4142 ut
1702 4089 1797 4143 Dei
1824 4091 1990 4144 nostri
2021 4093 2113 4145 tri-

538 4178 735 4234 buente
786 4178 1147 4232 misericordia
1193 4179 1381 4233 crebro
1407 4179 1629 4233 salutem
1654 4188 1886 4234 vestram
1920 4182 2111 4235 votivis

539 4269 669 4324 mihi
689 4311 704 4336 ,
725 4269 848 4324 dunt
874 4285 1044 4324 meatn
1071 4270 1328 4342 quaeritis,
1359 4270 1612 4323 nuntietis
1637 4269 1899 4325 affatibus.

1039 4360 1438 4415 EPISTULA
1485 4360 1620 4414 XIII.

1064 4456 1315 4495 ENNODIUS
1342 4456 1547 4495 BOETIO.

609 4532 664 4586 Si
715 4532 937 4587 liberum
983 4543 1126 4586 esset
1174 4533 1432 4600 imperata
1472 4529 1693 4595 differri,
1723 4533 2106 4584 concederetur

2220 1955 2607 2009 commodetis:
2639 1956 2692 2008 in
2735 1971 2841 2024 quo
2888 1971 3050 2025 opere
3097 1957 3460 2012 assiduitatem
3509 1969 3563 2013 et
3603 1974 3787 2012 amans

2220 2047 2439 2102 exhibet
2468 2057 2523 2103 et
2549 2049 2824 2104 facundus.

2753 2138 3078 2193 EPISTOLA
3109 2137 3245 2194 XIV.

2642 2243 2897 2284 sanemus
2930 2230 2947 2260 ί
2982 2245 3356 2284 Alienorum.

2295 2321 2364 2374 Ita
2388 2335 2543 2389 supra
2571 2321 2868 2377 claritatem
2900 2324 3113 2391 generis
3140 2337 3349 2377 morum
3383 2322 3502 2377 luce
3536 2323 3790 2392 profecis-

2226 2411 2310 2476 tis,
2343 2421 2399 2466 ut
2437 2427 2570 2480 quos
2619 2413 2779 2466 etiam
2829 2413 2982 2467 vobis
3037 2428 3142 2466 non
3188 2414 3355 2468 nectit
3407 2414 3792 2482 propinquitas,

2225 2511 2435 2557 actuum
2475 2512 2772 2558 vestrorum
2823 2504 2960 2558 bona
3005 2503 3308 2571 subjiciam.
3344 2502 3472 2568 Quis
3505 2503 3646 2557 enim
3687 2519 3792 2559 non

2225 2596 2509 2665 perfectam
2533 2597 2886 2652 reverentiam
2913 2596 2984 2650 sit
3013 2605 3222 2664 paratus
3250 2594 3560 2664 impendere
3589 2595 3781 2648 anima:

2226 2687 2276 2739 in
2313 2687 2404 2742 Dei
2443 2689 2644 2741 cultura
2694 2687 2943 2742 sublimi?
2973 2687 3094 2755 quia
3137 2687 3471 2754 peregrinum
3502 2701 3560 2741 se
3605 2686 3727 2740 facit
3755 2701 3786 2740 a

2225 2781 2595 2848 Redemptoris
2621 2783 2810 2850 gratia,
2838 2783 2926 2850 qui
2951 2780 3060 2835 Deo
3081 2795 3187 2834 non
3217 2781 3438 2848 suscipit
3483 2781 3786 2851 obsequen-

2227 2879 2328 2926 tes.
2382 2871 2636 2925 lndieinm
2693 2874 2832 2925 enim
2886 2881 2967 2926 est
3013 2872 3434 2928 conversationis
3486 2873 3788 2942 praecipuae,

2226 2963 2424 3017 Christi
2456 2963 2620 3016 nostri
2664 2977 2841 3017 amare
2867 2963 3098 3017 cultores
3128 3003 3141 3026 ,
3174 2963 3446 3031 proximus
3474 2972 3557 3017 est
3602 2979 3788 3018 emen-

2226 3055 2546 3119 datissimis,
2595 3054 2684 3122 qui
2727 3055 2900 3122 diligit
2942 3054 3049 3121 jam
3083 3053 3335 3122 probatos
3372 3091 3389 3117 ,
3434 3057 3792 3110 testimonium

2227 3147 2316 3200 dat
2346 3147 2606 3201 bonorum
2637 3147 2751 3200 sine
2777 3145 3106 3199 dubitatione
3136 3146 3469 3206 meritorum.
3503 3148 3544 3199 si
3580 3146 3793 3200 studeas

2142 3225 2186 3288 C
2219 3241 2459 3296 laudibus
2493 3239 2737 3310 prosequi
2769 3239 2870 3294 Sub
2917 3238 3094 3294 debita
3140 3238 3535 3293 continuatione
3587 3240 3792 3308 perlec-

2219 3343 2298 3388 tos
2331 3377 2345 3400 ,
2375 3335 2435 3386 fit
2461 3334 2656 3386 sanctis
2687 3333 2980 3401 proximus,
3012 3331 3100 3400 qui
3131 3331 3182 3385 in
3226 3333 3331 3385 illis
3362 3331 3479 3386 sine
3510 3330 3630 3385 fuco
3653 3346 3792 3402 prae-

2215 3425 2354 3478 dicat
2387 3425 2717 3476 sanctitatem
2747 3464 2762 3488 ,
2809 3437 3175 3492 quemcunque
3218 3421 3501 3492 diligentia
3550 3424 3794 3477 hortante

2215 3513 2535 3582 prmtuleris,
2561 3512 2895 3580 dispendium
2917 3513 3135 3580 pudoris
3157 3520 3256 3575 est,
3285 3512 3350 3565 ni
3383 3513 3792 3582 sequaris.Quis

2215 3603 2357 3657 salva
2382 3601 2696 3656 verecundia
2724 3617 2817 3670 per
2847 3602 3057 3669 spinosa
3096 3604 3346 3671 gradiens
3376 3612 3648 3672 purgatum
3684 3605 3784 3656 it‘er

2213 3695 2416 3749 attollat
2453 3738 2465 3760 ,
2500 3705 2552 3749 et
2589 3697 2728 3749 viam
2751 3695 2933 3750 salutis
2956 3697 3217 3763 aspiciens
3245 3697 3405 3751 calles
3427 3698 3583 3765 eligat
3608 3697 3791 3749 noxio-

2215 3789 2366 3842 rum?
2397 3788 2653 3857 professio
2705 3790 2958 3842 eaeeitatis
3005 3800 3106 3854 est,
3157 3791 3291 3844 bona
3346 3802 3470 3844 ante
3495 3790 3678 3844 oculos
3734 3790 3790 3843 in

2213 3882 2513 3948 exemplum
2543 3880 2709 3933 locata
2749 3880 3039 3948 respicere,
3063 3891 3116 3934 et
3148 3880 3286 3934 unde
3330 3880 3622 3935 imitatione
3662 3895 3790 3949 pro-

2214 3971 2358 4024 ficias
2401 3985 2505 4024 non
2545 3980 2747 4025 tenere.
2767 3971 2909 4034 llaec,
2939 3971 3007 4023 ini
3037 3971 3273 4037 domina,
3303 3972 3369 4026 de
3399 3981 3449 4026 te
3475 3986 3579 4025 non
3614 3973 3792 4027 incer-

2214 4063 2279 4116 tis
2307 4064 2443 4115 f'ama
2473 4062 2731 4115 nuntiavit
2775 4061 3012 4128 indiciis,
3058 4075 3161 4114 non
3208 4061 3401 4130 loquax
3454 4064 3649 4131 vulgus
3694 4076 3790 4131 per

2213 4159 2392 4226 ignara
2419 4155 2602 4225 judicii
2626 4170 2718 4209 ora
2757 4155 3004 4223 iactavit;
3037 4154 3118 4208 cui
3171 4169 3286 4208 mos
3329 4164 3413 4208 est
3441 4154 3509 4209 de
3539 4151 3791 4208 bum'anis

2211 4249 2440 4313 actibus,
2472 4247 2597 4301 dum
2629 4245 2887 4300 scintillas
2918 4247 2972 4300 in
3003 4261 3159 4316 rogos
3188 4247 3406 4313 animat,
3434 4247 3787 4314 amplificatas

2212 4337 2446 4392 ﬁdelium
2493 4337 2733 4390 flammas
2757 4336 3120 4404 exstinguere.
3157 4336 3267 4390 Hoc
3294 4336 3599 4390 nosti-orum
3652 4339 3784 4390 rela-

2212 4428 2356 4482 tione
2388 4428 2824 4497 propinquorum,
2856 4429 3124 4496 pnecipue
3163 4437 3340 4481 tamen
3368 4427 3561 4481 domna
3607 4437 3661 4480 et
3697 4441 3784 4480 sc-

2211 4534 2335 4574 rore
2367 4520 2628 4589 Euprepia
2658 4519 2944 4582 referente,
2978 4520 3311 4586 percrebuit;
3347 4535 3450 4572 non
3493 4519 3663 4571 solum
3694 4534 3785 4572 vos

538 4623 712 4680 adhuc
733 4624 860 4678 mihi
889 4632 1198 4677 ornamenta
1234 4597 1430 4675 meum
1461 4635 1566 4673 ηοη
1593 4621 1787 4690 μεινεκε,
1816 4619 1946 4674 Nam
1978 4623 2108 4675 “ei-
2132 4597 2186 4657 D
2211 4608 2397 4679 dignas
2424 4624 2542 4664 esse
2583 4611 2882 4677 przecouiis,
2916 4610 3008 4663 sed
3041 4609 3333 4662 instituisse
3372 4609 3771 4671 celebrandum,

538 4717 810 4771 turnitatis
838 4730 1029 4770 munus
1054 4723 1156 4779 est,
1180 4715 1318 4782 quod
1342 4727 1444 4766 non
1477 4712 1823 4767 inhumanum
1851 4713 1995 4782 loqui
2023 4731 2108 4770 me

538 4824 698 4880 posse
721 4809 1041 4863 credidistis.
1064 4807 1255 4861 Videte
1275 4816 1528 4875 quantum
1550 4806 1737 4876 linguae
1763 4807 1976 4873 genium
2004 4823 2108 4862 vox

539 4914 724 4975 pressa
754 4900 1053 4954 contulerit.
1121 4899 1222 4952 Sed
1254 4912 1339 4952 res
1377 4907 1458 4953 est
1495 4900 1648 4953 vacui
1701 4899 1927 4967 pectoris
1971 4903 2108 4968 peri-

538 4990 718 5044 clitata
760 4989 993 5043 remedia
1034 5002 1138 5041 non
1168 4996 1366 5043 tenere.
1412 4991 1535 5058 Agit
1563 4989 1824 5043 sermonis
1864 5005 2010 5055 cura,
2042 5006 2110 5046 ne

539 5078 923 5148 prontulgantis
965 5077 1164 5132 celetur
1192 5079 1428 5144 inscitia,
1461 5079 1673 5147 quando
1702 5079 1796 5132 otii
1826 5079 1975 5134 labor
1999 5081 2110 5150 glo-

540 5173 676 5226 riam
707 5171 991 5238 intercipit.
1026 5171 1158 5225 Ecce
1199 5185 1296 5240 ego
1327 5171 1416 5225 ille
1443 5180 1564 5226 ante
1590 5170 1958 5240 probationem
2002 5172 2114 5227 lau-

541 5261 697 5315 datus
724 5261 924 5314 subdor
953 5260 1210 5325 examini,
1237 5270 1291 5315 et
1320 5261 1476 5314 ferias
1499 5276 1663 5328 meas,
1682 5276 1748 5314 ne
1774 5261 1953 5315 videar
1981 5277 2113 5329 pra:-

538 5353 810 5406 dicatione
839 5351 1052 5421 dignus,
1081 5352 1337 5420 irrttmpo.
1375 5350 1501 5403 Nam
1534 5352 1660 5404 dum
1684 5351 1957 5405 humilitas
1987 5353 2111 5406 red-

538 5443 617 5497 dit
663 5443 997 5512 obsequium,
1028 5443 1307 5510 impetrata
1350 5455 1444 5508 per
1489 5441 1757 5496 silentium
1805 5456 1908 5495 non
1952 5441 2116 5497 babe-

537 5551 677 5590 mus.
708 5536 784 5589 Tu
815 5537 866 5590 in
913 5551 1021 5601 me,
1066 5533 1496 5588 emendatissime
1540 5534 1835 5598 hominum,
1869 5533 2112 5602 dignaris

616 5647 634 5676 ¹
669 5644 1040 5713 Archotamiwl
1071 5643 1244 5698 Nobili
1296 5641 1468 5695 vidua:
1517 5641 1852 5711 Arelatensi,
1887 5641 2116 5713 Ennodii

545 5719 961 5782 consanguineae
987 5733 998 5766 :
1031 5711 1182 5783 cujus
1208 5713 1454 5782 pietatem
1488 5720 1686 5783 tantam
1710 5727 1829 5766 esse
1855 5711 2114 5774 ostendit,

540 5795 601 5840 ut
636 5783 742 5838 filio
768 5782 1106 5854 presbytero,
1126 5785 1212 5853 qui
1244 5783 1515 5852 religionis
1548 5782 1722 5834 studio
1761 5783 1824 5854 ad
1859 5783 2111 5834 Lirinen-

541 5871 659 5910 aem
676 5851 914 5909 eremnm
932 5851 994 5906 se
1014 5851 1304 5914 receperat.
1325 5851 1567 5916 exemplo
1589 5861 1745 5913 atque
1760 5851 2106 5904 incitamento

2215 4714 2267 4756 et
2287 4702 2578 4757 venerabili
2611 4702 2716 4756 filio
2741 4717 2860 4754 cum
2886 4703 3144 4771 prosapia:
3169 4702 3332 4755 radiis
3361 4704 3526 4756 lacent
3558 4717 3784 4756 conver-

2216 4795 2437 4849 sationis
2468 4795 2725 4863 ingerere.
2762 4794 2953 4858 llabet,
2986 4807 3238 4864 quantum
3267 4800 3519 4867 comperi,
3549 4797 3788 4852 Lirinen-

2217 4889 2292 4941 sis
2337 4888 2603 4942 habitator
2643 4887 2779 4955 quod
2837 4889 2904 4941 de
2951 4899 3130 4943 sancta
3175 4901 3344 4943 matre
3385 4891 3575 4956 discat,
3623 4892 3786 4945 etiam

2216 4995 2334 5051 quae
2368 4980 2567 5034 urbana
2609 4981 2870 5034 domicilia
2921 4995 3022 5033 non
3073 4980 3304 5048 reliquit.
3339 4981 3396 5036 Si
3446 4982 3572 5034 mihi
3603 4981 3779 5036 credit

2219 5078 2388 5147 pietas
2424 5089 2533 5146 tua,
2570 5070 2684 5147 plus
2727 5087 2809 5132 est
2862 5079 2912 5130 in
2967 5080 3080 5134 acie
3109 5080 3302 5133 vicisse
3330 5082 3603 5147 smeulum,
3630 5096 3786 5149 quam

2219 5169 2418 5225 vitasse
2448 5188 2461 5234 ;
2492 5169 2724 5238 resignat
2753 5169 2994 5224 timorem
3027 5173 3141 5238 fuga
3177 5173 3511 5235 certaminis;
3539 5186 3637 5226 nec
3663 5187 3786 5240 spes

2217 5271 2299 5315 est
2329 5262 2431 5314 nlla
2455 5260 2682 5320 virtutis,
2708 5259 2917 5328 quando
2940 5271 3064 5314 ante
3086 5262 3518 5335 congressionem
3543 5262 3782 5316 declina-

2221 5361 2304 5404 tur
2325 5351 2676 5404 adversarius.
2705 5348 3039 5405 Conscientia
3067 5351 3275 5405 roboris
3319 5352 3500 5420 paucis
3542 5353 3786 5420 acquies-

2220 5453 2305 5496 cet
2332 5442 2396 5494 ad
2427 5443 2679 5497 latebram
2708 5461 2719 5496 :
2753 5443 2852 5498 hoc
2882 5454 2964 5498 est
2993 5455 3253 5500 secretum
3286 5445 3506 5514 eligere,
3527 5444 3670 5513 quod
3699 5459 3786 5498 os-

2222 5531 2454 5586 tendisse
2485 5532 2843 5589 formidinem.
2873 5535 2996 5590 Hzee
3020 5551 3117 5605 ego
3146 5551 3250 5589 non
3281 5534 3555 5589 dominum
3587 5549 3782 5597 meum,

2219 5657 2338 5698 esse
2370 5644 2553 5711 possit.
2580 5644 2903 5697 Arehotonia
2935 5646 3186 5699 mendose
3211 5646 3462 5699 scribitur
3490 5645 3627 5710 apud
3656 5644 3787 5694 Cas-

2221 5714 2491 5767 siodornm
2527 5714 2616 5766 lib.
2653 5730 2722 5779 tv,
2759 5713 2834 5766 l2.
2869 5715 2995 5767 Nam
3025 5715 3090 5769 de
3119 5716 3302 5769 eadem
3347 5717 3416 5769 ibi
3455 5729 3634 5769 sermo
3677 5723 3783 5778 est,

2223 5795 2274 5836 nt
2307 5783 2652 5838 ostendemus
2675 5790 2736 5834 ad
2770 5787 3046 5851 epistolam
3079 5787 3144 5839 55
3168 5785 3258 5840 lib.
3293 5801 3399 5838 vni.
