4186 6252
224 371 308 427 ηε
1435 358 1921 418 EPISTOLARUM
1958 361 2090 417 LIB.
2132 306 2244 416 VII.

3364 363 3469 421 I29

221 480 497 542 etfamiliae
516 489 712 536 nostra:
735 480 917 550 jubar,
936 476 1305 547 presbyterum
1332 489 1562 545 arguens
1591 474 1789 530 scribo:
1819 479 1875 540 Α
1902 478 2259 533 Humanitatis
2285 478 2372 535 lex
2401 488 2482 534 est
2507 487 2561 535 et
2585 487 2789 534 naturae
2814 480 3117 549 imperium,
3148 477 3468 536 hilaritatem

220 576 294 630 cui
319 587 421 628 nec
453 571 527 627 ibi
561 570 727 626 credo
761 567 1196 639 impugnationes
1236 564 1448 629 deesse,
1478 579 1608 633 quas
1635 580 1797 633 supe-

222 682 327 730 rer;
358 667 413 721 in
449 677 559 735 quo
584 662 687 717 loci
712 662 858 716 visus
874 668 958 715 est
981 659 1277 713 declinasse
1298 656 1622 711 conﬂictum.
1646 655 1797 711 Tunc

223 760 349 814 enim
377 758 637 811 universa
669 753 851 809 saeculi
891 750 1255 805 blandimenta
1300 748 1545 807 calcavit.
1580 747 1798 816 quando

224 848 405 912 aetatis,
468 861 651 916 opum,
683 843 938 899 natalium
982 840 1367 910 profectionem
1407 838 1523 907 ejus
1563 840 1799 892 retinere

224 950 396 993 catena
427 951 537 992 non
570 935 757 989 valuit.
803 932 909 988 Sed
958 930 1109 984 vobis
1153 935 1409 999 quantum
1454 941 1617 980 sexus
1645 927 1799 980 inﬁr-

225 1032 373 1094 mior,
401 1037 608 1083 tantum
635 1026 861 1082 debetur
888 1023 1161 1094 potissima
1196 1022 1264 1076 de
1291 1021 1482 1090 palma:
1516 1019 1801 1088 adeptione

226 1120 471 1173 laudatio.
519 1118 694 1186 Pr0pe
744 1125 827 1170 est
853 1124 909 1168 ut
936 1114 1097 1168 etiam
1121 1112 1261 1166 illius
1292 1122 1345 1165 tu
1386 1111 1461 1165 sis
1484 1110 1645 1164 tutela
1674 1125 1798 1178 pro-

234 1210 381 1278 positi
414 1225 431 1264 ε
463 1222 587 1277 qua
635 1206 772 1260 mala
810 1204 1081 1258 viduitatis
1118 1211 1172 1257 et
1198 1201 1441 1256 orbitatis
1481 1200 1705 1263 patiens,
1733 1200 1801 1255 de

226 1302 543 1356 venerabilis
573 1299 667 1353 filii
712 1298 917 1352 meritis
960 1296 1135 1350 solatii
1167 1296 1241 1348 tui
1275 1294 1557 1349 occasione
1606 1296 1801 1362 pateris

228 1392 292 1444 nil
314 1393 507 1459 perire.
534 1391 670 1444 Ecce
697 1389 785 1442 ubi
812 1388 1027 1451 femina,
1060 1385 1362 1455 fragilitatis
1387 1386 1575 1452 oblita,
1596 1385 1799 1440 Castelli

228 1485 359 1549 vice,
391 1493 449 1539 et
492 1484 664 1537 virum
693 1492 749 1536 et
774 1482 1022 1549 juvenem
1070 1479 1137 1534 ab
1176 1478 1355 1533 bostili
1406 1479 1802 1547 itnpugnatione

229 1576 490 1630 subducit.
526 1576 690 1644 Hujus
718 1576 856 1629 facta
897 1574 1003 1628 dux
1043 1572 1276 1641 gloriosa
1317 1570 1596 1641 perdures,
1636 1579 1691 1623 et
1716 1584 1801 1623 us-

232 1683 332 1737 que
357 1668 423 1720 ad
450 1668 577 1722 illud
606 1669 659 1721 in
695 1666 895 1720 saeculo
930 1679 1261 1733 perseveres,
1303 1678 1408 1732 quo
1443 1663 1621 1729 illum,
1653 1660 1697 1714 si
1729 1660 1799 1714 ita

230 1775 317 1815 res
347 1761 661 1829 poposcerit,
700 1758 809 1827 jam
847 1766 1112 1810 matttrum
1144 1754 1325 1809 mundi
1378 1754 1531 1807 istius
1579 1765 1801 1821 campus

1902 570 2099 624 mentis
2131 570 2321 638 opibus
2350 570 2654 640 scriptionis
2676 570 2914 627 effluere.
2940 572 3201 627 Emanant
3226 572 3367 626 enim
3391 572 3472 627 vel

1899 662 1945 718 si
1971 669 2252 715 arctentur
2282 662 2512 715 secunda
2532 662 2889 716 conclavibus.
2909 652 3011 718 Sed
3034 664 3084 717 in
3110 662 3475 733 magnitudine

1899 764 2100 821 vestra,
2132 754 2269 807 sicut
2297 764 2425 806 aetas
2451 766 2579 806 cana
2610 761 2714 816 est,
2738 752 2953 821 pudoris
2987 764 3039 808 et
3079 754 3315 809 scientiae
3350 755 3476 809 dote

1900 854 2265 899 maturescens
2285 885 2298 909 ,
2326 845 2396 898 ita
2425 844 2660 898 laetitiam
2691 847 2852 899 frenis
2878 847 3255 901 moderationis
3279 848 3475 901 astrin-

1900 936 2045 1005 gitis.
2076 936 2179 990 Sed
2211 934 2445 1001 nunquid
2489 935 2539 987 in
2561 934 2814 987 damnum
2842 935 3027 1003 gratia:
3068 936 3351 1003 disciplina
3384 936 3476 989 de-

1902 1027 1993 1083 bet
2035 1042 2350 1090 excurrere;
2380 1036 2435 1080 et
2479 1026 2579 1079 hoc
2621 1026 2787 1079 minui
2825 1028 3115 1080 amicorum
3163 1027 3474 1094 diligentias,

1902 1119 2042 1188 quod
2074 1118 2138 1171 ad
2169 1134 2373 1171 morum
2410 1130 2722 1173 ornamenta
2770 1118 3040 1172 sociatur?
3066 1118 3320 1185 Quamvis
3366 1132 3478 1171 mo-

1903 1218 2079 1262 netam
2112 1209 2338 1262 Latiaris
2379 1210 2696 1277 eloquentiae
2742 1220 2945 1273 teneas,
2992 1226 3097 1264 non
3127 1220 3278 1278 potes
3299 1218 3479 1264 tamen

1905 1300 2143 1353 invenire
2168 1299 2613 1367 quemadmodum
2650 1298 2771 1366 jure
2816 1300 3012 1353 factum
3056 1313 3266 1355 asseras
3328 1298 3473 1368 quod

1904 1393 2230 1461 exspectanti
2260 1392 2385 1444 mihi
2406 1393 2565 1445 verba
2601 1407 2703 1443 non
2734 1392 2940 1444 tribuis.
2970 1393 3135 1446 Decet
3164 1406 3291 1458 ergo
3318 1391 3481 1446 bene-

1904 1485 2019 1539 ficia
2062 1498 2289 1550 superna
2315 1484 2426 1535 sola
2457 1483 2757 1535 amantibus
2785 1482 3035 1551 opiniOne
3058 1482 3315 1547 nuntiari,
3340 1482 3482 1537 etde

1903 1576 2071 1630 solida
2118 1575 2475 1641 gratulatione
2522 1572 2789 1641 trepidare
2833 1574 3041 1639 gaudiis
3067 1574 3175 1641 jam
3218 1572 3483 1642 potitum?

1904 1669 2015 1723 Hac
2039 1682 2166 1736 ergo
2206 1667 2523 1721 necessitate
2556 1682 2777 1731 puerum
2802 1665 2991 1730 direxi,
3040 1666 3129 1735 qui
3180 1681 3283 1720 non
3329 1682 3481 1736 repo-

1906 1768 2016 1813 scat
2050 1758 2269 1826 scripta,
2303 1757 2395 1809 sed
2438 1758 2637 1825 exigat.
2668 1756 2847 1811 Nostis
2888 1772 3006 1827 qum
3031 1758 3101 1812 sit
3124 1758 3311 1813 fiducia
3352 1761 3481 1814 sim-

232 1853 461 1920 accipiat.
494 1851 719 1915 Vellem,
760 1849 1041 1914 confiteor,
1088 1848 1134 1901 si
1179 1845 1479 1913 epistolaris
1524 1852 1801 1911 pateretur
1830 1851 1879 1914 B
1907 1850 2115 1917 pliciter
2160 1857 2461 1913 amantum,
2518 1863 2703 1901 eorum
2757 1848 3022 1915 praecipue
3062 1863 3285 1916 quorum
3332 1864 3479 1918 spem

229 1945 579 2007 concinnatio,
606 1944 663 1997 in
687 1944 901 2010 longum
944 1940 1103 1993 verba
1157 1937 1470 2007 producere,
1501 1944 1555 1990 et
1598 1935 1665 1988 de
1713 1948 1801 1987 ac-

230 2042 373 2087 tuum
424 2043 723 2086 vestrorum
772 2029 1101 2083 ornamentis
1152 2041 1316 2095 pauca
1385 2025 1485 2079 sub
1547 2022 1798 2093 loquendi

233 2126 481 2179 ubertate
507 2137 740 2177 narrare.
770 2121 875 2176 Sed
904 2120 1020 2174 hac
1045 2118 1112 2173 ad
1137 2118 1273 2171 alios
1300 2115 1579 2171 scribenda
1624 2127 1801 2168 reser-

229 2229 445 2272 ventur.
477 2215 688 2271 Sufficit
729 2228 823 2267 vos
859 2214 1018 2277 scire,
1065 2214 1186 2281 quia
1215 2209 1454 2279 quamvis
1481 2223 1509 2261 a
1539 2222 1625 2262 me
1664 2222 1800 2260 nun-

226 2323 384 2377 quam
416 2308 490 2361 sis
515 2321 655 2371 vrsa,
688 2305 1044 2375 cognosceris,
1065 2312 1118 2356 et
1144 2300 1431 2355 adorandis
1452 2300 1649 2353 inserta
1680 2313 1799 2354 mo-

226 2399 492 2453 numentis
544 2397 726 2452 radice
767 2395 929 2449 animi
972 2395 1081 2463 jam
1126 2392 1345 2447 teneris.
1380 2391 1647 2460 Scriptum
1695 2397 1800 2457 est,

226 2492 520 2546 meministi
547 2506 562 2544 :
596 2491 830 2543 Laudent
880 2495 923 2541 te
947 2487 1168 2555 proximi
1200 2487 1274 2539 tui
1302 2482 1493 2551 (Prov.
1518 2498 1681 2549 xxvtt,
1706 2483 1742 2535 2
1759 2483 1799 2550 ).

225 2582 361 2637 Vere
389 2582 503 2636 sola
548 2580 679 2635 mihi
707 2579 897 2634 vellem
928 2593 1086 2633 causa
1117 2576 1373 2631 existeret
1401 2573 1602 2629 Gallias
1633 2586 1803 2640 expe-

224 2672 389 2737 tendi,
420 2681 480 2726 ut
502 2686 622 2725 cum
653 2670 853 2726 domno
879 2684 999 2724 meo
1023 2667 1357 2738 presbytero,
1381 2666 1593 2733 utrique
1624 2677 1795 2717 oscu-

224 2763 399 2818 lantes
437 2776 622 2815 manus
648 2770 703 2815 et
728 2760 915 2815 oculos
944 2767 1081 2823 tuus,
1115 2758 1325 2811 beatam
1358 2765 1408 2809 te
1436 2755 1486 2808 in
1514 2754 1699 2823 quavis
1720 2753 1803 2806 af-

223 2854 468 2909 ﬂictione
495 2854 744 2919 temporis
769 2850 1138 2905 redderemus.
1156 2848 1379 2901 Domina
1410 2844 1560 2907 mihi,
1587 2851 1805 2912 propter

223 2947 363 3016 quod
404 2946 684 2999 mittuntur
712 2943 975 3013 epistolae,
1006 2956 1231 3008 corpore
1268 2954 1354 2993 me
1387 2939 1568 2990 valere
1604 2935 1804 3003 signiﬁ-

224 3052 368 3103 cans,
388 3036 757 3105 prosperitatis
786 3046 977 3088 vestrm
1003 3042 1198 3087 statum
1234 3029 1477 3097 requiro:
1504 3026 1801 3095 deprecans

226 3140 280 3184 et
306 3145 396 3199 per
426 3130 595 3184 Deum
628 3128 919 3195 conjurans
965 3141 1030 3179 ne
1054 3138 1289 3193 unquam
1342 3120 1472 3176 mihi
1499 3119 1801 3174 orationum

226 3230 518 3275 vestrarum
544 3219 849 3288 adjumenta
877 3216 1168 3273 deneaetis.

772 3307 1104 3364 EPISTOLA
1150 3304 1263 3359 XV.

629 3415 637 3422 ’
725 3415 982 3455 εΝΝοῡιυε
1048 3408 1307 3451 ΔῦΝΕιιο.

302 3499 415 3553 Deo
431 3498 640 3568 gratias,
669 3496 761 3567 qui
794 3497 939 3550 circa
968 3490 1389 3561 magnitudinem
1418 3494 1652 3541 vestram
1679 3483 1809 3539 licet

230 3588 503 3657 protulerit
530 3587 728 3654 cupita,
758 3600 864 3639 non
892 3585 1106 3651 repulit.
1129 3580 1339 3635 Etenim
1378 3594 1442 3632 ne
1482 3575 1617 3631 fides
1648 3577 1803 3630 clau-

230 3678 367 3735 dicet
404 3677 755 3747 supplicantis
784 3676 1051 3730 desideria
1082 3672 1403 3726 differuntur
1434 3713 1450 3738 ,
1483 3669 1604 3738 quia
1650 3668 1806 3722 deve-

227 3779 403 3825 nustat
428 3777 695 3824 secutum
722 3766 1006 3821 hilaritatis
1034 3763 1247 3833 genium
1282 3761 1437 3816 velox
1480 3758 1807 3828 impetratio.

228 3861 292 3916 Et
322 3876 418 3916 vos
445 3860 663 3931 quidem
694 3858 928 3912 honores
967 3856 1252 3916 meruisse,
1284 3868 1390 3907 non
1428 3859 1667 3921 optasse,
1699 3863 1812 3903 ma-

228 3956 475 4007 nifestum
516 3960 636 4015 est,
665 3949 759 4004 sed
791 3946 1102 4017 praecedens
1145 3942 1483 3999 concinnatio
1530 3940 1798 4010 eloquitur

228 4053 344 4097 vota
372 4041 730 4111 diligentiam.
753 4037 915 4092 Novit
931 4037 1294 4103 omnipotens,
1320 4044 1370 4086 et
1400 4030 1617 4101 generis
1641 4028 1811 4084 vestri

228 4135 347 4189 luce
405 4141 704 4201 permotus,
736 4139 791 4185 et
817 4128 1004 4199 gratiae
1025 4140 1185 4196 quam
1214 4123 1434 4193 polliciti
1457 4125 1588 4177 estis
1618 4123 1812 4176 invita-

227 4234 313 4280 tus
355 4224 550 4278 fiducia
574 4264 591 4288 ,
622 4223 898 4290 praecessit
926 4221 980 4273 in
1033 4218 1305 4286 prosperis
1335 4215 1529 4269 vestris
1557 4211 1812 4281 quidquid

229 4331 328 4370 vos
354 4314 639 4381 disciplina
661 4322 753 4366 aut
777 4314 984 4366 ratione
1009 4310 1293 4365 cohibetis.
1326 4306 1603 4362 Sufficiant
1637 4308 1687 4359 in
1721 4306 1815 4358 llo-

230 4409 382 4463 ribus
427 4408 614 4460 stricta
642 4405 946 4474 colloquia:
979 4403 1304 4472 respondete
1346 4400 1413 4453 de
1462 4399 1815 4467 prosperitate

231 4508 412 4555 vestra
456 4498 557 4553 soll
578 4499 708 4562 cito,
732 4496 976 4566 quamvis
1020 4496 1089 4549 de
1119 4508 1302 4548 amore
1346 4506 1451 4545 non
1484 4474 1666 4545 dubio.
1703 4489 1810 4542 Do-

231 4593 382 4646 mine
425 4591 522 4657 mi,
567 4589 905 4643 salutationis
936 4586 1260 4655 plenissima:
1307 4582 1567 4652 obsequia
1612 4580 1811 4648 depen-
1842 4574 1894 4634 Β

227 4683 388 4745 deus,
434 4682 731 4735 litterarum
782 4679 1096 4748 portitorem
1138 4674 1479 4736 commendo,
1526 4670 1651 4740 quia
1681 4668 1812 4723 mihi

226 4785 334 4839 ﬁde
364 4784 420 4829 et
445 4775 724 4827 honestate
738 4780 1044 4839 compertus
1067 4780 1168 4831 est,
1185 4770 1366 4821 volens
1395 4762 1660 4818 universis
1687 4762 1813 4828 quid

230 4865 561 4944 dignationis
588 4871 780 4918 vestra:
811 4861 1033 4917 habeam
1064 4876 1168 4914 non
1202 4856 1364 4912 taceri
1400 4896 1415 4920 ,
1446 4864 1505 4908 ut
1532 4860 1817 4923 Sperantes

232 4969 305 5023 de
325 4955 631 5021 communis
658 4955 842 5023 gratia:
873 4968 1047 5007 messe
1077 4958 1383 5020 pascantur.

766 5042 1110 5100 EPISTOLA
1153 5040 1294 5095 XVI.

741 5150 997 5204 ENNQDIUS
1066 5146 1325 5189 ΑοΝΕιιιο.

310 5241 455 5295 Solet
497 5242 894 5309 prosperorum
947 5225 1139 5279 indicia
1194 5224 1505 5289 dispergere
1558 5216 1825 5272 sermonis

244 5330 460 5399 iucunda
507 5330 774 5386 festivitas
802 5336 817 5372 :
848 5318 971 5371 dum
1017 5313 1271 5386 quidquid
1310 5310 1432 5364 boni
1462 5308 1701 5363 facundis
1732 5321 1820 5361 ac-

247 5424 475 5488 cesserit,
499 5437 753 5492 gerntana
780 5411 1106 5490 gaudiorum
1135 5422 1226 5477 per
1267 5404 1493 5475 populos
1536 5416 1667 5456 voce
1713 5400 1824 5455 dis-

247 5517 428 5568 currit.
460 5514 699 5569 Facilius
729 5522 814 5569 est
844 5515 1030 5583 ignem
1052 5503 1104 5555 in
1134 5513 1294 5570 pyras
1320 5498 1613 5550 animatum
1649 5493 1825 5559 lingua

249 5607 609 5675 comprimere,
638 5620 803 5675 quam
852 5592 1129 5658 silentium
1174 5592 1315 5644 inter
1359 5592 1540 5656 optata
1590 5597 1824 5638 servare.

319 5724 333 5752 ¹
359 5717 734 5789 Sintpficiano]
760 5719 807 5772 Is
836 5725 919 5771 est
960 5716 1027 5771 de
1067 5702 1288 5789 quoad
1338 5700 1590 5789 Ifans'tutn

247 5793 400 5856 epist.
435 5764 501 5845 lg
526 5764 936 5859 :vSt'mvaigahvn's
963 5764 1313 5859 _pvr(131;ep,‘fiulit
1347 5769 1588 5859 (mittitis)
1623 5764 1827 5859 adoles-

250 5839 363 5909 ἀπε
406 5839 1015 5920 nobilissimas-,Vnato'letit
1036 5854 1269 5910 scientia“
1297 5843 1465 5902 ﬁdem
1497 5839 1709 5893 Romam
1740 5848 1829 5887 σο-

1902 1941 2145 1997 retinetis
2188 1940 2372 2009 gratia:
2417 1940 2769 2007 promissione
2797 1939 3083 1993 ﬁrmatam.
3129 1940 3351 1994 Domine
3383 1942 3475 2007 mi,

1901 2034 2275 2090 Salutationem
2310 2031 2669 2099 plenissimam
2696 2030 2902 2095 dicens,
2926 2045 3108 2097 quaeso
3137 2040 3192 2083 ut
3224 2031 3476 2099 frequen-

1903 2136 1983 2182 tes
2013 2134 2067 2180 et
2095 2139 2200 2179 non
2229 2124 2283 2176 in
2314 2130 2518 2175 arctum
2556 2130 2771 2175 coactas
2793 2120 3051 2189 epistolas
3078 2118 3478 2175 destinetis.Vi-

1903 2220 2025 2275 dete
2054 2216 2220 2271 animi
2244 2214 2350 2269 mei
2378 2214 2720 2269 securitatem
2752 2230 2763 2264 :
2796 2213 3032 2283 prolixas
3052 2226 3216 2283 posco
3244 2212 3481 2283 paginas.

1903 2310 1992 2381 qui
2019 2309 2191 2363 adhuc
2218 2305 2397 2361 nullas
2425 2307 2631 2372 accepi.
3400 2311 3411 2321 -

2425 2397 2757 2453 EPIS'I'OLA
2800 2396 2965 2452 XVII.

2454 2503 2711 2544 ENNODIUS
2742 2504 2954 2543 AVIENH.

1974 2586 2032 2642 Si
2052 2584 2205 2641 vobis
2234 2583 2301 2639 de
2322 2583 2581 2653 parvitate
2603 2596 2722 2635 mea
2749 2581 2934 2637 fuisset
2957 2580 3060 2635 ulla
3090 2580 3318 2647 curatio,
3347 2576 3478 2633 tanti

1906 2679 2163 2747 temporis
2186 2676 2460 2731 silentium
2497 2690 2605 2728 non
2638 2680 2880 2728 maneret
2904 2690 2917 2725 :
2944 2672 3172 2725 maxime
3197 2685 3318 2725 cum
3346 2672 3473 2725 inae-

1905 2770 2134 2841 qualitas
2157 2769 2367 2821 domnae
2384 2782 2537 2833 meae,
2572 2765 2761 2821 matris
2793 2775 3010 2827 vestrm,
3055 2779 3150 2833 per
3181 2767 3355 2817 varios
3385 2779 3480 2818 ru-

1908 2876 2085 2915 mores
2112 2861 2229 2915 sine
2252 2859 2492 2913 remedio
2518 2857 2719 2926 affligat
2740 2858 3039 2911 absentem.
3072 2855 3194 2910 Scio
3216 2855 3355 2908 enim
3384 2855 3484 2908 hoc

1907 2955 2024 3007 solo
2044 2965 2281 3007 sanctam
2317 2951 2563 3005 feminam
2595 2949 2741 3004 fasce
2769 2949 3113 3019 prmgravari,
3146 2948 3265 3016 quia
3299 2950 3484 3000 immo-

1906 3044 2079 3099 dicam
2108 3042 2358 3111 pietatem
2383 3040 2599 3093 exhibet
2628 3050 2733 3092 noti
2766 3037 3012 3091 merenti.
3040 3036 3147 3090 Sed
3189 3034 3313 3103 quid
3364 3049 3485 3101 pro-

1907 3137 2044 3191 duco
2069 3135 2234 3187 verba
2264 3131 2471 3186 catenis
2504 3130 2731 3197 obligata
2762 3127 3034 3181 tristitiae?
3064 3126 3110 3179 si
3157 3126 3347 3177 bonam
3394 3138 3485 3177 va-

1831 3207 1879 3270 c
1912 3226 2201 3284 letudinem
2230 3227 2347 3293 ejus
2375 3222 2609 3277 caelestis
2648 3220 2795 3274 favor
2833 3218 3049 3283 refudit,
3078 3227 3363 3288 properato
3395 3217 3486 3272 lit-

1911 3320 2039 3375 teris
2070 3317 2334 3372 nuntiare.
2370 3315 2616 3383 Expecto
2647 3312 2787 3367 enim
2831 3321 2888 3365 ut
2923 3320 3049 3363 tunc
3104 3323 3312 3364 mecum
3368 3323 3489 3377 pro-

1912 3427 2071 3482 spera
2096 3408 2471 3472 concilientur,
2498 3404 2711 3475 quando
2738 3417 2857 3457 cum
2886 3401 2973 3454 illa
2997 3415 3118 3455 e~se
3146 3413 3484 3468 comperero.

1910 3503 2181 3559 Didicistis
2215 3516 2428 3557 causam
2457 3499 2704 3554 mmroris
2731 3536 2749 3561 ,
2774 3494 3139 3550 indifferenter
3169 3502 3287 3562 post
3316 3492 3485 3546 Deum

1910 3599 2033 3652 date
2065 3594 2305 3650 remedii.
2338 3594 2565 3647 Domine
2596 3592 2691 3659 mi,
2715 3588 3051 3644 salutationis
3070 3586 3324 3656 obsequia
3346 3599 3488 3655 prai-

1910 3700 2151 3755 sentans,
2191 3688 2414 3741 Domino
2447 3700 2542 3756 pro
2586 3700 2694 3751 me,
2724 3682 2966 3753 supplice
2993 3690 3196 3750 vestro,
3229 3678 3487 3749 obsequia

1911 3783 2069 3852 digna
2091 3779 2359 3850 porrigite.

2432 3864 2765 3922 EPISTOLA
2802 3862 2993 3919 XVIII.

2455 3973 2710 4015 εμποριυς
2740 3972 2956 4012 Αγιειηο.

1982 4080 2040 4136 Si
2067 4078 2231 4148 judex
2263 4076 2446 4131 vilium
2482 4085 2831 4145 personarum
2874 4069 3083 4125 laboret
3120 4064 3351 4135 injuriis,
3389 4079 3489 4121 ue-

1914 4170 2025 4225 sciu
2054 4180 2232 4224 utrum
2271 4168 2439 4237 possit
2466 4166 2534 4220 ab
2567 4165 2670 4219 hoc
2698 4177 2861 4218 onere
2902 4160 3038 4215 alios
3075 4158 3375 4223 sublevare,
3404 4157 3492 4214 cui

1913 4263 2030 4332 ipse
2071 4262 2390 4317 succumbit.
2416 4260 2678 4314 Gravibus
2728 4256 2934 4312 medica
2970 4268 3162 4310 manus
3200 4262 3284 4307 est
3333 4250 3491 4313 adhi-

1915 4353 2086 4408 benda
2116 4350 2450 4413 vulneribus,
2481 4363 2547 4402 ne
2594 4347 2907 4415 impunitate
2936 4344 3154 4405 morbus
3196 4340 3492 4395 adolescat.

1917 4443 2172 4500 Sublimis
2193 4440 2505 4494 virvicarius
2526 4438 2641 4511 [sic]
2661 4438 2774 4492 haec
2792 4452 2823 4489 a
2846 4450 2952 4500 me,
2965 4434 3209 4503 quamvis
3226 4446 3321 4500 pro
3326 4432 3488 4500 justi-

1922 4538 2009 4591 tiaa
2046 4534 2481 4591 consideratione
2511 4531 2854 4597 deberentur,
2884 4537 3059 4582 tamen
3098 4522 3332 4580 extorsit
3363 4521 3495 4576 allo-

1923 4628 2045 4698 quia
2076 4644 2090 4680 :
2120 4625 2247 4696 quid
2302 4624 2615 4693 pertulerit,
2649 4622 2763 4691 ipse
2803 4618 3125 4673 manifestet.
3159 4614 3331 4672 Unum
3362 4611 3495 4672 scio.

1924 4722 2044 4792 quia
2089 4721 2187 4773 nisi
2239 4716 2573 4779 succurritis,
2618 4713 2872 4784 generale
2901 4714 3131 4766 futurum
3161 4706 3379 4768 malum,
3410 4704 3498 4759 cui

1923 4816 2037 4884 ipse
2088 4823 2171 4867 est
2216 4810 2514 4877 disciplina;
2564 4817 2708 4861 tutor
2756 4804 3053 4873 expositus.
3102 4800 3213 4855 Hoc
3261 4813 3365 4852 non
3417 4804 3500 4852 est

1924 4908 2155 4961 alienum
2185 4919 2216 4958 a
2246 4902 2669 4961 Christianitate,
2693 4914 2815 4955 cum
2853 4897 3037 4951 defero
3068 4936 3084 4961 ,
3116 4893 3240 4964 quia
3279 4892 3500 4961 impium

1928 5008 2013 5052 est
2044 5012 2223 5051 rerum
2253 4995 2497 5050 ordinem
2542 4992 2640 5047 sub
2672 4992 2770 5043 hac
2818 4987 3174 5058 permixtione
3221 4982 3500 5039 coitfuudi.

1930 5091 2151 5144 Domine
2178 5089 2270 5153 mi,
2307 5084 2639 5140 salutationis
2680 5084 2881 5135 honore
2910 5079 3153 5149 praelato,
3185 5091 3283 5131 vos
3308 5086 3493 5129 vocem

1929 5181 2187 5251 supplicis
2214 5187 2487 5248 gratanter
2516 5173 2768 5241 accipite,
2803 5179 2861 5224 ut
2888 5170 2977 5239 qui
3010 5169 3138 5224 tanti
3183 5167 3379 5222 fascem
3424 5162 3502 5217 la-

1929 5274 2077 5328 boris
2107 5271 2355 5341 arripuit,
2391 5266 2729 5323 convalescat
2759 5262 2973 5318 effectu.

2466 5377 2795 5433 EPISTOLA
2834 5374 2979 5430 XIX.

2398 5488 2656 5528 assumus
2681 5474 2697 5503 ¹
2728 5482 3075 5525 διηνιιοιλκο.

2004 5568 2176 5626 Divini
2211 5565 2406 5621 favoris
2448 5565 2756 5634 adjumeutu
2803 5555 3176 5616 adulescentia;
3207 5561 3310 5603 tum
3358 5543 3506 5601 rudi-

1932 5698 2082 5741 natus
2129 5693 2399 5748 expetere:
2430 5682 2513 5737 cui
2557 5694 2697 5734 nunc
2730 5676 2900 5730 felicia
2932 5666 3248 5748 eloquentia:
3281 5664 3508 5748 primo}:

1933 5732 2359 5823 dia-gratulatur:
2382 5732 2732 5819 'Fi'tﬁejusdem
2757 5756 3017 5816 praeterea
3036 5732 3242 5796 mentio
3260 5732 3417 5807 epist.
3437 5732 3509 5791 ‘29

1935 5828 2094 5892 hujus
2119 5825 2259 5883 libri.
