4186 6252
1014 257 1025 264 α
1086 256 1107 271 α,
1128 256 1153 261 --ο
1191 252 1245 269 ατχη
1278 249 1290 257 '

635 358 739 413 185
1734 346 2003 405 ENNODii
2039 343 2344 405 EHSCOPI
2376 342 2742 401 multum
3749 333 3849 388 124

631 473 812 523 menta
840 462 1149 520 solidentur.
1190 462 1305 532 Ipse
1329 461 1420 515 det
1446 472 1754 516 successum
1804 457 2061 527 frugibus,
2091 454 2186 526 qui
2207 453 2263 516 Δ
2287 455 2370 511 vel
2390 454 2746 513 blandimenta
2763 451 2947 509 saeculi
2960 446 3233 522 religionis
3250 447 3584 507 districtione
3603 459 3852 514 respuan-

630 556 858 615 centulit
878 563 1187 611 ornamenta
1222 552 1535 625 principiis:
1558 560 1621 607 ut
1641 554 1789 620 quod
1814 550 1871 605 in
1896 563 2029 605 cano
2058 547 2191 604 flore
2288 555 2399 603 tur.
2423 546 2666 611 Domine,
2687 554 2745 599 ut
2773 560 2963 613 supra,
2988 540 3325 598 salutationis
3348 551 3569 593 munera
3610 550 3850 607 praesen-

630 647 957 720 praem'isisti,
987 645 1043 705 in
1089 658 1368 715 pomorum
1408 642 1712 697 maturitate
1740 655 1847 697 non
1888 637 2187 695 subtrahas.
2291 648 2433 703 tatis,
2454 652 2643 707 precor
2668 646 2726 692 ut
2741 644 3013 706 gratanter
3033 635 3263 703 accipias
3287 632 3427 703 quod
3444 631 3581 686 inter
3603 644 3859 720 curarum

632 717 731 795 list
754 735 1017 808 propositi
1058 734 1230 791 nostri
1254 735 1422 803 prima
1464 733 1691 799 curatio,
1714 741 1773 787 ut.
1795 732 1862 789 de
1890 729 2193 800 incipientis
2293 727 2462 785 moles
2486 727 2650 797 exigit
2678 726 2799 782 ﬁeri
2822 725 3070 795 iocorum
3097 738 3207 781 non
3237 721 3536 793 respuenda
3556 717 3853 792 subreptio.

631 828 790 885 laude
836 826 1051 883 solliciti
1086 825 1155 883 ad
1194 826 1357 881 Deum
1404 831 1527 879 vota
1577 823 1883 887 mittamus;
1935 828 2193 890 quatenus

632 917 772 988 quod
802 917 855 974 in
878 917 1030 971 bonae
1051 916 1245 970 indolis
1273 913 1571 971 eruditione
1593 920 1974 982 praesumptum
2002 919 2105 975 est,
2129 911 2196 965 de

632 1021 861 1077 superna
887 1020 989 1075 ope
1018 1014 1365 1061 maturescat.
1400 1004 1492 1059 llle
1515 1005 1709 1073 ingenii
1738 1012 1972 1072 segetem
2005 1001 2198 1071 perdu-

632 1105 720 1152 cat
745 1097 809 1149 ad
840 1097 1056 1162 horrea,
1079 1098 1165 1166 qui
1198 1096 1437 1153 altricem
1460 1095 1732 1150 hominum
1772 1094 1991 1148 herbam
2021 1092 2201 1162 exegit

634 1201 666 1241 e
692 1186 932 1253 cespite;
966 1185 1080 1255 ipse
1107 1185 1171 1239 de
1199 1194 1411 1239 terreno
1444 1184 1579 1239 lacte
1617 1196 1926 1251 expressam
1967 1183 2023 1236 in
2062 1182 2199 1238 triti-

2822 857 3152 916 EPTSTOLA
3178 857 3319 913 XXI.

2754 990 3081 1032 BNNODIUB
3124 988 3394 1031 MAXIMO.

2369 1087 2469 1145 Ubi
2496 1097 2580 1143 est
2618 1087 2749 1144 fides
2776 1087 3105 1158 splendentis
3150 1086 3451 1156 periclitata
3496 1087 3867 1156 conscientia,

2299 1194 2457 1249 quam
2490 1179 2542 1234 in
2569 1182 2727 1237 annis
2765 1180 3051 1248 puerilibus
3082 1194 3211 1235 cana
3240 1180 3544 1235 reverentia
3574 1195 3682 1235 non
3701 1181 3864 1235 relin-

633 1293 755 1333 cum
808 1278 1001 1333 formet
1044 1276 1293 1347 efﬁgiem,
1325 1276 1475 1345 cujus
1520 1274 1687 1330 imbre
1714 1275 1813 1329 soli
1847 1274 2007 1328 facies
2037 1273 2199 1327 mari-
2300 1272 2447 1340 quit,
2468 1287 2624 1341 quam
2650 1287 2743 1341 per
2772 1273 2873 1327 :evi
2910 1271 3274 1341 praejudicium
3301 1272 3633 1327 observantia
3670 1274 3863 1329 hones-

634 1378 743 1426 tata
790 1370 1121 1427 fecundatur.
1154 1368 1270 1423 Tibi
1319 1380 1531 1433 autem,
1567 1367 1770 1422 erudite
1826 1380 1978 1435 puer,
2035 1364 2202 1419 habeo
2304 1363 2427 1416 tatis
2468 1363 2719 1424 irradiat,
2760 1379 2878 1432 quae
2922 1364 2974 1417 in
3023 1373 3259 1433 tempore
3312 1364 3601 1433 iuventutis
3652 1365 3865 1420 actibus

634 1462 851 1532 gratias,
875 1460 1015 1529 quod
1062 1459 1304 1528 quamvis
1332 1456 1545 1513 dicendi
1592 1455 1880 1526 splendore
1927 1456 2202 1518 nituisses,
2303 1462 2668 1510 maturescens
2718 1455 2995 1510 infantiam
3048 1456 3284 1523 ingressa
3335 1456 3670 1523 praelabitur?
3717 1457 3867 1510 Nune

636 1553 768 1609 etin
800 1552 888 1607 illa
913 1552 1042 1605 urbe
1087 1550 1381 1603 litterarum
1413 1548 1635 1603 scientia
1662 1548 1983 1617 astipulante
2019 1546 2203 1602 laude-
2304 1547 2432 1615 quid
2485 1562 2695 1617 aequum
2746 1548 2842 1601 fuit
2878 1547 3104 1603 amantis
3132 1548 3339 1617 paginis
3366 1556 3571 1603 tantum
3617 1548 3864 1602 mandata

637 1642 735 1706 ris,
766 1640 867 1695 mei
900 1654 1107 1710 quoque
1135 1638 1409 1693 desideras
1456 1638 1761 1706 adjumenta
1794 1637 2068 1706 praeconii.
2101 1641 2205 1691 Ac-
2307 1638 2638 1701 restitui,aut
2664 1654 2757 1709 par
2789 1639 2916 1694 fides
2939 1649 3022 1695 est
3042 1640 3219 1695 liberae
3239 1640 3541 1709 scriptionis
3568 1647 3623 1695 et
3650 1639 3865 1694 famuli!

639 1734 797 1789 cessit
824 1732 915 1787 tibi
944 1731 1143 1786 fructus
1175 1730 1459 1799 diligentiae
1479 1746 1635 1796 meae,
1654 1739 1707 1785 et
1732 1732 1777 1784 si
1801 1732 1941 1784 nulla
1968 1729 2207 1785 tribuun-
2309 1729 2554 1799 Nunquid
2585 1732 2800 1799 dignum
2833 1732 3070 1800 probatis
3093 1732 3328 1787 moribus
3353 1732 3637 1787 censuistis
3676 1744 3868 1799 provo-

639 1833 725 1879 tur
770 1812 1073 1878 rusticantis
1123 1829 1429 1875 ornamenta
1480 1820 1789 1875 testimonii.
1826 1819 2021 1877 Libens
2066 1820 2207 1874 dicta
2234 1803 2284 1865 Β
2310 1830 2519 1875 cantem
2551 1821 2616 1874 ad
2647 1822 2819 1876 officia
2866 1823 3111 1891 religiosa
3144 1837 3250 1877 non
3279 1822 3558 1892 subsequi,
3590 1821 3671 1877 vel
3714 1821 3867 1877 nefas

639 1925 725 1971 tua
752 1930 868 1971 cum
899 1913 1287 1969 facundissimis
1323 1912 1579 1984 praedico,
1610 1927 1730 1967 cum
1761 1912 1952 1980 quibus
1992 1922 2207 1967 senten-

639 2008 767 2062 tiam
816 2021 1009 2069 meam,
1052 2013 1110 2059 ut
1154 2005 1417 2058 bonorum
1467 2004 1725 2059 ditescant
1782 2004 2056 2067 societate,
2080 2018 2208 2061 con-

640 2097 820 2169 iunge.
853 2096 1164 2151 Proximum
1211 2102 1294 2151 est
1322 2103 1380 2149 ut
1409 2108 1515 2149 non
1542 2093 1844 2149 dividantur
1868 2093 2087 2160 meritis,
2118 2094 2209 2163 qui

642 2187 695 2242 in
735 2188 973 2259 qualibet
1010 2186 1333 2259 iudicatione
1382 2186 1741 2240 consentiunt.
1781 2183 1923 2239 Unus
1975 2193 2072 2249 est,
2111 2199 2209 2239 nec

640 2281 781 2337 enim
812 2278 995 2349 procul
1023 2287 1271 2349 evagatus
1293 2277 1361 2331 ab
1390 2291 1514 2332 arce
1542 2276 1872 2341 sublimium,
1904 2275 1993 2347 qui
2016 2275 2081 2330 ad
2112 2275 2211 2331 hoc

642 2372 783 2441 quod
812 2371 885 2424 illi
915 2369 1295 2439 praenuntiant,
1318 2382 1429 2423 non
1464 2366 1665 2437 dispari
1703 2364 2057 2419 admiratione
2084 2379 2213 2418 con-

644 2462 847 2518 cordat;
886 2462 967 2515 Ad
1007 2460 1244 2531 epistolae
1291 2469 1396 2514 tua:
1440 2467 1617 2513 tamen
1664 2457 2018 2527 dictionisque
2048 2457 2208 2511 mella

645 2571 733 2613 me
766 2554 979 2612 refero:
1009 2555 1093 2609 cui
1121 2552 1198 2610 sic
1232 2562 1316 2609 est
1342 2552 1533 2607 blanda
1562 2551 1628 2607 de
1656 2551 1900 2620 praesenti
1938 2560 1996 2605 et
2031 2558 2212 2606 tenera

644 2653 800 2700 aetate
830 2644 1094 2715 praefatio,
1123 2652 1183 2698 ut
1217 2658 1323 2699 non
1359 2643 1702 2698 subtrahatur
1740 2640 1907 2696 virtus
1934 2651 1985 2696 et
2030 2640 2214 2710 genius

628 2736 715 2803 ,de
760 2734 958 2789 futura.
987 2736 1001 2764 ί
1034 2733 1286 2788 Constitit
1329 2733 1633 2797 concavatis
1680 2731 1909 2786 Latiaris
1958 2729 2212 2799 elocutio,

645 2825 773 2880 dum
821 2840 916 2897 per
949 2824 1156 2879 alveum
1204 2838 1357 2878 suum
1407 2821 1663 2877 Romanae
1708 2822 2027 2893 eloquentiae
2074 2820 2212 2875 unda

646 2915 973 2985 prmlabitur.
1001 2914 1080 2969 Ad
1109 2930 1227 2985 qua:
1274 2929 1331 2969 se
1380 2912 1636 2984 porrigat,
1684 2914 1770 2967 vix
1810 2912 2217 2983 comprehendit

528 3078 547 3094 .
646 3005 951 3071 aestimatio,
995 3002 1086 3079 qui
1136 3004 1397 3059 maximus
1442 3013 1762 3075 apparescat‘
1796 3004 1848 3058 in
1899 3002 2119 3060 foribus.
2160 3002 2219 3057 ln

646 3097 903 3153 matutina
950 3096 1069 3157 luce
1114 3096 1411 3155 meridiano
1442 3095 1645 3167 fulgore
1685 3095 1937 3150 rutilasti.
1980 3092 2216 3150 Tueatur

2309 1914 2535 1980 putastis
2553 1913 2803 1979 epistolas
2838 1914 3062 1969 reddere
3104 1930 3235 1982 quas
3266 1915 3415 1969 vobis
3446 1916 3582 1969 inter
3613 1928 3868 1969 excessus

2309 2005 2527 2073 contigit
2558 2019 2661 2058 non
2692 2006 2934 2073 cepisse?
2957 2006 3080 2060 llaec
3124 2008 3280 2074 igitur
3304 2016 3385 2061 est
3413 2015 3500 2060 tua
3543 2006 3863 2073 disciplina?

2310 2093 2426 2150 Non
2452 2095 2608 2148 talem
2640 2104 2691 2150 te
2720 2096 2950 2163 probitas
2984 2098 3109 2151 olim
3154 2098 3493 2154 manifestata
3532 2098 3865 2153 disseminat.

2311 2185 2423 2255 Ego
2451 2196 2623 2242 tamen
2663 2187 2979 2256 loquacitate
3007 2204 3106 2257 qua
3134 2199 3288 2243 notus
3318 2206 3432 2243 sum
3463 2190 3704 2245 indurata
3734 2191 3873 2244 nitor

2312 2287 2522 2337 mutare
2547 2279 2777 2334 silentia.
2800 2280 3041 2348 Nunquid
3083 2282 3251 2350 impar
3279 2290 3361 2337 est
3390 2283 3484 2337 tibi
3514 2283 3690 2352 lingua
3717 2291 3870 2337 nata-

2313 2369 2484 2425 libus?
2523 2380 2618 2426 aut
2647 2366 2753 2428 non
2800 2374 3163 2429 testimonium
3192 2378 3401 2445 generis
3434 2379 3715 2432 annuntias
3744 2377 3877 2430 flere

2315 2461 2614 2515 sermonis?
2645 2462 2877 2532 nunquid
2933 2472 3137 2519 ostrum
3169 2465 3415 2532 loquendi
3458 2467 3670 2522 deseret
3698 2480 3878 2537 pecte-

2315 2551 2390 2609 ris
2431 2550 2652 2607 fecunda
2697 2554 2954 2609 dictatio?
2996 2555 3134 2609 Nihil
3175 2558 3279 2611 nisi
3307 2558 3563 2612 malitiam
3609 2559 3881 2631 designat,

2316 2641 2404 2709 qui
2435 2656 2553 2697 cum
2600 2642 2786 2711 possit,
2816 2644 3137 2701 desideranti
3165 2647 3323 2701 verba
3365 2664 3471 2702 non
3501 2649 3700 2702 tribuit.
3738 2650 3903 2704 Ecce-

2317 2729 2456 2789 inter
2494 2735 3007 2805 ructationessLyaco
3047 2736 3251 2791 debitas
3306 2739 3477 2806 qualia
3510 2739 3719 2794 Silenus
3747 2743 3882 2795 alter

2316 2822 2481 2877 verba
2509 2838 2794 2893 compono.
2827 2828 3179 2883 Scribendum
3215 2830 3394 2899 sciatis
3424 2844 3615 2884 nomen
3644 2840 3881 2885 vestrum

2319 2914 2387 2971 ad
2408 2916 2548 2984 genii
2580 2918 2683 2973 mei
2722 2932 3035 2987 purpuram,
3065 2928 3122 2973 et
3167 2920 3358 2975 libellis
3386 2920 3616 2988 propriis
3645 2922 3883 2977 inseren-

2318 3003 2482 3060 dum:
2511 3014 2569 3060 ut
2598 3008 2757 3060 etiam
2783 3008 2827 3062 si
2851 3008 2981 3062 nihil
3032 3008 3231 3063 tribues
3258 3009 3324 3062 de
3354 3011 3765 3080 resporrso,‘ego
3800 3020 3881 3064 ta-

2320 3110 2447 3153 men
2477 3111 2653 3153 arcem
2680 3105 2908 3164 teneam,
2942 3098 3081 3167 quod
3111 3098 3177 3152 ad
3202 3098 3386 3152 doctos
3414 3102 3556 3151 viros
3577 3098 3745 3169 dirigo
3768 3100 3884 3155 sine

646 3190 785 3246 circa
818 3198 870 3245 te
898 3190 1133 3245 cmlestis
1159 3191 1328 3261 gratia
1368 3162 1558 3244 muuu's
1588 3204 1763 3252 suum,
1792 3195 1847 3243 et
1876 3197 1934 3242 ut
1964 3182 2216 3263 frequen-
2242 3162 2295 3229 ο
2320 3188 2673 3254 trepidatione
2716 3162 2903 3259 aliqua
2942 3162 3083 3257 quod
3128 3190 3349 3258 legatur.
3388 3189 3609 3244 Domine
3635 3162 3709 3244 mi
3728 3230 3745 3253 ,
3790 3205 3881 3244 ae-

648 3280 789 3336 tibus
818 3290 1082 3337 amantem
1108 3283 1450 3352 epistolarum
1479 3282 1624 3351 colas
1662 3280 1879 3346 muniis,
1917 3278 2059 3335 salus
2085 3292 2211 3335 nos-

649 3385 725 3429 tra
756 3372 1002 3447 Chrisws
1031 3375 1275 3442 inspiret.

1080 3550 1089 3559 .
1188 3498 1518 3558 EPBTOLA
1546 3498 1668 3558 XX.

1136 3624 1391 3667 eme
1425 3613 1454 3643 ’
1485 3620 1709 3666 nam.

719 3730 853 3785 Dum
878 3724 1147 3799 prelorum
1172 3724 1361 3781 famuli
1385 3725 1625 3781 autumni
1652 3722 1833 3780 dotem
1860 3724 2212 3795 complerent,

648 3833 704 3881 et
735 3833 948 3878 teneras
978 3833 1199 3875 uvarum
1243 3820 1455 3887 tunicas
1490 3827 1775 3889 properata
1809 3816 1956 3872 calce
1988 3802 2219 3872 disrum-

650 3921 868 3985 perent,
892 3926 992 3981 ego
1029 3910 1096 3968 ad
1126 3917 1442 3966 summatem
1470 3898 1639 3963 virum
1668 3915 1941 3977 parentem
1973 3906 2220 3962 fratrem-

649 4018 752 4074 que
784 4017 961 4057 meum
988 4008 1046 4056 et
1072 4000 1257 4055 oculos
1273 4008 1340 4055 ~et
1365 3999 1531 4055 verba
1553 3998 1795 4054 revocavi
1825 4014 1841 4053 :
1864 3997 2069 4067 justum
2098 4012 2219 4053 esse

651 4093 965 4163 conficiens,
995 4092 1327 4147 unum
1375 4092 1599 4147 uberem
1646 4090 1888 4146 tribuunt
1932 4089 2214 4160 liquescat,

651 4200 740 4245 me
759 4182 1213 4253 βαδιῇωώᾳώ
1230 4197 1351 4238 eum
1368 4182 1609 4252 intranda
1622 4174 1895 4239 hilaritate-
1915 4192 2217 4252 monent.

653 4277 823 4334 Solve
841 4290 979 4347 ergo
998 4275 1410 4347 Wrieam
1456 4275 1888 4341 taciturnitatem,
1919 4282 1979 4330 et
2011 4288 2219 4329 ntectrm

655 4370 858 4440 peritiae
886 4380 945 4425 es
985 4368 1245 4424 facundiae
1275 4378 1376 4423 tum
1416 4368 1552 4423 bona
1582 4368 1819 4438 partire;
1853 4368 1927 4423 sit
1957 4368 2103 4422 inter
2124 4380 2223 4421 nos

2317 3282 2437 3348 cipe
2484 3289 2682 3333 nostra:
2724 3278 3063 3334 salutationis
3108 3278 3387 3349 obsequia,
3430 3277 3657 3333 reddens
3705 3278 3883 3333 debita

2318 3370 2639 3425 litterarum.

2388 3462 2475 3518 Sic
2501 3462 2596 3518 tibi
2618 3460 2891 3532 virginitas
2920 3476 3170 3516 mansuro
3198 3469 3405 3517 constet
3434 3460 3489 3515 in
3510 3472 3626 3514 aevo
3650 3477 3663 3510 :

2529 3552 2639 3607 Nec
2667 3560 2849 3621 pereat
2879 3550 3129 3619 quidquid
3161 3552 3271 3605 vita
3299 3551 3448 3605 beata
3480 3548 3643 3603 dedit.

2391 3642 2482 3699 Sic
2511 3651 2599 3697 tua
2626 3656 2731 3695 non
2776 3642 3043 3696 maculent
3080 3644 3349 3709 nigrantes
3379 3638 3614 3696 membra
3659 3636 3889 3707 puellae;

2532 3731 2639 3788 Nec
2668 3740 2883 3803 propter
2910 3733 3089 3801 iaceas
3123 3732 3431 3786 Tartaream
3461 3730 3674 3785 faciem.

2392 3825 2467 3879 Ut
2489 3823 2738 3893 cupidum
2763 3824 2967 3879 sanctis
3011 3825 3214 3879 releves
3258 3840 3353 3894 per
3395 3824 3590 3891 scripta
3618 3821 3875 3891 loquelis;

2539 3915 2718 3985 Deque
2748 3916 2851 3970 tuis
2884 3916 3031 3971 fratri
3056 3916 3291 3971 fontibus
3316 3916 3455 3970 unda
3478 3914 3628 3971 fluat.

2846 4046 3177 4102 EPISTULA
3210 4044 3371 4103 XX".

2783 4178 3107 4219 ENNODIUS
3167 4176 3432 4220 IAXIIOo

2395 4273 2629 4331 Fidelius
2664 4289 2694 4329 a
2723 4276 3047 4331 sublimitate
3090 4286 3178 4332 tua
3220 4274 3406 4335 vocem
3457 4278 3757 4349 suscipiunt
3802 4289 3895 4337 aut

2323 4364 2616 4435 interrupta
2645 4370 2928 4431 montium,
2950 4376 3042 4421 aut
3082 4376 3287 4423 secreta
3328 4370 3611 4428 silvarum.
3637 4370 3897 4427 Praebent

655 4461 897 4517 felicium
920 4460 1313 4515 vindemiarum
1339 4459 1467 4515 vice
1485 4460 1842 4527 colloquium;
1869 4467 2087 4513 currant
2105 4457 2222 4511 dui-
2324 4453 2626 4511 hominibus
2676 4466 2878 4509 naturae
2909 4456 3240 4513 institutione
3270 4466 3324 4512 et
3352 4467 3493 4513 muta
3524 4474 3843 4527 responsum
3876 4476 3901 4522 ;

655 4552 741 4606 cia
763 4558 945 4605 musta
960 4565 1285 4605 sermonum.
1307 4550 1625 4617 Habesan
1652 4548 1673 4579 ³
1701 4562 1823 4602 cum
1849 4532 2229 4601 diaconosnn-i
2248 4530 2465 4603 Dredit
2506 4546 2571 4602 ad
2622 4548 2875 4602 mortales
2915 4547 3227 4603 vicissitudo
3265 4550 3514 4605 clamosa;
3556 4551 3895 4615 solitudinis;

656 4642 899 4697 ctissime
923 4642 993 4696 de
1036 4641 1291 4695 institutis
1339 4654 1543 4693 morum
1573 4646 1703 4692 nota
1728 4636 1945 4691 dicendi:
1979 4636 2222 4691 ubertate

658 4730 1185 4787 commmimNem
1211 4730 1301 4799 qui
1326 4728 1710 4792 ecclesiastica,
1732 4734 1926 4791 novos,
1959 4725 2222 4795 probitate

659 4822 974 4883 subsistunt,
1004 4820 1199 4875 silentii
1231 4818 1377 4888 apud,
1399 4818 1519 4873 illos
1554 4818 1699 4885 justa
1725 4816 1914 4871 vitatio
1940 4823 2042 4870 est.
2073 4814 2221 4870 Scri-

661 4911 771 4965 bite
813 4926 915 4979 qua
967 4925 1125 4964 aunea
1171 4898 1387 4965 castitas
1433 4909 1765 4964 districtione
1811 4915 2098 4967 teneatur.
2129 4920 2223 4973 per

663 5015 827 5070 quem
846 5000 1045 5055 callem
1071 5001 1298 5055 obscena
1330 5001 1558 5073 fugiatur
1597 5000 1826 5053 avaritia:
1844 5039 1869 5064 ,λ
1889 4998 2091 5067 quibus
2110 5012 2225 5051 mo-

663 5089 748 5143 dis
785 5090 964 5158 turpis.
998 5090 1212 5146 fallendi
1253 5090 1546 5147 declinatur
1574 5090 1893 5145 obscuritas.
1925 5087 2223 5150 Iussumma,

664 5182 779 5236 sine
807 5182 1225 5238 dissimulatione
1269 5185 1457 5239 docete
1480 5168 1598 5253 quin
1627 5182 1833 5252 geritis.
1869 5180 1998 5234 Illud
2030 5180 2225 5249 praeci-

665 5286 769 5340 pue
802 5274 942 5328 scire
980 5274 1231 5344 cupidum
1255 5275 1536 5343 dignanter
1580 5276 1824 5331 insumite
1889 5287 2230 5341 qua‘sponsae

737 5429 755 5457 ¹
783 5426 1015 5501 Constitit
1044 5438 1324 5501 concavatis
1340 5429 1461 5501 lita
1486 5444 1670 5501 omnes
1697 5430 1815 5484 libri
1845 5430 2049 5495 antiqui
2068 5449 2078 5481 :
2097 5429 2219 5499 quid

664 5504 840 5621 auttem
866 5499 966 5554 sibi
998 5499 1141 5565 velit,
1170 5499 1398 5568 sequens
1421 5500 1559 5554 alvei
1579 5501 2015 5555 commemoratio
2044 5501 2221 5556 decla-

665 5581 724 5621 ra
755 5606 769 5620 .

665 5581 769 5621 ιἮι

737 5635 1043 5718 funium]
1077 5640 1199 5718 Yiro
1251 5638 1527 5718 spectabili
1568 5638 1771 5718 :Icujus
1811 5640 2216 5718 epithalamium

668 5709 880 5785 scripsit
913 5709 1214 5785 Ennodius:
1247 5720 1407 5785 atque
1431 5710 1516 5785 bis
1545 5709 1710 5785 etiam
1741 5711 1980 5778 epistolis
2010 5709 2073 5785 ad
2104 5710 2217 5785 ejus

672 5779 880 5845 nuptias
913 5779 1152 5843 alludens
1181 5782 1401 5837 subinde
1420 5782 1647 5853 jocatur.
1680 5780 1869 5835 Postea
1893 5780 2075 5835 consul
2120 5780 2215 5838 fuit

2328 5650 2462 5699 erat,
2491 5640 2580 5692 lib.
2612 5654 2642 5690 v
2668 5638 2940 5693 Variarum
2967 5640 3056 5693 42.

2327 4655 2433 4695 non
2492 4641 2629 4708 pcrit
2656 4640 2797 4707 quod
2843 4640 3031 4711 lingua:
3061 4642 3365 4710 acceperint
3402 4642 3486 4696 vel
3516 4642 3682 4697 lustra
3736 4644 3897 4695 bene-

2328 4730 2506 4785 ﬁcium
2543 4746 2756 4799 square
2799 4731 2935 4785 istud
2982 4732 3033 4785 in
3083 4732 3443 4802 magnitudine
3493 4742 3578 4787 tua
3626 4733 3797 4788 laudis
3874 4732 3939 4810 ρι’

2329 4818 2679 4890 philosophiae
2705 4836 2870 4890 genus
2894 4832 2996 4886 eSt,
3030 4823 3158 4876 nihil
3184 4824 3381 4886 dicere,
3408 4831 3462 4877 et
3492 4823 3687 4877 silentii
3714 4833 3762 4876 te
3783 4859 3930 4901 mm,

2331 4912 2472 4967 inter
2498 4913 2907 4968 declamantium
2939 4915 3135 4969 incerta
3160 4915 3498 4969 cautionem?
3528 4915 3692 4968 Homo
3714 4970 3750 5006 ἡ
3771 4953 3935 5007 quem

2332 5018 2431 5056 nec
2477 5002 2817 5057 infecundum
2865 5012 3047 5058 natura
3095 5005 3334 5072 protulit,
3384 5017 3480 5058 nec
3524 5002 3937 5088 infr‘bric'amm

2331 5094 2573 5147 doctrina
2623 5093 2922 5162 dereliquit.
2965 5093 3089 5157 Sed,
3123 5095 3306 5157 credo,
3339 5109 3423 5148 me
3469 5094 3565 5148 de"

2334 5184 2473 5249 fatu;
2502 5184 2522 5214 ⁸
2550 5183 2715 5251 opicis
2764 5183 2954 5237 nolens
3009 5184 3241 5253 pretiosa
3291 5184 3417 5237 dare
3464 5200 3478 5217 '

2334 5275 2469 5341 Quid
2500 5274 2640 5344 quod
2670 5275 2877 5343 signum
2906 5283 2991 5329 est
3014 5273 3191 5328 divitis
3215 5275 3403 5343 eloque

3580 5122 3811 5192 dignaris
3853 5119 3938 5181 ala

3511 5214 3664 5269 verba
3711 5211 3936 5281 judicio,

3432 5306 3554 5370 .ntla
3586 5305 3707 5372 viri.
3740 5316 3840 5363 nec
3863 5302 3941 5367 in-

2333 5430 2631 5483 ordinarius
2658 5442 2796 5481 anno
2833 5428 2955 5491 5‘23,
3003 5429 3102 5481 hoc
3146 5437 3228 5481 est
3260 5427 3307 5477 l"
3344 5456 3510 5491 r__;‘,_
3561 5448 3676 5491 *φ
3710 5438 3921 5491 μηζίμ

2331 5470 3228 5553 ﬁliiﬁlii“'éiiln"€{{i’m7€5n§£t7
3262 5470 3271 5543 ί
3305 5470 3941 5557 εοιβιιηὶο,;ῐ)9ἓξέιέτ,⁰τὶῗ¹ξ¹

2334 5544 2483 5623 an;
2492 5544 2831 5623 massis"
2844 5544 3193 5631 aitarens?
3204 5548 3349 5631 ,ΑΨ
3362 5544 3480 5631 iiii
3490 5548 3583 5631 933,
3594 5544 3809 5631 Ῡὲείὲιὶη.
3818 5544 3943 5631 EE:

3283 5627 3474 5684 pompa
3491 5605 3676 5681 "ljuaﬁl
3710 5605 3945 5660 “daturus

2402 5708 2420 5737 ³
2453 5708 2581 5761 Cum
2616 5710 2827 5761 diacono
2858 5712 3018 5761 sane"
3080 5730 3134 5769 κ,
3454 5752 3466 5764 ,
3504 5726 3546 5755 ἐ

2402 5782 2415 5811 δ
2451 5780 2622 5823 (iniria
2666 5779 2871 5823 rmlnnel
2909 5780 2946 5803 τ’
3015 5736 3585 5823 ﬁsum01110rm'saa?

2401 5782 2415 5811 ³
2451 5780 2622 5859 θρίω
2666 5779 2871 5851 nolam]
2909 5773 3605 5915 rge’i‘ggodtiligsm
3662 5816 3933 5900 mendos?!

2832 5998 2895 6038 ν
