4186 6252
748 426 846 484 I55

1855 423 2125 483 ENNODII
2162 425 2462 483 EPISCOPI
2502 429 2877 489 TICINENSIS

3880 452 3985 511 I36

745 554 862 596 mus
881 545 1053 593 vester
1073 537 1126 592 in
1148 536 1521 606 occupationes
1540 536 1776 605 publicas
1806 538 1999 595 debeat
2026 540 2095 596 de
2124 541 2140 571 ¹
2172 556 2303 596 ana-
2333 543 2391 603 Α
2412 544 2551 613 loqui
2586 546 2852 616 loquendo
2888 547 3103 616 faciam,
3123 558 3177 606 et
3204 550 3346 607 illam
3378 554 3608 613 Atticam
3632 561 3984 627 eruditionem

664 639 687 652 ⁹
745 635 963 706 gnostici
993 634 1290 705 prolixitate
1318 635 1617 702 fastidium;
1647 638 1887 706 quamvis
1912 638 2049 693 bona
2074 638 2130 693 in
2162 641 2311 708 prin-

744 725 892 794 cipiis
922 725 1089 780 locata
1121 738 1213 780 vos
1233 726 1490 792 animent,
1521 737 1575 781 et
1595 729 1892 797 quemlibet
1915 744 2187 785 rancorem
2215 734 2316 787 de-

742 826 943 885 tergeat
970 817 1021 869 in
1052 817 1275 873 exordio
1299 857 1316 885 ,
1339 817 1491 886 juxta
1522 818 1809 873 oratoriam
1840 820 2202 890 disciplinam,
2235 822 2316 876 lo-

740 915 854 960 cata
887 906 1146 972 dulcedo;
1179 916 1355 961 tamen
1405 923 1473 962 ne
1515 907 1784 964 desideria
1825 918 2002 965 vestra
2053 911 2313 967 fabricata

740 996 1159 1052 dissimulatione
1182 997 1526 1067 suspendam,
1573 999 1715 1054 nulla
1755 1016 1818 1055 ex
1850 1000 1959 1055 illis
1987 1004 2311 1057 documenta

741 1088 1024 1153 promerui.
1046 1089 1177 1152 Quia
1197 1088 1754 1144 commemorationem
1777 1092 2036 1146 mularum
2056 1091 2310 1159 facerem,

740 1176 992 1244 episc0po
1040 1175 1231 1230 durum
1263 1177 1474 1232 videtur
1505 1195 1517 1228 :
1547 1185 1599 1231 et
1642 1180 1886 1246 quamvis
1934 1180 2117 1234 famuli
2144 1181 2313 1236 vestri

739 1265 916 1320 fratris
930 1266 1115 1321 Gaiani
1137 1267 1421 1322 institisset
1442 1267 1697 1333 efﬁcacia,
1715 1277 1943 1338 etsnpra
1968 1271 2185 1326 modum
2215 1287 2311 1327 nos

737 1359 1022 1427 pressisset
1049 1358 1441 1428 importunitas,
1479 1359 1611 1413 nihil
1640 1361 1911 1416 communi
1940 1363 2151 1418 actione
2185 1378 2311 1432 pro-

738 1448 979 1504 fecimus.
1012 1450 1126 1503 Hoc
1156 1458 1357 1504 tantum
1388 1450 1571 1523 volunt
1602 1450 1783 1519 inseri,
1834 1454 2015 1508 multis
2068 1464 2308 1509 sanctum

737 1549 940 1609 patrem
967 1548 1200 1594 vestrum
1229 1540 1500 1595 beneficiis
1528 1542 1718 1597 vestris
1744 1544 1983 1611 et’gratio
2006 1542 2309 1611 invitatum,

736 1632 975 1687 muneris
1002 1626 1153 1687 vobis
1182 1632 1600 1688 vicissitudinem
1632 1635 1974 1703 prospexisse
2006 1654 2018 1690 :
2054 1636 2194 1705 quod
2221 1652 2311 1705 ge-

736 1736 838 1780 nus
858 1723 1159 1778 documenti
1180 1723 1223 1779 si
1248 1724 1444 1793 placet,
1466 1724 1584 1780 sine
1612 1727 1955 1780 cunctatione
1990 1726 2268 1780 rescribite
2291 1766 2307 1792 ,

738 1822 831 1868 aut
856 1828 977 1882 quae
1002 1814 1119 1884 ejus
1138 1815 1321 1868 'forma
1346 1830 1467 1871 esse
1490 1815 1704 1871 debeat.
1737 1817 1993 1872 intimate.
2023 1816 2177 1872 Nunc
2209 1832 2307 1888 ego

735 1906 825 1962 ille
850 1907 1159 1976 periclitata:
1184 1908 1424 1964 utilitatis
1466 1918 1520 1963 et
1552 1910 1605 1963 in
1633 1910 1901 1980 obsequiis
1931 1913 2126 1967 vestris
2151 1915 2307 1969 annis
2336 1915 2383 1976 B

734 1998 975 2069 pluribus
990 1999 1099 2067 jam
1137 2000 1406 2069 probatus,
1432 2010 1685 2070 quantum
1709 2004 1932 2072 egerim,
1953 2004 2095 2071 quod
2122 2004 2210 2057 vix
2232 2005 2310 2059 al-

734 2097 814 2145 ter
846 2106 939 2160 per
966 2090 1171 2146 infinita
1194 2091 1393 2149 chartae
1423 2093 1617 2147 damna
1657 2105 1949 2163 narrasset,
2000 2095 2304 2165 pernicibus

733 2198 852 2239 sum
878 2184 1165 2241 verborum
1194 2185 1420 2240 saltibus
1451 2186 1713 2240 elocutus.

1296 2276 1627 2332 EPISTOLA
1668 2277 1748 2331 VI.

1265 2380 1519 2421 ENNODIUS
1557 2381 1767 2421 AVIENO.

802 2455 975 2513 Credo
1002 2457 1069 2511 ad
1091 2457 1351 2525 justitiam
1381 2459 1668 2527 pertinere,
1710 2468 1766 2515 ut
1793 2460 1933 2530 quod
1963 2475 1993 2514 a
2022 2460 2173 2516 vobis
2201 2476 2300 2517 ex-

732 2557 952 2618 specto,
977 2547 1185 2617 primus
1226 2548 1529 2605 exhibeam.
1564 2550 1726 2605 Decet
1754 2554 1898 2606 enim
1952 2553 2123 2622 utqui
2167 2553 2305 2608 bona

732 2655 897 2709 opera
923 2642 1283 2710 praestolatur,
1312 2642 1498 2697 invitet
1527 2643 1791 2713 exemplo.
1828 2644 2103 2714 Expugnat
2129 2645 2304 2700 calca-

733 2731 881 2787 ribus
910 2732 1212 2787 tarditatem
1236 2775 1251 2800 ,
1295 2734 1383 2803 qui
1437 2735 1661 2789 formam
1694 2735 1963 2789 ministrat
1987 2736 2175 2790 officii.
2212 2736 2305 2791 His

730 2840 859 2894 ergo
886 2825 1423 2881 salutationismunus
1453 2827 1761 2908 impertiens
1780 2869 1794 2893 ,
1825 2842 2013 2882 sanum
2045 2843 2132 2883 me
2158 2842 2299 2895 esse,

730 2928 849 2988 post
872 2918 1282 2988 inaequalitatem
1312 2933 1470 2988 quam
1514 2934 1609 2989 pro
1653 2924 1884 2987 peccatis
1928 2932 2043 2973 sum
2074 2933 2261 2987 passus
2285 2961 2301 2985 ,

728 3010 975 3075 enuntio;
1001 3018 1056 3065 et
1084 3019 1280 3065 statum
1311 3020 1501 3063 vestrae
1522 3010 1891 3077 proSperitatis
1921 3009 2153 3077 inquiro,
2183 3023 2305 3078 spe-

727 3113 851 3157 rans
878 3110 939 3156 ut
964 3101 1020 3156 in
1049 3100 1205 3171 hujus
1233 3101 1310 3154 rei
1338 3100 1606 3155 solutione
1635 3100 1832 3155 multus
1862 3099 2157 3157 incumbas.

1258 3211 1592 3267 EPISTULA
1637 3210 1742 3265 VII.

1244 3319 1498 3359 ENNODIUS
1536 3318 1774 3358 SENARIO.

802 3396 954 3466 Apud
992 3404 1205 3450 sanctas
1236 3395 1588 3449 conscientias
1625 3394 1728 3447 uo’u
1765 3402 1919 3463 negat
1954 3395 2162 3449 caritati
2209 3395 2303 3449 de-

729 3489 838 3544 bita
876 3502 970 3544 sua
1010 3489 1194 3558 gatite
1226 3486 1533 3555 principalis
1563 3486 1841 3555 occupatio
1875 3525 1890 3550 ,
1923 3499 2021 3539 nec
2063 3486 2304 3539 eliminat

641 3610 650 3623 .
728 3580 799 3649 pii
841 3580 1039 3634 amoris
1085 3577 1203 3633 aula
1248 3578 1535 3631 fervorem.
1567 3576 1952 3631 Testimonium
2001 3575 2093 3630 dat
2119 3576 2303 3631 solidae

728 3670 1013 3733 aﬁ'ectioni,
1047 3668 1137 3735 qui
1165 3681 1282 3721 eam
1314 3668 1451 3721 inter
1480 3668 1858 3735 impedimenta
1890 3666 2164 3723 oblivione
2194 3682 2303 3723 non

727 3759 925 3816 obruit.
957 3757 1338 3815 Commendate
1363 3758 1493 3811 mihi
1520 3758 1811 3827 scriptione
1829 3760 2059 3813 culmina
2084 3768 2259 3814 vestra
2282 3802 2299 3828 ,

727 3868 845 3923 quae
860 3860 983 3907 voto
1001 3853 1339 3921 impbrtunus
1354 3841 1561 3905 emerui
1584 3868 1596 3902 :
1620 3850 1861 3905 custodia
1884 3850 2297 3917 communionis,

728 3945 899 3999 honor
926 3952 1009 3999 est
1049 3942 1385 4012 dignitatum.
1418 3941 1510 3996 His
1540 3956 1666 4011 ergo
1705 3941 2191 4012 obsequentissime
2212 3956 2302 3997 sa-

726 4034 921 4102 lutans,
954 4034 1207 4104 epistolas
1256 4032 1516 4088 brevitate
1563 4034 1891 4103 constringo,
1936 4035 2111 4088 sciens
2146 4048 2303 4103 posse

724 4131 1009 4202 productas
1034 4130 1243 4185 horreri
1274 4145 1287 4181 :
1321 4129 1522 4184 faciens
1546 4136 1602 4182 ut
1631 4143 1725 4197 pro
1748 4144 1833 4185 me
1855 4129 2081 4185 Domino
2102 4131 2302 4200 gratias

723 4221 999 4290 referatis,
1030 4220 1121 4290 qui
1147 4219 1447 4275 molestiam
1476 4235 1633 4289 quam
1665 4220 1879 4290 pertuli,
1922 4231 2206 4291 antequam
2236 4234 2298 4276 ea

726 4314 933 4370 discere
962 4311 1291 4385 potuissetis,
1323 4311 1592 4367 abstersit.

1270 4423 1602 4482 EPISTOLA
1630 4424 1739 4479 VIII

1099 4531 1353 4572 sumemus
1383 4519 1401 4547 ³
1431 4531 1640 4570 ELPIDIO
1666 4531 1909 4571 DIACONO.

2415 635 2480 687 ad
2504 636 2757 703 epistolas
2794 637 2909 692 alia"
2940 641 3250 707 garrulitate
3283 646 3592 711 producam.
3623 648 3833 707 Joatum
3888 656 3986 714 fuit

2414 734 2472 778 ut
2519 733 2593 778 tot
2635 726 2821 784 diebus
2865 744 2897 783 a
2938 732 3290 800 promissione
3319 734 3632 808 desisteres,
3670 752 3726 796 et
3755 748 3982 813 qualiter

2417 817 2780 885 pervenisses,
2814 820 2957 875 nulla
2987 822 3191 892 pagina:
3234 824 3529 883 directione
3576 832 3858 903 signares?
3893 848 3984 898 aut

2390 956 2393 957 ν
2415 905 2551 962 forte
2580 917 2766 964 contra
2790 924 2877 964 me
2908 912 3051 985 illam
3076 924 3216 968 tuam
3237 918 3593 975 cautelitatem
3609 924 3844 981 aestimas
3863 943 3983 988 esse

2413 1000 2769 1079 servandam?
2796 1001 3109 1072 Dedignaris
3155 1006 3443 1078 colloquio,
3490 1027 3715 1080 quorum
3755 1022 3980 1090 gratiam

2413 1090 2582 1145 multo
2610 1092 2805 1149 sudore
2847 1098 3124 1165 quaesisti?
3152 1099 3326 1156 Crede
3366 1101 3530 1171 mihi,
3562 1106 3665 1163 nisi
3696 1110 3764 1166 ab
3806 1115 3906 1169 hoc
3932 1126 3985 1173 te

2412 1180 2541 1237 vitio
2567 1185 2666 1239 sub
2690 1200 2753 1239 ea
2778 1201 2882 1255 qua
2912 1188 3188 1245 ambulare
3213 1192 3355 1248 soles
3381 1195 3660 1255 velocitate
3693 1206 3985 1274 suspende-

2412 1276 2509 1342 ris,
2541 1291 2761 1334 necesse
2789 1288 2871 1337 est
2898 1290 2955 1335 ut
2983 1282 3048 1337 ad
3071 1282 3204 1338 alios
3234 1295 3417 1341 nostra
3445 1293 3730 1358 patrocinia
3757 1298 3984 1356 transfe-

2394 1380 2612 1433 ramus,
2648 1370 2736 1438 qui
2766 1386 3032 1427 memores
3062 1376 3334 1430 constituti
3362 1393 3601 1437 amorem
3636 1399 3983 1447 munerentur

2411 1461 2701 1531 obsequiis.
2753 1462 2847 1518 His
2893 1480 3020 1534 ergo
3066 1466 3303 1523 salutans
3327 1511 3341 1535 ,
3373 1472 3547 1528 amico
3576 1480 3868 1538 etmedico
3902 1483 3981 1539 in-

2410 1550 2533 1605 dico
2578 1568 2662 1605 me
2691 1556 2835 1623 εμνί
2864 1558 3109 1625 carparis
3130 1559 3485 1627 inaequalitate
3519 1567 3759 1625 laborare
3787 1590 3800 1625 :
3824 1588 3981 1643 quam

2411 1642 2511 1696 nisi
2553 1653 2605 1699 te
2647 1644 2878 1700 dictante
2919 1646 3106 1715 pagina
3141 1650 3294 1719 jocos
3335 1654 3634 1713 exhibitura
3678 1642 3977 1735 curaverit,

2402 1731 2700 1790 distensam
2734 1751 2827 1806 per
2853 1748 3115 1819 tormenta
3165 1745 3406 1801 ranulam
3468 1749 3638 1821 longis
3677 1731 3978 1817 hominibus

2410 1824 2717 1894 coaequabo.

2966 1899 3294 1959 EPISTOLA
3333 1904 3421 1961 IX.

2910 2005 3163 2048 ENNODIUS
3203 2012 3472 2054 MESSALA-2.

2477 2095 2533 2152 Si
2558 2097 2667 2166 jam
2695 2108 2747 2154 te
2767 2099 2915 2156 favor
2938 2103 3148 2159 divinus
3177 2122 3207 2163 a
3235 2110 3510 2179 proposito
3542 2115 3878 2189 negligentiae
3906 2127 3973 2181 ad

2405 2189 2580 2243 votiva
2610 2188 2753 2244 ducit
2792 2194 2986 2260 studia,
3040 2197 3084 2251 si
3135 2214 3239 2268 quo
3267 2210 3319 2255 te
3346 2217 3498 2273 vena,
3528 2221 3634 2276 quo
3672 2188 3723 2266 te
3750 2214 3978 2273 domnus

2406 2278 2635 2335 Fau~tus
2654 2290 2828 2348 vocat,
2851 2286 3080 2340 attendis
3106 2330 3121 2353 ,
3143 2298 3320 2358 optata
3344 2308 3449 2348 non
3475 2307 3648 2354 taceas
3666 2304 3974 2370 scriptione.

2407 2368 2512 2423 Sed
2547 2373 2729 2431 timeo.
2783 2389 2850 2429 ne
2893 2375 3018 2431 dum
3050 2378 3347 2437 officiosum
3387 2385 3657 2457 desidero,
3686 2368 3979 2451 sustineam

2406 2462 2753 2517 rusticantem
2780 2504 2795 2529 ,
2841 2472 2897 2519 et
2921 2466 3136 2538 incipiat
3158 2470 3260 2527 hoc
3279 2472 3559 2532 desideriis
3579 2480 3711 2536 meis
3730 2485 3980 2542 resistere

2405 2552 2545 2620 quod
2575 2555 2771 2623 cupivi.
2796 2555 3053 2615 Coelestes
3082 2561 3279 2618 divitia:
3309 2566 3453 2622 Illam
3480 2569 3724 2628 inertiam
3754 2575 3976 2634 Stimula

2406 2644 2616 2711 pietatis
2638 2648 2987 2715 exsuscitent,
3014 2660 3064 2705 et
3093 2655 3490 2714 mendicitatem
3515 2663 3625 2717 oris
3647 2667 3717 2719 tui
3745 2680 3976 2737 superna

2404 2748 2505 2802 ope
2552 2735 2892 2806 locupletent.
2941 2740 3082 2797 Ecce
3116 2744 3322 2812 injuriis
3340 2762 3651 2815 provocatus
3670 2735 3978 2818 scribe.Sa-

2405 2825 2567 2916 intem
2590 2841 2720 2893 ergo
2746 2828 2952 2892 dicens,
2979 2847 3109 2903 rogo
3130 2845 3186 2889 ut
3207 2838 3330 2905 qud
3346 2839 3488 2896 circa
3521 2853 3569 2898 te
3598 2860 3782 2916 agatur
3825 2854 3977 2909 tabu-

2404 2915 2576 2972 larum
2605 2920 3029 2991 promulgatione
3056 2939 3393 2995 cognoscam.

2972 3035 3299 3096 EPISTULA
3339 3044 3404 3098 Χ.

2859 3143 3113 3185 ENNODIUS
3158 3148 3359 3191 ΜΔΧΙΙΙΟ
3386 3154 3436 3193 ν.
3469 3153 3516 3194 8.

2399 3198 2402 3202 λ
2458 3211 2619 3309 ‘Bene
2640 3213 2992 3284 disponantur
3018 3234 3249 3291 superno
3276 3237 3393 3282 vota
3420 3240 3599 3286 nostra
3618 3234 3837 3302 judicio.
3861 3239 3978 3309 ipse

2405 3303 2473 3357 ad
2501 3306 2712 3375 nuptias
2738 3318 2853 3363 tuas
2878 3313 3073 3380 veniat,
3101 3316 3191 3385 qui
3220 3319 3393 3387 primo
3413 3328 3636 3392 parenti,
3660 3328 3784 3384 dum
3803 3303 3979 3390 adhuc

2404 3396 2581 3475 nativa
2610 3398 3010 3459 immortalitate
3043 3407 3323 3479 gauderet,
3373 3426 3619 3482 superna:
3648 3418 3981 3478 benediCtio-

2406 3487 2485 3541 nis
2515 3503 2709 3545 munus
2738 3493 2977 3550 indulsit.
3027 3498 3209 3555 Faciat
3258 3502 3350 3558 tibi
3394 3505 3637 3565 Christus
3665 3522 3848 3569 noster
3878 3530 3981 3572 nec

2403 3579 2680 3635 custoditae
2709 3583 3022 3653 integritatis
3076 3590 3303 3647 fructum
3355 3597 3548 3665 perire,
3603 3616 3702 3657 nec
3751 3620 3979 3662 munera

2403 3672 2727 3740 nuptiarum.
2762 3675 2850 3731 Sic
2877 3677 3151 3748 virginitas
3172 3687 3342 3753 prosit
3361 3689 3428 3743 ad
3448 3692 3712 3759 sobolem,
3736 3706 3794 3751 ut
3813 3703 3980 3757 casti-

2404 3765 2498 3819 tati
2528 3774 2628 3820 tuze
2658 3767 2950 3827 fecunditas
2978 3774 3110 3829 nihil
3136 3777 3387 3848 decerpat
3418 3802 3429 3835 :
3456 3792 3509 3838 et
3529 3786 3665 3841 miro
3694 3788 3981 3860 dispensao‘

2404 3856 2566 3912 tionis
2586 3872 2802 3925 arcano,
2832 3878 2930 3917 nec
2946 3866 3161 3933 saeculo,
3194 3868 3317 3924 dum
3347 3883 3499 3941 pater
3519 3890 3596 3939 es.
3632 3856 3842 3950 pereas,
3874 3898 3983 3940 nec

2407 3948 2496 4044 Dei
2546 3952 2763 4020 gratias,
2813 3954 2938 4011 dum
2992 3960 3229 4026 pudicus.
3262 3964 3475 4038 ‘Veniat
3526 3983 3687 4039 super
3734 3984 3782 4030 te
3825 3948 3982 4044 quod

2402 4041 2548 4096 Isaac
2572 4043 2768 4112 juniori
2799 4046 2904 4102 ﬁlio
2934 4050 3019 4117 pie
3048 4051 3295 4109 induetus
3339 4060 3541 4127 Optavit
3584 4061 3738 4133 (Gen.
3786 4041 3980 4138 xxv",

2401 4134 2516 4204 28).
2547 4135 2654 4229 Illis
2680 4139 2893 4195 domum
2917 4156 3101 4199 socrus
3124 4150 3374 4217 auspiciis
3403 4157 3536 4207 utor
3573 4154 3825 4224 introeat,
3857 4134 3984 4229 qui;

2400 4226 2500 4281 bus
2521 4226 2584 4281 ad
2615 4228 2795 4285 Tobiae
2827 4236 3116 4301 penetralia
3143 4253 3307 4294 nurus
3327 4245 3551 4297 accessit
3580 4244 3729 4315 ('I‘ob.
3760 4226 3986 4318 vi).—Sit

2399 4319 2495 4374 tibi
2518 4334 2676 4376 causa
2706 4324 2954 4392 perfectae
2982 4326 3282 4387 dilectionis
3318 4332 3369 4387 in
3413 4336 3657 4407 conjuge,
3691 4338 3742 4395 in
3785 4349 3836 4394 te
3864 4344 3986 4397 vir-

2396 4411 2589 4479 ginitas
2610 4415 2890 4470 custodita.
2912 4416 3092 4473 Solam
3116 4420 3256 4475 illam
3283 4423 3587 4493 deputatam
3618 4427 3711 4483 tibi
3734 4422 3982 4497 neveris,

2397 4504 2479 4556 cui
2509 4511 2562 4557 te
2587 4505 2735 4572 quasi
2760 4520 2865 4561 non
2894 4522 3061 4574 esses,
3092 4525 3157 4564 ex
3189 4513 3369 4568 mundi
3392 4516 3520 4571 faece
3544 4521 3792 4574 servasti.
3826 4521 3985 4579 Ecce

795 4609 1001 4678 Quibus
1039 4607 1214 4662 modis
1244 4607 1629 4661 fraternitatem
1669 4616 1809 4660 tuam
1837 4606 1902 4660 ad
1930 4606 2289 4675 scribendum,

2398 4594 2519 4661 quia
2548 4594 2727 4649 venire
2751 4612 2856 4651 non
2888 4599 3058 4666 potui,
3090 4604 3330 4660 oratione
3363 4621 3471 4662 non
3498 4608 3707 4666 desum.
3744 4612 3986 4673 Domine

664 4750 675 4753 ι
719 4716 890 4769 quave
914 4708 1028 4755 arte
1061 4696 1371 4763 sollicitem,
1402 4697 1615 4767 quando
1644 4696 1805 4762 homo
1830 4699 2117 4753 verborum
2141 4698 2288 4754 locu-

718 4794 831 4862 ples
858 4793 913 4848 in
956 4807 1044 4848 me
1080 4788 1293 4845 silentia
1344 4789 1619 4859 peregrina
1661 4789 1935 4846 custodis?
1976 4790 2124 4861 Elegi
2148 4800 2206 4846 ut
2234 4799 2288 4847 te

788 4948 805 4979 ι
847 4945 1199 5017 ᾼηαςηοετὶεἱ]
1231 4944 1549 5017 ῡῑειιξῐιιλιὶι).
1578 4961 1624 5014 ι,
1653 4946 1792 5015 epist
1815 4946 1869 5000 4.

786 5018 807 5047 ¹
840 5014 1054 5089 Elpi'dio
1076 5014 1289 5089 diacono
1302 5014 1594 5089 jbiedicum
1613 5014 1773 5072 fuiSse
1792 5026 2029 5089 extrema
2056 5022 2280 5089 epistola

717 5085 995 5161 signiﬁcat.
1029 5085 1209 5161 Itaque
1247 5085 1459 5161 dubium
1492 5102 1595 5161 non
1648 5095 1731 5141 est
1759 5088 1885 5161 quin
1916 5090 1998 5161 hic
2039 5085 2107 5143 sit
2136 5091 2278 5161 Elpi-

716 5155 835 5211 dius
862 5158 1095 5211 medicus
1144 5155 1460 5210 Theoderici
1490 5157 1660 5225 regis:
1692 5160 1843 5226 cujus
1870 5158 1935 5212 ad
1982 5160 2153 5226 ipsum
2183 5155 2275 5216 ex-

716 5236 818 5281 stat
861 5228 1079 5297 epistola
1105 5240 1224 5295 qua:
1257 5226 1499 5297 Helpidio
1539 5228 1664 5282 item
1694 5227 1918 5284 diacono
1948 5230 2272 5297 inscribitur,

716 5298 807 5351 lib.
850 5295 904 5349 tv’
926 5296 1199 5351 Variarum
1224 5312 1240 5349 :
1269 5295 1322 5348 in
1354 5311 1455 5364 qua
1485 5312 1604 5350 cum
1634 5299 1855 5363 impensi
1884 5300 1950 5353 ab
1979 5315 2044 5354 eo
2070 5295 2275 5358 servitii

713 5368 1045 5422 sedulitatem
1090 5365 1456 5436 commendat,
1488 5366 1588 5420 hoc
1615 5368 1785 5436 ipsum
1817 5370 2092 5424 medicina;
2119 5374 2275 5427 obse-

712 5439 889 5505 quium
923 5435 1188 5505 inteliigit.
1220 5433 1507 5505 Procopius
1540 5433 1669 5491 lib.'t
1695 5439 1823 5493 Belli
1850 5437 2059 5495 Gotltici
2091 5459 2103 5495 :
2136 5446 2274 5499 Μετὰ

713 5503 788 5572 δὲ,
819 5508 1016 5563 ἅπαντα
1052 5503 1122 5597 ςὶέ
1150 5503 1389 5559 Ἐλπίδιον
1426 5507 1509 5559 τὸν
1538 5509 1706 5603 ὶβτίίὀν
1739 5512 1800 5597 τάξ
1825 5512 2148 5603 ξυμπεξὸνὴτει
2177 5515 2277 5578 ἐξε-

713 5584 887 5603 -.-Αηεν
934 5586 983 5603 ,ι
1010 5578 1541 5603 ,---o_'.__--_._-1-._--._,
1579 5589 1628 5603 η-
1669 5602 1689 5603 7
1719 5601 1729 5603 _
1962 5584 1972 5597 ¹

712 5584 911 5649 νςγκών,
928 5586 1016 5638 τὴν
1031 5581 1101 5638 εὶς·
1119 5580 1395 5648 Σύμμαχόν
1409 5597 1462 5630 τε
1479 5581 1564 5631 καὶ
1577 5580 1763 5635 Βόέτιον
1777 5580 2047 5655 ἁμαρτάδα
2062 5581 2272 5637 ἔκλαιεν.

715 5645 899 5701 Postea
946 5665 1080 5715 vero,
1124 5647 1295 5720 inquit
1311 5690 1325 5713 ,
1380 5646 1588 5720 Elpidio
1630 5660 1813 5702 cuncta
1840 5668 1954 5720 qua:
1983 5655 2275 5719 acciderqnt

711 5730 1121 5783 commemorans,
1153 5717 1430 5772 admissum
1456 5717 1507 5769 in
1552 5717 1921 5785 Symmachum
1952 5737 2011 5773 ac
2041 5717 2271 5775 Boetium

712 5785 907 5856 facinus
949 5790 1134 5856 deﬂere
1170 5789 1337 5853 capit.
1389 5786 1836 5845 Mediolanensem
1882 5792 2049 5846 fuisse
2079 5792 2274 5847 iudicat

709 5854 863 5919 epist.
891 5857 955 5909 21
990 5854 1079 5912 lib.
1106 5873 1183 5911 ix.
1229 5856 1362 5911 Sunt
1393 5860 1481 5926 qui
1514 5868 1701 5927 putent
1733 5861 1981 5915 eumdem
2009 5874 2125 5916 esse
2153 5875 2272 5918 cum

2396 4682 2486 4742 mi.
2514 4698 2672 4753 spero
2704 4697 2777 4753 nl,
2801 4688 3001 4745 honore
3023 4686 3354 4753 salutationis
3374 4703 3662 4771 accepto,”
3687 4719 3806 4774 quae
3827 4721 3861 4762 a
3885 4723 3985 4766 me

2395 4773 2595 4829 directa
2623 4786 2780 4845 sunt,
2807 4778 3088 4849 dignanter
3112 4786 3363 4856 accipias.

2392 4930 2947 5019 hosticoiﬂelpidioy.
3058 4946 3111 5019 et
3130 4954 3233 5019 me.
3263 4954 3649 5014 cx-qutestore,
3667 4949 3822 5019 cujus
3847 4966 3985 5010 car-

2394 5004 2532 5090 mina
2588 5004 2830 5090 leguntur
2880 5006 2933 5058 in
2986 5006 3313 5090 Collectione
3339 5004 3612 5090 sacrorum
3636 5004 3975 5090 'poétiiréii.

2390 5067 2666 5153 Caeterum;
2682 5073 2898 5154 velnhoc
2926 5079 3171 5154 exemplo
3202 5067 3357 5149 patet
3373 5067 3612 5143 cieri-cos
3631 5067 3984 5153 arm'e'di'c‘ir‘ruae

2513 5143 2701 5231 primis
2715 5143 2829 5231 illis
2846 5143 3214 5231 saeculis'non'
3232 5154 3577 5231 abstinuisse.
3602 5143 3981 5231 Quod

2362 5214 3080 5307 εξξξξξιηὲξξῆεξιξ-ιὲίεισιγξίὲ
3127 5221 3345 5307 alteris
3374 5214 3979 5307 ἀίροοηίὲιῖώέάῖέῐ

2380 5279 2467 5368 qui
2488 5280 2681 5368 Bome-2'
2699 5286 2828 5338 urbe
2855 5299 2884 5337 a
2913 5279 3098 5366 Gothis
3120 5302 3271 5359 capta
3295 5279 3488 5368 floruit,
3512 5279 3984 5368 epitaphii-imi;

2381 5357 2462 5402 ter
2486 5350 2785 5405 Christiana
2818 5359 3141 5414 monimenta
3163 5350 3199 5425 ,’
3216 5377 3366 5433 cujus
3392 5350 3493 5423 hoc
3520 5350 3844 5433 esti—xiiii;

2501 5440 2624 5513 Heio
2644 5441 2812 5513 Levita
2833 5447 2965 5513 jacet
2986 5450 3259 5513 Dionysius,
3284 5461 3402 5506 artis
3424 5459 3647 5511 honesta:

2566 5502 2777 5553 Functus
2800 5502 2852 5556 et
2872 5508 3047 5570 ofﬁcio,
3070 5502 3195 5573 quo}
3220 5502 3635 5572 medi-cina'd-edit:

2448 5584 2475 5673 ξ
2502 5584 2707 5673 .Qu‘tlth
2728 5604 2821 5673 fine
2853 5592 3045 5673 directa
3072 5597 3222 5673 sunt]
3253 5599 3690 5671 Epithalamium,
3720 5606 3931 5673 opinor
3965 5630 3983 5666 :

2376 5655 3107 5745 quoi-ffatimo‘sc‘t'iptutn
3266 5655 3986 5745 aintiquisiexempiat‘iD-us

2386 5726 2658 5809 proxitnze
2685 5726 2750 5779 ad
2798 5726 3077 5809 {Aratorem
3119 5739 3361 5809 epistolte
3387 5726 3491 5809 qua
3520 5726 3984 5809 iliu'titmadﬁidwefl;

2384 5804 2753 5879 argumentum
2795 5799 3037 5879 hortatur
3058 5799 3246 5879 subjici
3276 5799 3420 5866 solet
3432 5828 3445 5864 :
3471 5827 3568 5870 nos
3589 5799 3985 5879 inter-caete};

2387 5865 2612 5923 Εηηοάίί
2641 5871 2901 5937 Poematia
2933 5865 3235 5942 τδίοοίιηίις,
3401 5865 3405 5866 ν
3757 5865 3999 5883 mw...
