4186 6252
290 347 375 398 ιιι
1343 337 1352 340 ’
1498 353 1972 409 [ριδτοιηιιιιιιι
2018 356 2142 409 LIB.
2182 354 2310 411 vni.

836 480 1113 532 ICI‘ISTOL
1132 485 1158 533 \
1196 481 1279 533 .\'l.

787 585 900 620 ΕΝΜ
925 585 1039 621 DIL'S
1082 587 1304 624 AIIATUM

339 658 502 710 Miror
531 673 628 710 cur
660 660 977 712 tleveuns'es
1021 665 1158 727 turpi
1208 665 1420 716 silentio
1448 666 1511 717 ad
1554 665 1848 718 Rmuanum

276 749 520 799 decorem
554 748 704 816 politi
733 749 784 800 itt
817 760 868 800 te
893 750 1024 803 bona
1057 753 1302 820 colloquii
1330 794 1344 817 ,
1375 763 1426 807 et
1448 766 1658 809 coactas
1684 758 1849 809 multo

278 836 466 888 sudore
505 837 721 889 divitias
771 837 976 904 fugiens
1018 841 1464 909 dispensationem
1496 847 1850 900 taciturnitate

277 941 576 977 consumas.
621 926 885 994 Quidquid
932 928 1105 998 dignis
1131 932 1380 986 collatum
1415 936 1603 1001 fuerit,
1638 937 1762 988 dum
1798 940 1846 990 iit

279 1029 365 1066 esu
393 1026 498 1077 est,
531 1024 689 1068 ornat
714 1026 985 1071 auctorem
1015 1036 1029 1074 :
1056 1020 1386 1089 ingeniorum
1417 1027 1736 1093 elegantiam
1759 1031 1846 1095 qui

276 1107 565 1170 concludit,
621 1119 910 1173 extenuat;
941 1128 1074 1165 unus
1124 1130 1278 1166 error
1306 1127 1407 1180 est,
1444 1120 1654 1184 produ'e
1695 1121 1847 1170 iusti-

276 1210 498 1259 cantem,
535 1208 587 1250 et
631 1199 844 1266 dignunt
879 1202 1050 1256 laudis
1080 1204 1280 1258 honore
1311 1207 1651 1263 delitescere.
1699 1210 1843 1262 Nun-

277 1288 387 1354 quid
424 1303 530 1341 non
561 1289 789 1343 habui-ti
818 1291 973 1359 digna
1017 1306 1313 1347 memoratu
1340 1339 1354 1359 ,
1388 1309 1477 1350 aut
1513 1314 1611 1365 ego
1644 1301 1735 1352 tibi
1769 1301 1843 1351 vi-

278 1395 360 1432 sus
391 1395 509 1433 sum
538 1397 642 1432 non
674 1383 933 1436 colendus
960 1385 1202 1452 eloquio?
1228 1385 1346 1439 Fuit
1368 1389 1651 1456 aliquando
1682 1400 1846 1444 mate-

279 1473 369 1532 ria,
418 1488 537 1537 (tute
566 1474 644 1526 sic
683 1476 924 1527 omnium
969 1476 1161 1544 linguis
1218 1487 1272 1531 et
1303 1480 1493 1532 litteris
1524 1483 1844 1534 celebranda

280 1561 364 1621 sit,
397 1560 609 1625 quando
652 1560 717 1613 ad
769 1563 1054 1628 nuptialem
1100 1567 1340 1632 copulam
1375 1568 1658 1634 perductus
1687 1570 1845 1623 homo

280 1656 376 1710 est,
405 1649 489 1700 cui
515 1665 636 1702 cum
670 1665 856 1716 magna
881 1654 947 1703 sit
975 1652 1058 1705 lux
1104 1654 1377 1718 natalium,
1407 1656 1727 1710 abundantia
1759 1658 1838 1710 fa-

278 1738 519 1789 eztltunm
546 1778 560 1800 ,
617 1740 900 1807 disciplina
931 1751 983 1794 et
1015 1743 1185 1808 pudor
1215 1753 1493 1814 utrumque
1523 1748 1844 1815 transgredi-

282 1828 397 1877 tur?
423 1829 510 1895 qui
540 1829 664 1882 vitia
686 1831 866 1882 carnis
893 1833 1284 1901 abjuraus,.pro
1309 1835 1674 1889 blandimento
1705 1840 1839 1906 turpi
1875 1836 1918 1894 Β

279 1917 552 1982 respuebat
599 1919 856 1986 q-tidquid
904 1921 1046 1988 leges
1092 1922 1288 1977 dedere
1321 1939 1415 1992 pro
1461 1925 1741 1978 remedio:
1787 1936 1844 1980 et

280 2006 452 2059 uolens
506 2009 684 2061 uxoris
739 2025 935 2077 corpus
981 2011 1236 2080 deputare
1279 2016 1529 2080 servitiis,
1563 2020 1841 2085 putavitse

279 2098 538 2161 addicere,
569 2101 612 2151 si
660 2103 945 2170 quidquam
994 2107 1192 2158 mundo
1242 2107 1575 2176 impenderet
1620 2111 1840 2164 liberam

283 2188 616 2240 castitatem?
646 2190 762 2243 Ηςιιε
792 2201 844 2245 ει
890 2195 933 2244 si
976 2209 1080 2246 non
1109 2194 1307 2263 diligis,
1338 2198 1503 2252 debes
1539 2210 1712 2252 tamen
1745 2203 1856 2267 pro

283 2280 474 2343 ingenii
526 2280 597 2331 tui
652 2284 1003 2338 ostentatione
1037 2285 1273 2341 laudare.
1310 2289 1599 2344 Possumus
1626 2293 1844 2346 credere

277 2381 326 2421 te
356 2371 548 2422 bonum
575 2371 719 2435 fieri,
754 2374 795 2426 si
842 2375 1119 2430 audiamus
1150 2395 1266 2445 qua:
1299 2381 1520 2435 honesta
1559 2394 1681 2436 sunt
1712 2399 1843 2452 prac-

273 2459 549 2512 οιίοςιηιειιι.
583 2461 734 2514 Nunc
778 2465 1002 2518 Salutem
1048 2466 1398 2534 largissimum
1439 2473 1642 2537 dicens,
1678 2482 1735 2527 ut
1766 2492 1844 2528 te-

355 2548 463 2600 iitas
483 2551 750 2605 admoneo
776 2569 787 2603 :
810 2563 861 2605 et
884 2570 986 2606 non
1006 2571 1089 2608 me
1106 2557 1172 2610 de
1194 2561 1414 2626 epistola
1439 2576 1554 2614 mea
1578 2564 1840 2626 testiutes;

271 2655 445 2706 qu-nl,
483 2640 620 2692 Deus
649 2642 804 2694 testis
841 2653 955 2708 est,
982 2645 1105 2698 dum
1143 2648 1209 2702 de
1241 2650 1458 2704 basilica
1501 2667 1797 2707 renearein
1823 2697 1836 2719 ,

272 2738 494 2780 transcn-
518 2729 668 2782 sione
692 2729 914 2788 dictavi.

815 2824 1142 2882 EPISTULA
1188 2830 1298 2883 ΧΙΙ.

821 2929 988 2968 ΕΝΝΟΙ)
1016 2932 1042 2969 U
1055 2946 1074 2968 θ
1115 2935 1299 2972 ι·ι.υιιο.

331 3002 441 3063 Qua
477 3008 528 3051 te
556 2999 766 3053 detinet
789 3018 891 3056 oue
920 3017 1148 3071 teneant,
1182 3024 1282 3074 qua
1306 3009 1575 3077 diligentia
1600 3013 1841 3078 comple-

275 3106 406 3153 ctar,
434 3108 499 3143 ex
527 3093 689 3144 animi
715 3095 788 3145 tui
823 3103 971 3161 potes
992 3098 1246 3164 qualitate
1273 3099 1541 3168 colligere.
1576 3100 1672 3153 Vix
1700 3102 1843 3154 enitn

267 3183 430 3231 amari
463 3184 763 3248 continget,
789 3184 887 3236 nisi
913 3201 1043 3253 quos
1075 3187 1356 3242 sinceriter
1386 3205 1566 3244 amare
1589 3192 1843 3244 COIISIilc-

271 3270 348 3320 rit.
398 3271 753 3340 Cutigreditur
782 3274 919 3327 inter
948 3291 1005 3328 se
1037 3277 1274 3331 cwlestis
1329 3281 1475 3345 vigor
1522 3283 1838 3344 :mimarum,

275 3371 326 3410 et
370 3362 533 3413 studia
573 3378 666 3416 sua
726 3365 888 3417 tuutis
937 3366 1032 3419 sibi
1085 3369 1265 3435 pandit
1302 3369 1547 3421 amtibus
1579 3389 1590 3420 :
1620 3379 1674 3422 ct
1723 3371 1842 3424 ideo

277 3451 679 3508 vicissitudinem
704 3456 834 3509 mihi
861 3458 989 3511 redtl
1028 3475 1082 3512 re
1106 3461 1362 3528 disponis.
1392 3463 1406 3492 ¹
1434 3461 1625 3516 Ιιιεέιθ
1645 3464 1843 3518 domm

273 3551 328 3592 ut
356 3543 708 3600 suburbanum
745 3548 898 3612 illud,
950 3553 992 3602 si
1037 3551 1303 3619 dignatur,
1353 3556 1474 3606 dato
1501 3573 1527 3605 a
1558 3572 1641 3609 me
1673 3560 1842 3624 pretio

269 3637 565 3702 comparari
591 3637 776 3704 jubeat
809 3654 818 3666 ·
853 3641 992 3707 quod
1019 3641 1144 3694 dum
1177 3643 1225 3695 in
1257 3643 1464 3710 Liguria
1506 3645 1680 3710 fuero,
1728 3648 1842 3700 fcli-

265 3723 393 3778 riter
419 3728 704 3789 habebam,
745 3739 801 3782 et
854 3739 973 3797 post
1020 3731 1221 3797 obitum
1268 3750 1442 3787 meum
1482 3736 1597 3803 ipse
1656 3737 1843 3806 suique

262 3816 591 3879 poSsideant.
622 3819 745 3871 Mihi
774 3830 946 3874 tamen
981 3833 1096 3890 post
1128 3824 1292 3877 Deum
1315 3864 1330 3888 ,
1365 3826 1686 3893 libertatem,
1718 3831 1844 3881 sub-

261 3909 513 3960 stantiam
545 3909 752 3962 videtur
783 3912 895 3979 ipse
935 3914 1201 3978 conferre,
1236 3919 1277 3968 si
1328 3916 1428 3969 hoc
1479 3918 1716 3974 beneﬁcii
1751 3935 1846 3987 per

265 3997 438 4062 ipsum
482 3997 636 4050 fuero
675 4013 1012 4056 consecutus.
1045 4003 1149 4057 Sed
1181 4004 1260 4057 sic
1302 4005 1404 4057 ﬁlia
1446 4015 1530 4057 tua
1562 4008 1732 4072 virat;
1767 4024 1792 4061 s
1814 4024 1843 4062 c

259 4092 319 4142 de
360 4089 453 4142 illa
498 4092 686 4158 quales
731 4102 884 4160 optas
915 4093 1050 4147 ﬁlius
1084 4105 1295 4160 teneas;
1327 4098 1403 4150 sic
1443 4096 1585 4151 Deus
1611 4101 1840 4153 animam

258 4197 406 4238 tuam
441 4188 644 4240 sanctis
686 4188 799 4240 suis
839 4190 936 4241 iaci
957 4201 994 4241 ιι
1021 4192 1284 4258 coarquari
1310 4233 1323 4252 ,
1349 4200 1400 4243 et
1427 4193 1588 4244 frater
1618 4204 1738 4246 tuus
1771 4194 1844 4245 vi-

260 4289 369 4338 vat,
403 4286 460 4328 ut
492 4278 709 4330 insistas
738 4279 1068 4345 suppliciter,
1101 4279 1432 4347 importune,
1473 4289 1734 4348 quatenus
1775 4283 1841 4334 ad

252 4370 509 4422 et‘I’ectum
538 4370 845 4438 petitionem
875 4387 1044 4424 meatu
1075 4373 1352 4440 perducas.
1390 4372 1604 4439 Cogitcs
1638 4373 1797 4425 Deum
1825 4415 1839 4437 ,

252 4463 467 4528 rogites
512 4464 862 4516 necessitates
911 4465 1243 4532 meas;quia
1276 4464 1405 4518 nihil
1446 4474 1528 4518 est
1580 4466 1718 4532 quod
1750 4482 1839 4531 po-

3426 364 3526 416 138

1873 470 2274 536 Αιιιιίςριιιὶηιιι
2332 477 2558 520 vestram
2613 478 2694 522 est
2750 480 2854 521 tnta
2913 468 3203 522 intentione
3255 471 3518 537 captivus.

1958 555 2094 622 Ergo
2125 572 2150 608 s
2189 558 2455 610 lutationis
2505 559 2961 612 honoriﬁcentiam
3004 560 3179 613 debita
3231 561 3524 616 humilitate

1954 648 2280 711 persolvens,
2312 649 2437 700 nihil
2465 649 2748 702 valetudini
2783 665 2912 702 mea:
2951 650 3018 704 de
3050 650 3257 704 itineris
3303 652 3485 704 confra
3501 669 3525 691 —'

1952 736 2126 788 ctione
2155 737 2329 789 indiCo
2359 738 2675 792 decessisse.
2711 741 2846 792 I‘Iccc
2866 756 2965 807 qua
2990 741 3400 794 sollicitudinem
3434 759 3523 796 vc-

1953 836 2118 879 stram
2162 828 2371 896 benigni
2415 829 2572 881 studii
2619 845 2746 883 cura
2795 847 3106 885 remunerer
3140 848 3153 884 :
3186 832 3342 886 facile
3382 835 3521 900 quod

1950 916 2204 984 scriptum
2252 929 2353 980 est.
2397 929 2610 986 accepta
2641 919 3003 983 restitncntes,
3035 921 3103 973 de
3152 923 3524 990 prosperitatis

1952 1015 2140 1055 vestrm
2173 1022 2256 1056 me
2283 1007 2669 1074 signiﬁcatione
2699 1010 2973 1075 gratulari.

2480 1094 2806 1151 EPISTULA
2853 1098 2987 1150 XIV.

2481 1199 2731 1237 ENNODIUS
2771 1201 2989 1238 I'AUSTO.

2019 1268 2272 1322 Tacerem
2306 1271 2572 1325 molestias
2613 1289 2776 1337 meas,
2822 1275 2919 1327 nisi
2962 1276 3340 1332 intellexissem
3384 1281 3522 1348 quod

1948 1359 2252 1412 sollicitudo
2281 1373 2454 1412 vestra
2483 1377 2566 1413 me
2594 1363 2855 1416 sublevat.
2880 1364 3008 1417 Nam
3031 1367 3157 1419 dum
3181 1372 3521 1436 cognoscitis,

1947 1465 2014 1514 qu
2036 1465 2101 1500 un
2134 1450 2293 1502 variis
2325 1451 2628 1504 morborum
2661 1452 2850 1521 fatigor
2873 1455 3244 1518 incommodis,
3278 1473 3371 1523 pro
3402 1475 3523 1525 pec-

1946 1538 2078 1588 catis
2118 1540 2248 1590 meis
2278 1538 2512 1592 febribus
2560 1540 2863 1609 frequenter
2893 1543 3134 1606 addetir,
3166 1556 3217 1597 et
3241 1546 3376 1598 vires
3406 1563 3524 1613 quas

1948 1630 2265 1684 videbantur
2296 1633 2578 1698 restitutae,
2630 1635 2967 1702 franguntur.
3004 1637 3142 1704 Ergo
3171 1652 3261 1690 vos
3291 1639 3522 1690 remedia

1947 1733 2195 1774 tonsueta
2221 1734 2492 1792 prtestate,
2516 1735 2571 1778 et
2595 1741 2746 1779 usum
2774 1727 2922 1779 illum
2949 1738 3146 1781 sancta:
3166 1729 3523 1782 conversatio-

1949 1814 2028 1864 nis
2060 1811 2346 1881 impendite
2373 1831 2384 1866 :
2414 1826 2470 1866 ut
2500 1816 2757 1884 quidquid
2789 1817 3050 1872 medicina
3081 1820 3383 1872 mortalium
3417 1834 3521 1872 noo

1946 1903 2104 1967 valet,
2140 1903 2269 1957 fusis
2297 1906 2361 1958 ad
2397 1906 2559 1959 Deum
2587 1918 2826 1962 nostrum
2857 1911 3100 1976 precibus
3131 1911 3447 1980 impetretis.

2474 1996 2805 2052 EPISTULA
2865 1999 2978 2052 XV.

2491 2102 2746 2142 ENNODIUS
2784 2104 2988 2144 EDASIO.

2017 2174 2151 2226 Ante
2200 2173 2622 2242 experimentum
2669 2179 2959 2232 amicorum
2993 2179 3124 2234 ﬁdes
3154 2182 3360 2236 occulta
3389 2193 3470 2236 est
3499 2200 3514 2236 ι

1946 2274 2224 2332 postquam
2252 2267 2302 2319 in
2327 2266 2496 2320 lucem
2524 2271 2860 2335 processerit,
2889 2286 3070 2324 eorum
3099 2275 3185 2341 qui
3211 2274 3408 2342 aliquid
3435 2291 3519 2329 sa-

1950 2355 2094 2421 poris
2126 2357 2426 2420 habuerint,
2455 2358 2554 2412 sibi
2586 2370 2790 2414 mentes
2826 2362 3042 2429 obligat.
3077 2363 3169 2416 Est
3201 2373 3376 2418 tamen
3416 2367 3517 2418 titi-

1948 2461 2047 2498 nus
2076 2445 2236 2499 libera
2283 2447 2536 2510 servitus,
2586 2465 2702 2514 qu;e
2747 2452 2888 2504 caris
2918 2451 3221 2506 exhibetur.
3251 2451 3531 2510 Confiteor

1949 2536 2295 2601 magnitudini
2335 2546 2476 2590 tuae:
2510 2539 2706 2593 latebat
2739 2556 2823 2594 me
2850 2552 2973 2595 ante
3003 2544 3312 2598 relationem
3347 2547 3519 2600 homio

1949 2627 2030 2680 nis
2061 2628 2162 2680 mei
2187 2669 2201 2691 ,
2231 2629 2354 2695 quid
2384 2629 2436 2682 in
2480 2631 2811 2685 sublimitate
2843 2643 2961 2696 tua,
3010 2643 3062 2687 et
3092 2636 3296 2703 saporis
3323 2647 3374 2690 et
3403 2654 3520 2705 gra-

1949 2723 2053 2784 tiae,
2086 2720 2182 2774 sub
2210 2721 2369 2775 uohili
2407 2721 2703 2778 humilitate
2731 2724 3070 2781 delitesceret
3104 2728 3301 2783 :didici
3341 2729 3522 2784 homi-

1951 2829 2091 2878 nem,
2119 2815 2204 2884 qui
2233 2831 2417 2869 canam
2447 2819 2496 2870 in
2530 2817 2631 2872 ﬁde
2654 2819 3054 2889 beatitudinem,
3081 2824 3204 2876 dum
3229 2826 3520 2880 amicorum

1949 2906 2239 2958 absentiam
2289 2906 2425 2961 bene
2475 2917 2681 2972 tractat,
2742 2922 3048 2980 exsuperat.
3107 2914 3263 2967 Plura
3306 2917 3520 2984 quidem

1947 3000 2229 3052 discedens
2275 3000 2596 3066 premiseras
2626 3018 2639 3052 :
2671 3003 2762 3054 sed
2815 3004 2878 3055 ad
2920 3004 3129 3070 genium
3182 3007 3521 3060 conscientia:

1949 3100 2050 3144 tute
2080 3092 2278 3154 majora
2312 3093 2620 3157 praestitisti.
2657 3093 2875 3147 Domine
2899 3096 2991 3158 ﬁli,
3025 3097 3358 3149 salutationis
3386 3099 3521 3150 effu-

1871 3197 1914 3254 ρ
1948 3179 2173 3232 sissima:
2201 3195 2395 3234 munus
2425 3182 2765 3249 impartiens,
2799 3199 2896 3251 ago
2924 3194 3080 3250 atque
3113 3188 3280 3239 habeo
3310 3188 3519 3240 insuffi-

1945 3271 2144 3325 t-ientes
2171 3271 2370 3339 gratias
2395 3273 2483 3326 "le
2523 3273 2604 3327 his
2652 3289 2771 3342 quae
2821 3276 2947 3328 ntihi
2986 3277 3035 3328 in
3067 3279 3236 3345 prima
3270 3279 3290 3308 ⁸
3322 3281 3520 3347 potitius

1946 3364 2118 3417 fronte
2138 3365 2328 3418 collata
2348 3376 2490 3418 sunt.
2513 3365 2661 3432 Quod
2691 3363 2878 3429 restat,
2913 3366 3175 3435 d.-prct'or
3214 3379 3270 3423 ιιι
3308 3372 3519 3424 residua

1947 3456 2031 3505 illa
2065 3455 2328 3521 mancipia
2383 3455 2549 3507 teneri
2593 3455 2703 3522 jam
2758 3455 2939 3510 facias.
2992 3457 3130 3511 Ecce
3176 3459 3421 3514 ﬁduciam
3453 3461 3521 3514 de

1948 3546 2099 3597 honis
2130 3543 2557 3613 prrecedentibus
2584 3545 2996 3600 descendentem
3032 3566 3042 3597 :
3073 3549 3161 3615 qtti
3193 3558 3316 3603 ante
3344 3550 3522 3618 ignoto

1947 3651 2129 3703 preces
2157 3635 2422 3690 metuebat
2449 3635 2672 3696 olferre,
2705 3636 2809 3703 iam
2855 3652 2958 3690 non
2990 3638 3197 3691 dubitat
3228 3638 3514 3708 imperare.

2474 3725 2804 3783 EPISTOLA
2849 3727 2987 3782 XVI.

2431 3832 2683 3872 ειιιιουιυε
2707 3818 2726 3848 ⁸
2751 3835 3020 3873 ιιΑιιιιΑιιιε.

2017 3910 2128 3963 Non
2151 3925 2249 3978 ego
2269 3911 2431 3964 debiti
2456 3910 2734 3964 immemor
2755 3911 2821 3964 ab
2847 3911 3038 3965 officiis
3063 3915 3388 3981 temperavi;
3423 3929 3521 3970 nec

1945 4003 2227 4054 constituta
2251 4001 2552 4069 deSpiciens
2577 4003 2942 4070 garrulitatem
2976 4020 3147 4060 meam
3182 4004 3248 4057 ab
3275 4007 3520 4074 obsequii

1945 4091 2271 4147 exhibitione
2296 4094 2571 4162 suspendi.
2619 4093 2724 4148 Sed
2755 4105 3034 4164 po~tquam
3063 4097 3130 4150 ab
3156 4098 3288 4152 urbe
3318 4113 3520 4167 regreso

1944 4198 2034 4234 sus
2061 4197 2198 4246 sum,
2247 4186 2502 4237 ccutinuo
2549 4199 2633 4237 me
2674 4189 2834 4238 varia:
2876 4187 3214 4254 aegritudines
3243 4225 3256 4251 ,
3288 4196 3341 4240 et
3368 4190 3522 4256 quid-

1945 4271 2068 4338 quid
2101 4272 2164 4324 ad
2206 4283 2429 4326 mortem
2477 4283 2653 4334 vocat,
2695 4278 2938 4328 arctavit.
2983 4276 3119 4330 Vere
3146 4279 3340 4331 damna
3380 4294 3517 4339 mea.

1946 4364 2022 4415 sic
2052 4363 2198 4414 vobis
2227 4365 2524 4429 vestrisque
2547 4363 2664 4414 lzcta
2692 4364 3021 4429 contingant,
3047 4365 3166 4431 quia
3191 4369 3256 4417 ad
3281 4368 3496 4422 testimo

1948 4436 2090 4502 nium
2122 4452 2323 4503 veteris
2353 4451 2592 4520 mysterii
2625 4451 2867 4503 Christus
2910 4461 3092 4505 noster
3117 4453 3310 4506 iterum
3337 4471 3520 4522 quam~

254 4553 427 4605 mnia
477 4551 681 4619 ipsius,
731 4553 871 4621 quod
921 4552 1142 4608 επεειηε
1171 4556 1308 4607 circa
1342 4570 1427 4608 me
1460 4555 1627 4621 majus
1681 4557 1846 4624 P055"
1874 4558 1925 4617 ι)
1951 4541 2028 4591 vis
2059 4548 2410 4606 peccatorem,
2441 4555 2538 4593 nec
2568 4549 2626 4593 ut
2652 4541 2797 4593 illuni
2829 4542 2920 4610 qni
2943 4541 3145 4595 amicus
3170 4544 3272 4596 dici
3303 4547 3519 4606 meruit,

257 4653 460 4708 praesta
471 4657 544 4696 re.

808 4713 1134 4768 FPISTULA
1179 4713 1309 4768 XIII.

559 4819 817 4857 ειειιουιυε
856 4821 1154 4859 Λυιιειιλιιιι
1194 4822 1550 4861 Ριιεειιιτειιο.

319 4891 680 4948 Aﬂectionem
707 4899 953 4958 mentior,
983 4900 1024 4950 si
1056 4900 1074 4926 ³
1107 4899 1379 4951 Vobiscum
1403 4897 1706 4964 digrediens
1734 4915 1837 4951 non

253 4986 526 5050 rennnsi,
561 4998 614 5039 et
662 4985 1043 5041 beatitudinem
1081 4999 1310 5043 vestram
1363 5007 1568 5044 merum
1599 4992 1840 5058 quamvis

255 5078 486 5127 locatam
523 5077 574 5128 in
604 5080 837 5130 statione
865 5119 877 5138 ,
921 5095 1024 5130 nou
1067 5080 1232 5133 detuli
1259 5097 1271 5130 :
1299 5093 1351 5134 et
1394 5084 1513 5150 quia
1550 5084 1756 5135 animus
1788 5083 1838 5136 in

255 5181 359 5232 nte,
396 5166 527 5218 utin
554 5182 584 5218 c
603 5187 614 5216 ι
636 5169 788 5231 teris,
825 5169 1115 5238 imperator
1144 5179 1227 5224 est
1256 5173 1496 5241 corporis
1519 5213 1533 5238 ,
1563 5173 1676 5240 ipse
1700 5174 1838 5227 circa

325 5302 337 5327 '
390 5297 582 5371 Insiste
625 5299 840 5371 domno]
900 5301 1096 5354 Fausto
1144 5301 1392 5368 pra-fectu
1453 5305 1700 5369 prmtnrio
1729 5321 1742 5357 :
1775 5306 1838 5358 ad

254 5384 414 5432 quem
440 5370 596 5435 epist.
627 5373 691 5421 i'J
722 5384 788 5420 tta
823 5370 1005 5422 scribit
1038 5387 1051 5422 :
1086 5372 1270 5438 Spero,
1297 5383 1347 5424 ut
1369 5374 1657 5440 petitionem
1680 5388 1841 5428 meant

255 5453 407 5497 quam
433 5455 518 5505 per
537 5440 882 5511 confirmatum
903 5457 1065 5492 meum
1089 5444 1301 5511 fratrem
1326 5441 1541 5494 Florum
1562 5445 1832 5510 destinavi,

256 5510 410 5559 solita
452 5510 757 5581 benignitate
787 5510 1094 5581 dignemini.
1120 5514 1231 5564 Nec
1282 5527 1404 5577 spes
1453 5513 1676 5567 fefellit:
1715 5531 1834 5566 nam

255 5580 509 5639 obtinuit,
542 5590 598 5630 ιιι
629 5580 1177 5646 ωινιιάιέιιιπεριειυιω
1207 5584 1266 5636 21
1298 5584 1438 5635 ιιι-23
1470 5583 1560 5636 ltb.
1599 5600 1669 5636 Ix.

333 5650 352 5722 ξ
404 5647 670 5722 Vobiscum
698 5652 997 5722 digrediens
1045 5652 1300 5722 rtMansiJ
1355 5653 1600 5706 Ituricins
1655 5656 1743 5706 lib.
1783 5671 1835 5716 ll,

259 5721 414 5779 θινὶ-ι.
441 5721 457 5771 f
487 5734 549 5793 ac
579 5721 611 5771 9
637 5735 650 5768 :
686 5718 823 5777 Nam
851 5730 1110 5793 postquam
1131 5740 1162 5774 a
1189 5718 1351 5775 vestra
1377 5728 1707 5793 germanitate
1729 5726 1836 5777 clis-

256 5793 407 5849 c-ssei,
450 5790 666 5839 divisum
712 5805 816 5842 esse
848 5806 922 5840 me
945 5789 1123 5857 sentio,
1152 5789 1440 5859 partemque
1472 5799 1564 5845 mei
1593 5801 1838 5847 ΓοΗδτιιιη

591 5902 594 5903 ⁷
637 5880 904 5951 Parma.
957 5879 1175 5938 LXIII.

1950 4631 2041 4684 sed
2076 4647 2261 4683 rursus
2309 4631 2518 4685 vocavit
2549 4633 2804 4686 Lazarum
2837 4634 2903 4686 de
2945 4634 3192 4701 sepulcro
3233 4635 3410 4703 (Joau.
3445 4651 3519 4694 ιι.

1950 4725 2060 4787 il).
2081 4723 2171 4775 Est
2193 4723 2312 4774 lat-ti
2345 4725 2518 4776 unitas
2550 4724 2601 4777 iu
2623 4725 2867 4778 distantia
2896 4741 3238 4792 personarum
3267 4739 3356 4781 :et
3385 4743 3522 4782 nunc

1949 4813 2171 4877 autpliur
2203 4813 2509 4879 magnitudo
2538 4815 2700 4866 divini
2740 4829 2870 4880 aper
2893 4829 2938 4878 s,
2963 4817 3084 4880 quia
3116 4816 3256 4882 quod
3293 4817 3380 4871 ille
3412 4835 3522 4872 nte-

1947 4905 2070 4968 ruit,
2120 4904 2245 4956 mihi
2278 4904 2442 4958 cessit
2469 4903 2723 4957 indebite.
2767 4905 2888 4957 ΙΙωο
2929 4919 3086 4957 causa
3116 4920 3202 4959 me
3242 4909 3310 4960 ab
3364 4909 3523 4962 officii

1951 4996 2371 5063 promulgatimte
2403 4994 2688 5048 revocavit.
2729 4994 3014 5063 Postquam
3045 5005 3221 5052 tamen
3268 4999 3333 5052 ad
3367 5004 3522 5056 vitam

1950 5086 2195 5137 reducitis
2217 5102 2354 5144 sum,
2380 5089 2635 5138 continuo
2659 5100 2741 5137 me
2763 5087 2825 5139 ad
2848 5087 3063 5141 servitia
3089 5088 3242 5142 vobis
3265 5093 3523 5144 solvenda

1948 5176 2186 5229 converti
2222 5193 2235 5227 :
2270 5191 2461 5244 rogans
2506 5174 2690 5238 Deum,
2735 5186 2793 5228 ut
2823 5191 2915 5229 vos
2948 5186 3260 5246 vestrosque
3291 5195 3523 5248 superno

1951 5307 2191 5359 resedisse
2221 5321 2482 5375 cognosco.
2543 5303 2651 5356 Nec
2693 5306 2981 5360 absentibus
3025 5309 3161 5360 vobis
3192 5311 3383 5378 integer
3421 5326 3523 5362 (εει

1950 5376 2072 5426 mihi
2089 5377 2258 5427 videor
2275 5393 2290 5428 ε
2310 5384 2352 5427 et
2371 5391 2482 5426 cum
2501 5390 2641 5427 mem
2659 5392 2734 5428 me
2750 5393 2848 5428 non
2876 5379 3145 5440 inveniam,
3160 5376 3397 5441 apud—vos
3446 5397 3522 5429 me

1947 5449 2012 5495 ad
2033 5461 2114 5495 ros
2137 5461 2358 5497 reversus
2376 5445 2573 5509 inquiro
2591 5463 2770 5515 :atqne
2792 5448 2974 5499 ibidem
3000 5441 3244 5515 ιιιιὰιιηιηι
3274 5447 3368 5498 mei
3391 5452 3524 5501 vobis

1948 5515 2230 5582 reliquisse,
2262 5523 2448 5582 tantum
2476 5517 2622 5567 vestri
2655 5533 2844 5567 mecum
2866 5517 3149 5578 abstulisse,
3178 5518 3449 5580 conspicio.

2019 5583 2038 5611 ³
2059 5581 2062 5582 ⁷
2084 5581 2316 5652 Potitus]
2341 5583 2494 5650 ωτι
2527 5587 2679 5652 liber,
2712 5590 2966 5651 potentiae,
3003 5587 3306 5638 BasilicnSIs
3336 5589 3522 5650 editio,

1950 5655 2199 5719 pi'critiar.

2025 5724 2039 5752 "
2086 5721 2354 5791 Barbarie}
2385 5722 2547 5792 Cujus
2575 5741 2691 5778 euut
2726 5725 2880 5777 laude
2911 5724 3107 5776 mentio
3137 5737 3223 5792 ep.
3256 5723 3321 5783 ‘19
3359 5727 3391 5780 Ι.
3431 5744 3520 5790 tu,

1953 5795 2015 5845 ad
2044 5809 2195 5862 quam
2230 5796 2416 5845 iterum
2455 5791 2646 5848 Scribe:
2671 5797 2824 5870 epist.
2861 5793 2946 5845 27.

2965 5881 3003 5942 5
