4186 6252
614 320 732 379 ’159

1741 319 2016 374 ῈΝΝΟΟῘΙ
2061 318 2359 374 EPISCOPI
2402 318 2773 377 TICINENSIS

3772 323 3875 376 “0

624 443 833 489 tueatur
878 433 1097 488 auxilio.
1131 432 1386 486 Promitto
1434 431 1561 484 mibi
1609 430 1766 484 etiam
1807 440 1860 483 ct
1909 429 2188 481 desideriis
2227 435 2270 489 Α
2302 441 2466 495 penso
2495 443 2512 478 :
2548 436 2721 481 tamen
2752 442 2871 495 pars
2902 429 2997 481 ista
3027 431 3110 481 cui
3143 430 3481 496 impenditur,
3514 430 3616 483 nisi
3662 444 3878 499 respuu-

624 526 758 580 meis
799 525 952 594 «quod
980 540 1099 579 eum
1132 523 1382 577 felicitate
1413 531 1590 577 vestra
1610 531 1665 575 et
1691 521 1905 589 gaudio,
1934 521 1998 574 ad
2029 519 2195 573 comi-

622 624 860 673 tatenses
882 616 1155 677 excubias,
1182 629 1302 683 qum
1332 613 1467 666 votis
1501 614 1635 667 meis
1665 612 1976 675 satisfaciat,
2024 612 2193 679 digni-
2224 616 2231 621 ‘

624 713 709 760 tas
749 705 937 772 adepta
980 720 1075 757 vos
1105 712 1309 758 evocet.
1355 702 1494 767 Noli,
1518 702 1738 763 dotnna,
1765 703 1888 755 huic
1920 712 1972 754 te
1998 700 2188 759 labori,

626 794 748 849 huic
777 794 925 849 oneri
946 794 1285 848 submovere.
1320 792 1543 847 Videam
1564 793 1700 845 bona
1728 792 1981 844 Romana:
2007 789 2191 843 civita-

624 886 692 940 tis
722 886 1034 954 previncim,
1083 895 1136 939 et
1165 902 1284 953 qua:
1316 885 1535 939 monitis
1565 886 1653 937 vix
1691 884 2066 947 instituuntur,
2096 897 2194 950 per

624 976 758 1029 bona
784 992 900 1044 qua:
932 976 1080 1029 vobis
1116 976 1253 1029 Deus
1279 977 1524 1043 contulit,
1571 976 1865 1027 formentur
1911 972 2189 1040 exemplis.

622 1067 770 1138 Rogo
793 1078 988 1135 tamen,
1014 1068 1310 1122 reverentia
1344 1067 1675 1121 salutatiOnis
1700 1066 1973 1129 exhibita,
2011 1074 2068 1117 ut
2096 1080 2194 1117 ex-

619 1158 1008 1225 spectatissimo
1032 1174 1116 1212 me
1147 1159 1390 1213 relevetis
1411 1159 1516 1211 allo
1536 1158 1643 1224 iuio
1674 1175 1687 1208 :
1722 1157 1816 1211 sed
1842 1171 1942 1210 nec
1963 1157 2190 1208 alterum

619 1248 819 1304 dictare
847 1250 1139 1318 patiamini,
1162 1266 1280 1320 qua:
1301 1250 1367 1304 ad
1394 1265 1479 1305 me
1503 1249 1752 1304 seribetis
1777 1266 1789 1299 :
1814 1249 1895 1302 sic
1921 1260 2190 1314 nunquam

620 1342 687 1395 ab
718 1343 1083 1409 impetratione
1109 1342 1281 1396 oratio
1312 1350 1487 1395 vestra
1518 1341 1766 1410 pellatur.

1132 1448 1468 1504 EPISTULA
1506 1450 1666 1503 XVII.

1069 1554 1321 1594 essemus
1348 1542 1363 1571 ι
1397 1556 1731 1595 smmum.

691 1630 865 1685 Credo
884 1645 978 1684 vos
998 1640 1053 1685 et
1074 1632 1377 1699 ignorantes
1399 1633 1534 1684 meis
1564 1630 1815 1699 periculis
1836 1630 2155 1685 subvenisse
2176 1648 2187 1681 :

621 1732 889 1791 autquare
901 1722 1163 1775 confidam
1187 1724 1392 1776 nescire
1416 1722 1724 1791 quidquam,
1756 1737 1889 1791 quos
1913 1737 2005 1790 per
2027 1722 2190 1775 Deum

2297 517 2453 581 derit,
2506 516 2574 568 ab
2605 517 2931 570 humanitate
2978 518 3293 585 sejungitur.
3354 519 3493 587 Ergo
3543 519 3877 573 salutationis

2294 607 2463 660 «ficia
2496 607 2760 675 prtefatus,
2802 608 2911 661 Deo
2940 608 3207 661 tribuente
3265 608 3441 661 indico
3489 624 3697 663 mecum
3748 624 3877 662 sau-

2294 707 2498 752 ctorum
2530 698 2794 767 suffragiis
2824 710 2876 753 et
2905 701 3098 753 vestris
3129 699 3379 768 precibus
3412 701 3519 769 jam
3551 702 3740 755 melius
3769 703 3873 771 agi,

2292 798 2345 841 ct
2372 788 2516 841 illam
2553 788 2945 857 desperationis
2992 800 3043 842 et
3095 790 3320 844 febrium
3353 792 3647 859 intepuisse
3676 794 3878 848 valetu-

2292 878 2493 932 dinem.
2525 876 2697 943 Nunc,
2720 877 2858 945 quod
2888 886 3076 942 restat,
3099 894 3258 948 spero
3284 890 3342 933 ut
3367 883 3678 949 petitionem
3703 900 3876 937 meam

2292 982 2451 1035 quam
2484 981 2577 1034 per
2603 967 2961 1019 confatnulum
2994 982 3168 1021 meum
3210 970 3422 1023 fratrem
3451 971 3670 1025 Florum
3700 972 3874 1026 deali-

2296 1061 2434 1121 navi,
2490 1058 2761 1126 suscipere
2809 1058 2963 1110 solita
3018 1059 3338 1127 benignitate
3391 1061 3680 1129 dignemini
3713 1078 3726 1113 :
3757 1065 3877 1126 qua

2289 1149 2393 1201 etsi
2428 1149 2551 1201 mihi
2580 1149 2643 1199 ad
2678 1162 2912 1215 praesens
2938 1163 3023 1202 res
3049 1149 3259 1203 videtur
3286 1166 3405 1205 esse
3430 1152 3753 1219 compendii,
3786 1168 3878 1203 νου

2297 1237 2374 1290 bis
2404 1239 2593 1303 quibus
2636 1236 2802 1305 magis
2849 1236 3019 1289 futura
3049 1238 3202 1292 cordi
3241 1248 3365 1293 sunt
3389 1281 3404 1303 ,
3441 1241 3644 1294 utilitas
3668 1255 3733 1294 ex
3780 1242 3879 1292 hac

2297 1339 2447 1396 parte
2476 1341 2682 1379 summa
2715 1327 3028 1395 respondet.

2843 1438 3174 1494 EPISTULA
3207 1440 3321 1494 XX.

2811 1543 3065 1583 ENNODIUS
3103 1546 3363 1587 AGNELLO.

2368 1615 2422 1671 Si
2450 1616 2687 1669 valerem
2714 1632 2940 1685 corpore
2971 1622 3217 1688 prosequi
3239 1662 3256 1685 ,
3286 1623 3468 1676 verbis
3505 1622 3825 1677 abstinerem
3859 1642 3874 1677 :

2301 1712 2356 1757 at
2379 1720 2498 1758 cum
2532 1705 2622 1758 illa
2656 1720 2741 1758 res
2770 1707 3058 1761 valetudini
3088 1709 3296 1776 deficit,
3328 1712 3424 1764 ista
3456 1714 3739 1767 succurrit.
3765 1717 3875 1770 Scit

619 1813 876 1881 contingit
922 1813 1169 1866 universa
1208 1814 1580 1882 praenoscere?
1613 1812 1897 1881 Postquam
1944 1813 2085 1865 enim
2128 1814 2195 1865 ah

2306 1806 2632 1850 secretorum
2694 1796 2985 1876 discussor,
3033 1814 3119 1853 me
3158 1808 3213 1853 et
3256 1802 3483 1855 divisum
3541 1805 3821 1869 praesentia
3850 1822 3877 1854 a

622 1906 755 1960 urbe
784 1905 939 1966 redii.
972 1914 1214 1974 reparata
1244 1918 1367 1961 sunt
1394 1907 1446 1960 in
1488 1922 1575 1962 me
1603 1906 1780 1961 divina
1823 1908 2074 1978 mysteria
2100 1925 2115 1961 :
2141 1922 2195 1963 et

621 1999 762 2068 quod
795 2012 1044 2055 senuerat
1067 1999 1413 2068 temporibus.
1446 2000 1675 2054 novellis
1702 2002 1989 2056 resurrexit
2013 2017 2192 2057 exem-

623 2088 743 2157 plis.
794 2089 988 2143 lterum
1028 2099 1247 2143 vocatus
1273 2099 1355 2163 est
1386 2089 1617 2143 Lazarus
1656 2090 1724 2145 de
1763 2092 2008 2160 sepulcro
2041 2110 2052 2144 :
2089 2108 2193 2146 non

621 2179 835 2248 quidem
868 2179 1009 2234 illius
1036 2195 1130 2248 par
1159 2179 1349 2234 merito
1382 2180 1470 2249 qui
1500 2181 1655 2234 amici
1688 2182 2057 2250 Redemptoris
2096 2200 2193 2237 no-

623 2283 743 2322 men
771 2272 1016 2335 emeruit,
1045 2268 1140 2323 sed
1183 2271 1234 2322 in
1263 2268 1575 2323 diversitate
1622 2280 1832 2324 actuum
1880 2273 2196 2325 uniuscon-

625 2359 768 2412 venit
798 2358 966 2413 forma
998 2359 1259 2428 mysterii.
1291 2358 1555 2412 Deductus
1581 2374 1675 2426 per
1696 2362 2037 2429 aegritudines
2060 2363 2195 2415 mul-

623 2446 831 2515 tiplices
856 2447 921 2500 ad
952 2448 1227 2516 sepulcra;
1261 2449 1353 2502 sed
1382 2450 1617 2503 caelestis
1644 2466 1771 2505 vot-e
1796 2463 2104 2513 revocatus.
2130 2456 2194 2506 ad

626 2534 741 2589 haec
763 2536 989 2604 primum
1011 2552 1129 2605 qua:
1150 2537 1298 2591 vobis
1314 2538 1595 2593 solvuntur
1618 2540 1792 2595 officia
1817 2556 1901 2595 me
1922 2545 2158 2597 converti
2181 2562 2193 2596 :

626 2625 853 2679 credens
883 2625 1095 2692 placere
1124 2625 1260 2691 Deo,
1296 2626 1339 2678 si
1371 2628 1669 2681 cultoribus
1697 2630 1811 2693 ejus
1844 2612 1936 2698 pér
1966 2633 2195 2700 linguam

626 2725 785 2781 quam
819 2714 931 2782 ipse
973 2713 1204 2768 reddidit
1248 2714 1485 2783 principe
1527 2716 1643 2770 loco
1668 2716 2019 2773 exhibeantttr
2040 2721 2197 2773 obse-

629 2802 771 2870 quia.
813 2803 961 2872 Ergo
982 2803 1281 2857 reverentia
1297 2804 1908 2874 salutationisimpensa,
1940 2807 2200 2876 deprecor

630 2903 687 2947 ut
710 2910 804 2964 pro
820 2911 926 2963 me,
956 2897 1093 2951 sicut
1110 2898 1517 2965 peposci,orare
1540 2899 1789 2953 attentius
1808 2903 2123 2968 procuretis,
2144 2915 2199 2955 ut

629 2996 725 3052 per
753 2985 999 3040 meritum
1026 2994 1262 3041 vestrum
1293 2988 1468 3040 divina
1489 2989 1771 3043 clementia
1796 2989 2042 3059 dignetur
2066 3006 2198 3045 cun-

630 3078 841 3134 lirmare
860 3079 1005 3149 quod
1029 3080 1209 3132 tribuit
1235 3097 1249 3131 :
1272 3088 1326 3134 et
1354 3080 1660 3150 frequenter
1684 3098 1769 3137 me
1794 3084 1876 3152 pia
1903 3085 2196 3140 litterarum

2302 1885 2450 1937 vobis
2492 1885 2682 1939 abesse
2731 1900 2839 1938 non
2874 1900 3048 1954 posse.
3087 1889 3314 1945 Proinde
3350 1892 3760 1947 sollicitudinem
3790 1911 3876 1945 ve.

2298 1983 2462 2027 stram
2496 1977 2684 2029 nuntio
2734 1992 2866 2030 mea:
2917 1980 3288 2046 prosperitatis
3333 1982 3513 2036 relevo
3540 2000 3553 2036 :
3580 1991 3638 2037 et
3665 1994 3877 2052 propter

2297 2066 2440 2135 quod
2458 2080 2772 2120 concessum
2795 2075 2875 2119 est
2899 2068 3187 2134 epistolare
3206 2071 3611 2137 commercium,
3638 2084 3878 2127 vestrum

2297 2157 2535 2225 requiro,
2573 2156 2837 2222 indicans,
2861 2156 3067 2211 honore
3092 2158 3432 2213 salutationis
3456 2163 3718 2227 impenso,
3739 2177 3878 2229 pne-

2298 2261 2419 2300 rum
2448 2261 2533 2299 me
2562 2246 2627 2298 ad
2658 2245 3052 2313 suscipiendum
3100 2246 3364 2301 caballum
3412 2250 3696 2303 direxisse.
3730 2250 3874 2303 Tan-

2298 2342 2410 2387 tum
2463 2344 2543 2388 est
2578 2343 2633 2387 nt
2664 2335 2823 2387 talem
2854 2333 3108 2399 mittatis,
3141 2350 3297 2404 quem
3336 2346 3389 2391 et
3419 2353 3513 2391 vos
3539 2338 3751 2392 dedisse
3778 2339 3875 2391 cla-

2300 2433 2443 2482 reat.
2472 2432 2526 2478 et
2552 2438 2651 2492 ego
2681 2438 2774 2492 pro
2811 2423 3031 2476 honoris
3055 2438 3264 2477 summa
3295 2440 3380 2480 me
3408 2426 3666 2495 gaudeam
3694 2441 3877 2480 susce-

2306 2515 2469 2583 pisse.

2835 2601 3158 2657 EPISTOIA
3205 2604 3324 2657 XXI

2846 2728 3105 2766 [NNODIUS
3146 2729 3337 2767 BEATO.

2386 2831 2406 2860 ³
2443 2828 2496 2883 Si
2550 2840 2758 2895 possem
2808 2824 3091 2878 scribendo
3140 2824 3321 2879 delere
3373 2824 3614 2894 paginam
3670 2840 3877 2887 meam,

2303 2917 2585 2982 multiplici
2634 2918 2735 2968 hoc
2786 2914 2961 2969 facere
3005 2915 3299 2969 intentione
3358 2929 3720 2982 procurarem.
3778 2916 3888 2969 Sed

2299 3010 2420 3078 quia
2454 3024 2556 3060 nou
2586 3015 2668 3060 est
2693 3005 2772 3059 fas
2801 3004 3066 3058 hominem
3095 3020 3198 3058 non
3222 3020 3435 3067 errare;
3462 3020 3571 3076 ego
3592 3007 3678 3059 ille
3699 3021 3889 3067 canus,

2306 3102 2399 3156 sed
2432 3109 2582 3168 pater
2615 3112 2757 3159 tuus,
2790 3114 2859 3150 ne
2890 3112 3124 3163 unquam
3154 3097 3346 3165 prioris
3376 3098 3620 3164 epistola:
3657 3112 3788 3150 mea:
3814 3099 3891 3149 sis

630 3178 923 3225 vestrarum
953 3170 1374 3239 promulgatione
1394 3172 1703 3226 sublevetis.
1736 3173 1887 3242 Rogo
1911 3185 1966 3229 ut
2000 3177 2201 3229 nullum
2231 3158 2276 3219 (ἶ
2310 3158 2535 3252 [ηρηὲοτν
2568 3203 2823 3255 “meo,
2858 3188 2945 3241 Sic
2969 3158 3019 3240 re
3046 3158 3197 3254 μιέιι
3234 3198 3288 3241 ει
3326 3158 3492 3255 pati-ia
3522 3188 3680 3241 ralem
3700 3228 3713 3250 ν
3760 3202 3894 3254 qua-

631 3260 793 3314 Ilium
819 3260 1021 3312 dictare
1050 3258 1236 3324 facias,
1289 3275 1384 3328 per
1413 3262 1593 3315 damni
1641 3265 1835 3317 Asterii
1889 3267 2119 3320 animam
2151 3277 2206 3319 ιιι

632 3348 1013 3416 professionem
1043 3357 1207 3399 tuam.
1241 3349 1328 3400 Sic
1358 3350 1405 3400 ei
1453 3350 1596 3403 nitor
1639 3365 1798 3418 quem
1836 3364 2011 3421 optas,
2042 3367 2207 3423 usque

634 3442 700 3499 ad
728 3441 1207 3496 consummationis
1235 3449 1440 3510 tempus
1469 3444 1699 3498 assistat.

1148 3531 1477 3586 hPiSTULA
1518 3533 1678 3588 XVIII

1160 3641 1413 3680 l-LNNODIUS
1451 3642 1669 3681 FACSTU.

699 3719 887 3787 Coegit
910 3733 994 3772 me
1015 3716 1081 3771 ad
1106 3716 1282 3771 studia
1305 3732 1427 3770 mea
1446 3719 1673 3787 portitor
1698 3718 2035 3788 prmsentium
2065 3721 2205 3777 litte-

632 3816 916 3877 rarutn,,et
961 3807 1098 3876 quod
1150 3806 1414 3871 volebant,
1451 3822 1618 3877 prope
1648 3810 1979 3876 importunus
2007 3815 2201 3880 exegit,

631 3901 721 3956 Sic
745 3899 969 3955 contulit
995 3897 1332 3962 beneﬁcium,
1357 3899 1445 3966 qui
1475 3899 1742 3964 exigebat.
1777 3898 1884 3954 lsw
1911 3901 1960 3953 in
1993 3914 2205 3970 negato

632 4006 728 4045 suo
754 3991 1037 4060 probatum
1064 3988 1262 4042 mundo
1290 3988 1724 4056 justitiaz‘vestrzn
1747 3993 1915 4059 poscit
1939 4007 2162 4047 examen
2186 4012 2201 4047 :

631 4094 731 4134 nec
756 4080 833 4133 ab
852 4079 1030 4148 aliquo
1050 4079 1330 4132 veritatem
1355 4093 1533 4132 causa:
1558 4094 1673 4134 sua:
1700 4081 1930 4135 discerni
1954 4083 2201 4143 testimat,

576 4192 579 4197 π
632 4173 678 4227 si
703 4173 947 4226 cessetis.
981 4172 1083 4225 Pro
1114 4171 1214 4224 hoc
1244 4181 1492 4240 precator
1519 4174 1737 4240 accedo,
1770 4186 1827 4228 ut
1857 4175 1983 4228 dum
2006 4177 2205 4231 adestis

633 4261 899 4316 mandatis
918 4260 1226 4315 ctelestibus
1250 4269 1304 4314 et
1331 4263 1609 4317 veritatem
1635 4272 1742 4318 tota
1768 4265 2061 4321 intentione
2088 4282 2206 4335 pcr-

631 4351 865 4419 quiritis,
909 4349 1088 4403 afﬂicti
1136 4349 1367 4403 hominis
1412 4354 1820 4407 necessitatibus
1863 4360 2203 4411 succurratis.

631 4443 800 4510 Spero
823 4439 1006 4504 etiam,
1028 4440 1365 4494 salutationis
1392 4440 1574 4497 officio
1602 4444 1869 4512 impenso,
1914 4457 1970 4500 ut
2010 4449 2205 4502 indicio

2314 3282 2419 3336 lem
2450 3295 2546 3349 per
2572 3280 2806 3345 singulos
2837 3278 2951 3331 dies
2999 3278 3248 3330 omnibus
3298 3287 3587 3346 protestor,
3632 3277 3887 3345 excipiat.

2309 3374 2509 3429 Alienis
2539 3372 2751 3439 scriptis
2793 3370 3020 3433 credidi,
3051 3378 3111 3423 ut
3136 3370 3259 3439 styli
3306 3372 3409 3422 mei
3468 3372 3766 3436 importuna
3810 3368 3894 3421 fe-

2307 3464 2591 3517 stinatione
2620 3462 2944 3516 morderem.
2980 3460 3059 3513 'I'u
3093 3461 3296 3514 feceras
3327 3458 3466 3527 quod
3508 3460 3752 3526 sapiens;
3797 3459 3893 3523 qui

2306 3556 2405 3609 soli
2435 3553 2633 3606 domno
2666 3552 2860 3612 Probo,
2887 3560 2912 3587 ιι
2942 3562 3112 3604 artem
3146 3561 3299 3603 teneo
3328 3551 3341 3602 i
3372 3553 3511 3602 inter
3537 3550 3741 3607 doctos,
3775 3563 3894 3599 vet-

2309 3661 2399 3699 sus
2432 3658 2579 3697 meos
2607 3642 2915 3709 releget-as:
2947 3641 3086 3709 quod
3118 3641 3293 3697 facere
3325 3642 3522 3696 decuit.
3556 3641 3664 3709 Ego
3692 3639 3896 3706 impr-re

2309 3744 2487 3799 tnnus,
2516 3733 2604 3804 qui
2637 3733 2788 3789 alteri
2840 3736 3060 3788 credere
3108 3749 3213 3786 non
3258 3733 3581 3794 debuissem,
3630 3738 3892 3798 quantum

2307 3829 2487 3893 video,
2520 3825 2714 3880 frustra
2763 3834 3062 3879 commotus
3110 3829 3246 3879 sum.
3292 3824 3438 3878 Vade
3465 3839 3592 3893 ergo
3620 3822 3685 3875 ad
3731 3822 3894 3875 dom-

2308 3934 2431 3971 uum
2479 3918 2704 3970 Probum
2744 3916 2844 3986 (sic
2895 3931 3043 3984 pater
3083 3925 3202 3969 tuus
3250 3916 3423 3969 vivat:
3455 3916 3533 3969 sic
3580 3928 3687 3975 me,
3729 3928 3895 3981 quem

2307 4021 2519 4074 semper
2546 4007 2758 4070 amasti,
2791 4008 3057 4059 viventem
3081 4006 3290 4071 audias,
3309 4007 3429 4073 quia
3458 4005 3555 4058 ista
3582 4018 3718 4073 pene
3746 4017 3895 4055 mor-

2308 4107 2429 4151 tttus
2458 4098 2676 4165 dictavi)
2703 4106 2758 4150 et
2783 4098 3024 4150 osculare
3056 4096 3128 4149 illi
3155 4111 3325 4163 genua
3357 4110 3451 4164 pro
3476 4110 3590 4158 me,
3617 4103 3671 4149 et
3700 4094 3785 4147 die
3808 4094 3893 4145 illi

2307 4189 2374 4241 tle
2408 4198 2644 4241 extremo
2689 4202 2868 4252 versu,
2916 4186 3271 4240 Terentianus
3314 4200 3398 4240 me
3444 4184 3652 4239 induxit
3697 4184 3751 4236 in
3798 4182 3903 4237 illo

2308 4277 2554 4344 exemplo
2568 4319 2581 4337 ,

2431 4390 2510 4437 Sic
2536 4389 2658 4436 fatur
2680 4388 2961 4451 lacrymans,
2986 4389 3222 4450 classique
3256 4388 3470 4498 i%niit3t
3494 4389 3730 4496 habtinas.

3333 4462 3407 4498 ne:
3451 4485 3485 4498 ..
3512 4464 3574 4498 vt.
3630 4483 3643 4495 .

3333 4462 3485 4508 "£111.,
3512 4464 3574 4502 vt.
3602 4462 3643 4496 1.

635 4548 719 4587 me
748 4529 1115 4601 prosperitatis
1141 4539 1355 4594 vestrae,
1388 4546 1492 4584 non
1523 4533 1778 4600 neglectis
1807 4550 1928 4604 quae
1951 4537 2199 4607 frequen-

2313 4554 2504 4606 Omnia
2535 4561 2709 4605 tamen
2741 4567 2859 4619 quas
2890 4552 3101 4606 fuerunt
3122 4552 3282 4621 digna
3307 4552 3669 4614 correctione,
3697 4551 3864 4616 ιπετὶ
3885 4578 3905 4591 ο

637 4636 717 4679 ter
747 4640 812 4680 se
835 4626 1083 4693 ingerunt
1106 4622 1495 4685 occasionibus,
1524 4625 1836 4680 sublevetis.

1168 4710 1495 4765 EPISTOLA
1535 4712 1675 4766 XIX.

1172 4816 1424 4856 ENNODIUS
1456 4816 1675 4857 FAUSTO.

708 4894 961 4962 Quamvis
987 4894 1158 4949 omnis
1180 4894 1475 4961 frequentia
1504 4895 1798 4951 litterarum
1826 4898 2073 4954 videatur
2092 4916 2212 4956 rara

649 4988 895 5048 sollicitis
932 5000 1032 5040 nec
1082 4985 1311 5039 sufﬁciat
1349 4986 1686 5053 providentia
1728 5002 1826 5057 pro
1868 4991 2062 5057 pietate
2090 5009 2209 5044 stis-

716 5125 734 5155 ι
779 5118 1102 5194 ειρρῂαῃῑω]
1132 5118 1298 5194 _Su_pra
1330 5119 1422 5174 lib.
1452 5139 1542 5194 vn
1565 5164 1579 5185 ,
1612 5125 1767 5194 epist.
1795 5126 1886 5191 29,
1917 5144 2073 5185 soror
2101 5144 2217 5187 erat

642 5192 821 5249 Fausti
850 5189 1103 5264 praefecti.
1122 5189 1249 5264 ΔΙιίὺέ
1282 5204 1354 5252 tx,
1376 5193 1532 5264 epist.
1560 5189 2038 5264 l8,'Asterii'-txnr,
2070 5212 2125 5254 ut
2148 5204 2211 5256 ad

642 5264 846 5320 calcem
862 5260 1104 5332 epistola:
1122 5260 1343 5332 innuero
1361 5262 1567 5317 videtur
1592 5281 1604 5317 :
1631 5280 1691 5319 ac
1717 5266 1937 5332 proinde
1961 5260 2211 5326 blai'ciani

642 5346 848 5407 mate_r_;
875 5327 998 5400 quia
1024 5327 1216 5407 Asterii
1246 5327 1729 5407 liliusﬂSIarcianus,‘
1761 5336 1851 5391 lib.
1884 5354 1937 5404 v,
1967 5345 2123 5407 epist.
2154 5346 2210 5395 2,

712 5403 821 5477 ’_Si
853 5396 1346 5477 possem-delerelln
1374 5401 1620 5477 liynegite
1645 5396 1936 5473 epitaphio,
1959 5396 2099 5477 quod
2123 5428 2212 5464 suo

642 5470 859 5543 periure
883 5472 1016 5525 libro
1042 5470 1200 5539 epist.
1229 5470 1299 5519 ‘29
1338 5470 1586 5543 vidimus,
1620 5470 1842 5541 primam
1879 5470 1929 5531 in
1963 5470 2209 5535 inoo.“

642 5541 901 5612 Syllabam
939 5550 1392 5612 ειιτθιιιιιινρνειι
1410 5541 1739 5610 corripuerat
1773 5546 2068 5603 Ennudius.
2104 5553 2210 5604 llae

643 5608 712 5666 de
733 5630 790 5665 re
809 5611 1110 5665 admonitus
1130 5626 1158 5683 ει
1189 5608 1359 5683 Probo
1381 5608 1591 5683 Beatus,
1609 5627 1728 5667 cum
1751 5618 1870 5670 aliis
1900 5619 2207 5683 indicasset,

644 5685 895 5750 adaures
938 5682 1175 5750 pervenit
1224 5678 1447 5733 Euttodii
1479 5698 1489 5732 :
1524 5682 1610 5750 qui
1661 5685 1988 5749 Terentiam,
2027 5702 2080 5740 ut
2109 5678 2208 5741 sibi

645 5748 941 5817 videbatur,
969 5749 1286 5825 auctoritate
1328 5750 1507 5822 nixus,
1534 5748 1653 5809 eum
1683 5755 1819 5809 tutlla
1866 5758 1917 5810 in
1958 5770 2023 5829 ea
2057 5774 2213 5813 versu

2317 4642 2412 4694 dit.
2458 4641 2668 4705 Saluto,
2715 4656 2898 4694 amore
2928 4656 3032 4709 quo
3062 4642 3251 4693 debeo.
3302 4640 3357 4693 Si
3406 4655 3648 4704 evasero,
3708 4652 3909 4691 versus

2317 4730 2461 4797 ipsus
2492 4729 2740 4789 emendo.
2767 4739 2822 4783 et
2849 4731 2923 4783 sic
2948 4730 3138 4798 dirigo.
3185 4728 3315 4782 Nam
3364 4730 3569 4782 litteras
3617 4738 3731 4780 tuas
3760 4743 3913 4796 quas

2319 4836 2413 4889 per
2439 4820 2692 4873 infantem
2719 4820 2972 4873 Rufinum
2998 4820 3262 4885 direxisti,
3285 4819 3425 4873 Iulio
3446 4834 3628 4873 mense
3657 4821 3910 4885 suscepi.

2322 4912 2471 4966 Unde
2502 4927 2585 4966 me
2611 4915 2833 4983 contigit
2862 4914 3069 4967 nescire
3097 4914 3237 4983 quod
3261 4923 3435 4968 actum
3464 4912 3667 4976 funerat,
3697 4921 3753 4965 ut
3777 4914 3901 4967 tali-

2319 5012 2401 5057 ter
2433 5000 2692 5057 mevercr.

2320 5140 2529 5207 culpam
2547 5138 3165 5207 pntaret,objurg.utorias
3183 5139 3247 5190 ad
3270 5140 3484 5192 Beatum
3506 5140 3710 5192 litteras
3725 5137 3915 5191 dedit.

2324 5209 2472 5262 Nunc
2496 5219 2675 5274 agnito
2704 5226 2889 5262 errore
2915 5211 3129 5261 Beatum
3161 5225 3191 5262 e
3229 5220 3401 5270 eusat,
3437 5209 3750 5276 prioresque
3776 5208 3919 5262 illas

2329 5281 2532 5333 litteras
2556 5279 2761 5332 deletas
2785 5280 2949 5346 rupit.
2997 5280 3067 5330 Ea
3098 5289 3175 5331 est
3202 5281 3424 5346 epistula
3466 5279 3535 5332 29
3565 5278 3721 5343 hujus
3755 5280 3918 5332 ltliri.

2326 5352 2505 5415 Quare
2531 5348 2699 5407 ethic
2731 5359 3087 5416 pt'mpustcrus
3125 5359 3211 5402 est
3254 5349 3409 5413 ordo,
3439 5359 3496 5401 ut
3524 5349 3592 5402 de
3625 5350 3744 5401 aliis
3770 5359 3921 5403 ante

2330 5434 2654 5473 monuimus.

2395 5496 2420 5523 ι
2454 5490 2622 5539 Artem
2653 5488 2835 5539 tenenti
2874 5487 3003 5540 inter
3031 5486 3222 5557 doctos]
3272 5489 3397 5555 Leg.
3449 5503 3617 5541 arcem
3659 5488 3917 5542 tenentis.

2321 5554 2463 5610 idem
2503 5556 2772 5617 Erinodins
2803 5558 3062 5612 Parmnesi
3087 5561 3154 5611 ad
3190 5554 3406 5613 Beatum
3434 5567 3488 5614 et
3513 5558 3865 5613 Ambrosium
3898 5577 3914 5611 :

2327 5624 2461 5696 Ergo
2481 5626 2547 5677 ad
2571 5627 2956 5696 disciplinarum
2980 5644 3146 5680 arrem
3170 5638 3510 5696 prriprmntt's.
3541 5629 3773 5690 Bsn'rtt.,
3800 5628 3926 5680 Ad.

2321 5694 2509 5748 νει-ξαν.
2544 5710 2660 5765 pag.
2694 5694 2816 5748 975.
3172 5694 3175 5695 ⁷
3246 5728 3251 5731 -
