4186 6252
299 324 388 375 HI
1497 324 1968 380 EPISTOLARUII
2010 328 2135 383 LIB.
2183 330 2313 382 \‘lll.

817 450 1143 505 EPISTULA
1186 450 1347 504 XXII.

854 555 1102 593 Εκκοιιιυε
1128 556 1313 593 ηοιο.

362 634 457 701 Qui
479 632 673 701 justins
698 633 1065 699 prosperitatis
1094 648 1225 686 me:e
1244 634 1744 701 cognoscitindicis,
1769 638 1870 690 nisi

292 726 377 793 qui
410 723 695 777 sinceriter
733 733 787 776 et
829 723 1192 777 indesinenter
1226 725 1451 793 optavit,
1492 739 1590 778 nec
1624 730 1872 780 convenit

292 816 440 883 prius
457 814 685 867 alterum
712 813 975 867 desideria
991 815 1161 868 aliena
1184 816 1534 882 cognoscere?
1551 815 1689 884 Ergo
1706 819 1873 870 servi-

294 905 366 956 tio
391 903 731 956 salutationis
761 902 1021 967 exhibito,
1044 901 1218 955 indico
1235 918 1339 965 me,
1357 902 1561 957 coelesti
1591 905 1867 969 beneficio,

295 1004 575 1063 postquam
604 994 833 1047 cessavit
850 992 1077 1047 humana
1099 995 1324 1057 curatio,
1346 1010 1467 1048 mox
1487 1006 1728 1049 sanatum
1755 1013 1767 1049 :
1799 1014 1876 1050 re-

295 1088 504 1140 vocavit
520 1086 584 1138 ad
600 1100 746 1153 spem
762 1084 1129 1153 prosperitatis
1143 1100 1229 1138 res
1248 1086 1480 1153 illa,quia
1499 1088 1689 1141 medici
1709 1088 1875 1141 desti-

294 1186 498 1230 terunt.
532 1176 682 1230 Nunc
712 1176 903 1246 gaudia
929 1186 1103 1230 vestra
1121 1218 1135 1240 ,
1178 1177 1316 1230 sicut
1343 1176 1409 1229 de
1427 1194 1511 1230 me
1532 1179 1757 1239 :rstimo,
1788 1194 1879 1232 co-

294 1278 637 1338 gnoscentes,
668 1284 875 1322 mecum
902 1268 1143 1322 laudibus
1189 1270 1569 1338 prosequimini
1618 1272 1748 1324 lauti
1789 1271 1880 1326 be-

299 1359 476 1413 neﬁcii
529 1358 836 1427 largitorem
872 1376 883 1410 :
913 1368 973 1431 et
1013 1359 1055 1412 si
1104 1359 1280 1413 adhuc
1330 1375 1425 1413 vos
1476 1362 1681 1429 longior
1732 1378 1877 1416 mora

294 1450 525 1515 detinet,
555 1463 715 1515 quam
748 1450 885 1502 bene
913 1449 1154 1511 valeatis,
1184 1449 1375 1504 litteris
1406 1451 1665 1505 intimate.

813 1544 1141 1600 EPISTOLA
1185 1546 1366 1601 XXIII.

847 1650 1101 1689 EXNOOIUS
1132 1652 1316 1690 FLORO.

374 1724 693 1791 Spectabilis
728 1724 811 1776 vir
842 1724 1189 1779 Eleutlterins
1234 1729 1283 1779 in
1330 1730 1542 1797 negotio
1571 1744 1665 1783 sun
1689 1772 1705 1791 ,
1738 1731 1876 1797 quod

305 1831 335 1867 a
358 1818 549 1868 domno
575 1816 829 1881 prmfecto
850 1815 1167 1869 audiendum
1198 1818 1435 1871 \‘icarius
1460 1832 1787 1887 susceperat,
1812 1822 1875 1872 ad
1915 1798 1954 1854 Β

303 1907 704 1975 amplitudinem
736 1918 967 1960 vestram
1004 1922 1032 1959 a
1079 1923 1163 1960 tne
1199 1910 1658 1963 commendatitias
1698 1926 1879 1979 spera-

307 1997 379 2048 vit
407 2013 419 2047 :
448 1996 693 2059 credens,
723 1996 865 2049 salva
886 1995 1112 2064 justitia,
1136 2011 1291 2064 opem
1308 1998 1409 2051 sibi
1438 1998 1697 2067 integram
1723 2015 1878 2066 posse

305 2098 616 2155 suppetere,
640 2090 681 2139 si
704 2087 836 2140 meis
862 2088 997 2155 apud
1022 2102 1117 2140 vos
1142 2088 1411 2153 iuvaretur
1430 2089 1697 2157 alloquiis.
1730 2090 1878 2158 llogo

313 2194 442 2247 ergo
467 2177 667 2232 honore
692 2178 1022 2233 salutationis
1049 2179 1307 2239 exhibito.
1334 2189 1389 2232 ut
1418 2180 1465 2233 ei
1485 2223 1499 2244 ,
1530 2182 1572 2234 si
1606 2172 1728 2235 vere
1752 2196 1879 2235 con-

317 2279 394 2322 ira
422 2269 722 2337 aequitatem
753 2269 971 2334 laborat,
1001 2284 1214 2322 manum
1247 2269 1505 2323 medicam
1555 2273 1832 2337 porrigatis
1864 2289 1876 2323 :

307 2365 429 2425 qn‘a
463 2360 614 2413 nefas
642 2371 741 2423 est,
773 2370 829 2415 ut
859 2362 908 2413 in
934 2361 1242 2429 prtcjudicio
1258 2361 1409 2414 bona
1434 2376 1606 2415 causa:
1631 2363 1880 2429 prodesse

305 2452 407 2505 sibi
435 2450 702 2505 calliditas
729 2452 925 2513 videat,
954 2452 1095 2518 quod
1129 2452 1363 2505 molitur.

820 2540 1147 2595 EPISTULA
1188 2540 1377 2595 XXIV.

837 2647 1090 2686 ENNODIUS
1131 2647 1346 2686 ΡΑυδτο.

375 2724 540 2777 Usum
572 2738 728 2777 suum
760 2723 1060 2793 benignitas
1105 2734 1279 2779 vestra
1329 2738 1490 2791 supra
1527 2723 1770 2778 homines
1799 2725 1880 2779 lo-

304 2826 426 2867 cata
457 2816 704 2869 custod-t.
753 2816 891 2870 Vere
932 2817 1189 2870 medicina
1233 2826 1317 2871 est
1360 2831 1484 2869 cura
1516 2817 1879 2879 sanctissimi;

305 2919 433 2957 nam
485 2906 798 2959 venerabilis
841 2907 1165 2961 conscientia
1233 2910 1340 2959 Deo
1390 2920 1601 2974 semper
1647 2908 1883 2961 insinuat

302 2994 447 3060 quod
477 2997 715 3064 requirit.
741 2998 1002 3066 Digressis
1024 2999 1198 3060 vobis,
1232 2999 1405 3050 acrior
1436 3014 1519 3051 me
1544 2999 1690 3053 calor
1718 3016 1877 3053 exus-

301 3089 395 3153 sit,
429 3097 483 3141 et
508 3090 572 3140 ad
594 3103 807 3143 omnem
837 3090 1259 3157 desperationem
1292 3090 1881 3161 praecipitantcdiabolo

304 3179 420 3232 vela
448 3190 748 3248 patuerunt.
772 3180 927 3235 Venit
955 3182 1018 3235 ad
1049 3196 1133 3236 me
1157 3182 1415 3246 medicus,
1439 3194 1493 3237 et
1514 3182 1647 3236 dixit
1666 3198 1723 3237 se
1741 3184 1879 3251 quod

310 3270 506 3324 faceret
535 3288 640 3324 non
690 3272 911 3327 habere.
942 3274 1077 3327 llinc
1124 3275 1250 3329 mihi
1284 3277 1454 3343 major
1494 3292 1636 3343 spes,
1669 3277 1882 3344 quando

316 3363 475 3411 homo
502 3364 812 3416 cessaverit.
837 3365 1099 3417 Continuo
1131 3381 1215 3419 me
1245 3380 1366 3419 cum
1397 3366 1645 3435 lacrymis
1677 3366 1740 3417 ad
1773 3380 1882 3419 ca:-

320 3452 468 3504 lestis
504 3454 681 3507 medici
735 3454 931 3508 auxilia
983 3457 1255 3517 converti;
1302 3457 1603 3510 et‘dotnni
1653 3456 1883 3509 Victoris

316 3541 439 3593 oleo
481 3550 633 3594 totum
673 3558 889 3612 corpus,
936 3545 1076 3612 quod
1110 3546 1218 3614 jam
1273 3546 1519 3613 sepulcro
1569 3548 1881 3615 parabatur,

315 3639 496 3682 contra
542 3632 715 3687 febres
767 3638 988 3687 armavi.
1022 3636 1135 3689 Scit
1165 3635 1304 3687 Deus
1334 3652 1483 3689 mens
1518 3652 1532 3689 :
1566 3652 1687 3690 mox
1718 3637 1883 3690 adfuit

312 3723 488 3790 magni
520 3724 704 3777 militis
735 3726 1041 3793 imperator,
1098 3736 1152 3780 et
1200 3728 1342 3796 quod
1398 3743 1490 3796 per
1542 3737 1730 3782 testem
1768 3730 1884 3798 ejus

310 3813 562 3870 idoneum
606 3818 862 3884 poposci,
897 3818 1264 3871 incunctanter
1294 3818 1522 3871 obtinui.
1557 3820 1673 3872 Mox
1710 3819 1885 3873 fervor

309 3910 399 3964 ille
428 3910 620 3962 :eterni
654 3908 860 3977 frigoris
885 3919 1197 3978 procurator
1216 3909 1461 3977 intepuit,
1482 3922 1531 3962 et
1562 3910 1689 3962 liora
1722 3926 1882 3971 noua,

310 4002 445 4053 sicut
472 4001 691 4069 legitur,
724 3999 947 4053 Domino
975 4014 1095 4053 meo
1126 4001 1411 4053 mandante
1432 3999 1676 4053 discessit
1702 4000 1882 4068 (Joan.

313 4090 406 4157 tv).
441 4090 568 4145 Scio
618 4089 876 4142 orationis
928 4100 1118 4143 vestrae
1168 4100 1408 4158 tempora
1441 4106 1453 4141 :
1486 4090 1598 4142 scio
1625 4090 1887 4159 lacryma-

315 4196 428 4233 rum
457 4180 669 4247 capiam
699 4180 751 4232 in
784 4179 875 4232 illo
924 4196 1134 4249 quoque
1173 4190 1444 4235 momento
1478 4180 1682 4248 jnvisse
1736 4182 1885 4235 labo-

316 4280 544 4324 rantem.
577 4272 715 4323 Ecce
745 4270 936 4323 indicia
966 4273 1138 4323 votiva
1179 4286 1282 4324 non
1326 4270 1463 4324 tacui
1493 4290 1506 4325 :
1532 4270 1626 4325 sed
1668 4272 1888 4340 portito-

318 4379 429 4416 rum
458 4362 652 4415 raritas
679 4362 998 4415 desiderium
1028 4378 1309 4416 commune
1330 4364 1623 4429 suspendit.
1650 4362 1778 4415 Nam
1805 4378 1888 4414 tne

319 4453 540 4505 multum
568 4454 721 4520 juvat
749 4453 1004 4505 relevatio
1035 4462 1231 4516 vestra,
1257 4468 1375 4521 qua:
1401 4468 1430 4505 a
1461 4452 1612 4505 vobis
1644 4453 1861 4504 mimme

320 4547 405 4609 qui
427 4543 551 4595 laeta
576 4541 881 4609 respuistis,
905 4552 1138 4606 optetur.

836 4633 1163 4688 EPISTULA
1206 4633 1245 4686 X
1256 4632 1297 4686 Χ
1309 4633 1368 4686 ν.

848 4742 911 4778 ΕΝ
919 4741 1104 4779 κουιυδ
1143 4742 1204 4778 ΡΑ
1213 4741 1371 4779 118⁸1⁵0.

387 4818 502 4871 Mox
536 4818 627 4871 ubi
660 4832 747 4871 me
774 4818 940 4886 gratia
972 4832 1198 4883 superna
1243 4818 1505 4886 respexit,
1556 4826 1612 4870 et
1659 4817 1888 4869 animam

340 4908 384 4961 le
406 4908 591 4975 judicii
618 4909 854 4961 calestis
884 4910 1154 4961 vicinitate
1190 4908 1539 4975 trepidantem
1567 4949 1580 4970 ,
1610 4922 1889 4968 concesso,

338 5008 377 5051 tt
432 5002 839 5063 melioraretur,
885 5001 1094 5053 vivendi
1150 5000 1348 5053 laxavit
1395 5001 1597 5068 spatio,
1630 5000 1892 5067 magnitu-

334 5092 427 5141 lini
460 5101 649 5143 vestrze
682 5090 935 5143 beneticia
975 5105 1067 5157 per
1100 5090 1301 5145 litteras
1342 5089 1519 5144 divina
1576 5106 1680 5142 nun
1735 5090 1890 5143 Iacui.

332 5179 477 5245 Vere,
526 5181 867 5237 cessantibus
910 5181 1163 5244 medicis,
1206 5181 1348 5233 illitis
1389 5182 1476 5249 qui
1514 5181 1812 5235 innocentia
1841 5191 1894 5232 et

325 5273 563 5339 Iacrytnis
593 5272 812 5336 emitur,
848 5272 1106 5326 medicina
1141 5289 1245 5325 nou
1287 5272 1475 5325 defuit.
1517 5273 1760 5331 Credite,
1793 5270 1891 5324 nisi

326 5364 449 5414 mihi
470 5363 807 5418 subvenisset
833 5364 1107 5418 destitutin
1136 5368 1465 5427 enrantiutn,
1513 5364 1581 5415 nil
1626 5361 1883 5417 valerem.

324 5454 445 5508 Nam
472 5458 592 5525 quia
614 5457 973 5525 aegrescebam
1022 5457 1295 5511 hominum
1343 5457 1565 5521 studiis,
1611 5458 1750 5525 carpi
1800 5472 1888 5508 ue-

392 5590 405 5616 ¹
432 5587 616 5645 Domni
648 5589 893 5660 Victoris]
930 5591 1176 5661 Martyris
1202 5590 1625 5646 Mediolauensis.
1683 5591 1753 5643 De
1793 5590 1893 5643 hac

324 5661 542 5713 mirabili
572 5664 847 5716 curatione
863 5664 1129 5731 cepiosins
1152 5672 1273 5731 aget
1300 5663 1351 5715 in
1379 5662 1748 5714 Eucltaristit-o
1775 5662 1893 5713 vita:

324 5741 450 5786 εαξη.
632 5744 637 5747 ’

3452 336 3551 392 Nil

1896 442 1940 496 Α
1971 438 2215 505 gligentia
2245 440 2351 503 jatn
2381 438 2574 490 sanari.
2613 438 2735 492 ll.rc
2759 439 2974 507 quidem
3009 440 3273 507 prioribus
3298 440 3543 495 intitnata

1876 546 1895 563 κ
1977 538 2134 581 sunt:
2169 530 2261 579 sed
2305 542 2369 579 ne
2392 531 2601 581 occasio
2626 530 3033 595 ‘przeteriretur,
3058 531 3266 597 adjeci:
3300 547 3545 599 sperans,

1976 621 2232 685 obsequio
2265 618 2598 671 salutationis
2625 620 2834 683 oblato,
2881 631 2937 672 ut
2967 636 3049 674 me
3087 622 3152 674 de
3185 621 3552 690 prosperitatis

1979 721 2169 765 vestra:
2197 712 2265 765 de
2296 726 2393 780 qna
2429 710 2659 778 pendeo,
2691 711 2979 765 sublevelis
3002 713 3267 781 alloquiis.
3480 712 3483 717 ’

2490 801 2816 855 EPISTULA
2857 802 3045 856 XXVI.

2523 886 2777 923 ENNODIUS
2805 888 3015 924 Αναωιυ.

2050 960 2279 1016 Necesse
2334 972 2419 1018 est
2457 971 2513 1016 ut
2551 964 2637 1030 qui
2683 963 2953 1025 desiderat
2981 967 3174 1035 scripta
3229 978 3402 1021 vestra
3445 984 3551 1022 non

1981 1062 2153 1105 taceat
2178 1069 2191 1104 :
2224 1070 2321 1107 nec
2346 1055 2544 1107 silentii
2569 1056 2868 1125 exemplum
2894 1056 3105 1120 tribuat,
3137 1060 3223 1124 qui
3254 1062 3398 1127 cupit
3425 1062 3555 1114 allo-

1978 1145 2181 1209 quium.
2214 1143 2369 1197 Jnxta
2402 1145 2704 1197 orationum
2747 1158 3039 1199 vestrarum
3079 1148 3326 1217 suffragia
3348 1192 3361 1212 ,
3422 1166 3555 1218 quos

1982 1235 2281 1288 innocentia
2315 1244 2368 1287 et
2399 1234 2612 1288 devotio
2638 1236 2744 1289 Deo
2770 1246 2953 1289 nostro
2978 1236 3105 1289 facit
3132 1250 3408 1306 acceptos,
3440 1256 3553 1293 me-

1982 1325 2165 1377 liorem
2199 1340 2283 1376 me
2313 1339 2431 1377 esse
2462 1325 2573 1392 jam
2620 1326 2792 1378 sentio
2820 1342 2833 1377 :
2864 1327 3173 1382 desiderans
3207 1329 3556 1382 honorificen-

1984 1418 2053 1467 tia
2084 1416 2421 1468 salutationis
2451 1416 2690 1481 impensa
2713 1456 2728 1479 ,
2760 1432 2917 1485 quam
2966 1419 3100 1471 bene
3136 1422 3353 1472 valeatis
3394 1436 3556 1489 agno-

1981 1521 2174 1559 scere:
2207 1507 2327 1572 quia
2364 1518 2481 1573 post
2503 1516 2774 1573 receptam
2807 1507 3050 1571 salutem,
3091 1509 3303 1561 unicum
3348 1524 3428 1562 νει
3466 1526 3555 1561 so-

1983 1599 2161 1651 latinm
2190 1599 2327 1651 bono
2354 1607 2546 1652 vestrae
2577 1598 2943 1664 prosperitatis
2968 1600 3157 1652 attolli.

2477 1686 2803 1740 EPISTULA
2847 1687 2887 1739 X
2900 1688 2935 1739 X
2949 1687 3055 1739 VII.

2490 1792 2745 1829 saxotnt's
2784 1792 3057 1838 BARBAftA-Z.

2050 1866 2305 1933 Quamvis
2339 1867 2512 1920 adhuc
2542 1868 2679 1921 inter
2716 1877 2954 1921 extrema
2998 1867 3095 1918 sint
3127 1868 3351 1933 positus,
3383 1877 3436 1921 et
3464 1884 3561 1936 pro

1982 1968 2316 2025 peccatorum
2347 1974 2585 2013 meorum
2619 1960 2777 2021 mole,
2809 1959 2980 2013 somni
3008 1959 3108 2013 mei
3145 1960 3559 2027 lietieficia,tltttit

1982 2064 2195 2102 mereor
2223 2050 2273 2101 in
2303 2050 2513 2117 longum
2543 2051 2774 2114 conteri,
2815 2066 2918 2103 non
2952 2065 3245 2118 sequan'nr
3271 2068 3283 2101 :
3321 2066 3562 2104 reveren-

1982 2139 2069 2191 tite
2092 2146 2267 2192 tamen
2302 2150 2494 2192 vestrm
2520 2141 2791 2208 obsequiis
2812 2142 2952 2208 quod
2994 2140 3153 2194 debet
3184 2141 3424 2208 pendens
3452 2143 3563 2193 ani-

1982 2243 2066 2280 ma
2096 2242 2199 2281 n0n
2230 2230 2430 2281 Omisit.
2486 2229 2627 2283 Pene
2663 2232 2772 2297 jam
2823 2242 3038 2282 vocatur
3086 2231 3150 2282 ad
3200 2230 3478 2297 judicium,
3510 2242 3563 2283 et

1982 2318 2153 2372 adhuc
2183 2320 2403 2385 suspicit
2429 2322 2479 2371 in
2510 2320 2607 2372 hac
2634 2321 2751 2373 luce
2772 2334 2905 2387 quos
2923 2320 3104 2372 coluit.
3130 2321 3298 2385 Quam
3329 2335 3452 2373 vera
3477 2332 3563 2374 est

1984 2409 2069 2460 illa
2099 2411 2381 2473 sententia,
2400 2410 2541 2477 quod
2564 2423 2778 2463 sanetus
2800 2409 3020 2463 affectus
3035 2424 3132 2462 nec
3155 2418 3324 2463 morte
3348 2414 3557 2476 pereat!

1984 2498 2145 2565 Ergo,
2198 2498 2393 2551 domna
2442 2515 2582 2562 mea,
2639 2500 2867 2552 servitiis
2921 2515 3016 2551 vos
3062 2500 3259 2551 debita!
3286 2500 3589 2563 salutatiog

1983 2588 2065 2639 nis
2092 2602 2442 2655 prosequens,
2471 2604 2601 2658 rogo
2624 2600 2701 2657 ut,
2736 2591 2925 2659 agnitis
2947 2606 3067 2658 anc
3096 2593 3237 2645 circa
3262 2607 3347 2644 me
3367 2606 3559 2659 gerun-

1984 2689 2088 2739 tur,
2115 2694 2209 2744 pro
2240 2680 2329 2731 illo
2354 2695 2460 2747 quo
2481 2680 2727 2734 omnibus
2743 2681 2992 2734 cminetis
3016 2691 3069 2734 et
3096 2682 3368 2749 sanguinis
3388 2686 3565 2734 nitore

1981 2779 2033 2822 et
2057 2771 2482 2825 conversationis
2508 2771 2693 2837 radiis,
2723 2773 2921 2826 domno
2952 2788 3070 2826 meo
3101 2775 3344 2841 apostolo
3381 2783 3435 2827 et
3459 2789 3563 2827 can

1984 2864 2112 2917 teris
2150 2864 2266 2930 ejus
2297 2865 2546 2917 fratribus
2588 2865 2935 2933 supplicetis:
2969 2873 3026 2917 nt
3066 2880 3159 2932 per
3205 2881 3299 2919 vos
3340 2877 3557 2919 exorata

1986 2954 2075 3008 Dei
2109 2956 2366 3021 potentia.
2396 2957 2693 3009 clementia:
2716 2971 2825 3009 sua!
2856 2970 2975 3024 qua:
3008 2956 3156 3009 tarda
3187 2969 3309 3009 esse
3340 2972 3442 3009 non
3468 2971 3554 3008 so-

1985 3047 2078 3113 let,
2106 3045 2362 3100 bcnellcia
2394 3060 2496 3099 non
2530 3045 2785 3099 refrenet.

2462 3134 2791 3189 EPISTULA
2837 3133 3071 3187 XXVIII.

2538 3240 2791 3279 ENNODIUS
2822 3240 3008 3278 BEATO.

2054 3316 2168 3382 Qua
2224 3316 2353 3370 mihi
2402 3316 2803 3380 vicissitudinis,
2855 3332 2958 3385 qua
3014 3315 3392 3383 obsequiorum
3438 3331 3564 3373 cura

1987 3407 2323 3475 pensabitur,
2358 3407 2497 3473 quod
2533 3415 2581 3458 te
2611 3414 2667 3459 et
2712 3407 2762 3458 in
2795 3406 3162 3474 frequentibus
3202 3408 3406 3475 paginis
3435 3408 3566 3459 allo-

1984 3515 2118 3569 quor
2139 3510 2195 3554 et
2224 3499 2401 3553 officio
2426 3499 2690 3552 sermonis
2719 3499 2791 3552 tui
2820 3499 2871 3552 in
2905 3500 3076 3551 lucem
3111 3500 3265 3553 exire
3296 3501 3563 3567 publicam

1987 3607 2091 3645 non
2132 3591 2403 3645 detestor?
2438 3590 2551 3644 Non
2592 3605 2677 3645 me
2720 3602 2849 3643 tetas
2882 3601 2991 3654 tua,
3041 3606 3144 3643 non
3189 3591 3401 3658 ingenio
3444 3607 3566 3644 meo
3618 3581 3625 3588 ’

1986 3693 2160 3752 potest
2181 3697 2433 3737 revocare
2466 3698 2560 3749 par
2592 3682 2837 3737 formula.
2867 3683 3016 3752 Eligo
3046 3683 3289 3752 benignis
3314 3686 3429 3752 plus
3449 3698 3567 3737 cre«

1985 3776 2134 3840 dere,
2164 3789 2321 3843 quam
2352 3774 2573 3842 peritis;
2606 3782 2664 3826 ut
2705 3774 2839 3825 bona
2871 3774 3091 3842 originis
3132 3775 3434 3829 ann-ferant
3458 3786 3569 3827 ειυς

1986 3864 2087 3916 diis
2117 3882 2129 3915 :
2162 3865 2301 3927 quod
2335 3864 2508 3917 ﬁdelis
2531 3878 2589 3916 es
2610 3903 2626 3921 .
2672 3863 2837 3917 divini
2866 3875 2946 3918 est
2978 3866 3215 3919 muneris
3250 3884 3263 3917 :
3296 3868 3345 3917 in
3379 3875 3566 3918 natura

1986 3954 2219 4007 eruditio
2247 3971 2262 4007 :
2295 3970 2390 4022 per
2420 3955 2584 4008 Deum
2615 3956 2792 4008 veniet
2820 3970 2907 4008 res
2938 3956 3193 4009 secunda.
3222 3956 3279 4009 Nl
3299 3971 3450 4010 eesse
3488 3967 3570 4010 est

1992 4056 2047 4095 nt
2078 4052 2245 4096 totum
2290 4045 2383 4097 tibi
2419 4059 2573 4098 amor
2604 4044 2926 4113 integritatis
2966 4044 3238 4109 exhibeat,
3282 4048 3569 4112 primarum

1992 4134 2217 4200 partium
2251 4133 2477 4203 insignia
2524 4134 2633 4203 jam
2676 4136 2904 4190 tenenti.
2936 4135 3319 4204 Ergo‘honore
3368 4138 3570 4189 saluta-

1991 4224 2148 4277 tionis
2198 4235 2444 4292 accepto,
2503 4228 2718 4279 noveris
2771 4241 2879 4290 me,
2922 4227 3072 4295 juxta
3131 4227 3441 4295 petitionem
3482 4242 3571 4279 \e-

1991 4324 2177 4377 stram,
2235 4315 2537 4382 epistolatn'
2568 4316 2636 4368 ad
2660 4332 2753 4368 vos
2772 4317 3174 4379 admonitionis,
3205 4320 3447 4385 quamvis
3470 4321 3569 4369 sub

1992 4404 2354 4467 festinatiOue,
2387 4406 2620 4457 dictasse
2652 4423 2663 4457 :
2694 4420 2852 4473 quam
2893 4405 2957 4456 ad
3008 4406 3259 4457 dommnn
3291 4408 3569 4474 patricium

1870 4494 1882 4514 ’
1916 4501 1966 4558 D
1991 4495 2366 4565 Symmachum
2400 4495 2599 4548 idcirco
2628 4494 2862 4562 dirigere
2892 4496 3206 4563 procuravi,
3245 4504 3303 4547 nt
3340 4497 3480 4564 quod
3516 4497 3566 4547 in

1991 4604 2051 4640 ea
2074 4588 2450 4641 emendatione
2479 4586 2697 4655 dignum
2726 4599 2828 4651 est,
2854 4588 3169 4654 corrigatur.
3208 4587 3311 4641 Sed
3351 4595 3568 4655 prapter

1992 4678 2384 4745 surreptionem
2414 4676 2767 4745 negligentiae,
2802 4691 2854 4733 te
2895 4691 3107 4747 quoque
3137 4677 3252 4745 ejus
3290 4677 3571 4745 exempla-

1996 4769 2141 4821 ribus
2164 4767 2466 4820 informavi.
2496 4767 2607 4833 Qua
2638 4768 2705 4820 de
2734 4785 2793 4820 re
2824 4779 2878 4820 tu
2900 4770 3039 4832 apud
3073 4777 3123 4820 Ie
3156 4777 3272 4820 eSto
3299 4785 3313 4820 :
3340 4777 3395 4821 et
3443 4782 3573 4821 cave

1998 4874 2064 4912 ne
2092 4858 2181 4910 tibi
2210 4858 2275 4909 ad
2292 4867 2352 4910 ’te
2374 4857 2631 4923 perlatam
2663 4856 2970 4910 manifestes
2997 4855 3385 4923 comprehenso
3416 4872 3573 4925 supe-

1998 4950 2108 5001 rius
2136 4948 2564 5001 eminentissimo
2592 4948 2728 5008 viro,
2760 4960 2859 5000 ceu
2883 4962 2993 4999 rem
3023 4963 3215 5003 novatn
3252 4949 3529 5016 postulans
3559 4968 3569 4999 ε

1996 5043 2118 5108 quia
2150 5041 2191 5093 si
2219 5040 2334 5108 ejus
2372 5055 2489 5093 eam
2521 5039 2829 5107 magisterio
2852 5040 3114 5108 placuisse
3139 5043 3473 5109 cognoveris,
3508 5044 3573 5093 ad

1999 5132 2237 5184 notitiam
2291 5145 2474 5184 eorum
2527 5128 2761 5197 perferre
2819 5130 2907 5196 qui
2967 5131 3205 5199 sapiunt
3248 5148 3353 5185 non
3414 5131 3568 5183 time-

2000 5225 2096 5277 bis.
2674 5259 2678 5263 -

2509 5290 2836 5346 EPISTULA
2884 5291 3072 5347 XXIX.

2550 5376 2807 5417 ENNIIDIUS
2827 5380 3017 5417 BEATO.

2071 5456 2182 5508 Non
2206 5456 2333 5509 mihi
2364 5465 2483 5508 tuus
2503 5470 2656 5509 error
2678 5456 2861 5522 illusit,
2889 5472 2988 5510 nec
3015 5466 3318 5511 retroversa
3358 5455 3571 5524 decepit

2071 5595 2105 5666 ’_
2128 5592 2409 5666 Epistolant
2448 5596 2515 5645 ad
2543 5611 2628 5657 vos
2659 5594 3040 5666 admonitionis]
3071 5594 3389 5646 Pancnrsim
3414 5594 3567 5648 tlitla-

2004 5664 2247 5716 settlicatn
2275 5664 2435 5715 Beato
2462 5677 2513 5716 et
2544 5666 2824 5717 Ambrosio
2862 5664 3133 5731 scriptam,
3163 5666 3243 5717 tui
3270 5668 3439 5723 lui-nm
3473 5675 3571 5722 dt;-

2006 5737 2178 5782 dimus
2209 5736 2344 5786 inter
2374 5738 2622 5789 opuscula
2652 5733 2905 5786 tniscella.
