4186 6252
326 431 418 486 1ιῦ

1524 421 2014 478 ,ειηετυιΑιιυιι
2054 423 2179 479 LIB.
2226 426 2353 483 Vlll.
2414 472 2419 478 ι

3464 433 3571 504 N0

322 550 466 591 veste
493 539 688 604 noctis,
719 536 961 590 obnubit.
995 535 1487 604 Yereloquentillns
1515 536 1664 587 vobis
1687 536 1898 601 ingesta-
1920 538 1969 593 A-
2000 534 2252 601 guitatcm
2298 553 2455 606 quam
2492 539 2665 595 t-rcd's
2695 541 3210 605 exhibeas;.et.dttm
3243 543 3470 597 amont's
3498 554 3573 599 te-

320 638 440 679 stmt
467 629 657 693 oculis,
695 642 814 696 qua:
843 625 1102 695 legebam.
1135 625 1265 678 Nam
1293 624 1418 677 dum
1448 624 1700 677 absentia:
1732 622 1896 677 felici—

320 727 479 768 tatem
509 716 694 784 pagina
720 716 974 784 sapientis
1002 715 1302 783 intercepit,
1330 724 1543 768 coactus
1566 729 1683 765 sum
1708 714 1721 742 ¹
1757 713 1896 765 illam

322 804 622 860 Etheriam
666 805 826 858 nimis
863 804 1060 858 vidisse
1099 813 1390 867 terrenam,
1424 813 1476 856 et
1505 821 1532 856 a
1575 803 1901 857 sublimitate

322 898 569 953 vocabuli
598 898 649 952 itt
677 896 961 950 Tartarum
997 897 1132 950 duce
1171 896 1325 964 culpa
1364 895 1677 964 do-positttn.
1724 895 1899 949 Taceo

319 988 445 1049 quid
476 988 729 1040 debuerit
757 986 1084 1057 parentibus,
1117 986 1241 1054 quid
1274 986 1461 1054 pudori
1492 1001 1506 1037 :
1539 1000 1602 1039 ex
1621 999 1723 1055 qua
1740 985 1901 1038 domo

320 1079 500 1133 infelix
532 1080 795 1146 processit
823 1075 891 1129 ad
917 1076 1091 1130 scelus
1124 1093 1139 1126 :
1164 1076 1305 1144 quod
1334 1083 1518 1128 secuta
1546 1082 1661 1141 est,
1700 1074 1898 1127 relictis

321 1172 416 1225 Dei
461 1170 783 1229 cultoribus,
831 1167 1102 1235 lupanaris
1148 1168 1262 1219 vice
1313 1164 1639 1233 conjugium.
1687 1162 1902 1217 Credite

319 1264 476 1326 mihi,
520 1263 779 1315 ultionem
811 1259 1087 1323 criminis,
1119 1256 1245 1310 dum
1276 1257 1510 1309 admittit
1537 1255 1774 1311 crimen.
1806 1270 1901 1308 ex-

314 1374 342 1408 s
374 1363 501 1409 cata
532 1362 618 1406 est
648 1360 739 1405 :et
769 1351 910 1420 turpi
939 1364 1112 1404 mersa
1152 1347 1525 1411 contubernio,
1568 1356 1621 1400 et
1646 1346 1901 1415 ﬂagitium

318 1456 371 1497 ct
403 1458 617 1510 pinnam
649 1441 837 1510 ﬂagitii
864 1438 1063 1506 reperit
1092 1440 1143 1492 itt
1176 1438 1388 1491 marito.
1429 1439 1621 1492 Secum
1673 1435 1748 1489 rei
1782 1450 1903 1504 per-

320 1547 506 1583 sonam
534 1531 800 1597 portavit:
829 1536 884 1583 et
916 1526 1111 1597 judicis
1141 1525 1361 1590 mulier,
1400 1525 1528 1579 dum
1566 1525 1727 1593 elegit
1772 1524 1905 1577 indi.

324 1638 505 1685 unum.
538 1621 895 1674 Prodttcereut
927 1620 1157 1683 litteras,
1189 1618 1289 1671 nisi
1320 1617 1633 1670 memoriam
1662 1615 1903 1669 infausta:

328 1714 539 1764 femina:
586 1710 958 1765 desiderarem
998 1708 1287 1770 .obhvione
1360 1706 1594 1775 sepeliri.
1660 1705 1803 1767 Vos,
1852 1715 1908 1759 ut

330 1803 512 1857 Calliae
536 1803 852 1869 expulsione
874 1801 1083 1854 illorum
1110 1800 1480 1863 subleventur,
1502 1798 1710 1868 eligetis
1741 1816 1753 1850 :
1780 1815 1902 1859 nos.

2002 638 2185 690 parem
2216 626 2427 691 metuis,
2446 622 2504 680 in
2531 629 2862 684 affectionem
2890 630 3217 700 frigeseas-‘
3256 630 3494 695 Domine,
3519 640 3579 685 ut

2003 731 2183 780 supra.
2214 719 2555 775 salutationis
2578 722 2803 790 gratiam
2838 721 3164 791 persolvens,
3201 737 3359 792 spero
3385 736 3434 775 ιιι
3460 737 3581 776 cre-

2004 805 2101 857 bro
2131 806 2195 859 ad
2234 823 2319 860 me
2360 809 2705 878 epistolarmn
2748 813 3066 867 commercia
3110 813 3143 867 d
3169 830 3195 865 r
3218 828 3332 882 gas,
3375 812 3495 881 quia
3527 813 3578 865 in

2003 898 2083 949 his
2106 899 2310 951 muniis
2344 910 2398 953 et
2444 900 2719 972 diligentia
2772 912 2825 958 te
2850 903 3103 960 admonet
3133 913 3187 959 et
3242 906 3496 974 perfectio
3525 914 3581 959 ut

2004 985 2199 1039 multus
2233 988 2529 1043 incumbas.

2482 1078 2812 1137 EPISTOLA
2852 1080 3094 1136 XXXVII

2555 1186 2810 1226 ENNODIUS
2846 1189 3061 1227 BOETIO.

2074 1257 2326 1324 Quamvis
2356 1262 2497 1313 tenui
2523 1259 2714 1315 elfectu
2746 1263 3019 1330 pettionis
3056 1271 3226 1333 surgit
3264 1263 3536 1331 eloquium
3564 1302 3581 1327 ,

2003 1356 2057 1402 et
2087 1350 2377 1404 conciliant
2419 1362 2472 1405 et
2519 1351 2705 1406 dotant
2762 1355 3063 1409 facundiam
3100 1371 3185 1409 res
3212 1356 3489 1419 secundm,
3525 1357 3577 1409 itt

2007 1440 2241 1507 qualibet
2260 1441 2545 1495 verborum
2575 1445 2853 1499 saturitate
2887 1447 3087 1515 pagina:
3128 1448 3175 1503 si
3216 1448 3579 1516 repudientur.

2006 1528 2074 1581 ab
2102 1529 2471 1597 impetratione
2492 1532 2736 1600 jejuuant
2763 1553 2775 1586 :
2812 1537 2929 1603 plus
2954 1537 3193 1595 felicibus
3229 1538 3471 1606 epistolis
3493 1538 3575 1591 de-

2010 1619 2162 1672 betur
2219 1619 2451 1674 laudatio
2503 1638 2662 1692 quatn
2716 1626 2921 1693 peritis.
2973 1626 3098 1681 Jure
3140 1629 3373 1697 loquitur
3410 1632 3585 1682 verbis

2008 1711 2180 1764 nitore
2205 1711 2536 1776 sublimibus,
2562 1715 2649 1781 qui
2680 1727 2974 1770 summates
3004 1720 3146 1771 viros
3173 1719 3387 1773 dicendi
3421 1735 3583 1774 tenu-

2008 1808 2143 1854 stale
2185 1802 2417 1870 captivat
2448 1818 2463 1855 :
2494 1805 2719 1871 quodvis
2762 1806 3053 1859 oratorium
3100 1808 3315 1862 schema
3363 1809 3582 1864 sinistra

330 1915 396 1952 ne
448 1896 599 1951 Italia
658 1894 1054 1964 coinquinctur.
1122 1893 1382 1961 Expetant
1442 1893 1619 1959 potius
1684 1890 1723 1943 L
1748 1892 1907 1957 bycas
1938 1889 1987 1949 Β
2010 1903 2127 1943 sors
2154 1889 2375 1959 dissipat
2405 1909 2417 1944 :
2450 1892 2661 1947 ditescit
2689 1895 2833 1949 enim
2866 1897 3041 1965 lingua
3072 1899 3266 1953 nutrita
3291 1900 3584 1955 beneficis.

330 2003 505 2062 syrtes
530 2009 543 2043 :
574 2000 629 2044 et
655 1990 725 2043 ab
752 1989 1099 2043 humanitatis
1123 1987 1398 2043 consortio
1415 1987 1724 2041 dividantur
1749 2004 1762 2037 :
1783 1986 1908 2055 quia

332 2080 521 2136 siimle
549 2082 801 2134 demnnm
856 2079 1203 2134 Aurelianum
1248 2077 1505 2146 fugerint,
1557 2078 1679 2130 hinc
1732 2076 1909 2129 Euuo~

341 2174 520 2237 dium,
545 2172 611 2225 ad
651 2189 764 2240 qmc
805 2171 923 2224 loca
966 2168 1345 2224 declinabunt?
1371 2170 1390 2198 ’
1426 2169 1632 2221 Dotnno
1663 2168 1911 2236 prtcfccto

344 2262 737 2330 quzejussistis,
770 2261 1004 2329 pressius
1036 2261 1275 2314 intimavi
1302 2277 1315 2312 :
1343 2260 1432 2326 qui
1464 2260 1483 2290 ⁸
1519 2268 1779 2328 prter-cpta
1830 2274 1911 2313 reo

334 2355 417 2421 gis
452 2369 577 2407 mox
612 2355 809 2422 exegit,
861 2368 957 2421 per
1003 2369 1120 2419 qua:
1143 2352 1415 2407 credimus
1459 2350 1602 2405 viros
1647 2352 1814 2404 bonos
1859 2360 1913 2404 et

330 2444 535 2498 amicos
557 2448 889 2498 occasionem
909 2444 1175 2497 invenisse
1203 2442 1486 2511 praestandi
1512 2460 1525 2494 :
1547 2451 1601 2495 et
1620 2458 1711 2496 vos
1735 2451 1908 2495 tamen

304 2535 567 2588 animum
594 2534 662 2586 ab
689 2536 959 2589 anxietate
989 2542 1262 2588 removete
1300 2552 1312 2587 :
1349 2534 1469 2603 quia
1500 2532 1738 2588 caelestis
1766 2534 1910 2586 suill-

329 2624 437 2679 cict
460 2624 525 2678 ad
559 2624 815 2678 ultionem
858 2627 1117 2678 malorum
1170 2625 1319 2694 vigor
1358 2625 1637 2678 examinis.
1690 2623 1911 2676 Domine

331 2715 425 2780 mi,
479 2714 815 2768 salutationis
864 2714 1118 2782 obsequia
1166 2723 1496 2782 prtesentans
1533 2756 1548 2779 ,
1606 2728 1791 2782 precor
1859 2723 1913 2765 ιιι

335 2805 521 2858 crebro
565 2820 653 2860 me
693 2806 1066 2874 prosperitatis
1108 2816 1321 2872 vestrae,
1348 2806 1470 2875 quia
1497 2807 1909 2860 commeantium

336 2899 709 2965 opportunitas
750 2898 1028 2965 ingeritur,
1060 2898 1308 2952 relevctis
1337 2898 1605 2967 alloquiis.

820 2987 1149 3042 EPISTOLA
1192 2988 1428 3042 XXXVI.

877 3096 1128 3135 Ειιιδουιυε
1157 3098 1362 3134 ΒΟΕΤΙΟ.

406 3170 721 3225 Perdiderat
750 3170 1065 3223 eruditionis
1097 3171 1325 3238 pretium
1367 3170 1540 3239 lingua
1565 3211 1579 3233 ,
1630 3172 1753 3225 dum
1789 3174 1910 3243 rrti-

2013 1980 2216 2033 Dudum
2249 1982 2315 2034 ad
2348 1983 2694 2037 eminentiam
2740 1996 2970 2042 vestram
3019 1989 3189 2044 direxi
3237 1992 3586 2061 qualicunque

2010 2073 2226 2126 audacia
2264 2075 2592 2143 producente
2638 2078 2962 2147 colloquium
2997 2098 3009 2133 :
3043 2081 3184 2149 quod
3225 2082 3294 2136 ita
3344 2084 3586 2152 responsi

2011 2164 2169 2234 genio
2199 2168 2550 2235 sublevastis,
2582 2179 2639 2224 ut
2681 2172 2957 2226 crederi-nt
2990 2190 3073 2228 me
3116 2175 3408 2243 perdidisse
3442 2178 3585 2246 digni

2012 2258 2207 2312 favens
2238 2269 2473 2329 tempora
2500 2277 2593 2330 per
2611 2265 2875 2332 quietem,
2904 2267 3380 2335 quando-modicus
3422 2271 3581 2333 sudor

2008 2346 2264 2413 judicium
2289 2364 2465 2404 arcem
2491 2353 2721 2407 tenentis
2739 2354 2999 2408 ille..erat.
3029 2356 3084 2408 Pi
3100 2358 3403 2413 om‘seratis
3424 2364 3573 2417 etiam

2012 2438 2231 2493 domum
2261 2455 2417 2510 quam
2449 2455 2826 2514 poposceram,
2865 2462 2968 2500 non
3000 2450 3321 2517 negantiam.
3350 2451 3587 2507 Gemini;

2013 2532 2251 2584 e'evatus
2274 2546 2456 2587 sucees
2489 2534 2604 2587 ibus
2633 2535 2944 2591 incedebant
2971 2560 2984 2590 ς
3008 2516 3051 2593 si
3083 2549 3137 2593 et
3161 2541 3341 2609 opinio
3364 2543 3583 2611 perfecti

2015 2621 2412 2687 astipulatioue,
2444 2634 2497 2677 et
2524 2640 2716 2678 census
2757 2626 3159 2696 locupletisStmi
3189 2632 3446 2686 crevisset
3475 2633 3587 2686 iut—

2018 2712 2229 2779 pendio.
2258 2713 2361 2767 Sed
2391 2715 2631 2793 detestor
2656 2732 2881 2781 ntoratn,
2921 2734 3079 2789 quam
3126 2724 3323 2777 sterilia
3376 2725 3587 2793 quidem

2018 2815 2229 2870 prce-ta
2284 2818 2624 2874 pepererunt.
2678 2808 2808 2864 Nam
2856 2823 2905 2865 ct
2938 2813 3095 2867 homo
3137 2815 3277 2867 cultu
3302 2815 3397 2868 nis.
3430 2820 3587 2870 vestri

2015 2910 2172 2960 quem
2207 2896 2551 2963 prastolabar
2578 2898 2834 2953 advenit:
2868 2910 2922 2953 et
2966 2902 3095 2955 nihil
3138 2902 3237 2957 sibi
3285 2905 3590 2969 mandatum

2016 3001 2156 3052 t-Sse,
2185 2987 2324 3054 qttod
2355 2988 2566 3043 desider
2586 2990 2630 3043 is
2659 2992 2790 3045 uicis
2811 2987 3062 3060 p'rodcsse
3096 3002 3275 3059 posset
3298 3034 3313 3055 .
3342 2996 3588 3048 asseruit.

2019 3076 2152 3131 Vide
2183 3079 2417 3131 meritor.
2444 3094 2493 3131 m
2519 3094 2757 3133 meorum
2789 3082 2932 3133 fusca
2965 3084 3281 3134 commercia
3316 3100 3330 3136 :
3363 3099 3589 3153 quorum

2017 3174 2199 3219 contra
2232 3182 2314 3220 me
2341 3167 2558 3220 nitentia
2586 3168 2743 3222 fidem
2770 3169 3010 3237 frangere
3047 3180 3334 3237 nequeunt,
3376 3174 3591 3241 exigunt

336 3277 428 3315 ees
458 3278 471 3314 :
504 3262 625 3329 quia
667 3262 795 3313 dum
834 3268 1167 3314 venustatem
1213 3261 1531 3328 eloquentiae
1586 3263 1810 3316 taciturn
1835 3272 1913 3317 tas

2020 3256 2340 3310 tarditatem.
2372 3257 2572 3312 Absita
2602 3259 2930 3313 conscientia
2959 3274 3095 3326 mea,
3130 3263 3196 3316 de
3236 3274 3404 3317 vestra
3432 3265 3592 3318 clari-

343 3351 659 3416 includebat,
717 3349 1036 3404 credebatur
1083 3366 1186 3403 noti
1238 3364 1357 3404 esse
1391 3352 1528 3417 quod
1568 3367 1735 3420 nuper
1763 3353 1915 3407 effer-

348 3444 480 3493 buit.
524 3440 826 3495 Produxisti
876 3441 925 3493 in
977 3439 1149 3494 lucem
1182 3456 1373 3494 novum
1415 3441 1571 3509 jubar
1599 3442 1793 3509 eloquii
1825 3460 1835 3491 :
1865 3453 1917 3495 et

348 3537 474 3585 dum
525 3531 656 3585 diem
722 3532 775 3584 in
827 3531 1051 3599 epistola
1110 3530 1276 3596 facis,
1332 3530 1671 3599 splendorem
1729 3537 1917 3586 recens

349 3623 567 3691 adeptus
586 3622 823 3677 crederis
839 3622 948 3690 jam
971 3634 1259 3676 maturum.
1294 3623 1503 3677 Gratias
1526 3638 1646 3692 ago,
1676 3624 1814 3689 quod
1834 3641 1917 3679 tne

344 3716 408 3768 ad
437 3714 685 3768 amicitiai:
715 3713 1009 3767 custodiam
1061 3716 1263 3782 pagina:
1306 3724 1406 3768 tote
1446 3713 1577 3767 llorc
1618 3714 1915 3780 conqellis.

341 3806 442 3858 Sed
484 3807 526 3857 si
572 3803 694 3857 l‘tdci
741 3819 874 3857 ntere
918 3819 1066 3857 esses
1117 3805 1387 3868 conscius,
1431 3804 1813 3857 dubitationem
1854 3806 1920 3859 de

342 3896 501 3949 rebus
541 3895 909 3949 constantibus
956 3911 1060 3948 non
1113 3895 1355 3949 haberes.
1391 3895 1576 3949 Timeo
1632 3912 1698 3949 ne
1751 3898 1920 3951 ambi-

411 4032 428 4059 ¹
456 4027 616 4100 Illam
648 4027 959 4100 .Etlteriam]
987 4029 1185 4082 Nurum
1212 4029 1587 4094 Archntamia',
1604 4030 1671 4085 de
1697 4050 1798 4100 qua
1845 4033 1917 4086 ib.

344 4115 443 4158 vti,
472 4099 757 4170 enisis”.
800 4099 905 4153 Sed
943 4110 1046 4170 tota
1080 4099 1237 4166 hujus
1266 4101 1507 4165 epistolae
1552 4099 1921 4170 interptetatio

344 4185 407 4221 es
439 4168 766 4222 Cassiodoro
809 4169 1032 4236 petenda
1059 4178 1162 4231 est,
1198 4170 1335 4237 apud
1365 4185 1520 4237 quem
1558 4168 1920 4226 Theodericus

314 4268 317 4269 ν
344 4240 414 4291 de
438 4240 538 4291 hac
566 4237 810 4291 Aitheria
838 4238 1160 4293 Merobaude
1190 4239 1372 4291 comiti
1402 4242 1477 4290 sic
1500 4239 1685 4293 scribit
1714 4240 1806 4293 lih.
1845 4258 1917 4305 tv,

345 4310 504 4374 epist.
539 4308 642 4360 12:
679 4306 1203 4372 Archotamiaitaque
1231 4309 1444 4361 i’lustris
1467 4310 1653 4377 femina
1682 4311 1919 4378 ﬂebiliter

346 4380 677 4447 ingemiscens
703 4382 894 4447 nepoti.-
934 4379 1017 4430 sui
1060 4379 1401 4429 calamitatem
1441 4378 1529 4430 tali
1570 4382 1921 4443 conquestione

347 4448 541 4515 dripior.
562 4448 656 4507 vit,
679 4448 798 4499 dum
828 4462 1026 4512 scrupis
1050 4448 1176 4500 avita
1205 4463 1325 4498 rura
1354 4450 1576 4500 tenacior
1597 4458 1667 4501 cst
1692 4466 1918 4512 suorum,

349 4534 573 4571 asserens
596 4516 668 4570 ΑΞ
674 4516 889 4569 theriam
910 4532 1095 4586 nurum
1115 4532 1283 4577 suam,
1308 4518 1475 4586 mariti
1495 4520 1767 4586 postposita
1789 4521 1917 4571 dile-

2020 3356 2124 3403 tate
2154 3347 2397 3402 diffidere
2423 3366 2435 3400 :
2460 3348 2704 3402 obscena:
2734 3351 2931 3405 mentis
2953 3362 3273 3421 est,.putare
3314 3348 3588 3407 constituti

2020 3438 2329 3493 memoriam
2361 3456 2463 3493 non
2493 3456 2726 3496 manem.
2757 3441 2860 3497 Sed
2900 3459 3028 3514 rogo
3079 3454 3136 3498 ut
3162 3444 3287 3499 dum
3334 3447 3591 3515 prepositi

2022 3530 2176 3583 vestri
2208 3530 2378 3585 lucem
2426 3533 2689 3597 asseritis,
2725 3549 2911 3589 eorum
2956 3551 3075 3604 quze
3125 3535 3254 3590 mihi
3306 3539 3589 3602 debentur,

1958 3686 1965 3687 γ
2018 3621 2241 3675 obscura
2283 3622 2568 3689 superetis.
2604 3622 2742 3691 Ergo
2774 3626 3100 3691 pnestationi
3147 3638 3336 3682 vestro
3379 3629 3590 3697 genium

2020 3710 2159 3762 dono
2186 3710 2473 3764 celeritatis
2497 3709 2774 3766 infundite.
2802 3712 3023 3768 Domine
3052 3713 3143 3781 nti,
3173 3715 3370 3769 cultum
3398 3717 3591 3772 saluta-

2022 3802 2178 3855 tionis
2217 3802 2529 3870 impert'ens
2553 3842 2567 3865 ,
2610 3818 2796 3872 preces
2838 3805 3071 3873 adjicio,
3117 3816 3172 3858 ut
3200 3807 3219 3836 '
3259 3809 3591 3863 consularem

2022 3892 2311 3960 sportulam
2332 3908 2450 3946 cum
2475 3906 2730 3961 responso
2760 3894 2988 3961 prtefatte
3016 3911 3049 3965 p
3070 3896 3284 3951 titiouis
3309 3898 3585 3965 accipiam.

2024 4029 2055 4084 9
2080 4038 2132 4081 et
2157 4029 2274 4081 aliis
2302 4027 2453 4082 lucis.
2481 4028 2535 4083 In
2553 4029 2956 4085 conscribendis
2981 4030 3123 4085 enim
3140 4030 3380 4099 epistolis
3404 4032 3594 4099 qttihus

2026 4099 2474 4170 honorumtitulis
2498 4100 2649 4154 initio
2675 4102 2912 4170 epistolae
2956 4100 3195 4169 singulos
3238 4102 3592 4169 appellarent,

2024 4168 2247 4223 eosdem
2292 4169 2393 4222 sub
2436 4168 2594 4225 ﬁnem
2628 4168 2820 4223 iterare
2851 4185 2967 4224 nios
3007 4168 3142 4223 erat.
3193 4168 3347 4225 Verbi
3396 4173 3588 4238 gratia,

2029 4240 2296 4308 Volusium
2329 4238 2663 4292 ad‘sanctum
2714 4242 3063 4308 Augustinum
3107 4242 3329 4308 epistola
3361 4256 3386 4293 s
3409 4257 3437 4293 c
3467 4241 3594 4293 inci-

2026 4310 2100 4369 pit
2126 4325 2136 4358 :
2170 4305 2390 4358 Domina
2413 4324 2521 4359 sere
2547 4318 2719 4359 sancto
2748 4305 2819 4357 αὸ
2839 4310 3017 4360 merito
3040 4305 3304 4361 uenerabili
3337 4310 3467 4373 patri
3492 4312 3594 4360 Au-

2023 4378 2222 4444 gustino
2250 4374 2572 4427 Volusianus.
2610 4375 2807 4427 Eadem
2836 4377 2913 4428 sic
2943 4378 3207 4428 clauditur
3232 4396 3245 4430 :
3278 4376 3594 4429 Incolumem

2024 4446 2398 4501 venerationem
2438 4454 2577 4495 tuam
2624 4444 2860 4497 divinitas
2903 4460 3102 4497 summa
3142 4456 3358 4502 tueatur.
3392 4450 3593 4497 domine

2026 4531 2137 4567 wre
2166 4514 2343 4566 sancte
2376 4530 2434 4566 ac
2467 4515 2644 4567 merito
2673 4514 2966 4567 tvetterabilis
2991 4512 3166 4568 Pater.
3217 4516 3445 4567 liursnm
3488 4516 3593 4567 An—

351 4611 361 4634 ι
399 4589 529 4648 iane,
575 4588 781 4639 cuidam
810 4602 865 4639 se
898 4585 1097 4639 Librrio
1120 4654 1127 4656 _
1133 4586 1304 4656 jugali
1349 4582 1532 4650 [adiere
1574 4582 1677 4640 soci
1696 4605 1788 4641 'sse
1822 4605 1837 4641 :
1877 4600 1922 4641 et
1950 4585 2000 4642 D
2029 4583 2225 4656 gttstini
2257 4583 2481 4656 epistola
2512 4600 2613 4656 qua
2648 4584 2937 4656 Volusiano
2966 4585 3278 4656 respondet,
3305 4585 3403 4636 hoc
3438 4586 3595 4636 habet

354 4672 464 4707 cum
493 4657 721 4709 ornatior
742 4657 881 4726 cupit
903 4657 1045 4707 nov’s
1090 4654 1327 4707 thalamis
1374 4672 1642 4726 apparere,
1675 4659 1922 4710 studuerit

355 4727 537 4789 prioris
564 4726 656 4777 uiri
678 4723 948 4794 facultates
966 4734 1182 4777 evertere
1205 4739 1223 4776 :
1252 4723 1480 4794 allegatis
1508 4727 1753 4779 dictatam
1785 4728 1921 4792 [ilio-

351 4814 457 4846 rum
479 4794 686 4858 spoliis,
715 4795 895 4863 quibus
927 4794 1088 4861 magis
1112 4794 1279 4845 decuit
1305 4809 1621 4864 congregari.

416 4867 439 4898 ’
474 4864 676 4917 Damno
698 4864 967 4934 pra’fectoj
989 4863 1204 4934 Fausto.

419 4936 439 4965 ’
472 4930 737 4995 Prtecepta
763 4930 1049 5003 regia]’llla
1081 4933 1329 4987 nimirum
1360 4948 1475 4999 qua:
1507 4934 1742 4999 proxima
1768 4950 1924 4998 quam

351 5003 689 5057 laudavimus
710 5002 1014 5055 Cassiodori
1058 5003 1281 5067 epistola
1312 5002 1674 5065 continentur,
1705 5004 1791 5055 ubi
1824 5011 1923 5057 Ar-

353 5073 632 5127 chotamiae
661 5071 917 5126 adversus
957 5070 1251 5124 Aitheriatn
1290 5087 1477 5124 nurum
1508 5088 1719 5126 causam
1751 5074 1927 5127 Theo-

353 5145 572 5198 dericus
589 5141 909 5195 Merahattdo
939 5142 1243 5194 committit.
1271 5140 1401 5196 Subl
1424 5142 1811 5195 mitatisrestra:
1827 5145 1921 5210 ju—

354 5214 481 5265 dicio
513 5214 645 5264 hanc
676 5228 882 5263 causam
905 5210 1096 5279 legibus
1123 5211 1482 5263 committimus
1510 5213 1847 5279 audiendam:
1871 5220 1926 5263 ut

353 5284 484 5334 omni
508 5282 809 5351 incivilitate
830 5278 1070 5351 submota
1096 5282 1313 5345 ,mediis
1342 5283 1673 5334 sacrosanctis
1704 5278 1927 5351 Euange-

354 5354 451 5409 Iiis,
478 5368 592 5403 cum
634 5350 795 5403 tribus
819 5349 1079 5402 honoratis
1120 5366 1244 5417 quos
1274 5350 1492 5419 partium
1524 5367 1794 5404 consensus
1822 5349 1925 5402 εισι

355 5423 493 5485 ηεγὶι,
519 5422 605 5485 qui
632 5420 797 5489 legum
817 5421 1007 5481 possint
1028 5419 1211 5471 habere
1230 5419 1484 5481 notitiam,
1504 5420 1752 5488 quidquid
1775 5421 1932 5487 prisri

356 5492 477 5545 iuris
508 5492 675 5559 forma
707 5489 987 5552 constituit,
1020 5491 1158 5559 inter.
1191 5504 1275 5559 eos
1313 5489 1629 5559 considerata
1656 5491 1928 5559 disciplina

355 5557 515 5612 nostri
535 5562 787 5629 temporis
802 5559 1095 5626 proferatis.
1123 5557 1333 5611 Prolata
1359 5558 1644 5620 sententia,
1670 5557 1793 5629 cunt
1812 5578 1824 5623 ι
1846 5576 1935 5613 rat--

356 5628 952 5696 gravatam’coujugem
1006 5643 1155 5680 suam
1206 5640 1427 5693 questus
1485 5638 1629 5681 esset
1672 5628 1931 5689 Liberius,

357 5692 719 5751 ttieorlericns
746 5692 901 5764 epist.
936 5697 1003 5751 ιϐ
1036 5692 1233 5750 iterum
1259 5695 1553 5763 rescripsit,
1577 5706 1633 5750 ttt
1663 5712 1818 5752 causa
1844 5713 1939 5766 per

356 5771 582 5821 θΗιιιιὊε
611 5777 1013 5821 retractaretttr.

428 5858 429 5861 π
481 5830 693 5890 Domine
718 5847 770 5887 u'
796 5836 975 5899 supra]
1000 5838 1087 5891 Sir
1121 5837 1212 5890 lth.
1244 5851 1281 5903 t,
1316 5837 1471 5904 Ppisl.
1508 5836 1713 5904 l2,'.lih.
1750 5853 1803 5896 tt,
1853 5851 1935 5902 sp.

2032 4654 2238 4706 initium
2266 4672 2277 4704 :
2302 4652 2531 4723 Domino
2570 4653 2761 4707 illustri
2787 4665 2833 4707 et
2862 4655 3036 4708 merito
3065 4655 3251 4723 insigni
3273 4664 3316 4704 et
3352 4664 3595 4718 prrrstun.

2029 4725 2224 4776 tissime
2250 4722 2359 4788 ﬁlio
2409 4724 2685 4795 Volusiano
2725 4725 3055 4795 Augustinus.
3095 4722 3205 4776 Sub
3236 4724 3592 4795 Ιὶηειιινιιιιις

2033 4795 2345 4845 Incolumem
2363 4794 2734 4861 felicioremque
2756 4791 3289 4846 te'miscrirordissinta
3322 4791 3415 4844 Dei
3441 4794 3596 4844 omni-

2032 4864 2253 4931 potentia
2295 4872 2525 4926 tueatur,
2560 4864 2762 4914 domine
2782 4862 2994 4914 illustris
3023 4871 3068 4913 et
3096 4863 3274 4914 merito
3312 4864 3523 4930 insignis
3549 4874 3596 4931 et

2032 4932 2447 5002 prastantissime
2480 4933 2571 5000 ﬁli.
2610 4931 2912 5002 Eademque
2942 4934 2992 4983 in
3026 4932 3295 4999 plerisque
3319 4936 3519 5002 August
3542 4930 3594 4985 ni

2031 5011 2082 5052 ct
2113 5000 2337 5053 aliorum
2366 4999 2603 5067 epistolis
2629 4999 2863 5056 cernitur
2884 5003 3155 5069 repetitio.
3180 5004 3347 5064 Quam
3381 4999 3437 5056 ut
3465 5004 3597 5054 vita-

2032 5080 2152 5123 rent
2181 5070 2405 5128 librarii.
2429 5069 2747 5138 compendio
2777 5071 3081 5136 utebantur,
3122 5074 3357 5139 prmlixis
3392 5074 3593 5134 verbis,

2033 5155 2099 5191 cr
2129 5155 2312 5203 sumta,
2349 5140 2449 5192 hoc
2479 5151 2581 5204 est,
2627 5150 2683 5193 nt
2727 5140 2878 5196 initio
2911 5142 3152 5201 epistolae
3182 5143 3437 5209 st-riptunt
3479 5142 3592 5193 fttit.

2033 5214 2347 5281 Quanquam
2376 5211 2512 5276 apud
2539 5211 2833 5281 Ennodiutn
2860 5211 2990 5265 titttli
3020 5227 3204 5265 omnes
3230 5212 3596 5281 ep~stolarutn,

2035 5279 2192 5333 undis
2223 5288 2427 5331 tantum
2453 5280 2754 5333 nominibus
2784 5282 3005 5344 relictis,
3043 5282 3225 5335 omissi
3264 5278 3406 5334 sunt.
3444 5278 3597 5343 Quod

2034 5351 2159 5401 item
2200 5348 2393 5403 accidt
2436 5352 2707 5418 rescriptis
2748 5350 3051 5417 Principum
3105 5353 3153 5403 itt
3188 5351 3371 5402 codice
3399 5364 3459 5418 ac
3506 5362 3599 5418 tto.

2035 5419 2194 5470 vrl'is
2222 5437 2233 5469 :
2268 5433 2437 5484 eoque
2467 5416 2660 5473 factum
2703 5430 2758 5472 ιιι
2788 5422 2870 5472 illa
2898 5438 2912 5476 :
2947 5420 3088 5472 "ore
3107 5421 3317 5471 Taliane
3342 5416 3601 5470 rarissime

2041 5487 2205 5552 nobis,
2238 5496 2291 5539 et
2310 5488 2488 5541 Albim:
2523 5489 2714 5543 Parens
2741 5489 2789 5542 Κ
2792 5492 3021 5543 ονιδδὲιηοε
3059 5487 3515 5553 Augustorum,ae‘
3532 5487 3601 5537 si-

2045 5558 2183 5609 tnilia
2212 5573 2325 5625 quae
2356 5557 2457 5621 bis,
2491 5576 2553 5613 ex
2587 5574 2738 5614 more
2768 5576 2924 5626 quem
2965 5560 3095 5618 dixi,
3128 5555 3293 5621 repeti
3338 5555 3599 5617 solebant,

2047 5643 2084 5678 Si
2108 5628 2207 5697 mel
2238 5635 2463 5690 tantum,
2493 5630 2619 5697 quia
2648 5631 2848 5693 integra
2883 5627 3264 5697 rescriptanon
3297 5634 3441 5687 sunt,
3463 5640 3599 5680 nunc

2046 5698 2097 5749 iu
2125 5696 2318 5757 fronte.
2352 5712 2492 5750 nunc
2513 5694 2577 5750 ad
2600 5700 2812 5751 calcem.
2830 5697 3053 5760 ascripta
3076 5694 3372 5747 videamus.

2120 5766 2138 5793 ⁸
2171 5767 2496 5836 (Jortin/arent
2526 5764 2825 5836 sportulam]
2854 5764 2983 5836 Quia
3010 5763 3196 5832 consul
3231 5772 3348 5836 erat
3368 5763 3600 5836 Boetius,

2047 5837 2209 5900 οιιὶει.
2246 5837 2264 5889 Ι
2315 5833 2468 5902 hujus
2516 5838 2656 5891 libri.
2707 5833 3198 5903 Spo'uulte'atnem.
3226 5834 3412 5890 amicis
3453 5845 3598 5887 nom
