4186 6252
604 473 706 527 147

1058 581 1383 638 EPISTULA
1428 580 1711 636 XXXVIII.

952 660 1228 726 'saaootus
1266 684 1546 723 svumcno
1586 667 1804 739 (pars).

676 764 789 817 Non
816 761 1162 817 Ineflicacitcr
1192 762 1382 829 poscit,
1409 761 1497 830 qui
1547 760 1754 828 parenti
1796 759 2034 812 omnium
2085 775 2178 826 pe-

607 854 845 923 regrinos
865 853 1134 905 insinuat:
1166 852 1431 905 nobilibus
1458 851 1723 920 generalis
1757 849 1979 905 debetur
2007 865 2183 904 asser-

610 948 701 1009 tio,
728 946 955 998 maxime
976 945 1113 1014 apud
1147 959 1239 998 eos
1260 944 1348 1013 qui
1378 943 1633 997 beneficia
1666 943 1905 996 tribuunt
1946 957 2050 995 non
2091 958 2182 995 ro—

606 1037 734 1103 gati.
763 1038 977 1092 Beatum
1028 1036 1309 1090 sublimem
1360 1034 1785 1099 adolescentem,
1841 1033 2179 1101 praesentium

606 1127 862 1194 bajulum,
886 1128 929 1181 si
956 1141 1154 1179 corona
1182 1134 1358 1178 vestra
1385 1124 1668 1194 dignanter
1688 1123 1933 1191 accipiat,
1965 1123 2185 1190 praecla-

607 1234 721 1269 Illlll
742 1216 891 1285 juxta
923 1230 1126 1270 morem
1156 1215 1418 1282 pontilicis
1445 1222 1603 1268 ornat
1630 1213 1889 1267 ofﬁc‘unt.
1924 1216 2016 1266 Est
2040 1214 2182 1266 enim

605 1306 696 1375 qui
723 1306 944 1375 gratiam
977 1314 1207 1358 vestram
1236 1313 1290 1358 et
1320 1305 1582 1358 natalibus
1621 1315 1673 1356 et
1713 1304 1950 1357 moribus
1981 1319 2185 1359 tnereae

603 1396 953 1453 tor:suflicit
1002 1395 1174 1463 dignis
1214 1395 1395 1448 stricta
1443 1394 1698 1447 laudatio.
1753 1393 1903 1446 Nune
1950 1394 2185 1445 servitiis

603 1493 939 1547 salutationis
965 1492 1247 1555 exhibitis,
1282 1506 1441 1559 rogo,
1480 1500 1539 1543 ut
1577 1505 1661 1544 me
1699 1488 1966 1543 amantem
2019 1489 2183 1541 vestri

603 1587 776 1642 crebri
810 1585 1058 1640 relevetis
1099 1584 1524 1652 promulgatione
1559 1582 1831 1651 colloquii.

1082 1673 1414 1729 EPISTULA
1456 1672 1699 1727 XXXIX.

964 1780 1218 1819 ENNODIUS
1257 1779 1535 1817 IIORMISDE
1586 1778 1828 1815 DIACONO.

677 1857 731 1911 Si
760 1855 995 1924 dignatio
1022 1856 1161 1909 circa
1196 1869 1281 1908 me
1307 1854 1566 1922 promissa
1588 1852 1827 1920 duraret,
1855 1860 2187 1906 asset-eretur

1730 472 2001 528 ENNODII
2043 473 2340 527 EPISCOPI
2379 472 2751 528 TICINENSIS

2201 584 2251 642 Α
2281 592 2388 635 ιιιιιι
2416 574 2622 637 animas
2646 590 2869 651 pascunt
2909 596 3030 636 esca
3065 581 3341 650 colloquii.
3394 583 3535 638 Bene
3580 583 3722 636 enim
3759 599 3855 652 per

3755 472 3857 529 M8

2282 676 2476 744 Stylum
2500 674 2717 728 dilectio
2744 673 2970 727 amicam
2997 672 3095 725 sibi
3129 673 3294 741 pingit
3320 670 3549 742 efligiem
3572 690 3586 738 ;
3614 688 3733 727 cunt
3755 691 3856 743 qua

2284 768 2399 818 sine
2429 764 2629 818 laboris
2658 764 2911 833 patientia
2945 764 3167 817 misceat
3209 763 3363 817 mella
3405 777 3734 816 sermonum.
3776 763 3857 818 Ad

2286 859 2387 913 huc
2412 857 2719 927 magnitudo
2749 865 2837 910 tua
2865 856 3057 910 artifex
3084 872 3151 910 ne
3183 856 3461 923 impastatn
3490 856 3716 924 gratiam
3763 856 3862 909 lin-

2283 963 2498 1018 qneres,
2528 946 2809 1015 scripsisti.
2839 946 3018 999 Debeo
3048 944 3483 1007 vicissitudinem,
3509 945 3628 1012 quia
3656 960 3857 999 memo-

2286 1054 2398 1093 rem
2427 1040 2530 1092 mei
2564 1049 2614 1092 te
2643 1052 2762 1092 esse
2802 1038 3047 1106 cognovi.
3088 1036 3303 1089 Honore
3347 1051 3475 1104 ergo
3524 1036 3861 1090 salutationis

2286 1130 2545 1194 exhibito,
2580 1144 2710 1197 rogo
2763 1137 2820 1181 ut
2847 1127 2985 1196 quod
3015 1129 3120 1182 scis
3146 1127 3283 1195 apud
3311 1142 3463 1181 caros
3492 1135 3546 1180 et
3582 1126 3861 1181 affectione

2288 1219 2539 1287 prteditos
2565 1233 2685 1273 esse
2726 1219 3015 1287 pretiosum
3096 1218 3195 1271 sub
3240 1218 3637 1272 continuatione
3686 1217 3863 1271 facere

2288 1326 2393 1363 non
2416 1312 2649 1363 omittas.

2800 1397 3130 1453 EPISTOLA
3188 1397 3345 1452 XLII.

2835 1506 3093 1545 ENNODIUS
3117 1505 3326 1543 ΑνιεΝο.

2360 1582 2709 1651 Aigritudinis
2738 1592 2933 1636 vestrae
2965 1582 3219 1636 indicium
3255 1585 3305 1636 in
3349 1597 3481 1636 mete
3531 1581 3752 1652 contigit
3784 1581 3867 1636 in-

2290 1685 2643 1728 crementum.
2678 1673 2807 1727 Nam
2839 1673 2957 1725 talis
2983 1687 3194 1736 semper
3213 1682 3267 1727 et
3288 1687 3413 1726 usus
3434 1682 3489 1725 et
3519 1687 3653 1741 pene
3676 1682 3862 1725 natura

2290 1764 2523 1829 solliciti,
2554 1774 2612 1817 ut
2634 1765 2718 1817 vix
2739 1763 2925 1819 credat
2945 1764 3224 1817 transiisse
3247 1762 3390 1831 quod
3413 1762 3599 1817 metuit
3626 1780 3638 1814 :
3671 1771 3728 1817 et
3745 1778 3866 1831 qua:

2293 1855 2416 1908 fecit
2444 1855 2763 1922 Redemptor
2792 1864 2971 1909 noster
2995 1855 3201 1909 cteleSIi
3230 1854 3552 1924 benignitate
3571 1855 3865 1923 praeterita,

603 1933 907 2013 frequentia
940 1944 1236 1999 litterarum
1269 1938 1287 1994 ε’
1313 1944 1398 1995 vix
1422 1941 1713 2009 reSpiciunt
1756 1942 2006 2006 humiles,
2052 1957 2187 2010 quos
2225 1943 2264 1999 Β
2290 1947 2440 2013 quasi
2466 1945 2570 1999 sint
2604 1945 2657 1999 itt
2696 1946 2917 2009 occultis
2965 1946 3136 1999 locata
3179 1947 3431 2014 suspirat.
3484 1946 3619 2000 Vere
3666 1946 3868 1999 domne

601 2036 667 2087 ad
690 2049 868 2089 arcem
899 2044 1121 2088 eventus
1148 2048 1373 2103 prosper
1397 2033 1665 2087 erexerit:
1689 2048 1849 2101 grave
1868 2043 1971 2099 est,
1994 2034 2037 2086 si
2061 2049 2185 2101 spes

604 2125 959 2179 secundarum
989 2139 1167 2177 rerum
1194 2122 1434 2177 caritatis
1465 2138 1633 2175 nexus
1681 2122 1877 2176 incidat
1905 2141 1916 2174 :
1944 2138 2050 2177 non
2094 2125 2187 2177 de-

602 2218 695 2273 het
724 2216 1071 2286 przejudicare
1097 2215 1383 2283 diligentia:
1402 2254 1416 2278 ,
1447 2215 1529 2267 cui
1560 2214 1851 2267 secundum
1876 2223 1996 2267 vota
2038 2215 2186 2267 blan-

603 2308 767 2359 ditur.
805 2306 860 2359 Si
885 2313 1060 2359 tamen
1085 2303 1284 2372 aliquid
1314 2302 1455 2356 circa
1482 2316 1567 2355 tne
1595 2303 1779 2371 gratiae
1809 2303 2114 2365 custoditis;
2139 2304 2184 2355 si

605 2397 734 2449 vivit
770 2396 969 2449 amoris
1008 2394 1227 2463 polliciti
1280 2391 1512 2446 scintilla
1538 2432 1553 2455 ,
1599 2391 1823 2444 Beatum
1870 2392 2187 2446 commendo

606 2486 998 2540 nobilissimum
1025 2485 1419 2538 adolescentem
1462 2484 1806 2552 prmsentittm
1836 2484 2145 2552 portitorem
2171 2501 2186 2547 ;

607 2579 690 2631 cui
717 2576 918 2645 justum
963 2586 1044 2630 est
1083 2586 1139 2628 ut
1184 2573 1615 2628 consideratione
1644 2573 1777 2639 mei,
1817 2584 1871 2626 et
1914 2583 2185 2642 parentem

609 2667 881 2722 beatitudo
909 2677 1084 2721 vestra
1117 2666 1404 2735 impendat,
1431 2675 1486 2719 et
1513 2664 1757 2732 patriam.
1787 2664 1915 2717 Esto
1944 2665 2188 2732 specialis

611 2768 777 2821 tutor,
806 2758 1042 2810 omnium
1075 2772 1195 2810 mox
1224 2754 1456 2809 futurus.
1490 2754 1711 2809 Domine
1752 2755 1948 2819 frater,
1994 2753 2189 2807 saluta-

554 2922 557 2925 Δ
612 2850 771 2901 tionis
826 2848 1122 2901 humilitate
1169 2846 1443 2913 depensa,
1496 2858 1625 2913 rogo
1675 2857 1730 2897 ut
1774 2845 1873 2897 sub
1918 2845 2190 2899 celeritate

611 2959 764 3010 quam
794 2941 929 2997 bene
956 2940 1196 3003 Valentis,
1224 2940 1513 3006 scriptione
1534 2938 1771 3009 signctis.

1161 3049 1496 3104 EPISTULA
1529 3049 1641 3104 XL.

1144 3156 1258 3192 ESN'
1282 3155 1398 3192 DIUS
1448 3154 1654 3192 ΒΟΕΤΙΟ.

681 3232 900 3284 I’rccutn
966 3232 1173 3284 iteratio
1234 3232 1424 3283 honam
1474 3231 1854 3284 conscientiam
1909 3230 2191 3283 oblivionis

2290 2037 2512 2096 Aviene,
2533 2035 2644 2104 jam
2678 2037 2727 2089 in
2765 2051 2851 2089 me
2889 2036 3018 2089 nihil
3057 2036 3125 2090 de
3163 2051 3323 2089 usura
3374 2035 3505 2089 lucis
3548 2036 3731 2101 istius,
3763 2035 3865 2087 nisi

2289 2139 2462 2182 vestra
2488 2137 2714 2190 tantum,
2750 2138 2865 2195 post
2891 2142 3129 2182 amorem
3160 2127 3284 2189 Dei,
3327 2126 3586 2180 remansit
3611 2125 3822 2178 alfectio
3850 2141 3864 2176 :

2288 2219 2500 2280 qttando
2534 2217 2725 2271 melius
2747 2233 2951 2272 mecum
2978 2220 3172 2286 agitur,
3207 2217 3327 2271 talis
3368 2233 3507 2278 sunt,
3537 2216 3749 2285 qualem
3780 2231 3869 2270 me

2291 2308 2343 2360 itt
2369 2308 2742 2376 desperatione
2769 2308 3067 2362 dimisistis.
3097 2310 3352 2377 Superest
3383 2318 3440 2361 ut
3481 2307 3727 2375 precibus
3774 2323 3863 2359 ve-

2289 2399 2415 2452 stris
2443 2408 2497 2451 et
2524 2409 2862 2467 peccatorum
2914 2400 3160 2453 remissio
3200 2402 3559 2462 concedatur,
3602 2410 3655 2450 et
3702 2398 3745 2450 si
3795 2397 3866 2450 ita

2294 2489 2399 2541 Deo
2424 2488 2657 2551 videtur,
2685 2503 2781 2557 pro
2808 2489 2822 2519 ¹
2856 2489 2972 2543 vice
3003 2488 3223 2543 remedii
3250 2488 3426 2541 obitus
3448 2488 3591 2541 celer
3615 2490 3823 2542 eveniat
3849 2528 3864 2552 ,

2291 2595 2357 2632 ne
2377 2581 2611 2634 amarius
2640 2580 2709 2633 sit
2739 2592 2911 2634 morte
2934 2580 3071 2650 quod
3106 2582 3245 2633 vivo.
3279 2580 3503 2635 Domine
3533 2580 3601 2632 ιιιί
3621 2619 3638 2644 ,
3667 2581 3865 2632 saluta-

2292 2670 2490 2723 tionem
2555 2669 2788 2724 debitam
2846 2681 2951 2723 tola
3004 2670 3304 2723 humilitate
3352 2671 3690 2739 persolvens,
3736 2683 3871 2736 rogo

2292 2771 2346 2812 ut
2375 2776 2468 2825 per
2500 2776 2615 2822 vos,
2648 2761 2771 2829 quid
2806 2761 2856 2814 in
2887 2775 3043 2814 causa
3072 2770 3245 2814 vestra
3276 2759 3341 2813 de
3369 2760 3533 2813 IIonta
3576 2761 3863 2819 nuntietur.

2292 2866 2599 2917 agnoscam.

2799 2939 3121 2995 EPISTULA
3168 2939 3348 2994 XLIII.

2806 3046 3057 3084 ENNODI'US
3096 3046 3362 3084 MESSALA).

2362 3121 2604 3190 Nunquid
2644 3121 2927 3191 aliquando
2973 3122 3042 3174 ab
3100 3121 3291 3175 effectu
3327 3121 3567 3184 destitit,
3614 3120 3704 3188 qui
3749 3120 3865 3175 Deo

2292 3227 2413 3265 cum
2444 3211 2631 3265 fiducia
2656 3211 3008 3279 supplicavit?
3038 3211 3092 3264 Si
3120 3212 3331 3263 animus
3359 3210 3410 3263 in
3441 3210 3544 3263 title
3575 3224 3679 3262 non
3711 3211 3860 3263 clau-

610 3330 842 3375 accnsat.
876 3321 981 3374 Sed
1030 3322 1257 3373 faceSSat
1292 3321 1569 3373 stimulare
1599 3332 1936 3385 currentem,
1978 3330 2031 3373 et
2060 3335 2180 3373 con-

2294 3303 2456 3369 dicet,
2488 3312 2541 3356 et
2567 3310 2684 3356 vota
2712 3313 2765 3356 et
2787 3312 3031 3356 votorum
3074 3302 3226 3370 copia
3272 3301 3685 3370 conjunguutur.
3733 3303 3864 3355 Ecca

610 3423 837 3465 stantem
866 3412 1033 3464 virum
1070 3410 1135 3464 ad
1158 3412 1470 3463 memoriam
1498 3412 1867 3479 promission’s
1891 3411 2186 3480 impellere.

618 3505 741 3560 Ihrc
768 3503 835 3558 de
865 3502 946 3555 his
972 3518 1088 3569 qua:
1132 3517 1163 3553 a
1200 3516 1285 3555 me
1329 3501 1529 3553 dudum
1576 3500 1795 3554 culmini
1838 3508 2016 3552 vestro
2066 3508 2190 3551 sunt

619 3596 841 3660 scripta,
876 3592 1196 3661 perstrinxi;
1229 3602 1281 3645 ttt
1306 3591 1522 3644 domum
1545 3591 1612 3644 de
1657 3607 1757 3659 qua
1800 3591 1906 3657 jam
1959 3592 2142 3658 pagina
2173 3591 2184 3642 i

614 3685 809 3738 indicio
834 3685 1081 3737 voluntas
1115 3691 1290 3736 vestra
1320 3692 1401 3735 est
1431 3681 1687 3749 patefacta
1710 3721 1724 3745 ,
1758 3682 2045 3750 perficiam.
2082 3681 2187 3734 lte-

613 3775 752 3837 quua
782 3772 1023 3840 epistola:
1046 3770 1384 3824 salutationis
1410 3771 1594 3823 nuntio
1618 3773 1944 3838 mancipavi;
1977 3782 2029 3822 ut
2054 3772 2190 3823 sient

612 3863 750 3931 apud
780 3878 875 3915 nos
904 3862 1153 3915 valetudo
1177 3860 1227 3914 itt
1260 3862 1488 3914 statione
1510 3871 1614 3925 est,
1644 3862 1711 3914 ita
1740 3861 1805 3913 de
1831 3860 2061 3913 culmine
2101 3876 2190 3913 ve-

614 3965 727 4005 stro
754 3952 991 4007 caelestis
1023 3953 1179 4007 faciat
1211 3952 1361 4005 favor
1389 3951 1628 4018 agnosci.

1138 4040 1468 4095 EPISTULA
1526 4039 1660 4093 XLI.

1140 4148 1395 4185 ENNUDIUS
1427 4145 1672 4183 AGAPITO.

681 4222 1034 4276 Insolabiliter
1062 4236 1333 4275 amantum
1366 4222 1591 4277 fet-retur
1621 4221 1881 4281 absentia,
1908 4221 2006 4273 nisi
2034 4235 2189 4285 opem

615 4315 802 4368 darent
831 4314 1062 4368 reinedia
1101 4314 1432 4377 litterarum,
1474 4328 1591 4380 qua:
1620 4310 1832 4379 jejttnas
1880 4311 2189 4364 desideran-

617 4447 834 4500 Itottoris
858 4461 1016 4499 eausa
1046 4445 1396 4500 debebantur.
1425 4442 1782 4512 Symmachus
1806 4442 1963 4509 epist.
1997 4443 2179 4506 ultima

614 4517 705 4569 lth.
739 4532 789 4570 Ix
818 4533 830 4569 :
864 4516 1162 4583 Sportulam
1202 4514 1494 4568 consulatus
1538 4514 1636 4565 mei
1661 4523 1707 4566 et
1733 4512 1973 4566 anticitia:
1999 4523 2189 4563 nostra:

612 4597 659 4637 et
685 4587 860 4638 honori
887 4597 973 4639 tuo
993 4587 1168 4638 debeo.

684 4658 701 4686 ¹
740 4652 859 4707 Vice
880 4655 1086 4706 remedii
1111 4651 1294 4721 obitus]
1334 4654 1433 4718 Qui
1462 4653 1714 4705 diuturno
1741 4650 1929 4721 morbo
1949 4650 2180 4719 languet,

615 4733 838 4779 mortem
866 4734 1030 4790 optat,
1058 4734 1115 4776 ut
1142 4720 1460 4777 rettte’diutn.
1496 4721 1659 4774 Vetus
1686 4720 2045 4787 epitaphium,

723 4803 885 4861 ἰιλθες
908 4806 1030 4871 igni;
1056 4808 1186 4867 ζωῆς
1206 4803 1569 4875 γλυκερώτερε,
1598 4798 1655 4857 ὃς
1679 4810 1729 4870 μ’
1749 4800 2007 4875 saepe“

824 4868 1051 4937 Νουὰῶν,
1074 4877 1158 4925 καὶ
1180 4868 1438 4941 rapacem,
1467 4868 1547 4923 z'ai
1571 4868 1792 4939 ptoyspéc
1818 4868 2100 4940 ποδάγρας.

628 4996 2923 5020 __________,_______________________.___._.____

2298 3395 2405 3459 egit
2429 3393 2568 3459 apud
2598 3407 2693 3445 vos
2720 3393 2988 3446 silentium
3019 3408 3227 3455 meum,
3263 3394 3401 3461 quod
3442 3392 3573 3445 tanti
3617 3403 3865 3461 tempore

2299 3499 2402 3541 non
2437 3485 2599 3536 valuit
2627 3485 2870 3537 obtinere
2900 3483 3210 3552 loquacitas.
3241 3485 3506 3550 Quantum
3530 3482 3702 3549 video,
3738 3482 3869 3536 scti-

2300 3585 2384 3641 pta
2441 3588 2615 3629 vestra
2666 3576 2766 3629 nisi
2800 3576 3132 3628 taciturnitas
3161 3592 3263 3629 non
3285 3587 3519 3629 meretur
3544 3593 3556 3628 :
3586 3590 3720 3643 quos
3747 3591 3871 3627 mu-

2300 3676 2381 3721 tos
2410 3668 2632 3735 putatis,
2683 3667 3010 3737 alloqttitttini
3048 3684 3062 3719 :
3095 3668 3162 3721 ab
3203 3668 3285 3722 his
3324 3668 3515 3736 quibus
3546 3667 3715 3736 lingua
3746 3682 3873 3720 esse

2297 3760 2550 3821 creditur,
2579 3758 2854 3813 abstinetis
2905 3758 3097 3812 Fecisti
3129 3767 3300 3812 tamen
3331 3759 3471 3825 quod
3510 3758 3684 3811 decuit
3713 3756 3869 3809 dom-

2299 3867 2336 3903 ιτ
2356 3866 2422 3903 am
2443 3859 2517 3914 et,
2547 3859 2602 3903 ιιι
2630 3849 2729 3918 ipsi
2758 3849 2953 3911 dicitis,
2988 3858 3292 3917 parentem;
3320 3860 3372 3901 ιιι
3414 3865 3506 3902 me
3530 3848 3673 3913 gravi
3713 3849 3872 3915 aegri-

2301 3942 2481 3995 tudine
2510 3942 2820 4010 depressum
2851 3942 3066 4010 dignum
3109 3944 3302 4008 putetis
3330 3944 3581 4010 alloquio.
3622 3942 3771 4009 Rogo
3817 3952 3877 3995 ιιι

2302 4032 2402 4085 hoc
2429 4032 2535 4084 sub
2557 4032 2959 4086 continuatione
2999 4030 3227 4085 faciatis.
3263 4032 3487 4085 Domine
3533 4032 3625 4092 mi,
3672 4033 3879 4083 saluta.

2300 4123 2455 4175 tionis
2478 4122 2830 4177 reverentiam
2858 4123 3070 4175 solvens
3099 4136 3260 4191 posco
3309 4133 3364 4175 ut
3388 4138 3482 4190 pro
3507 4138 3591 4175 me
3622 4137 3717 4190 per
3758 4138 3875 4174 om-

2297 4226 2391 4265 nes
2421 4212 2512 4266 Dei
2554 4222 2766 4266 sanctos
2806 4212 3109 4281 supplicare
3164 4230 3268 4267 non
3318 4214 3563 4278 desinas,
3612 4222 3877 4282 quatenus

2297 4305 2418 4358 vita:
2446 4304 2703 4367 redditus,
2731 4304 2799 4358 de
2820 4305 3025 4359 visione
3045 4315 3220 4359 vestra
3249 4306 3535 4373 gaudeam.

2783 4446 2936 4522 ATP”.
2978 4446 3391 4522 ΑΜῩΙΚΤΥΩΝ

2892 4506 3026 4578 ἄγων
3065 4506 3177 4566 ἔτος
3214 4518 3254 4559 0

2524 4622 2716 4675 Venisti
2743 4622 2946 4674 tandem
2973 4622 3073 4673 vita
3101 4623 3226 4673 mihi
3253 4621 3474 4683 dulcior,
3496 4632 3542 4672 et
3570 4636 3647 4672 me

2574 4694 2783 4746 Solvisli
2807 4694 2989 4743 morbis
3008 4692 3255 4749 tristibus.
3270 4702 3317 4743 et
3354 4698 3597 4758 podagra.

2743 4761 2924 4817 AUIt.
2967 4759 3433 4814 AMPHICTYO

2813 4848 3007 4883 annum
3035 4845 3197 4899 agens
3224 4847 3344 4883 uix.

1791 5091 2166 5190 LIBER
2229 5088 2703 5191 NONUS.

1088 5308 1418 5361 EI'IS'IOLA
1461 5307 1693 5361 PRIMA.

1105 5423 1356 5460 ENNUDIUS
1389 5408 1403 5437 ¹
1437 5424 1685 5460 annos“.

679 5501 847 5554 Velim
898 5499 969 5551 ita
1009 5497 1176 5551 labori
1225 5512 1343 5549 meo
1386 5495 1592 5557 faveas,
1638 5507 1693 5547 ut
1735 5496 1921 5563 jo-jtmo
1973 5493 2181 5545 veniam

680 5634 695 5660 ²
724 5629 949 5699 Aratori]
975 5629 1167 5682 Libens
1184 5626 1383 5681 accedo
1413 5626 1477 5678 ad
1503 5636 1865 5699 conjecturam
1887 5622 2182 5699 doetissimi

611 5696 1236 5764 rardinalisJAratnrmn
1262 5703 1400 5751 hunc
1423 5711 1544 5748 esse
1573 5696 1663 5763 qui
1692 5696 2066 5764 apostolorum»
2084 5696 2185 5764 Ac-

609 5780 693 5818 ms
721 5762 963 5820 versilms
1001 5770 1268 5833 υχνοιιιίι.
1303 5766 1499 5819 Verum
1537 5768 1579 5816 is
1612 5767 1711 5817 Itoc
1740 5780 1976 5830 tempore
2004 5762 2185 5833 adole-

603 5850 759 5891 scens
788 5838 961 5891 adhuc
990 5832 1133 5899 erat,
1155 5849 1209 5892 et
1240 5838 1506 5891 Musarum
1533 5846 1707 5890 tamen
1738 5836 1790 5888 in
1820 5833 2010 5887 castris
2032 5832 2189 5885 utiles

2216 5311 2263 5368 ι)
2292 5318 2509 5373 pra-stes
2543 5303 2771 5369 ingenio.
2818 5304 2939 5371 quia
2982 5302 3127 5356 nefas
3158 5310 3241 5355 est
3280 5303 3334 5353 in
3371 5298 3739 5353 devotionibus
3775 5293 3880 5346 tle-

2288 5396 2417 5464 spici
2442 5394 2723 5448 amabilem
2770 5394 3009 5448 discendi
3058 5395 3401 5462 cupiditatem
3439 5408 3452 5446 :
3485 5389 3879 5460 quandoqaml

2288 5488 2554 5557 gratiosus
2583 5487 2861 5549 obtulerit,
2893 5486 3055 5539 duvtts
3094 5500 3270 5538 rerum
3319 5485 3582 5550 interpres
3620 5488 3879 5533 evacuat.

2294 5632 2395 5671 non
2433 5619 2665 5684 ignotus.
2705 5627 2761 5668 ιιι
2806 5627 3000 5682 ιιτειιιετ
3043 5617 3175 5669 hanc
3224 5614 3361 5667 hitue
3408 5609 3699 5684 superioris
3746 5608 3883 5684 libri

2293 5681 2531 5752 epistola:
2575 5681 2883 5738 ostendunt.
2928 5688 3173 5753 Ligurem
3220 5695 3385 5750 patria
3419 5684 3603 5740 fuisse,
3636 5681 3893 5733 facntntu

2297 5766 2836 5824 patrettaltttn,alqtte
2869 5757 2919 5807 itt
2958 5756 3164 5817 Liguria
3191 5757 3299 5821 ipsa
3329 5755 3596 5808 eruditum
3622 5760 3885 5824 ,_et_t'au-

2296 5817 2442 5882 ἐιύίρί
2479 5828 2656 5880 ol'licio
2687 5817 2958 5895 fune-tuin:
2998 5817 3313 5891 legationem
3337 5825 3500 5878 etiam
3532 5838 3627 5889 pro
3650 5817 3892 5871 Dahna-
