4186 6252
592 352 593 355 γ
630 364 729 441 tsi

1720 368 2018 431 ‘E-NSODII
2060 369 2359 427 El’lSCOl’l
2396 367 2773 437 TiCINENSlS

3791 369 3894 447 iss

639 489 806 547 nostri
858 491 1092 559 potentia
1144 488 1396 543 restituti.
1448 486 1560 555 Ego
1604 493 1804 547 tamen,
1842 483 2086 553 quamvis
2112 496 2210 535 sint
2242 486 2291 542 Α
2323 485 2419 533 vlt.
2464 478 2621 532 Venit
2654 479 2718 532 ad
2749 494 2833 531 me
2863 493 2979 532 sera
3022 478 3236 547 quidem
3272 478 3481 545 relatio,
3531 480 3623 532 sed
3668 483 3882 534 votiva:

634 582 885 648 prodigus
915 580 1102 634 frontis
1118 590 1173 633 et
1198 578 1462 647 garrulus,
1494 592 1593 630 nec
1617 577 1740 630 dum
1760 575 1828 629 de
1855 591 1938 628 tne
1962 574 2204 628 ﬁduciam

632 686 841 735 gerens,
897 671 1223 737 pr0pinquos
1269 668 1505 721 insinuo.
1559 666 1910 720 Prmsentium
1960 663 2204 731 portitor,

633 761 811 813 domui
868 759 1099 812 Faustini
1155 758 1318 815 ﬁlius.
1368 756 1694 811 sufﬁcienter
1743 756 1877 808 bona
1928 752 2209 822 pollicetur

634 853 820 906 merita
866 851 935 905 de
986 860 1248 919 parente:
1284 850 1427 903 hunc
1455 859 1511 902 ul
1546 863 1639 901 vos
1668 848 1910 910 foveatis,
1946 847 2205 915 imploro:

633 942 755 1009 quia
788 942 925 995 bene
966 942 1137 995 nostis
1182 955 1283 1009 qua
1318 942 1385 994 sit
1420 949 1628 993 creator
1666 939 1782 1008 ejus
1836 953 2043 992 morum
2094 938 2208 990 luce

629 1034 949 1103 conspicuus
985 1048 1125 1087 :uec
1171 1033 1328 1087 debet
1371 1033 1436 1085 ad
1484 1032 1619 1085 alios
1668 1031 1941 1090 festinare.
1984 1030 2093 1083 nisi
2140 1031 2205 1081 ad

630 1140 749 1189 vos,
797 1138 1166 1194 quemcunque
1209 1124 1331 1176 vitae
1378 1121 1667 1176 auctoritas
1718 1133 1887 1174 armat
1936 1130 1992 1174 et
2041 1134 2205 1188 gene-

633 1218 730 1275 ris.
760 1217 925 1284 Ergo,
955 1217 1150 1269 domne
1178 1214 1273 1281 mi,
1307 1213 1564 1280 obsequio
1582 1210 1916 1265 salutationis
1945 1212 2203 1277 impenso,

630 1323 762 1376 rogo
792 1317 849 1361 ut
878 1307 1279 1376 prosperitatem
1312 1311 1542 1359 vestram
1588 1304 1888 1373 epistolaris
1936 1318 2060 1356 cura
2092 1316 2204 1355 ma-

631 1399 865 1455 uifestet.

1201 1466 1532 1522 EPISTOLA
1570 1465 1637 1521 γ.

1000 1561 1254 1601 εΝΝουιυε
1281 1560 1555 1599 ΠΟΙΚΙΙΒΒΑΕ
1590 1558 1828 1597 IAIACONO.

703 1640 949 1695 Caslesis
969 1638 1297 1707 dispensatio
1314 1636 1686 1705 epistolaribus
1704 1633 1977 1687 beneﬁciis
1993 1633 2205 1701 juurtos

630 1731 853 1784 raritate
871 1726 1151 1784 consociat
1176 1744 1191 1783 :
1219 1728 1346 1780 dum
1368 1741 1504 1795 quos
1535 1724 1790 1778 discernit
1814 1725 2058 1777 itinerum
2085 1738 2203 1791 pro-

631 1822 827 1889 lixitas,
857 1821 910 1875 in
941 1820 1177 1874 remedio
1205 1816 1578 1871 sollicitudinis
1601 1816 1776 1884 jungit
1802 1814 2032 1878 ali'ectio,
2063 1815 2105 1866 si
2129 1814 2196 1867 sit

630 1926 755 1963 cura
786 1909 1071 1964 sermonis.
1104 1907 1385 1963 Silentium
1419 1916 1595 1959 tamen
1638 1916 1874 1959 vestrum
1907 1904 2064 1957 nimis
2107 1902 2200 1956 ad-

629 2001 817 2063 miror,
844 1998 983 2066 quod
1017 2006 1135 2065 post
1163 1996 1417 2065 deposita;
1448 1995 1685 2049 sarcinas
1713 1995 2039 2064 a‘gritudinis
2061 1994 2200 2048 nulla

633 2107 720 2146 me
747 2091 1068 2145 allocutione
1098 2089 1436 2144 sublevastis.
1471 2088 1577 2144 Sed
1621 2089 1742 2158 quia
1796 2088 2059 2157 loquendo
2102 2103 2203 2157 op-

628 2189 860 2247 portune
888 2185 1146 2250 cogimus,
1190 2189 1249 2234 ut
1288 2180 1547 2248 loquaris,
1572 2184 1651 2233 vel
1682 2180 1880 2248 garruli
1912 2180 2203 2234 imitatione

633 2273 913 2342 responde.
971 2273 1112 2326 Bene
1150 2274 1291 2328 enim
1340 2288 1426 2326 res
1466 2272 1715 2326 desiderii
1762 2282 1813 2325 et
1864 2274 2116 2341 poscitur,
2149 2284 2203 2329 et

634 2366 951 2431 impetratur
1008 2366 1297 2433 exemplis.
1356 2364 1492 2434 Ergo
1554 2366 1808 2419 honorem
1867 2368 2204 2421 salutationis

633 2454 969 2522 impendens,
1002 2454 1176 2508 iudico
1217 2470 1321 2517 me,
1375 2454 1485 2507 fleo
1530 2454 1779 2523 propitio,
1834 2458 1938 2521 iam
1984 2457 2200 2520 valere.

633 2546 961 2615 supplicans,
994 2556 1052 2600 ut
1081 2546 1278 2600 vicaria
1319 2546 1445 2600 mihi
1478 2546 1597 2615 styli
1649 2547 2069 2618 promulgatione
2111 2549 2201 2603 he-

632 2638 865 2693 uedicas.

1200 2728 1521 2784 EPISTOLA
1554 2728 1641 2781 \‘l.

1177 2834 1433 2875 ENNODWS
1466 2836 1658 2875 BBA'I‘O.

703 2936 759 2989 Si
790 2933 1109 3003 proferenda
1136 2934 1462 3002 temporibus
1482 2934 1548 2986 de
1569 2930 1883 2988 eruditionis
1921 2948 2099 2989 messe
2122 2950 2204 3004 pe-

636 3025 800 3079 ctoris
842 3025 1035 3078 horreo
1078 3024 1434 3089 condidisses,
1460 3025 1654 3092 jejuna:
1699 3024 1766 3078 ab
1812 3024 2054 3092 epistolis
2102 3025 2203 3077 tuis

634 3116 1044 3170 commeantium
1073 3114 1307 3169 dexterae
1339 3130 1445 3168 non
1474 3116 1734 3169 venirent.
1759 3116 1863 3170 Sed
1891 3119 2011 3183 quia
2036 3117 2202 3187 negli-

627 3208 862 3275 gentiam
892 3218 942 3258 et
971 3206 1307 3259 sterilitatem
1356 3214 1500 3259 tuam
1528 3206 1792 3260 sermonis
1831 3206 2005 3274 prodit
2030 3206 2195 3262 abSti-
2227 3196 2271 3256 C

626 3299 808 3351 nentia
836 3337 849 3359 ,
884 3311 981 3349 nos
1008 3310 1227 3349 necesse
1255 3304 1338 3349 est
1367 3296 1556 3349 iterum
1580 3296 1645 3349 ad
1668 3300 1927 3351 culturam
1957 3299 2199 3360 admoni-

629 3388 788 3440 tionis
810 3401 1109 3452 assurgere,
1137 3397 1187 3437 et
1220 3396 1365 3453 terga
1393 3385 1553 3457 jacds
1585 3386 1864 3440 infecunda
1910 3389 2201 3444 seminibus

626 3478 881 3532 recidivis
910 3477 974 3530 ad
1009 3479 1303 3531 ubertatem
1336 3480 1497 3532 sulcis
1542 3493 1754 3545 urgere.
1793 3478 1889 3532 Ubi
1935 3490 2056 3532 sunt
2087 3496 2201 3533 mo-

626 3572 736 3624 uita
802 3585 921 3638 qum
950 3569 1089 3637 apud
1124 3570 1481 3623 tc‘asserebas
1522 3585 1642 3624 esse
1698 3572 1938 3624 victura?
1964 3570 2052 3625 ubi
2082 3583 2200 3625 stu—

624 3663 771 3713 utinm
821 3660 1181 3728 colloquendi,
1230 3674 1324 3728 per
1364 3660 1504 3728 quod
1547 3670 1600 3713 et
1633 3661 1852 3714 scientia
1886 3671 2119 3728 patescat
2147 3674 2200 3717 et

625 3748 848 3803 caritas?
874 3747 1344 3803 Clamaut‘sileotia
1366 3759 1473 3812 tua,
1504 3760 1552 3803 te
1583 3765 1685 3803 non
1713 3760 2016 3805 assecutum
2056 3752 2197 3820 quod

625 3840 749 3893 boni
780 3839 993 3907 dignum
1026 3839 1575 3908 possitessejudicio.
1608 3839 1737 3894 Nam
1781 3843 1923 3893 sicut
1962 3857 2081 3895 rara
2107 3843 2200 3895 do-

624 3941 761 3993 ctos,
793 3931 863 3986 ita
892 3932 1141 3985 continua
1174 3933 1353 3993 prodit
1386 3931 1711 3985 taciturnitas
1736 3932 2039 4002 imperitos.~
2063 3935 2199 4002 Ergo

620 4023 899 4087 erubesco,
934 4010 989 4077 et
1029 4024 1244 4078 tandem
1293 4025 1581 4093 aliquando
1628 4040 1816 4092 rumpe
1865 4025 2098 4088 vincula,
2148 4036 2199 4079 et

624 4114 1000 4181 impedimenta
1016 4128 1345 4167 sermonum.
1363 4114 1599 4168 Ostende
1617 4116 1741 4183 quid
1765 4116 1963 4178 valeas,
1978 4116 2199 4169 ostende

622 4205 748 4272 quid
791 4205 1143 4272 promoveris,
1173 4205 1217 4257 si
1252 4213 1428 4258 tamen
1464 4213 1514 4258 te
1553 4205 1704 4272 juxta
1736 4214 1917 4259 vottun
1960 4216 2197 4260 nostrum

622 4296 789 4361 gratia
818 4307 1046 4362 superna
1094 4312 1198 4349 non
1224 4295 1445 4351 deserit.
1481 4296 1627 4348 Nunc
1662 4296 1998 4351 salutationis
2028 4297 2196 4351 hono-

618 4405 735 4459 rem
788 4389 993 4458 accipe,
1046 4400 1097 4443 et
1149 4389 1293 4443 brevi
1342 4398 1627 4444 contentus
1669 4390 1920 4458 epistola,
1970 4405 2200 4459 agnosce

622 4483 758 4553 patri
786 4493 893 4557 .tuo'
928 4499 1046 4553 qua:
1094 4484 1245 4554 longa
1298 4483 1636 4551 correptione
1689 4492 1993 4537 reserentur
2037 4484 2199 4538 fuisse

622 4576 891 4631 mandata.

1173 4663 1496 4720 EPISTOIA
1533 4667 1641 4719 ΥΠ.

1166 4772 1419 4811 ENVtttitUs
1446 4773 1657 4812 AVIENO.

696 4850 963 4903 lienedico
996 4848 1085 4903 D'ei
1116 4849 1283 4902 nostri
1311 4847 1571 4916 triplicem
1611 4848 1662 4901 in
1693 4846 2056 4915 majeStatibus
2084 4850 2199 4901 uui-

623 4949 787 4991 tatem
820 4949 938 5002 ηοω
966 4951 1063 4991 me'
1094 4940 1231 4992 inter
1267 4940 1538 5005 auguStias
1580 4954 1748 4999 meas,
1782 4937 2029 5005 peifcctm
2060 4936 2197 4991 sani-

625 5026 749 5082 tatis
774 5028 919 5092 loco,
940 5028 1017 5083 de
1036 5027 1434 5095 conjunctionis
1467 5037 1661 5083 vestrrc
1705 5044 1925 5082 munere
1955 5028 2201 5083 sublesta-

698 5142 711 5170 ¹
746 5138 941 5193 Damno
982 5138 1201 5209 Liberio]
1248 5139 1474 5193 Patricio
1522 5140 1646 5193 ilc;u
1687 5158 1701 5192 :
1734 5139 1800 5192 de
1848 5155 1963 5204 quo
2003 5140 2089 5192 lib.
2135 5152 2160 5192 ι’
2185 5183 2199 5201 ,

624 5209 781 5277 cpiSt.
815 5210 865 5263 l.
898 5208 1048 5262 Aliud
1080 5208 1554 5263 hocsulmrhanum
1585 5210 1651 5261 alt
1680 5223 1744 5261 eo
1773 5210 1909 5276 quod
1939 5225 1967 5260 a
2013 5209 2204 5262 Fausto

624 5280 871 5346 superius
901 5290 995 5346 per
1025 5278 1236 5331 Florum
1270 5281 1569 5347 postulabat
1600 5280 1758 5348 epist.
1792 5280 1876 5340 li,
1904 5280 1990 5331 lib.
2017 5289 2139 5333 Vm.

700 5353 719 5379 '
751 5350 960 5404 Schut..
989 5356 1176 5399 vestra.

700 5353 719 5379 ‘
751 5353 960 5402 Schut..
989 5356 1176 5399 vestra.

698 5419 720 5449 ³
746 5390 998 5485 {familiis}
1048 5417 1231 5470 Vitiare
1272 5418 1679 5484 consanguinete
1722 5418 1772 5471 in
1820 5415 2009 5481 Gallia,
2043 5416 2092 5470 id
2125 5428 2205 5470 est

635 5491 865 5543 Arelate.
911 5487 1046 5543 Infra
1086 5487 1243 5552 epist.
1286 5485 1355 5539 29
1397 5502 1409 5536 τ
1455 5485 1673 5539 Camilla
1710 5504 1892 5552 parens
1935 5504 2042 5539 mea
2073 5490 2206 5541 intra

631 5557 832 5612 liallias
859 5569 904 5611 et
936 5556 1197 5611 viduitatis
1226 5556 1447 5612 miseria.
1474 5572 1500 5607 ε
1548 5559 1746 5623 gemina
1773 5560 1921 5611 etiam
1949 5560 2204 5625 Captizim-

631 5630 693 5677 trs
711 5628 1031 5681 succubuisse
1054 5627 1217 5696 fertur
1241 5626 1597 5696 incommodis.-
1618 5626 1892 5681 Pareotem
1922 5628 2048 5679 dicit
2067 5669 2078 5686 ,
2106 5644 2206 5679 non

628 5707 875 5763 roatrem,
922 5696 1015 5751 sed
1054 5694 1315 5752 Stttt‘tttine
1344 5694 1704 5763 conjunctam,
1748 5698 1961 5749 militari
2003 5699 2126 5749 olim
2158 5707 2211 5750 ct

624 5762 877 5829 barbara,
927 5766 1030 5817 sed
1073 5766 1297 5823 Βαθεῖὰί
1339 5762 1493 5819 {elate
1546 5776 1783 5826 rcceot‘a.
1829 5770 2211 5840 signiﬁcatio)".-

2326 571 2464 624 adsit
2515 570 2840 637 Redemptor
2872 578 3076 633 noster,
3115 579 3169 623 et
3197 569 3408 638 impleat
3438 571 3574 639 quod
3608 572 3890 630 inclinatus

2312 660 2699 728 supplicatione
2728 658 3019 713 concessit.
3052 659 3273 713 Domine
3303 663 3397 724 mi,
3442 661 3775 717 salutationis
3804 681 3889 718 re-

2312 751 2601 803 verentiam
2628 749 2861 813 solvens,
2893 764 3020 817 rogo
3056 757 3113 801 ut
3142 750 3372 802 actionis
3400 760 3591 804 vestrae
3620 767 3883 807 summam

2312 842 2379 894 de
2410 840 2715 893 suburbano
2769 840 2858 892 illo
2904 854 3025 893 cum
3068 850 3291 909 parente
3320 850 3497 894 vestro
3528 843 3543 872 ¹
3574 842 3772 897 donuto
3800 844 3891 898 Li-

2313 929 2485 992 berio,
2518 927 2733 983 Christo
2758 929 3029 983 vobiscum
3063 930 3359 995 adnitente,
3392 932 3732 999 contpleatis:
3756 949 3888 1004 qua-

2312 1028 2466 1072 tenus
2509 1021 2552 1072 si
2598 1020 2775 1073 evenit
2815 1008 3182 1083 commutatio,
3216 1022 3439 1089 pretium
3470 1023 3717 1091 dignetur
3741 1028 3885 1079 acci-

2314 1126 2439 1179 pere
2460 1156 2475 1180 ,
2513 1128 2579 1165 ne
2607 1112 2809 1166 diutius
2830 1113 2928 1165 sub
2950 1113 3318 1182 promissionis
3334 1125 3581 1168 nutemus
3604 1116 3848 1185 ambiguo
3869 1160 3885 1179 ,

2309 1205 2430 1267 quia
2461 1216 2554 1255 vos
2586 1204 2751 1255 nostis
2780 1203 2909 1256 nihil
2947 1204 3059 1271 plus
3106 1218 3227 1257 esse
3278 1206 3417 1273 quod
3448 1206 3499 1258 in
3530 1204 3627 1260 hac
3649 1198 3870 1276 supplici

2318 1304 2503 1348 vestro
2533 1295 2709 1348 mundi
2740 1296 3149 1350 conversatione
3177 1298 3456 1365 priestetis.

2847 1404 3170 1460 EPISTULA
3217 1407 3357 1461 VIII.

2839 1510 3090 1550 ENNODIUS
3122 1512 3348 1550 νιοτοιυ.

2384 1594 2516 1637 vum
2569 1586 2829 1639 inscitiam
2870 1587 3167 1640 sublimitas
3186 1597 3270 1640 tua
3304 1589 3672 1658 prieloquftur,
3703 1591 3886 1644 erudi-

2308 1675 2464 1728 tionis
2493 1690 2695 1729 secreta
2727 1676 2975 1744 patefecit
3002 1695 3014 1729 :
3046 1677 3320 1747 impugnas
3350 1679 3673 1747 perfectione
3733 1683 3877 1751 quod

2308 1765 2519 1819 asscris.
2552 1762 2831 1819 Nanrdum
2872 1780 2922 1820 te
2970 1769 3120 1821 salvo
3151 1769 3349 1836 pudore
3382 1769 3709 1824 illitteratum
3758 1787 3883 1825 e~3n

2231 1849 2607 1920 Recttﬁrmas,
2638 1856 2761 1925 quid
2796 1866 2995 1909 naturze
3047 1859 3213 1924 vigor,
3253 1858 3377 1926 quid
3421 1859 3714 1913 studiorum
3754 1861 3878 1914 lima

2304 1944 2603 2011 contulerit,
2652 1945 2953 2001 declarasti.
3006 1939 3193 2001 credat
3223 1948 3348 2001 mihi
3398 1949 3697 2003 sublimitas
3766 1961 3875 2014 tua,

2309 2034 2657 2087 imbuendum
2709 2035 3019 2090 liberalibus
3075 2035 3366 2105 disciplinis
3414 2038 3522 2106 jam
3575 2040 3685 2092 suis
3726 2039 3881 2094 bonis

2304 2128 2511 2183 ditavit.
2539 2131 2590 2184 Si
2625 2131 2744 2185 talis
2767 2131 2940 2200 lingua
2966 2134 3301 2201 prosequitur
3322 2133 3501 2188 fratris
3522 2135 3666 2189 Pauli
3692 2134 3876 2195 lilium.

2306 2218 2527 2273 fictmda
2552 2221 2854 2289 astipulatio
2903 2232 2955 2275 et
2999 2222 3339 2276 commendat
3389 2232 3451 2276 er
3474 2223 3680 2277 edocet.
3740 2223 3875 2277 Nihil

2306 2308 2459 2377 longe
2490 2309 2802 2377 degentibus
2834 2311 3100 2379 magistris
3152 2327 3287 2379 opus
3315 2323 3415 2376 est,
3470 2313 3682 2381 quando
3722 2314 3877 2383 dig-na

2306 2401 2460 2455 laude
2505 2402 2754 2471 loquitur,
2784 2403 2870 2472 qui
2918 2403 3094 2473 dirigit
3129 2404 3194 2457 ad
3249 2403 3550 2458 docentem.
3608 2405 3878 2459 Erubesce

2304 2491 2622 2547 ius’nuatum
2653 2493 2825 2546 minus
2849 2494 3114 2547 invenisse
3134 2509 3289 2562 quarn
3322 2494 3513 2549 detulit
3542 2511 3556 2548 :
3590 2495 3757 2550 Deum
3792 2512 3877 2548 ro.

2304 2598 2433 2651 gans
2484 2593 2540 2638 ut
2580 2586 2719 2654 quod
2768 2586 2835 2638 de
2885 2600 2971 2638 me
3002 2601 3096 2652 per
3143 2586 3476 2641 affectionem
3532 2588 3873 2655 prmsumitia,

2310 2675 2497 2737 ingenii
2529 2678 2728 2731 valeam
2760 2680 2953 2732 virtute
2992 2678 3281 2745 complere.
3309 2678 3413 2732 Vos
3445 2688 3645 2744 tamen,
3677 2680 3881 2733 honoro

2303 2768 2634 2821 salutationis
2676 2778 2917 2837 accepto,
2948 2768 3137 2838 quibus
3171 2768 3307 2823 libet
3327 2767 3558 2823 ofﬁcium
3609 2771 3875 2825 sermonis

2306 2859 2625 2926 impendite;
2658 2859 2944 2912 dummodo
2982 2859 3324 2912 sollicitudini
3358 2874 3491 2912 mem
3517 2858 3583 2913 de
3609 2859 3873 2927 prosperi-

2307 2959 2411 3003 tate
2440 2952 2459 2980 ¹
2490 2949 2757 3018 multip!ev
2779 2949 3086 3017 scriptionis
3116 2964 3239 3003 cura
3274 2948 3595 3017 respondeat

2871 3059 3193 3115 EPISTULA
3222 3059 3307 3112 ΙΧ.

2800 3190 3055 3230 essemus
3085 3174 3104 3207 ³
3134 3190 3394 3229 αιιιιιιηε.

2378 3288 2698 3355 lut-rcepisti
2743 3298 2998 3351 nostrum,
3043 3287 3221 3340 nescio
3261 3303 3416 3355 quem
3465 3297 3665 3345 secuta.
3698 3286 3874 3342 consi-

2306 3377 2455 3430 lium.
2486 3377 2616 3429 Nam
2676 3379 2947 3445 part'ulttm
2984 3388 3127 3430 tuum
3169 3393 3325 3446 quem
3356 3378 3647 3431 studiorum
3682 3379 3872 3431 liberm

2306 3465 2430 3516 lium
2454 3466 2635 3519 debuit
2659 3481 2785 3520 cura
2819 3467 3109 3535 suscipere,
3142 3477 3265 3520 ante
3302 3468 3481 3534 judicii
3513 3468 3894 3525 convenientis-

2305 3565 2562 3625 tempora,
2596 3557 2864 3625 religionis
2893 3557 3057 3611 titulis
3089 3559 3369 3626 insignisti.
3406 3559 3713 3613 Veneranda
3744 3560 3865 3627 qui-

2303 3647 2422 3699 dem
2474 3647 2817 3701 ecclesiastici
2876 3647 3043 3701 forma
3087 3649 3310 3712 servitii,
3342 3649 3435 3703 sed
3485 3664 3603 3717 qua:
3639 3649 3705 3701 ad
3737 3649 3871 3701 duas

2304 3745 2480 3805 partes
2515 3738 2749 3791 animum
2796 3752 2899 3791 non
2942 3738 3191 3792 relaxet:
3225 3754 3385 3793 unum
3433 3749 3486 3793 et
3531 3738 3743 3792 difﬁcile
3770 3738 3876 3791 iter

2302 3836 2379 3877 est
2409 3841 2511 3893 quo
2534 3825 2637 3878 itur
2661 3825 2727 3879 ad
2752 3826 3019 3880 Christum
3038 3867 3052 3889 ,
3077 3842 3175 3881 nec
3201 3838 3487 3896 occupatos
3510 3828 3881 3895 multipliciter

2300 3916 2581 3984 aliquando
2599 3916 2698 3967 vita
2720 3925 2861 3969 arcta
2881 3918 3133 3983 suscepit.
3159 3917 3508 3983 Properantes
3538 3918 3602 3970 ad
3621 3932 3677 3971 se
3693 3917 3760 3971 de
3780 3917 3899 3975 dis...

2300 4007 2508 4073 riplinis
2528 4008 2869 4060 s:rcularibus
2891 4008 3076 4061 salutis
3098 4008 3270 4075 opifex
3294 4024 3395 4060 non
3425 4008 3651 4073 refutat;
3685 4007 3775 4061 sed
3802 4009 3879 4062 ire

2305 4098 2367 4149 ad
2401 4096 2520 4150 ill’as
2546 4111 2863 4165 quemquam
2890 4097 2957 4149 de
2985 4110 3081 4149 suo
3108 4098 3281 4150 nitore
3313 4113 3414 4149 nou
3444 4098 3655 4165 patitur.
3681 4097 3795 4151 Jatn
3822 4100 3865 4150 si

2299 4204 2419 4241 eum
2450 4188 2646 4240 mundo
2676 4190 3042 4251 subtraxeras,
3071 4189 3253 4241 mundi
3284 4191 3345 4241 in
3366 4204 3429 4240 eo
3459 4191 3728 4243 schemata
3763 4205 3868 4243 non

2301 4279 2575 4346 tx'qui'as:
2611 4280 2867 4333 erubesco
2915 4281 3268 4333 erc'eeiastica
3322 4282 3673 4349 proﬁtentem
3712 4298 3876 4335 orna-

2304 4372 2498 4423 mentis
2544 4369 2888 4424 smcularihus
2930 4371 3188 4437 expolire.
3236 4374 3537 4425 {innueram
3596 4373 3733 4436 quod
3788 4390 3883 4439 per

2318 4462 2600 4515 Patricium
2642 4461 2941 4527 diaconum,
2974 4471 3225 4529 quantum
3259 4462 3370 4527 ipse
3416 4464 3663 4528 asseruit,
3691 4473 3878 4531 postu-

2234 4549 2420 4605 D'lasti
2449 4548 2617 4616 :quid‘
2637 4542 2866 4616 oportuit
2894 4564 3013 4601 eum
3062 4550 3215 4601 aliter
3260 4551 3324 4602 ad
3374 4565 3479 4613 me,
3508 4566 3664 4618 quam
3691 4552 3879 4604 diebus

2308 4642 2437 4707 ipsis
2467 4642 2711 4695 invrntus
2739 4649 2840 4705 est,
2867 4640 3159 4693 destinari?
3182 4640 3237 4694 Si
3262 4641 3517 4709 judicium
3546 4657 3719 4695 meum
3749 4656 3879 4695 cou-

2306 4732 2457 4796 sulis,
2490 4730 2607 4785 volo
2652 4731 2715 4783 ad
2764 4748 2846 4783 me
2898 4733 3225 4799 pertinentes
3255 4735 3419 4802 magis
3448 4735 3649 4787 merito
3677 4747 3887 4788 sanctos

2305 4842 2425 4880 (δεςο
2480 4841 2634 4891 quam
2687 4828 2857 4880 titulo.
2896 4826 3030 4878 Vere
3072 4828 3304 4879 auimtun
3354 4842 3534 4880 meum
3580 4827 3647 4881 de
3694 4827 3889 4895 quietis

2304 4918 2531 4970 statione
2560 4917 2624 4968 ad
2678 4917 3058 4984 Cogitationum
3090 4918 3303 4983 pelagus
3332 4917 3606 4985 expulisti.
3658 4908 3880 4986 Suscepi

2309 5005 2513 5073 latueu,
2542 5007 2649 5061 Deo
2675 5007 2910 5076 auspice,
2941 5006 3212 5074 sanguinis
3235 5008 3335 5060 mei
3370 5007 3388 5035 ‘
3412 5008 3709 5060 verunlam.
3740 5006 3891 5061 Nunc

2312 5142 2571 5194 \‘ncahuli.
2623 5140 2741 5193 ldeo
2781 5138 3059 5191 l‘atricium
3103 5137 3383 5194 diaconum
3415 5138 3653 5193 Camille
3697 5139 3887 5203 ﬁlium,

2317 5230 2420 5265 non
2453 5213 2689 5279 fratrem,
2722 5210 2815 5279 sed
2844 5209 3237 5279 saoguiuissui'
3260 5216 3534 5279 vcrnu'am
3572 5220 3746 5262 vocat.

2389 5280 2405 5309 "
2448 5278 2742 5347 l’eruulam]
2774 5278 2883 5330 Nic.
2923 5277 3085 5330 Fabri
3114 5278 3266 5341 iiber,
3303 5277 3558 5344 vmulhm,
3590 5279 3728 5342 quod
3762 5293 3888 5345 pro-

2318 5350 2428 5402 ltari
2472 5360 2652 5416 posset
2685 5349 2843 5414 :quia
2884 5363 3071 5399 venatu
3115 5349 3385 5410 sanguinis
3416 5359 3556 5401 recte
3584 5349 3804 5408 diceret,
3837 5359 3891 5400 ut

2313 5414 2498 5473 venam
2529 5414 2740 5470 familia-
2768 5417 3117 5487 Symmachus
3146 5417 3280 5487 iibro
3316 5432 3475 5479 nono,
3501 5421 3655 5483 epist.
3677 5417 3764 5480 (i-‘i,
3793 5418 3892 5468 ιιτεί

2315 5489 2574 5539 aemulam
2621 5486 2929 5554 praeferrent
2977 5487 3061 5537 alii
3103 5486 3314 5556 codices
3344 5503 3357 5541 ε
3386 5489 3525 5556 quod
3557 5490 3753 5540 rectius
3777 5495 3889 5542 est:

2317 5559 2767 5623 coulirmaturque
2791 5558 2874 5617 alo
2905 5566 3105 5608 scutale
3131 5555 3437 5609 Basiliensis
3458 5557 3726 5613 editionis,
3752 5556 3893 5620 quod

2319 5626 2693 5693 expunximus.
2715 5628 2764 5676 iu
2792 5640 2895 5690 qtto
2920 5624 3139 5675 vt-ruula
3163 5627 3448 5691 exponitur
3471 5624 3771 5679 servitiaiis.
3793 5625 3895 5675 hoc

2320 5707 2393 5747 o~t
2430 5710 2583 5747 servo
2607 5695 2777 5751 editus
2806 5695 3081 5764 :Avernnlm
3110 5694 3253 5749 enim
3285 5696 3511 5764 primum
3540 5694 3695 5758 dit-ti,
3714 5696 3801 5761 qui
3829 5708 3893 5747 ex

2325 5764 2529 5819 axillis
2560 5765 2700 5817 domi
2742 5762 2849 5816 nati
2878 5773 3075 5816 essent.
