  <div class='ocr_page' id='page_1' title='image "/cluster/home/n/w/nwhite01/storage/ocr_20150623/63/hvd.32044073498792/082.png"; bbox 0 0 4186 6252; ppageno 0'>
   <div class='ocr_carea' id='block_1_1' title="bbox 312 357 424 414">
    <p class='ocr_par' dir='ltr' id='par_1_1' title="bbox 312 357 424 414">
     <span class='ocr_line' id='line_1_1' title="bbox 312 357 424 414; baseline 0 0"><span class='ocrx_word' id='word_1_1' title='bbox 312 357 424 414; x_wconf 70' lang='grc'><strong>153</strong></span> 
     </span>
    </p>
   </div>
   <div class='ocr_carea' id='block_1_2' title="bbox 1602 318 2362 422">
    <p class='ocr_par' dir='ltr' id='par_1_2' title="bbox 1602 318 2362 422">
     <span class='ocr_line' id='line_1_2' title="bbox 1602 318 2362 422; baseline 0.004 -3"><span class='ocrx_word' id='word_1_2' title='bbox 1602 318 2067 421; x_wconf 53' lang='grc' dir='ltr'>ιριςτὸικιιυιι</span> <span class='ocrx_word' id='word_1_3' title='bbox 2108 366 2229 422; x_wconf 76' lang='lat' dir='ltr'><strong>LIB.</strong></span> <span class='ocrx_word' id='word_1_4' title='bbox 2276 367 2362 422; x_wconf 57' lang='lat' dir='ltr'><strong>IX.</strong></span> 
     </span>
    </p>
   </div>
   <div class='ocr_carea' id='block_1_3' title="bbox 3498 369 3595 427">
    <p class='ocr_par' dir='ltr' id='par_1_3' title="bbox 3498 369 3595 427">
     <span class='ocr_line' id='line_1_3' title="bbox 3498 369 3595 427; baseline -0.031 0"><span class='ocrx_word' id='word_1_5' title='bbox 3498 369 3595 427; x_wconf 59' lang='grc' dir='ltr'><strong>«ει</strong></span> 
     </span>
    </p>
   </div>
   <div class='ocr_carea' id='block_1_4' title="bbox 315 468 3592 545">
    <p class='ocr_par' dir='ltr' id='par_1_4' title="bbox 315 468 3592 545">
     <span class='ocr_line' id='line_1_4' title="bbox 315 468 3592 545; baseline 0.005 -28"><span class='ocrx_word' id='word_1_6' title='bbox 315 477 483 521; x_wconf 66' lang='lat' dir='ltr'><strong>restat</strong></span> <span class='ocrx_word' id='word_1_7' title='bbox 504 478 558 520; x_wconf 91' lang='lat' dir='ltr'><strong>ut</strong></span> <span class='ocrx_word' id='word_1_8' title='bbox 575 468 854 522; x_wconf 87' lang='lat' dir='ltr'><strong>conatibus</strong></span> <span class='ocrx_word' id='word_1_9' title='bbox 872 471 1003 523; x_wconf 77' lang='lat' dir='ltr'><strong>meis</strong></span> <span class='ocrx_word' id='word_1_10' title='bbox 1023 470 1167 524; x_wconf 89' lang='lat' dir='ltr'><strong>favor</strong></span> <span class='ocrx_word' id='word_1_11' title='bbox 1183 472 1413 526; x_wconf 72' lang='lat' dir='ltr'><strong>ctelestis</strong></span> <span class='ocrx_word' id='word_1_12' title='bbox 1437 474 1683 537; x_wconf 85' lang='lat' dir='ltr'><strong>arrideat,</strong></span> <span class='ocrx_word' id='word_1_13' title='bbox 1699 486 1751 528; x_wconf 90' lang='lat' dir='ltr'><strong>et</strong></span> <span class='ocrx_word' id='word_1_14' title='bbox 1780 491 1904 541; x_wconf 49' lang='lat' dir='ltr'><strong>ueg-</strong></span> <span class='ocrx_word' id='word_1_15' title='bbox 1937 480 1980 533; x_wconf 73' lang='grc' dir='ltr'>Α</span> <span class='ocrx_word' id='word_1_16' title='bbox 2010 476 2177 529; x_wconf 86' lang='lat' dir='ltr'><strong>losum</strong></span> <span class='ocrx_word' id='word_1_17' title='bbox 2226 477 2292 530; x_wconf 88' lang='lat' dir='ltr'><strong>de</strong></span> <span class='ocrx_word' id='word_1_18' title='bbox 2332 478 2595 545; x_wconf 86' lang='lat' dir='ltr'><strong>publicata</strong></span> <span class='ocrx_word' id='word_1_19' title='bbox 2637 481 2989 545; x_wconf 73' lang='lat' dir='ltr'><strong>promissione</strong></span> <span class='ocrx_word' id='word_1_20' title='bbox 3027 481 3397 535; x_wconf 89' lang='lat' dir='ltr'><strong>constitutum.</strong></span> <span class='ocrx_word' id='word_1_21' title='bbox 3458 480 3592 532; x_wconf 74' lang='lat' dir='ltr'><strong>Vere</strong></span> 
     </span>
    </p>
   </div>
   <div class='ocr_carea' id='block_1_5' title="bbox 313 559 1909 631">
    <p class='ocr_par' dir='ltr' id='par_1_5' title="bbox 313 559 1909 631">
     <span class='ocr_line' id='line_1_5' title="bbox 313 559 1909 631; baseline 0.004 -20"><span class='ocrx_word' id='word_1_22' title='bbox 313 560 567 626; x_wconf 83' lang='lat' dir='ltr'><strong>ligentias</strong></span> <span class='ocrx_word' id='word_1_23' title='bbox 591 559 863 612; x_wconf 80' lang='lat' dir='ltr'><strong>hominum</strong></span> <span class='ocrx_word' id='word_1_24' title='bbox 891 562 989 627; x_wconf 80' lang='lat' dir='ltr'><strong>pia:</strong></span> <span class='ocrx_word' id='word_1_25' title='bbox 1019 562 1397 615; x_wconf 86' lang='lat' dir='ltr'><strong>moderationis</strong></span> <span class='ocrx_word' id='word_1_26' title='bbox 1426 565 1667 618; x_wconf 86' lang='lat' dir='ltr'><strong>ubertate</strong></span> <span class='ocrx_word' id='word_1_27' title='bbox 1691 581 1909 631; x_wconf 85' lang='lat' dir='ltr'><strong>compo-</strong></span> 
     </span>
    </p>
   </div>
   <div class='ocr_carea' id='block_1_6' title="bbox 313 649 1910 724">
    <p class='ocr_par' dir='ltr' id='par_1_6' title="bbox 313 649 1910 724">
     <span class='ocr_line' id='line_1_6' title="bbox 313 649 1910 724; baseline 0.006 -24"><span class='ocrx_word' id='word_1_28' title='bbox 313 662 426 704; x_wconf 86' lang='lat' dir='ltr'><strong>nat.</strong></span> <span class='ocrx_word' id='word_1_29' title='bbox 460 649 714 712; x_wconf 85' lang='lat' dir='ltr'><strong>Domina,</strong></span> <span class='ocrx_word' id='word_1_30' title='bbox 746 662 800 701; x_wconf 91' lang='lat' dir='ltr'><strong>ut</strong></span> <span class='ocrx_word' id='word_1_31' title='bbox 831 667 1013 717; x_wconf 86' lang='lat' dir='ltr'><strong>supra,</strong></span> <span class='ocrx_word' id='word_1_32' title='bbox 1046 653 1268 707; x_wconf 77' lang='lat' dir='ltr'><strong>salutent</strong></span> <span class='ocrx_word' id='word_1_33' title='bbox 1300 654 1531 707; x_wconf 82' lang='lat' dir='ltr'><strong>debitam</strong></span> <span class='ocrx_word' id='word_1_34' title='bbox 1560 657 1757 719; x_wconf 79' lang='lat' dir='ltr'><strong>dit-ens,</strong></span> <span class='ocrx_word' id='word_1_35' title='bbox 1790 672 1910 724; x_wconf 88' lang='lat' dir='ltr'><strong>pre-</strong></span> 
     </span>
    </p>
   </div>
   <div class='ocr_carea' id='block_1_7' title="bbox 310 741 1907 815">
    <p class='ocr_par' dir='ltr' id='par_1_7' title="bbox 310 741 1907 815">
     <span class='ocr_line' id='line_1_7' title="bbox 310 741 1907 815; baseline 0.006 -24"><span class='ocrx_word' id='word_1_36' title='bbox 310 755 407 792; x_wconf 86' lang='lat' dir='ltr'><strong>cor</strong></span> <span class='ocrx_word' id='word_1_37' title='bbox 452 748 517 792; x_wconf 88' lang='lat' dir='ltr'><strong>ut</strong></span> <span class='ocrx_word' id='word_1_38' title='bbox 558 755 700 792; x_wconf 89' lang='lat' dir='ltr'><strong>nunc</strong></span> <span class='ocrx_word' id='word_1_39' title='bbox 739 741 1005 807; x_wconf 83' lang='lat' dir='ltr'><strong>geminam</strong></span> <span class='ocrx_word' id='word_1_40' title='bbox 1052 744 1463 797; x_wconf 83' lang='lat' dir='ltr'><strong>sollicitudinem</strong></span> <span class='ocrx_word' id='word_1_41' title='bbox 1517 763 1611 808; x_wconf 84' lang='lat' dir='ltr'><strong>pro</strong></span> <span class='ocrx_word' id='word_1_42' title='bbox 1674 748 1907 815; x_wconf 85' lang='lat' dir='ltr'><strong>utrisque</strong></span> 
     </span>
    </p>
   </div>
   <div class='ocr_carea' id='block_1_8' title="bbox 310 828 1907 905">
    <p class='ocr_par' dir='ltr' id='par_1_8' title="bbox 310 828 1907 905">
     <span class='ocr_line' id='line_1_8' title="bbox 310 828 1907 905; baseline 0.007 -25"><span class='ocrx_word' id='word_1_43' title='bbox 310 828 607 896; x_wconf 82' lang='lat' dir='ltr'><strong>suscipias.</strong></span> <span class='ocrx_word' id='word_1_44' title='bbox 638 838 696 881; x_wconf 91' lang='lat' dir='ltr'><strong>et</strong></span> <span class='ocrx_word' id='word_1_45' title='bbox 723 830 837 882; x_wconf 78' lang='lat' dir='ltr'><strong>Deo</strong></span> <span class='ocrx_word' id='word_1_46' title='bbox 858 868 864 877; x_wconf 93' lang='lat'><strong>.</strong></span> <span class='ocrx_word' id='word_1_47' title='bbox 888 843 1040 884; x_wconf 78' lang='lat' dir='ltr'><strong>ostro</strong></span> <span class='ocrx_word' id='word_1_48' title='bbox 1070 834 1448 888; x_wconf 79' lang='lat' dir='ltr'><strong>commendare</strong></span> <span class='ocrx_word' id='word_1_49' title='bbox 1486 837 1714 889; x_wconf 79' lang='lat' dir='ltr'><strong>assiduis</strong></span> <span class='ocrx_word' id='word_1_50' title='bbox 1738 840 1907 905; x_wconf 85' lang='lat' dir='ltr'><strong>preci-</strong></span> 
     </span>
    </p>
   </div>
   <div class='ocr_carea' id='block_1_9' title="bbox 311 918 811 972">
    <p class='ocr_par' dir='ltr' id='par_1_9' title="bbox 311 918 811 972">
     <span class='ocr_line' id='line_1_9' title="bbox 311 918 811 972; baseline 0 -3"><span class='ocrx_word' id='word_1_51' title='bbox 311 921 411 972; x_wconf 76' lang='lat' dir='ltr'><strong>bus</strong></span> <span class='ocrx_word' id='word_1_52' title='bbox 430 934 543 970; x_wconf 81' lang='lat' dir='ltr'><strong>non</strong></span> <span class='ocrx_word' id='word_1_53' title='bbox 571 918 811 971; x_wconf 63' lang='lat' dir='ltr'><strong>omittas.</strong></span> 
     </span>
    </p>
   </div>
   <div class='ocr_carea' id='block_1_10' title="bbox 887 1008 1320 1064">
    <p class='ocr_par' dir='ltr' id='par_1_10' title="bbox 887 1008 1320 1064">
     <span class='ocr_line' id='line_1_10' title="bbox 887 1008 1320 1064; baseline 0.002 -2"><span class='ocrx_word' id='word_1_54' title='bbox 887 1008 1211 1064; x_wconf 76' lang='lat' dir='ltr'><strong>EPISTOLA</strong></span> <span class='ocrx_word' id='word_1_55' title='bbox 1257 1012 1320 1064; x_wconf 76' lang='grc' dir='ltr'><strong>Χ.</strong></span> 
     </span>
    </p>
   </div>
   <div class='ocr_carea' id='block_1_11' title="bbox 855 1103 1366 1154">
    <p class='ocr_par' dir='ltr' id='par_1_11' title="bbox 855 1103 1366 1154">
     <span class='ocr_line' id='line_1_11' title="bbox 855 1103 1366 1154; baseline 0.004 -4"><span class='ocrx_word' id='word_1_56' title='bbox 855 1115 1108 1154; x_wconf 61' lang='lat' dir='ltr'><strong>sanemus</strong></span> <span class='ocrx_word' id='word_1_57' title='bbox 1138 1103 1151 1131; x_wconf 79' lang='lat'><strong><em>‘</em></strong></span> <span class='ocrx_word' id='word_1_58' title='bbox 1185 1116 1366 1153; x_wconf 62' lang='lat' dir='ltr'><strong>clauso.</strong></span> 
     </span>
    </p>
   </div>
   <div class='ocr_carea' id='block_1_12' title="bbox 378 1186 1901 1263">
    <p class='ocr_par' dir='ltr' id='par_1_12' title="bbox 378 1186 1901 1263">
     <span class='ocr_line' id='line_1_12' title="bbox 378 1186 1901 1263; baseline 0.005 -24"><span class='ocrx_word' id='word_1_59' title='bbox 378 1186 736 1240; x_wconf 80' lang='lat' dir='ltr'><strong>Lemcirritmt</strong></span> <span class='ocrx_word' id='word_1_60' title='bbox 795 1198 900 1250; x_wconf 85' lang='lat' dir='ltr'><strong>est,</strong></span> <span class='ocrx_word' id='word_1_61' title='bbox 933 1204 1037 1241; x_wconf 90' lang='lat' dir='ltr'><strong>non</strong></span> <span class='ocrx_word' id='word_1_62' title='bbox 1084 1191 1267 1257; x_wconf 81' lang='lat' dir='ltr'><strong>gratia:</strong></span> <span class='ocrx_word' id='word_1_63' title='bbox 1315 1204 1732 1257; x_wconf 78' lang='lat' dir='ltr'><strong>sacramentum,</strong></span> <span class='ocrx_word' id='word_1_64' title='bbox 1760 1195 1901 1263; x_wconf 79' lang='lat' dir='ltr'><strong>quod</strong></span> 
     </span>
    </p>
   </div>
   <div class='ocr_carea' id='block_1_13' title="bbox 310 1278 1901 1346">
    <p class='ocr_par' dir='ltr' id='par_1_13' title="bbox 310 1278 1901 1346">
     <span class='ocr_line' id='line_1_13' title="bbox 310 1278 1901 1346; baseline 0.009 -23"><span class='ocrx_word' id='word_1_65' title='bbox 310 1285 518 1330; x_wconf 68' lang='lat' dir='ltr'><strong>[aratum</strong></span> <span class='ocrx_word' id='word_1_66' title='bbox 565 1280 922 1346; x_wconf 53' lang='lat' dir='ltr'><strong>prmtentibus</strong></span> <span class='ocrx_word' id='word_1_67' title='bbox 973 1278 1300 1333; x_wconf 80' lang='lat' dir='ltr'><strong>exhibetur:</strong></span> <span class='ocrx_word' id='word_1_68' title='bbox 1335 1283 1580 1337; x_wconf 68' lang='lat' dir='ltr'><strong>amicitiae</strong></span> <span class='ocrx_word' id='word_1_69' title='bbox 1621 1285 1901 1338; x_wconf 82' lang='lat' dir='ltr'><strong>sinceritas</strong></span> 
     </span>
    </p>
   </div>
   <div class='ocr_carea' id='block_1_14' title="bbox 310 1368 1896 1439">
    <p class='ocr_par' dir='ltr' id='par_1_14' title="bbox 310 1368 1896 1439">
     <span class='ocr_line' id='line_1_14' title="bbox 310 1368 1896 1439; baseline 0.006 -21"><span class='ocrx_word' id='word_1_70' title='bbox 310 1381 358 1418; x_wconf 76' lang='lat' dir='ltr'><strong>et</strong></span> <span class='ocrx_word' id='word_1_71' title='bbox 386 1368 546 1434; x_wconf 81' lang='lat' dir='ltr'><strong>ionge</strong></span> <span class='ocrx_word' id='word_1_72' title='bbox 574 1370 775 1435; x_wconf 88' lang='lat' dir='ltr'><strong>positos</strong></span> <span class='ocrx_word' id='word_1_73' title='bbox 800 1385 902 1419; x_wconf 82' lang='lat' dir='ltr'><strong>non</strong></span> <span class='ocrx_word' id='word_1_74' title='bbox 935 1369 1209 1437; x_wconf 82' lang='lat' dir='ltr'><strong>relinquit.</strong></span> <span class='ocrx_word' id='word_1_75' title='bbox 1233 1370 1367 1434; x_wconf 83' lang='lat' dir='ltr'><strong>Quid</strong></span> <span class='ocrx_word' id='word_1_76' title='bbox 1398 1373 1565 1439; x_wconf 82' lang='lat' dir='ltr'><strong>possit</strong></span> <span class='ocrx_word' id='word_1_77' title='bbox 1591 1389 1713 1426; x_wconf 88' lang='lat' dir='ltr'><strong>vera</strong></span> <span class='ocrx_word' id='word_1_78' title='bbox 1738 1374 1896 1439; x_wconf 87' lang='lat' dir='ltr'><strong>ﬁdes,</strong></span> 
     </span>
    </p>
   </div>
   <div class='ocr_carea' id='block_1_15' title="bbox 314 1459 1890 1532">
    <p class='ocr_par' dir='ltr' id='par_1_15' title="bbox 314 1459 1890 1532">
     <span class='ocr_line' id='line_1_15' title="bbox 314 1459 1890 1532; baseline 0.007 -23"><span class='ocrx_word' id='word_1_79' title='bbox 314 1459 571 1527; x_wconf 78' lang='lat' dir='ltr'><strong>intelligat</strong></span> <span class='ocrx_word' id='word_1_80' title='bbox 601 1462 689 1528; x_wconf 80' lang='lat' dir='ltr'><strong>qui</strong></span> <span class='ocrx_word' id='word_1_81' title='bbox 724 1470 848 1513; x_wconf 89' lang='lat' dir='ltr'><strong>tunc</strong></span> <span class='ocrx_word' id='word_1_82' title='bbox 878 1461 1188 1527; x_wconf 90' lang='lat' dir='ltr'><strong>adipiscitur</strong></span> <span class='ocrx_word' id='word_1_83' title='bbox 1237 1460 1516 1529; x_wconf 85' lang='lat' dir='ltr'><strong>beneﬁcia,</strong></span> <span class='ocrx_word' id='word_1_84' title='bbox 1550 1466 1762 1532; x_wconf 71' lang='lat' dir='ltr'><strong>quandi</strong></span> <span class='ocrx_word' id='word_1_85' title='bbox 1797 1465 1890 1519; x_wconf 86' lang='lat' dir='ltr'><strong>de-</strong></span> 
     </span>
    </p>
   </div>
   <div class='ocr_carea' id='block_1_16' title="bbox 314 1549 1895 1620">
    <p class='ocr_par' dir='ltr' id='par_1_16' title="bbox 314 1549 1895 1620">
     <span class='ocr_line' id='line_1_16' title="bbox 314 1549 1895 1620; baseline 0.006 -21"><span class='ocrx_word' id='word_1_86' title='bbox 314 1551 440 1601; x_wconf 70' lang='lat' dir='ltr'><strong>sini!</strong></span> <span class='ocrx_word' id='word_1_87' title='bbox 460 1550 761 1615; x_wconf 60' lang='lat' dir='ltr'><strong>supplicare</strong></span> <span class='ocrx_word' id='word_1_88' title='bbox 788 1565 803 1613; x_wconf 87' lang='lat'><strong>;</strong></span> <span class='ocrx_word' id='word_1_89' title='bbox 827 1565 926 1611; x_wconf 59' lang='lat' dir='ltr'><strong>ego</strong></span> <span class='ocrx_word' id='word_1_90' title='bbox 960 1550 1085 1601; x_wconf 89' lang='lat' dir='ltr'><strong>tnihi</strong></span> <span class='ocrx_word' id='word_1_91' title='bbox 1126 1549 1295 1603; x_wconf 78' lang='lat' dir='ltr'><strong>debeo</strong></span> <span class='ocrx_word' id='word_1_92' title='bbox 1321 1552 1465 1620; x_wconf 82' lang='lat' dir='ltr'><strong>quod</strong></span> <span class='ocrx_word' id='word_1_93' title='bbox 1492 1552 1557 1605; x_wconf 91' lang='lat' dir='ltr'><strong>ad</strong></span> <span class='ocrx_word' id='word_1_94' title='bbox 1611 1554 1895 1609; x_wconf 78' lang='lat' dir='ltr'><strong>stationem</strong></span> 
     </span>
    </p>
   </div>
   <div class='ocr_carea' id='block_1_17' title="bbox 315 1642 1897 1709">
    <p class='ocr_par' dir='ltr' id='par_1_17' title="bbox 315 1642 1897 1709">
     <span class='ocr_line' id='line_1_17' title="bbox 315 1642 1897 1709; baseline 0.004 -17"><span class='ocrx_word' id='word_1_95' title='bbox 315 1657 526 1705; x_wconf 79' lang='lat' dir='ltr'><strong>precum</strong></span> <span class='ocrx_word' id='word_1_96' title='bbox 559 1652 705 1695; x_wconf 86' lang='lat' dir='ltr'><strong>trans</strong></span> <span class='ocrx_word' id='word_1_97' title='bbox 764 1642 998 1707; x_wconf 78' lang='lat' dir='ltr'><strong>Gargara</strong></span> <span class='ocrx_word' id='word_1_98' title='bbox 1050 1651 1266 1708; x_wconf 83' lang='lat' dir='ltr'><strong>postus</strong></span> <span class='ocrx_word' id='word_1_99' title='bbox 1312 1644 1621 1709; x_wconf 73' lang='lat' dir='ltr'><strong>pervenisti.</strong></span> <span class='ocrx_word' id='word_1_100' title='bbox 1672 1645 1749 1698; x_wconf 85' lang='lat' dir='ltr'><strong>Tu</strong></span> <span class='ocrx_word' id='word_1_101' title='bbox 1782 1648 1897 1699; x_wconf 88' lang='lat' dir='ltr'><strong>luce</strong></span> 
     </span>
    </p>
   </div>
   <div class='ocr_carea' id='block_1_18' title="bbox 318 1731 1898 1802">
    <p class='ocr_par' dir='ltr' id='par_1_18' title="bbox 318 1731 1898 1802">
     <span class='ocr_line' id='line_1_18' title="bbox 318 1731 1898 1802; baseline 0.005 -22"><span class='ocrx_word' id='word_1_102' title='bbox 318 1733 652 1785; x_wconf 63' lang='lat' dir='ltr'><strong>conscientiae</strong></span> <span class='ocrx_word' id='word_1_103' title='bbox 684 1732 890 1783; x_wconf 86' lang='lat' dir='ltr'><strong>amicus</strong></span> <span class='ocrx_word' id='word_1_104' title='bbox 908 1742 961 1784; x_wconf 88' lang='lat' dir='ltr'><strong>et</strong></span> <span class='ocrx_word' id='word_1_105' title='bbox 992 1731 1200 1784; x_wconf 88' lang='lat' dir='ltr'><strong>litteras</strong></span> <span class='ocrx_word' id='word_1_106' title='bbox 1226 1748 1329 1784; x_wconf 84' lang='lat' dir='ltr'><strong>uno</strong></span> <span class='ocrx_word' id='word_1_107' title='bbox 1358 1748 1385 1783; x_wconf 89' lang='lat' dir='ltr'><strong>a</strong></span> <span class='ocrx_word' id='word_1_108' title='bbox 1420 1743 1471 1787; x_wconf 88' lang='lat' dir='ltr'><strong>te</strong></span> <span class='ocrx_word' id='word_1_109' title='bbox 1499 1742 1738 1802; x_wconf 85' lang='lat' dir='ltr'><strong>tempore</strong></span> <span class='ocrx_word' id='word_1_110' title='bbox 1772 1736 1898 1788; x_wconf 80' lang='lat' dir='ltr'><strong>divi-</strong></span> 
     </span>
    </p>
   </div>
   <div class='ocr_carea' id='block_1_19' title="bbox 2015 564 3586 637">
    <p class='ocr_par' dir='ltr' id='par_1_19' title="bbox 2015 564 3586 637">
     <span class='ocr_line' id='line_1_19' title="bbox 2015 564 3586 637; baseline 0.001 -20"><span class='ocrx_word' id='word_1_111' title='bbox 2015 564 2264 627; x_wconf 84' lang='lat' dir='ltr'><strong>dicerem,</strong></span> <span class='ocrx_word' id='word_1_112' title='bbox 2298 567 2343 620; x_wconf 92' lang='lat' dir='ltr'><strong>si</strong></span> <span class='ocrx_word' id='word_1_113' title='bbox 2400 568 2604 621; x_wconf 66' lang='lat' dir='ltr'><strong>doli-ret</strong></span> <span class='ocrx_word' id='word_1_114' title='bbox 2648 571 2748 621; x_wconf 88' lang='lat' dir='ltr'><strong>ista</strong></span> <span class='ocrx_word' id='word_1_115' title='bbox 2777 570 3021 623; x_wconf 81' lang='lat' dir='ltr'><strong>discissio</strong></span> <span class='ocrx_word' id='word_1_116' title='bbox 3072 569 3220 637; x_wconf 80' lang='lat' dir='ltr'><strong>quod</strong></span> <span class='ocrx_word' id='word_1_117' title='bbox 3246 569 3375 623; x_wconf 86' lang='lat' dir='ltr'><strong>tales</strong></span> <span class='ocrx_word' id='word_1_118' title='bbox 3411 569 3586 621; x_wconf 55' lang='lat' dir='ltr'><strong>humi»</strong></span> 
     </span>
    </p>
   </div>
   <div class='ocr_carea' id='block_1_20' title="bbox 2015 656 3583 722">
    <p class='ocr_par' dir='ltr' id='par_1_20' title="bbox 2015 656 3583 722">
     <span class='ocr_line' id='line_1_20' title="bbox 2015 656 3583 722; baseline 0.001 -17"><span class='ocrx_word' id='word_1_119' title='bbox 2015 668 2111 708; x_wconf 90' lang='lat' dir='ltr'><strong>nes</strong></span> <span class='ocrx_word' id='word_1_120' title='bbox 2142 670 2243 710; x_wconf 89' lang='lat' dir='ltr'><strong>nec</strong></span> <span class='ocrx_word' id='word_1_121' title='bbox 2272 656 2356 708; x_wconf 78' lang='lat' dir='ltr'><strong>illa</strong></span> <span class='ocrx_word' id='word_1_122' title='bbox 2390 672 2547 722; x_wconf 89' lang='lat' dir='ltr'><strong>quam</strong></span> <span class='ocrx_word' id='word_1_123' title='bbox 2578 657 2753 710; x_wconf 84' lang='lat' dir='ltr'><strong>dicitis</strong></span> <span class='ocrx_word' id='word_1_124' title='bbox 2786 659 3046 712; x_wconf 85' lang='lat' dir='ltr'><strong>nutricem</strong></span> <span class='ocrx_word' id='word_1_125' title='bbox 3080 658 3413 711; x_wconf 84' lang='lat' dir='ltr'><strong>mendacium</strong></span> <span class='ocrx_word' id='word_1_126' title='bbox 3439 671 3583 719; x_wconf 73' lang='lat' dir='ltr'><strong>esse,</strong></span> 
     </span>
    </p>
   </div>
   <div class='ocr_carea' id='block_1_21' title="bbox 2012 745 3586 815">
    <p class='ocr_par' dir='ltr' id='par_1_21' title="bbox 2012 745 3586 815">
     <span class='ocr_line' id='line_1_21' title="bbox 2012 745 3586 815; baseline -0.001 -16"><span class='ocrx_word' id='word_1_127' title='bbox 2012 745 2222 815; x_wconf 84' lang='lat' dir='ltr'><strong>Liguria</strong></span> <span class='ocrx_word' id='word_1_128' title='bbox 2247 748 2504 813; x_wconf 78' lang='lat' dir='ltr'><strong>potuisset</strong></span> <span class='ocrx_word' id='word_1_129' title='bbox 2527 748 2755 801; x_wconf 85' lang='lat' dir='ltr'><strong>mittere.</strong></span> <span class='ocrx_word' id='word_1_130' title='bbox 2785 748 2927 813; x_wconf 80' lang='lat' dir='ltr'><strong>Quid</strong></span> <span class='ocrx_word' id='word_1_131' title='bbox 2946 763 3159 814; x_wconf 84' lang='lat' dir='ltr'><strong>arguam</strong></span> <span class='ocrx_word' id='word_1_132' title='bbox 3191 750 3335 815; x_wconf 89' lang='lat' dir='ltr'><strong>prius</strong></span> <span class='ocrx_word' id='word_1_133' title='bbox 3362 747 3414 800; x_wconf 91' lang='lat' dir='ltr'><strong>in</strong></span> <span class='ocrx_word' id='word_1_134' title='bbox 3446 745 3586 799; x_wconf 82' lang='lat' dir='ltr'><strong>illis?</strong></span> 
     </span>
    </p>
   </div>
   <div class='ocr_carea' id='block_1_22' title="bbox 2011 837 3585 906">
    <p class='ocr_par' dir='ltr' id='par_1_22' title="bbox 2011 837 3585 906">
     <span class='ocr_line' id='line_1_22' title="bbox 2011 837 3585 906; baseline 0.001 -17"><span class='ocrx_word' id='word_1_135' title='bbox 2011 838 2259 900; x_wconf 72' lang='lat' dir='ltr'><strong>fal&#39;acim,</strong></span> <span class='ocrx_word' id='word_1_136' title='bbox 2302 846 2395 888; x_wconf 87' lang='lat' dir='ltr'><strong>aut</strong></span> <span class='ocrx_word' id='word_1_137' title='bbox 2440 838 2693 891; x_wconf 90' lang='lat' dir='ltr'><strong>fatuitatis</strong></span> <span class='ocrx_word' id='word_1_138' title='bbox 2742 839 3383 906; x_wconf 60' lang='lat' dir='ltr'><strong>obscenant-rdideruut</strong></span> <span class='ocrx_word' id='word_1_139' title='bbox 3428 837 3585 902; x_wconf 85' lang='lat' dir='ltr'><strong>duos,</strong></span> 
     </span>
    </p>
   </div>
   <div class='ocr_carea' id='block_1_23' title="bbox 2007 927 3588 995">
    <p class='ocr_par' dir='ltr' id='par_1_23' title="bbox 2007 927 3588 995">
     <span class='ocr_line' id='line_1_23' title="bbox 2007 927 3588 995; baseline 0.003 -18"><span class='ocrx_word' id='word_1_140' title='bbox 2007 927 2097 994; x_wconf 79' lang='lat' dir='ltr'><strong>qui.</strong></span> <span class='ocrx_word' id='word_1_141' title='bbox 2145 927 2282 981; x_wconf 85' lang='lat' dir='ltr'><strong>inter</strong></span> <span class='ocrx_word' id='word_1_142' title='bbox 2308 942 2366 980; x_wconf 92' lang='lat' dir='ltr'><strong>se</strong></span> <span class='ocrx_word' id='word_1_143' title='bbox 2406 937 2712 981; x_wconf 88' lang='lat' dir='ltr'><strong>sanctorum</strong></span> <span class='ocrx_word' id='word_1_144' title='bbox 2746 928 3120 995; x_wconf 83' lang='lat' dir='ltr'><strong>impetratioae</strong></span> <span class='ocrx_word' id='word_1_145' title='bbox 3165 930 3451 992; x_wconf 83' lang='lat' dir='ltr'><strong>sociantur,</strong></span> <span class='ocrx_word' id='word_1_146' title='bbox 3493 944 3588 994; x_wconf 84' lang='lat' dir='ltr'><strong>per</strong></span> 
     </span>
    </p>
   </div>
   <div class='ocr_carea' id='block_1_24' title="bbox 2007 1016 3585 1085">
    <p class='ocr_par' dir='ltr' id='par_1_24' title="bbox 2007 1016 3585 1085">
     <span class='ocr_line' id='line_1_24' title="bbox 2007 1016 3585 1085; baseline 0.003 -19"><span class='ocrx_word' id='word_1_147' title='bbox 2007 1033 2139 1083; x_wconf 86' lang='lat' dir='ltr'><strong>quos</strong></span> <span class='ocrx_word' id='word_1_148' title='bbox 2172 1017 2428 1085; x_wconf 58' lang='lat' dir='ltr'><strong>potuisset</strong></span> <span class='ocrx_word' id='word_1_149' title='bbox 2482 1016 2571 1070; x_wconf 86' lang='lat' dir='ltr'><strong>diu</strong></span> <span class='ocrx_word' id='word_1_150' title='bbox 2620 1018 2847 1085; x_wconf 84' lang='lat' dir='ltr'><strong>jacentis</strong></span> <span class='ocrx_word' id='word_1_151' title='bbox 2893 1027 2949 1072; x_wconf 88' lang='lat' dir='ltr'><strong>et</strong></span> <span class='ocrx_word' id='word_1_152' title='bbox 2996 1018 3048 1070; x_wconf 88' lang='lat' dir='ltr'><strong>in</strong></span> <span class='ocrx_word' id='word_1_153' title='bbox 3097 1017 3336 1070; x_wconf 78' lang='lat' dir='ltr'><strong>umbram</strong></span> <span class='ocrx_word' id='word_1_154' title='bbox 3385 1029 3585 1071; x_wconf 70' lang='lat' dir='ltr'><strong>coacta:</strong></span> 
     </span>
    </p>
   </div>
   <div class='ocr_carea' id='block_1_25' title="bbox 2007 1107 3580 1174">
    <p class='ocr_par' dir='ltr' id='par_1_25' title="bbox 2007 1107 3580 1174">
     <span class='ocr_line' id='line_1_25' title="bbox 2007 1107 3580 1174; baseline 0.001 -17"><span class='ocrx_word' id='word_1_155' title='bbox 2007 1107 2217 1160; x_wconf 73' lang='lat' dir='ltr'><strong>familia:</strong></span> <span class='ocrx_word' id='word_1_156' title='bbox 2261 1108 2486 1159; x_wconf 85' lang='lat' dir='ltr'><strong>scintilla</strong></span> <span class='ocrx_word' id='word_1_157' title='bbox 2529 1108 2783 1174; x_wconf 83' lang='lat' dir='ltr'><strong>reparari.</strong></span> <span class='ocrx_word' id='word_1_158' title='bbox 2834 1107 3280 1169; x_wconf 77' lang='lat' dir='ltr'><strong>Memores-estis,</strong></span> <span class='ocrx_word' id='word_1_159' title='bbox 3327 1108 3580 1159; x_wconf 83' lang='lat' dir='ltr'><strong>domuum</strong></span> 
     </span>
    </p>
   </div>
   <div class='ocr_carea' id='block_1_26' title="bbox 2005 1197 3578 1258">
    <p class='ocr_par' dir='ltr' id='par_1_26' title="bbox 2005 1197 3578 1258">
     <span class='ocr_line' id='line_1_26' title="bbox 2005 1197 3578 1258; baseline -0.001 -9"><span class='ocrx_word' id='word_1_160' title='bbox 2005 1198 2265 1250; x_wconf 81' lang='lat' dir='ltr'><strong>Avieuum</strong></span> <span class='ocrx_word' id='word_1_161' title='bbox 2296 1199 2447 1250; x_wconf 76' lang='lat' dir='ltr'><strong>vobis</strong></span> <span class='ocrx_word' id='word_1_162' title='bbox 2478 1198 2528 1251; x_wconf 93' lang='lat' dir='ltr'><strong>in</strong></span> <span class='ocrx_word' id='word_1_163' title='bbox 2568 1198 2795 1251; x_wconf 84' lang='lat' dir='ltr'><strong>ecclesia</strong></span> <span class='ocrx_word' id='word_1_164' title='bbox 2821 1197 3039 1258; x_wconf 82' lang='lat' dir='ltr'><strong>dixisse,</strong></span> <span class='ocrx_word' id='word_1_165' title='bbox 3078 1198 3253 1251; x_wconf 82' lang='lat' dir='ltr'><strong>Deum</strong></span> <span class='ocrx_word' id='word_1_166' title='bbox 3285 1212 3343 1250; x_wconf 88' lang='lat' dir='ltr'><strong>se</strong></span> <span class='ocrx_word' id='word_1_167' title='bbox 3381 1197 3457 1250; x_wconf 87' lang='lat' dir='ltr'><strong>de-</strong></span> <span class='ocrx_word' id='word_1_168' title='bbox 3494 1198 3578 1248; x_wconf 84' lang='lat' dir='ltr'><strong>illa</strong></span> 
     </span>
    </p>
   </div>
   <div class='ocr_carea' id='block_1_27' title="bbox 2008 1286 3581 1355">
    <p class='ocr_par' dir='ltr' id='par_1_27' title="bbox 2008 1286 3581 1355">
     <span class='ocr_line' id='line_1_27' title="bbox 2008 1286 3581 1355; baseline -0.001 -18"><span class='ocrx_word' id='word_1_169' title='bbox 2008 1288 2178 1353; x_wconf 85' lang='lat' dir='ltr'><strong>puclla</strong></span> <span class='ocrx_word' id='word_1_170' title='bbox 2203 1288 2502 1352; x_wconf 87' lang='lat' dir='ltr'><strong>specialiter</strong></span> <span class='ocrx_word' id='word_1_171' title='bbox 2530 1302 2632 1339; x_wconf 89' lang='lat' dir='ltr'><strong>non</strong></span> <span class='ocrx_word' id='word_1_172' title='bbox 2658 1301 2865 1355; x_wconf 87' lang='lat' dir='ltr'><strong>rogare.</strong></span> <span class='ocrx_word' id='word_1_173' title='bbox 2895 1286 3028 1339; x_wconf 84' lang='lat' dir='ltr'><strong>Vide</strong></span> <span class='ocrx_word' id='word_1_174' title='bbox 3051 1286 3354 1353; x_wconf 76' lang='lat' dir='ltr'><strong>progeniem</strong></span> <span class='ocrx_word' id='word_1_175' title='bbox 3383 1287 3581 1337; x_wconf 67' lang='lat' dir='ltr'><strong>sant-tis</strong></span> 
     </span>
    </p>
   </div>
   <div class='ocr_carea' id='block_1_28' title="bbox 2003 1376 3580 1444">
    <p class='ocr_par' dir='ltr' id='par_1_28' title="bbox 2003 1376 3580 1444">
     <span class='ocr_line' id='line_1_28' title="bbox 2003 1376 3580 1444; baseline -0.001 -15"><span class='ocrx_word' id='word_1_176' title='bbox 2003 1378 2335 1430; x_wconf 80' lang='lat' dir='ltr'><strong>creatoribus</strong></span> <span class='ocrx_word' id='word_1_177' title='bbox 2364 1377 2427 1429; x_wconf 90' lang='lat' dir='ltr'><strong>ad</strong></span> <span class='ocrx_word' id='word_1_178' title='bbox 2469 1392 2683 1430; x_wconf 88' lang='lat' dir='ltr'><strong>usuram</strong></span> <span class='ocrx_word' id='word_1_179' title='bbox 2724 1379 2847 1429; x_wconf 79' lang='lat' dir='ltr'><strong>vita:</strong></span> <span class='ocrx_word' id='word_1_180' title='bbox 2878 1378 3275 1444; x_wconf 83' lang='lat' dir='ltr'><strong>procedentem.</strong></span> <span class='ocrx_word' id='word_1_181' title='bbox 3310 1376 3580 1441; x_wconf 72' lang='lat' dir='ltr'><strong>lnteNign—</strong></span> 
     </span>
    </p>
   </div>
   <div class='ocr_carea' id='block_1_29' title="bbox 2003 1464 3580 1533">
    <p class='ocr_par' dir='ltr' id='par_1_29' title="bbox 2003 1464 3580 1533">
     <span class='ocr_line' id='line_1_29' title="bbox 2003 1464 3580 1533; baseline -0.004 -15"><span class='ocrx_word' id='word_1_182' title='bbox 2003 1466 2091 1519; x_wconf 87' lang='lat' dir='ltr'><strong>bat</strong></span> <span class='ocrx_word' id='word_1_183' title='bbox 2122 1466 2244 1532; x_wconf 75' lang='lat' dir='ltr'><strong>plus</strong></span> <span class='ocrx_word' id='word_1_184' title='bbox 2269 1481 2329 1519; x_wconf 84' lang='lat' dir='ltr'><strong>se</strong></span> <span class='ocrx_word' id='word_1_185' title='bbox 2358 1476 2635 1533; x_wconf 87' lang='lat' dir='ltr'><strong>parentum</strong></span> <span class='ocrx_word' id='word_1_186' title='bbox 2668 1464 2884 1519; x_wconf 88' lang='lat' dir='ltr'><strong>ﬁetibus</strong></span> <span class='ocrx_word' id='word_1_187' title='bbox 2929 1480 3089 1532; x_wconf 88' lang='lat' dir='ltr'><strong>quam</strong></span> <span class='ocrx_word' id='word_1_188' title='bbox 3134 1465 3341 1518; x_wconf 90' lang='lat' dir='ltr'><strong>actione</strong></span> <span class='ocrx_word' id='word_1_189' title='bbox 3368 1479 3580 1531; x_wconf 73' lang='lat' dir='ltr'><strong>promo.</strong></span> 
     </span>
    </p>
   </div>
   <div class='ocr_carea' id='block_1_30' title="bbox 2004 1555 3580 1623">
    <p class='ocr_par' dir='ltr' id='par_1_30' title="bbox 2004 1555 3580 1623">
     <span class='ocr_line' id='line_1_30' title="bbox 2004 1555 3580 1623; baseline -0.003 -15"><span class='ocrx_word' id='word_1_190' title='bbox 2004 1566 2197 1609; x_wconf 89' lang='lat' dir='ltr'><strong>turum.</strong></span> <span class='ocrx_word' id='word_1_191' title='bbox 2222 1555 2430 1610; x_wconf 85' lang='lat' dir='ltr'><strong>Gratias</strong></span> <span class='ocrx_word' id='word_1_192' title='bbox 2455 1556 2570 1615; x_wconf 81' lang='lat' dir='ltr'><strong>tibi.</strong></span> <span class='ocrx_word' id='word_1_193' title='bbox 2590 1555 2928 1623; x_wconf 83' lang='lat' dir='ltr'><strong>omnipotens</strong></span> <span class='ocrx_word' id='word_1_194' title='bbox 2958 1557 3097 1608; x_wconf 88' lang='lat' dir='ltr'><strong>Deus</strong></span> <span class='ocrx_word' id='word_1_195' title='bbox 3121 1596 3134 1618; x_wconf 90' lang='lat'><strong>,</strong></span> <span class='ocrx_word' id='word_1_196' title='bbox 3163 1555 3379 1621; x_wconf 79' lang='lat' dir='ltr'><strong>gratias,</strong></span> <span class='ocrx_word' id='word_1_197' title='bbox 3408 1565 3580 1605; x_wconf 79' lang='lat' dir='ltr'><strong>rector</strong></span> 
     </span>
    </p>
   </div>
   <div class='ocr_carea' id='block_1_31' title="bbox 2003 1643 3621 1719">
    <p class='ocr_par' dir='ltr' id='par_1_31' title="bbox 2003 1643 3621 1719">
     <span class='ocr_line' id='line_1_31' title="bbox 2003 1643 3621 1719; baseline -0.005 -21"><span class='ocrx_word' id='word_1_198' title='bbox 2003 1647 2259 1709; x_wconf 85' lang='lat' dir='ltr'><strong>ﬁdelium,</strong></span> <span class='ocrx_word' id='word_1_199' title='bbox 2291 1645 2382 1713; x_wconf 88' lang='lat' dir='ltr'><strong>qui</strong></span> <span class='ocrx_word' id='word_1_200' title='bbox 2425 1646 2633 1698; x_wconf 73' lang='lat' dir='ltr'><strong>ancilla:</strong></span> <span class='ocrx_word' id='word_1_201' title='bbox 2661 1653 2764 1697; x_wconf 70' lang='lat' dir='ltr'><strong>tute</strong></span> <span class='ocrx_word' id='word_1_202' title='bbox 2796 1654 2914 1698; x_wconf 86' lang='lat' dir='ltr'><strong>vota</strong></span> <span class='ocrx_word' id='word_1_203' title='bbox 2947 1646 3259 1712; x_wconf 80' lang='lat' dir='ltr'><strong>respiciens,</strong></span> <span class='ocrx_word' id='word_1_204' title='bbox 3289 1643 3621 1719; x_wconf 58' lang='lat' dir='ltr'><strong>prupbetiae.</strong></span> 
     </span>
    </p>
   </div>
   <div class='ocr_carea' id='block_1_32' title="bbox 2002 1732 3576 1802">
    <p class='ocr_par' dir='ltr' id='par_1_32' title="bbox 2002 1732 3576 1802">
     <span class='ocr_line' id='line_1_32' title="bbox 2002 1732 3576 1802; baseline -0.003 -15"><span class='ocrx_word' id='word_1_205' title='bbox 2002 1735 2051 1787; x_wconf 83' lang='lat' dir='ltr'><strong>&#39;rn</strong></span> <span class='ocrx_word' id='word_1_206' title='bbox 2107 1750 2167 1787; x_wconf 88' lang='lat' dir='ltr'><strong>ea</strong></span> <span class='ocrx_word' id='word_1_207' title='bbox 2202 1732 2610 1802; x_wconf 80' lang='lat' dir='ltr'><strong>pollicitationes</strong></span> <span class='ocrx_word' id='word_1_208' title='bbox 2663 1733 2909 1799; x_wconf 85' lang='lat' dir='ltr'><strong>implesti.</strong></span> <span class='ocrx_word' id='word_1_209' title='bbox 2953 1733 3176 1787; x_wconf 84' lang='lat' dir='ltr'><strong>dicentis</strong></span> <span class='ocrx_word' id='word_1_210' title='bbox 3208 1751 3220 1785; x_wconf 90' lang='lat'><strong>:</strong></span> <span class='ocrx_word' id='word_1_211' title='bbox 3250 1736 3437 1785; x_wconf 76' lang='lat' dir='ltr'><strong>Animo</strong></span> <span class='ocrx_word' id='word_1_212' title='bbox 3470 1733 3576 1799; x_wconf 70' lang='lat' dir='ltr'><strong>ejus</strong></span> 
     </span>
    </p>
   </div>
   <div class='ocr_carea' id='block_1_33' title="bbox 316 1822 3575 1895">
    <p class='ocr_par' dir='ltr' id='par_1_33' title="bbox 316 1822 3575 1895">
     <span class='ocr_line' id='line_1_33' title="bbox 316 1822 3575 1895; baseline -0 -21"><span class='ocrx_word' id='word_1_213' title='bbox 316 1823 459 1889; x_wconf 78' lang='lat' dir='ltr'><strong>sisti,</strong></span> <span class='ocrx_word' id='word_1_214' title='bbox 492 1831 709 1877; x_wconf 72' lang='lat' dir='ltr'><strong>sectans</strong></span> <span class='ocrx_word' id='word_1_215' title='bbox 756 1839 859 1875; x_wconf 91' lang='lat' dir='ltr'><strong>non</strong></span> <span class='ocrx_word' id='word_1_216' title='bbox 893 1823 1061 1875; x_wconf 88' lang='lat' dir='ltr'><strong>solum</strong></span> <span class='ocrx_word' id='word_1_217' title='bbox 1096 1822 1401 1891; x_wconf 85' lang='lat' dir='ltr'><strong>longinqua,</strong></span> <span class='ocrx_word' id='word_1_218' title='bbox 1434 1823 1528 1876; x_wconf 89' lang='lat' dir='ltr'><strong>sed</strong></span> <span class='ocrx_word' id='word_1_219' title='bbox 1562 1823 1738 1877; x_wconf 87' lang='lat' dir='ltr'><strong>abdita</strong></span> <span class='ocrx_word' id='word_1_220' title='bbox 1760 1865 1775 1888; x_wconf 90' lang='lat'><strong>,</strong></span> <span class='ocrx_word' id='word_1_221' title='bbox 1822 1827 1889 1878; x_wconf 91' lang='lat' dir='ltr'><strong>ita</strong></span> <span class='ocrx_word' id='word_1_222' title='bbox 1926 1830 1975 1887; x_wconf 81' lang='grc' dir='ltr'>Β</span> <span class='ocrx_word' id='word_1_223' title='bbox 1996 1826 2048 1878; x_wconf 84' lang='lat' dir='ltr'><strong>in</strong></span> <span class='ocrx_word' id='word_1_224' title='bbox 2078 1826 2219 1878; x_wconf 74' lang='lat' dir='ltr'><strong>bonis</strong></span> <span class='ocrx_word' id='word_1_225' title='bbox 2246 1826 2608 1889; x_wconf 81' lang='lat' dir='ltr'><strong>demorabitur,</strong></span> <span class='ocrx_word' id='word_1_226' title='bbox 2640 1834 2686 1878; x_wconf 81' lang='lat' dir='ltr'><strong>el</strong></span> <span class='ocrx_word' id='word_1_227' title='bbox 2716 1839 2880 1877; x_wconf 77' lang='lat' dir='ltr'><strong>semen</strong></span> <span class='ocrx_word' id='word_1_228' title='bbox 2910 1828 3020 1895; x_wconf 74' lang='lat' dir='ltr'><strong>ejus</strong></span> <span class='ocrx_word' id='word_1_229' title='bbox 3044 1825 3361 1877; x_wconf 68' lang='lat' dir='ltr'><strong>Irwreditabit</strong></span> <span class='ocrx_word' id='word_1_230' title='bbox 3391 1834 3575 1875; x_wconf 83' lang='lat' dir='ltr'><strong>terram</strong></span> 
     </span>
    </p>
   </div>
   <div class='ocr_carea' id='block_1_34' title="bbox 316 1911 1890 1981">
    <p class='ocr_par' dir='ltr' id='par_1_34' title="bbox 316 1911 1890 1981">
     <span class='ocr_line' id='line_1_34' title="bbox 316 1911 1890 1981; baseline 0.006 -20"><span class='ocrx_word' id='word_1_231' title='bbox 316 1921 373 1964; x_wconf 90' lang='lat' dir='ltr'><strong>nt</strong></span> <span class='ocrx_word' id='word_1_232' title='bbox 416 1928 679 1981; x_wconf 69' lang='lat' dir='ltr'><strong>nusquam</strong></span> <span class='ocrx_word' id='word_1_233' title='bbox 730 1923 781 1966; x_wconf 89' lang='lat' dir='ltr'><strong>te</strong></span> <span class='ocrx_word' id='word_1_234' title='bbox 830 1913 1034 1975; x_wconf 72' lang='lat' dir='ltr'><strong>sagacis</strong></span> <span class='ocrx_word' id='word_1_235' title='bbox 1098 1911 1226 1965; x_wconf 84' lang='lat' dir='ltr'><strong>boni</strong></span> <span class='ocrx_word' id='word_1_236' title='bbox 1272 1923 1582 1981; x_wconf 81' lang='lat' dir='ltr'><strong>persecutor</strong></span> <span class='ocrx_word' id='word_1_237' title='bbox 1639 1915 1890 1970; x_wconf 81' lang='lat' dir='ltr'><strong>inveniat.</strong></span> 
     </span>
    </p>
   </div>
   <div class='ocr_carea' id='block_1_35' title="bbox 313 2003 1889 2081">
    <p class='ocr_par' dir='ltr' id='par_1_35' title="bbox 313 2003 1889 2081">
     <span class='ocr_line' id='line_1_35' title="bbox 313 2003 1889 2081; baseline 0.002 -26"><span class='ocrx_word' id='word_1_238' title='bbox 313 2003 533 2070; x_wconf 82' lang='lat' dir='ltr'><strong>Semper</strong></span> <span class='ocrx_word' id='word_1_239' title='bbox 560 2013 616 2056; x_wconf 89' lang='lat' dir='ltr'><strong>et</strong></span> <span class='ocrx_word' id='word_1_240' title='bbox 646 2004 732 2056; x_wconf 88' lang='lat' dir='ltr'><strong>hic</strong></span> <span class='ocrx_word' id='word_1_241' title='bbox 757 2004 970 2072; x_wconf 82' lang='lat' dir='ltr'><strong>quidem</strong></span> <span class='ocrx_word' id='word_1_242' title='bbox 1016 2003 1403 2081; x_wconf 19' lang='lat' dir='ltr'><strong>Iatentiarinter</strong></span> <span class='ocrx_word' id='word_1_243' title='bbox 1446 2005 1656 2073; x_wconf 90' lang='lat' dir='ltr'><strong>lepores</strong></span> <span class='ocrx_word' id='word_1_244' title='bbox 1695 2007 1889 2059; x_wconf 86' lang='lat' dir='ltr'><strong>cubilia</strong></span> 
     </span>
    </p>
   </div>
   <div class='ocr_carea' id='block_1_36' title="bbox 320 2093 1892 2164">
    <p class='ocr_par' dir='ltr' id='par_1_36' title="bbox 320 2093 1892 2164">
     <span class='ocr_line' id='line_1_36' title="bbox 320 2093 1892 2164; baseline 0.004 -19"><span class='ocrx_word' id='word_1_245' title='bbox 320 2094 606 2161; x_wconf 72' lang='lat' dir='ltr'><strong>diligebas;</strong></span> <span class='ocrx_word' id='word_1_246' title='bbox 653 2095 743 2147; x_wconf 91' lang='lat' dir='ltr'><strong>sed</strong></span> <span class='ocrx_word' id='word_1_247' title='bbox 773 2109 914 2161; x_wconf 71' lang='lat' dir='ltr'><strong>smpe</strong></span> <span class='ocrx_word' id='word_1_248' title='bbox 948 2093 1207 2147; x_wconf 85' lang='lat' dir='ltr'><strong>latebram</strong></span> <span class='ocrx_word' id='word_1_249' title='bbox 1251 2106 1414 2157; x_wconf 92' lang='lat' dir='ltr'><strong>tuam,</strong></span> <span class='ocrx_word' id='word_1_250' title='bbox 1450 2096 1538 2163; x_wconf 87' lang='lat' dir='ltr'><strong>qui</strong></span> <span class='ocrx_word' id='word_1_251' title='bbox 1571 2112 1755 2164; x_wconf 73' lang='lat' dir='ltr'><strong>presso</strong></span> <span class='ocrx_word' id='word_1_252' title='bbox 1799 2114 1892 2152; x_wconf 87' lang='lat' dir='ltr'><strong>ore</strong></span> 
     </span>
    </p>
   </div>
   <div class='ocr_carea' id='block_1_37' title="bbox 322 2180 1887 2250">
    <p class='ocr_par' dir='ltr' id='par_1_37' title="bbox 322 2180 1887 2250">
     <span class='ocr_line' id='line_1_37' title="bbox 322 2180 1887 2250; baseline 0.004 -19"><span class='ocrx_word' id='word_1_253' title='bbox 322 2183 539 2250; x_wconf 82' lang='lat' dir='ltr'><strong>vestigia</strong></span> <span class='ocrx_word' id='word_1_254' title='bbox 593 2182 809 2235; x_wconf 84' lang='lat' dir='ltr'><strong>rimatus</strong></span> <span class='ocrx_word' id='word_1_255' title='bbox 846 2190 929 2235; x_wconf 90' lang='lat' dir='ltr'><strong>est</strong></span> <span class='ocrx_word' id='word_1_256' title='bbox 969 2180 1190 2235; x_wconf 78' lang='lat' dir='ltr'><strong>invenit.</strong></span> <span class='ocrx_word' id='word_1_257' title='bbox 1238 2182 1388 2237; x_wconf 83' lang='lat' dir='ltr'><strong>Nunc</strong></span> <span class='ocrx_word' id='word_1_258' title='bbox 1416 2184 1587 2239; x_wconf 87' lang='lat' dir='ltr'><strong>altiori</strong></span> <span class='ocrx_word' id='word_1_259' title='bbox 1638 2185 1887 2250; x_wconf 85' lang='lat' dir='ltr'><strong>consilio,</strong></span> 
     </span>
    </p>
   </div>
   <div class='ocr_carea' id='block_1_38' title="bbox 316 2270 1891 2339">
    <p class='ocr_par' dir='ltr' id='par_1_38' title="bbox 316 2270 1891 2339">
     <span class='ocr_line' id='line_1_38' title="bbox 316 2270 1891 2339; baseline 0.005 -17"><span class='ocrx_word' id='word_1_260' title='bbox 316 2270 497 2333; x_wconf 85' lang='lat' dir='ltr'><strong>credo,</strong></span> <span class='ocrx_word' id='word_1_261' title='bbox 532 2279 589 2323; x_wconf 91' lang='lat' dir='ltr'><strong>ut</strong></span> <span class='ocrx_word' id='word_1_262' title='bbox 616 2273 839 2339; x_wconf 81' lang='lat' dir='ltr'><strong>majores</strong></span> <span class='ocrx_word' id='word_1_263' title='bbox 860 2272 886 2301; x_wconf 77' lang='grc'>¹</span> <span class='ocrx_word' id='word_1_264' title='bbox 911 2272 1243 2336; x_wconf 85' lang='lat' dir='ltr'><strong>accenderis,</strong></span> <span class='ocrx_word' id='word_1_265' title='bbox 1279 2282 1330 2326; x_wconf 91' lang='lat' dir='ltr'><strong>te</strong></span> <span class='ocrx_word' id='word_1_266' title='bbox 1356 2274 1632 2327; x_wconf 80' lang='lat' dir='ltr'><strong>hominum</strong></span> <span class='ocrx_word' id='word_1_267' title='bbox 1663 2276 1891 2330; x_wconf 74' lang='lat' dir='ltr'><strong>cmtibtts</strong></span> 
     </span>
    </p>
   </div>
   <div class='ocr_carea' id='block_1_39' title="bbox 310 2359 1888 2430">
    <p class='ocr_par' dir='ltr' id='par_1_39' title="bbox 310 2359 1888 2430">
     <span class='ocr_line' id='line_1_39' title="bbox 310 2359 1888 2430; baseline 0.004 -18"><span class='ocrx_word' id='word_1_268' title='bbox 310 2359 647 2413; x_wconf 78' lang='lat' dir='ltr'><strong>submovisti.</strong></span> <span class='ocrx_word' id='word_1_269' title='bbox 684 2361 826 2430; x_wconf 82' lang='lat' dir='ltr'><strong>Ergo</strong></span> <span class='ocrx_word' id='word_1_270' title='bbox 849 2363 1018 2414; x_wconf 76' lang='lat' dir='ltr'><strong>sciam</strong></span> <span class='ocrx_word' id='word_1_271' title='bbox 1060 2363 1339 2430; x_wconf 84' lang='lat' dir='ltr'><strong>pueritiam</strong></span> <span class='ocrx_word' id='word_1_272' title='bbox 1370 2362 1600 2417; x_wconf 86' lang='lat' dir='ltr'><strong>debuisti</strong></span> <span class='ocrx_word' id='word_1_273' title='bbox 1635 2365 1888 2418; x_wconf 76' lang='lat' dir='ltr'><strong>Mediola-</strong></span> 
     </span>
    </p>
   </div>
   <div class='ocr_carea' id='block_1_40' title="bbox 310 2449 1888 2524">
    <p class='ocr_par' dir='ltr' id='par_1_40' title="bbox 310 2449 1888 2524">
     <span class='ocr_line' id='line_1_40' title="bbox 310 2449 1888 2524; baseline 0.004 -23"><span class='ocrx_word' id='word_1_274' title='bbox 310 2449 561 2503; x_wconf 84' lang='lat' dir='ltr'><strong>nensibus</strong></span> <span class='ocrx_word' id='word_1_275' title='bbox 611 2452 756 2504; x_wconf 74' lang='lat' dir='ltr'><strong>tuis?</strong></span> <span class='ocrx_word' id='word_1_276' title='bbox 799 2461 853 2504; x_wconf 90' lang='lat' dir='ltr'><strong>et</strong></span> <span class='ocrx_word' id='word_1_277' title='bbox 901 2452 1071 2504; x_wconf 91' lang='lat' dir='ltr'><strong>virum</strong></span> <span class='ocrx_word' id='word_1_278' title='bbox 1130 2464 1180 2505; x_wconf 89' lang='lat' dir='ltr'><strong>te</strong></span> <span class='ocrx_word' id='word_1_279' title='bbox 1237 2461 1419 2506; x_wconf 89' lang='lat' dir='ltr'><strong>tenere</strong></span> <span class='ocrx_word' id='word_1_280' title='bbox 1454 2454 1771 2519; x_wconf 88' lang='lat' dir='ltr'><strong>debuerant,</strong></span> <span class='ocrx_word' id='word_1_281' title='bbox 1801 2456 1888 2524; x_wconf 90' lang='lat' dir='ltr'><strong>qui</strong></span> 
     </span>
    </p>
   </div>
   <div class='ocr_carea' id='block_1_41' title="bbox 310 2542 1891 2614">
    <p class='ocr_par' dir='ltr' id='par_1_41' title="bbox 310 2542 1891 2614">
     <span class='ocr_line' id='line_1_41' title="bbox 310 2542 1891 2614; baseline 0.007 -25"><span class='ocrx_word' id='word_1_282' title='bbox 310 2556 525 2606; x_wconf 89' lang='lat' dir='ltr'><strong>puerum</strong></span> <span class='ocrx_word' id='word_1_283' title='bbox 555 2542 944 2609; x_wconf 86' lang='lat' dir='ltr'><strong>possederunt;</strong></span> <span class='ocrx_word' id='word_1_284' title='bbox 968 2552 1020 2595; x_wconf 89' lang='lat' dir='ltr'><strong>et</strong></span> <span class='ocrx_word' id='word_1_285' title='bbox 1062 2556 1198 2609; x_wconf 88' lang='lat' dir='ltr'><strong>quos</strong></span> <span class='ocrx_word' id='word_1_286' title='bbox 1228 2542 1509 2597; x_wconf 71' lang='lat' dir='ltr'><strong>laetiﬁcasti</strong></span> <span class='ocrx_word' id='word_1_287' title='bbox 1540 2544 1607 2597; x_wconf 87' lang='lat' dir='ltr'><strong>de</strong></span> <span class='ocrx_word' id='word_1_288' title='bbox 1636 2546 1891 2614; x_wconf 84' lang='lat' dir='ltr'><strong>amplexi-</strong></span> 
     </span>
    </p>
   </div>
   <div class='ocr_carea' id='block_1_42' title="bbox 308 2634 1889 2703">
    <p class='ocr_par' dir='ltr' id='par_1_42' title="bbox 308 2634 1889 2703">
     <span class='ocr_line' id='line_1_42' title="bbox 308 2634 1889 2703; baseline 0.003 -16"><span class='ocrx_word' id='word_1_289' title='bbox 308 2634 426 2701; x_wconf 75' lang='lat' dir='ltr'><strong>bus,</strong></span> <span class='ocrx_word' id='word_1_290' title='bbox 453 2635 685 2689; x_wconf 84' lang='lat' dir='ltr'><strong>debuisti</strong></span> <span class='ocrx_word' id='word_1_291' title='bbox 713 2636 901 2703; x_wconf 81' lang='lat' dir='ltr'><strong>iuvare</strong></span> <span class='ocrx_word' id='word_1_292' title='bbox 924 2636 1183 2689; x_wconf 89' lang='lat' dir='ltr'><strong>consiliis.</strong></span> <span class='ocrx_word' id='word_1_293' title='bbox 1211 2637 1314 2689; x_wconf 86' lang='lat' dir='ltr'><strong>Sed</strong></span> <span class='ocrx_word' id='word_1_294' title='bbox 1348 2636 1472 2690; x_wconf 87' lang='lat' dir='ltr'><strong>hinc</strong></span> <span class='ocrx_word' id='word_1_295' title='bbox 1500 2637 1629 2689; x_wconf 86' lang='lat' dir='ltr'><strong>alias</strong></span> <span class='ocrx_word' id='word_1_296' title='bbox 1657 2654 1670 2701; x_wconf 89' lang='lat'>;</span> <span class='ocrx_word' id='word_1_297' title='bbox 1709 2646 1761 2690; x_wconf 85' lang='grc' dir='ltr'><strong>ιιι</strong></span> <span class='ocrx_word' id='word_1_298' title='bbox 1797 2639 1889 2691; x_wconf 89' lang='lat' dir='ltr'><strong>tibi</strong></span> 
     </span>
    </p>
   </div>
   <div class='ocr_carea' id='block_1_43' title="bbox 310 2725 1888 2796">
    <p class='ocr_par' dir='ltr' id='par_1_43' title="bbox 310 2725 1888 2796">
     <span class='ocr_line' id='line_1_43' title="bbox 310 2725 1888 2796; baseline 0.001 -18"><span class='ocrx_word' id='word_1_299' title='bbox 310 2727 676 2791; x_wconf 80' lang='lat' dir='ltr'><strong>provisionum</strong></span> <span class='ocrx_word' id='word_1_300' title='bbox 702 2734 912 2778; x_wconf 88' lang='lat' dir='ltr'><strong>tuarum</strong></span> <span class='ocrx_word' id='word_1_301' title='bbox 935 2726 1226 2793; x_wconf 87' lang='lat' dir='ltr'><strong>autgaudia</strong></span> <span class='ocrx_word' id='word_1_302' title='bbox 1248 2725 1469 2780; x_wconf 88' lang='lat' dir='ltr'><strong>debebis</strong></span> <span class='ocrx_word' id='word_1_303' title='bbox 1490 2736 1580 2779; x_wconf 91' lang='lat' dir='ltr'><strong>attt</strong></span> <span class='ocrx_word' id='word_1_304' title='bbox 1603 2728 1888 2796; x_wconf 79' lang='lat' dir='ltr'><strong>lacrymas.</strong></span> 
     </span>
    </p>
   </div>
   <div class='ocr_carea' id='block_1_44' title="bbox 314 2815 1887 2890">
    <p class='ocr_par' dir='ltr' id='par_1_44' title="bbox 314 2815 1887 2890">
     <span class='ocr_line' id='line_1_44' title="bbox 314 2815 1887 2890; baseline 0.001 -23"><span class='ocrx_word' id='word_1_305' title='bbox 314 2815 429 2884; x_wconf 79' lang='lat' dir='ltr'><strong>Ego</strong></span> <span class='ocrx_word' id='word_1_306' title='bbox 455 2815 663 2868; x_wconf 90' lang='lat' dir='ltr'><strong>interim</strong></span> <span class='ocrx_word' id='word_1_307' title='bbox 708 2816 1085 2868; x_wconf 89' lang='lat' dir='ltr'><strong>salutationem</strong></span> <span class='ocrx_word' id='word_1_308' title='bbox 1138 2815 1411 2890; x_wconf 73' lang='lat' dir='ltr'><strong>prazfatus,</strong></span> <span class='ocrx_word' id='word_1_309' title='bbox 1463 2832 1668 2869; x_wconf 87' lang='lat' dir='ltr'><strong>memor</strong></span> <span class='ocrx_word' id='word_1_310' title='bbox 1697 2817 1887 2877; x_wconf 89' lang='lat' dir='ltr'><strong>debiti,</strong></span> 
     </span>
    </p>
   </div>
   <div class='ocr_carea' id='block_1_45' title="bbox 309 2890 1890 2974">
    <p class='ocr_par' dir='ltr' id='par_1_45' title="bbox 309 2890 1890 2974">
     <span class='ocr_line' id='line_1_45' title="bbox 309 2890 1890 2974; baseline 0 -16"><span class='ocrx_word' id='word_1_311' title='bbox 309 2905 660 2959; x_wconf 75' lang='lat' dir='ltr'><strong>donationem</strong></span> <span class='ocrx_word' id='word_1_312' title='bbox 690 2906 754 2959; x_wconf 91' lang='lat' dir='ltr'><strong>de</strong></span> <span class='ocrx_word' id='word_1_313' title='bbox 787 2890 959 2974; x_wconf 86' lang='lat' dir='ltr'><strong>puero</strong></span> <span class='ocrx_word' id='word_1_314' title='bbox 996 2905 1289 2969; x_wconf 77' lang='lat' dir='ltr'><strong>destinavi;</strong></span> <span class='ocrx_word' id='word_1_315' title='bbox 1317 2906 1417 2959; x_wconf 90' lang='lat' dir='ltr'><strong>hoc</strong></span> <span class='ocrx_word' id='word_1_316' title='bbox 1448 2907 1584 2974; x_wconf 88' lang='lat' dir='ltr'><strong>apud</strong></span> <span class='ocrx_word' id='word_1_317' title='bbox 1615 2921 1890 2973; x_wconf 57' lang='lat' dir='ltr'><strong>tne‘repu-</strong></span> 
     </span>
    </p>
   </div>
   <div class='ocr_carea' id='block_1_46' title="bbox 306 2995 1887 3065">
    <p class='ocr_par' dir='ltr' id='par_1_46' title="bbox 306 2995 1887 3065">
     <span class='ocr_line' id='line_1_46' title="bbox 306 2995 1887 3065; baseline 0.002 -17"><span class='ocrx_word' id='word_1_318' title='bbox 306 3008 447 3062; x_wconf 79' lang='lat' dir='ltr'><strong>tans,</strong></span> <span class='ocrx_word' id='word_1_319' title='bbox 472 3006 530 3049; x_wconf 91' lang='lat' dir='ltr'><strong>ut</strong></span> <span class='ocrx_word' id='word_1_320' title='bbox 560 3012 656 3051; x_wconf 71' lang='lat' dir='ltr'><strong>nec</strong></span> <span class='ocrx_word' id='word_1_321' title='bbox 688 2997 1017 3065; x_wconf 72' lang='lat' dir='ltr'><strong>importunus</strong></span> <span class='ocrx_word' id='word_1_322' title='bbox 1042 2995 1100 3049; x_wconf 81' lang='lat' dir='ltr'><strong>int</strong></span> <span class='ocrx_word' id='word_1_323' title='bbox 1130 3006 1369 3062; x_wconf 87' lang='lat' dir='ltr'><strong>tempore</strong></span> <span class='ocrx_word' id='word_1_324' title='bbox 1417 2997 1730 3050; x_wconf 74' lang='lat' dir='ltr'><strong>difﬁdentia:</strong></span> <span class='ocrx_word' id='word_1_325' title='bbox 1776 3013 1887 3051; x_wconf 79' lang='lat' dir='ltr'><strong>sua:</strong></span> 
     </span>
    </p>
   </div>
   <div class='ocr_carea' id='block_1_47' title="bbox 308 3086 1890 3157">
    <p class='ocr_par' dir='ltr' id='par_1_47' title="bbox 308 3086 1890 3157">
     <span class='ocr_line' id='line_1_47' title="bbox 308 3086 1890 3157; baseline 0.002 -20"><span class='ocrx_word' id='word_1_326' title='bbox 308 3088 565 3152; x_wconf 78' lang='lat' dir='ltr'><strong>vinceret,</strong></span> <span class='ocrx_word' id='word_1_327' title='bbox 594 3096 649 3140; x_wconf 87' lang='lat' dir='ltr'><strong>et</strong></span> <span class='ocrx_word' id='word_1_328' title='bbox 692 3102 914 3140; x_wconf 88' lang='lat' dir='ltr'><strong>cessans</strong></span> <span class='ocrx_word' id='word_1_329' title='bbox 953 3088 1091 3139; x_wconf 89' lang='lat' dir='ltr'><strong>inter</strong></span> <span class='ocrx_word' id='word_1_330' title='bbox 1139 3086 1530 3155; x_wconf 75' lang='lat' dir='ltr'><strong>desperatimtis</strong></span> <span class='ocrx_word' id='word_1_331' title='bbox 1582 3089 1727 3141; x_wconf 77' lang='lat' dir='ltr'><strong>mala</strong></span> <span class='ocrx_word' id='word_1_332' title='bbox 1762 3104 1890 3157; x_wconf 87' lang='lat' dir='ltr'><strong>gau-</strong></span> 
     </span>
    </p>
   </div>
   <div class='ocr_carea' id='block_1_48' title="bbox 308 3178 477 3232">
    <p class='ocr_par' dir='ltr' id='par_1_48' title="bbox 308 3178 477 3232">
     <span class='ocr_line' id='line_1_48' title="bbox 308 3178 477 3232; baseline 0.006 -4"><span class='ocrx_word' id='word_1_333' title='bbox 308 3178 477 3232; x_wconf 75' lang='lat' dir='ltr'><strong>deret.</strong></span> 
     </span>
    </p>
   </div>
   <div class='ocr_carea' id='block_1_49' title="bbox 872 3267 1321 3323">
    <p class='ocr_par' dir='ltr' id='par_1_49' title="bbox 872 3267 1321 3323">
     <span class='ocr_line' id='line_1_49' title="bbox 872 3267 1321 3323; baseline 0.002 -2"><span class='ocrx_word' id='word_1_334' title='bbox 872 3267 1196 3323; x_wconf 69' lang='lat' dir='ltr'><strong>EPISTOLA</strong></span> <span class='ocrx_word' id='word_1_335' title='bbox 1232 3267 1321 3323; x_wconf 79' lang='lat' dir='ltr'><strong>XL</strong></span> 
     </span>
    </p>
   </div>
   <div class='ocr_carea' id='block_1_50' title="bbox 828 3379 1345 3419">
    <p class='ocr_par' dir='ltr' id='par_1_50' title="bbox 828 3379 1345 3419">
     <span class='ocr_line' id='line_1_50' title="bbox 828 3379 1345 3419; baseline 0.004 -4"><span class='ocrx_word' id='word_1_336' title='bbox 828 3379 1081 3417; x_wconf 67' lang='lat' dir='ltr'><strong>ENNODIUS</strong></span> <span class='ocrx_word' id='word_1_337' title='bbox 1129 3382 1345 3419; x_wconf 74' lang='lat' dir='ltr'><strong>FAL‘STO.</strong></span> 
     </span>
    </p>
   </div>
   <div class='ocr_carea' id='block_1_51' title="bbox 382 3450 1881 3526">
    <p class='ocr_par' dir='ltr' id='par_1_51' title="bbox 382 3450 1881 3526">
     <span class='ocr_line' id='line_1_51' title="bbox 382 3450 1881 3526; baseline 0.003 -19"><span class='ocrx_word' id='word_1_338' title='bbox 382 3450 594 3520; x_wconf 84' lang='lat' dir='ltr'><strong>Suscepi</strong></span> <span class='ocrx_word' id='word_1_339' title='bbox 626 3455 833 3507; x_wconf 72' lang='lat' dir='ltr'><strong>litteras</strong></span> <span class='ocrx_word' id='word_1_340' title='bbox 866 3455 1146 3523; x_wconf 74' lang='lat' dir='ltr'><strong>multiplici</strong></span> <span class='ocrx_word' id='word_1_341' title='bbox 1196 3458 1510 3526; x_wconf 88' lang='lat' dir='ltr'><strong>gaudiorum</strong></span> <span class='ocrx_word' id='word_1_342' title='bbox 1563 3460 1688 3512; x_wconf 90' lang='lat' dir='ltr'><strong>dote</strong></span> <span class='ocrx_word' id='word_1_343' title='bbox 1738 3459 1881 3511; x_wconf 74' lang='lat' dir='ltr'><strong>loru-</strong></span> 
     </span>
    </p>
   </div>
   <div class='ocr_carea' id='block_1_52' title="bbox 313 3546 1879 3619">
    <p class='ocr_par' dir='ltr' id='par_1_52' title="bbox 313 3546 1879 3619">
     <span class='ocr_line' id='line_1_52' title="bbox 313 3546 1879 3619; baseline 0.002 -21"><span class='ocrx_word' id='word_1_344' title='bbox 313 3546 501 3611; x_wconf 70' lang='lat' dir='ltr'><strong>pietes,</strong></span> <span class='ocrx_word' id='word_1_345' title='bbox 529 3560 579 3600; x_wconf 90' lang='lat' dir='ltr'><strong>et</strong></span> <span class='ocrx_word' id='word_1_346' title='bbox 606 3546 831 3613; x_wconf 76' lang='lat' dir='ltr'><strong>gratiam</strong></span> <span class='ocrx_word' id='word_1_347' title='bbox 855 3547 995 3599; x_wconf 87' lang='lat' dir='ltr'><strong>circa</strong></span> <span class='ocrx_word' id='word_1_348' title='bbox 1025 3563 1116 3600; x_wconf 86' lang='lat' dir='ltr'><strong>vus</strong></span> <span class='ocrx_word' id='word_1_349' title='bbox 1150 3549 1241 3602; x_wconf 89' lang='lat' dir='ltr'><strong>Dei</strong></span> <span class='ocrx_word' id='word_1_350' title='bbox 1277 3565 1436 3619; x_wconf 91' lang='lat' dir='ltr'><strong>quam</strong></span> <span class='ocrx_word' id='word_1_351' title='bbox 1470 3566 1720 3605; x_wconf 79' lang='lat' dir='ltr'><strong>noveram</strong></span> <span class='ocrx_word' id='word_1_352' title='bbox 1748 3567 1879 3602; x_wconf 88' lang='lat' dir='ltr'><strong>nuu-</strong></span> 
     </span>
    </p>
   </div>
   <div class='ocr_carea' id='block_1_53' title="bbox 309 3637 1879 3709">
    <p class='ocr_par' dir='ltr' id='par_1_53' title="bbox 309 3637 1879 3709">
     <span class='ocr_line' id='line_1_53' title="bbox 309 3637 1879 3709; baseline 0.003 -20"><span class='ocrx_word' id='word_1_353' title='bbox 309 3639 519 3689; x_wconf 76' lang='lat' dir='ltr'><strong>tiantes.</strong></span> <span class='ocrx_word' id='word_1_354' title='bbox 547 3637 797 3689; x_wconf 85' lang='lat' dir='ltr'><strong>Protinus</strong></span> <span class='ocrx_word' id='word_1_355' title='bbox 822 3638 1042 3691; x_wconf 87' lang='lat' dir='ltr'><strong>testibus</strong></span> <span class='ocrx_word' id='word_1_356' title='bbox 1062 3637 1260 3693; x_wconf 87' lang='lat' dir='ltr'><strong>Christi</strong></span> <span class='ocrx_word' id='word_1_357' title='bbox 1279 3640 1468 3703; x_wconf 84' lang='lat' dir='ltr'><strong>nostri,</strong></span> <span class='ocrx_word' id='word_1_358' title='bbox 1488 3657 1606 3695; x_wconf 89' lang='lat' dir='ltr'><strong>cum</strong></span> <span class='ocrx_word' id='word_1_359' title='bbox 1631 3642 1879 3709; x_wconf 87' lang='lat' dir='ltr'><strong>lacrymis</strong></span> 
     </span>
    </p>
   </div>
   <div class='ocr_carea' id='block_1_54' title="bbox 301 3728 1873 3802">
    <p class='ocr_par' dir='ltr' id='par_1_54' title="bbox 301 3728 1873 3802">
     <span class='ocr_line' id='line_1_54' title="bbox 301 3728 1873 3802; baseline 0.006 -27"><span class='ocrx_word' id='word_1_360' title='bbox 301 3742 432 3793; x_wconf 75' lang='lat' dir='ltr'><strong>quas</strong></span> <span class='ocrx_word' id='word_1_361' title='bbox 457 3729 775 3795; x_wconf 79' lang='lat' dir='ltr'><strong>suggerebat</strong></span> <span class='ocrx_word' id='word_1_362' title='bbox 812 3728 1065 3796; x_wconf 86' lang='lat' dir='ltr'><strong>hilaritas,</strong></span> <span class='ocrx_word' id='word_1_363' title='bbox 1100 3730 1331 3785; x_wconf 90' lang='lat' dir='ltr'><strong>indicata</strong></span> <span class='ocrx_word' id='word_1_364' title='bbox 1364 3731 1584 3800; x_wconf 82' lang='lat' dir='ltr'><strong>patefeci</strong></span> <span class='ocrx_word' id='word_1_365' title='bbox 1619 3749 1632 3784; x_wconf 91' lang='lat'><strong>:</strong></span> <span class='ocrx_word' id='word_1_366' title='bbox 1663 3734 1873 3802; x_wconf 82' lang='lat' dir='ltr'><strong>etquod</strong></span> 
     </span>
    </p>
   </div>
   <div class='ocr_carea' id='block_1_55' title="bbox 300 3819 1872 3890">
    <p class='ocr_par' dir='ltr' id='par_1_55' title="bbox 300 3819 1872 3890">
     <span class='ocr_line' id='line_1_55' title="bbox 300 3819 1872 3890; baseline 0.002 -19"><span class='ocrx_word' id='word_1_367' title='bbox 300 3833 395 3883; x_wconf 76' lang='lat' dir='ltr'><strong>per</strong></span> <span class='ocrx_word' id='word_1_368' title='bbox 429 3820 579 3886; x_wconf 88' lang='lat' dir='ltr'><strong>ipsos</strong></span> <span class='ocrx_word' id='word_1_369' title='bbox 618 3819 955 3887; x_wconf 82' lang='lat' dir='ltr'><strong>impetratum</strong></span> <span class='ocrx_word' id='word_1_370' title='bbox 986 3820 1174 3885; x_wconf 87' lang='lat' dir='ltr'><strong>fuerat,</strong></span> <span class='ocrx_word' id='word_1_371' title='bbox 1206 3822 1405 3890; x_wconf 79' lang='lat' dir='ltr'><strong>gratias</strong></span> <span class='ocrx_word' id='word_1_372' title='bbox 1432 3821 1690 3882; x_wconf 82' lang='lat' dir='ltr'><strong>referens,</strong></span> <span class='ocrx_word' id='word_1_373' title='bbox 1724 3823 1872 3890; x_wconf 90' lang='lat' dir='ltr'><strong>quasi</strong></span> 
     </span>
    </p>
   </div>
   <div class='ocr_carea' id='block_1_56' title="bbox 302 3910 1875 3983">
    <p class='ocr_par' dir='ltr' id='par_1_56' title="bbox 302 3910 1875 3983">
     <span class='ocr_line' id='line_1_56' title="bbox 302 3910 1875 3983; baseline 0.003 -23"><span class='ocrx_word' id='word_1_374' title='bbox 302 3924 469 3961; x_wconf 77' lang='lat' dir='ltr'><strong>novus</strong></span> <span class='ocrx_word' id='word_1_375' title='bbox 490 3912 687 3964; x_wconf 75' lang='lat' dir='ltr'><strong>relator</strong></span> <span class='ocrx_word' id='word_1_376' title='bbox 716 3911 941 3964; x_wconf 87' lang='lat' dir='ltr'><strong>asserui.</strong></span> <span class='ocrx_word' id='word_1_377' title='bbox 969 3910 1129 3976; x_wconf 83' lang='lat' dir='ltr'><strong>Vere,</strong></span> <span class='ocrx_word' id='word_1_378' title='bbox 1154 3912 1347 3966; x_wconf 89' lang='lat' dir='ltr'><strong>domne</strong></span> <span class='ocrx_word' id='word_1_379' title='bbox 1379 3913 1595 3977; x_wconf 79' lang='lat' dir='ltr'><strong>FauSIe,</strong></span> <span class='ocrx_word' id='word_1_380' title='bbox 1623 3914 1875 3983; x_wconf 80' lang='lat' dir='ltr'><strong>simplici-</strong></span> 
     </span>
    </p>
   </div>
   <div class='ocr_carea' id='block_1_57' title="bbox 303 4000 1871 4073">
    <p class='ocr_par' dir='ltr' id='par_1_57' title="bbox 303 4000 1871 4073">
     <span class='ocr_line' id='line_1_57' title="bbox 303 4000 1871 4073; baseline 0.004 -20"><span class='ocrx_word' id='word_1_381' title='bbox 303 4010 380 4053; x_wconf 76' lang='lat' dir='ltr'><strong>ter</strong></span> <span class='ocrx_word' id='word_1_382' title='bbox 410 4000 461 4052; x_wconf 91' lang='lat' dir='ltr'><strong>in</strong></span> <span class='ocrx_word' id='word_1_383' title='bbox 485 4001 587 4054; x_wconf 82' lang='lat' dir='ltr'><strong>hac</strong></span> <span class='ocrx_word' id='word_1_384' title='bbox 626 4017 786 4055; x_wconf 80' lang='lat' dir='ltr'><strong>causa</strong></span> <span class='ocrx_word' id='word_1_385' title='bbox 817 4003 1086 4072; x_wconf 85' lang='lat' dir='ltr'><strong>vulgatum</strong></span> <span class='ocrx_word' id='word_1_386' title='bbox 1116 4013 1219 4068; x_wconf 88' lang='lat' dir='ltr'><strong>est,</strong></span> <span class='ocrx_word' id='word_1_387' title='bbox 1249 4004 1374 4073; x_wconf 84' lang='lat' dir='ltr'><strong>quid</strong></span> <span class='ocrx_word' id='word_1_388' title='bbox 1406 4004 1628 4058; x_wconf 88' lang='lat' dir='ltr'><strong>haberet</strong></span> <span class='ocrx_word' id='word_1_389' title='bbox 1672 4007 1871 4069; x_wconf 82' lang='lat' dir='ltr'><strong>meriti,</strong></span> 
     </span>
    </p>
   </div>
   <div class='ocr_carea' id='block_1_58' title="bbox 295 4093 1869 4163">
    <p class='ocr_par' dir='ltr' id='par_1_58' title="bbox 295 4093 1869 4163">
     <span class='ocr_line' id='line_1_58' title="bbox 295 4093 1869 4163; baseline 0.006 -20"><span class='ocrx_word' id='word_1_390' title='bbox 295 4093 420 4159; x_wconf 70' lang='lat' dir='ltr'><strong>quid</strong></span> <span class='ocrx_word' id='word_1_391' title='bbox 453 4094 644 4146; x_wconf 84' lang='lat' dir='ltr'><strong>virium</strong></span> <span class='ocrx_word' id='word_1_392' title='bbox 673 4096 722 4148; x_wconf 82' lang='lat' dir='ltr'><strong>in</strong></span> <span class='ocrx_word' id='word_1_393' title='bbox 757 4096 997 4161; x_wconf 66' lang='lat' dir='ltr'><strong>precibus</strong></span> <span class='ocrx_word' id='word_1_394' title='bbox 1037 4096 1120 4148; x_wconf 87' lang='lat' dir='ltr'><strong>illa</strong></span> <span class='ocrx_word' id='word_1_395' title='bbox 1151 4106 1330 4150; x_wconf 78' lang='lat' dir='ltr'><strong>sancta</strong></span> <span class='ocrx_word' id='word_1_396' title='bbox 1360 4098 1539 4149; x_wconf 88' lang='lat' dir='ltr'><strong>anima</strong></span> <span class='ocrx_word' id='word_1_397' title='bbox 1577 4114 1695 4162; x_wconf 79' lang='lat' dir='ltr'><strong>qme</strong></span> <span class='ocrx_word' id='word_1_398' title='bbox 1728 4114 1869 4163; x_wconf 74' lang='lat' dir='ltr'><strong>prm-</strong></span> 
     </span>
    </p>
   </div>
   <div class='ocr_carea' id='block_1_59' title="bbox 294 4182 1868 4253">
    <p class='ocr_par' dir='ltr' id='par_1_59' title="bbox 294 4182 1868 4253">
     <span class='ocr_line' id='line_1_59' title="bbox 294 4182 1868 4253; baseline 0.004 -21"><span class='ocrx_word' id='word_1_399' title='bbox 294 4183 478 4237; x_wconf 69' lang='lat' dir='ltr'><strong>eessit.</strong></span> <span class='ocrx_word' id='word_1_400' title='bbox 506 4182 641 4237; x_wconf 78' lang='lat' dir='ltr'><strong>Nam</strong></span> <span class='ocrx_word' id='word_1_401' title='bbox 672 4185 769 4238; x_wconf 78' lang='lat' dir='ltr'><strong>etsi</strong></span> <span class='ocrx_word' id='word_1_402' title='bbox 817 4186 884 4239; x_wconf 88' lang='lat' dir='ltr'><strong>sit</strong></span> <span class='ocrx_word' id='word_1_403' title='bbox 916 4201 1038 4253; x_wconf 88' lang='lat' dir='ltr'><strong>spes</strong></span> <span class='ocrx_word' id='word_1_404' title='bbox 1089 4196 1268 4239; x_wconf 87' lang='lat' dir='ltr'><strong>nostra</strong></span> <span class='ocrx_word' id='word_1_405' title='bbox 1301 4187 1471 4241; x_wconf 89' lang='lat' dir='ltr'><strong>adhuc</strong></span> <span class='ocrx_word' id='word_1_406' title='bbox 1499 4204 1639 4241; x_wconf 72' lang='lat' dir='ltr'><strong>czeca</strong></span> <span class='ocrx_word' id='word_1_407' title='bbox 1687 4189 1868 4241; x_wconf 90' lang='lat' dir='ltr'><strong>mundi</strong></span> 
     </span>
    </p>
   </div>
   <div class='ocr_carea' id='block_1_60' title="bbox 294 4273 1870 4343">
    <p class='ocr_par' dir='ltr' id='par_1_60' title="bbox 294 4273 1870 4343">
     <span class='ocr_line' id='line_1_60' title="bbox 294 4273 1870 4343; baseline 0.005 -18"><span class='ocrx_word' id='word_1_408' title='bbox 294 4273 411 4327; x_wconf 80' lang='lat' dir='ltr'><strong>luce</strong></span> <span class='ocrx_word' id='word_1_409' title='bbox 439 4279 660 4337; x_wconf 83' lang='lat' dir='ltr'><strong>vestita;</strong></span> <span class='ocrx_word' id='word_1_410' title='bbox 692 4278 785 4329; x_wconf 89' lang='lat' dir='ltr'><strong>sed</strong></span> <span class='ocrx_word' id='word_1_411' title='bbox 820 4276 960 4343; x_wconf 91' lang='lat' dir='ltr'><strong>quod</strong></span> <span class='ocrx_word' id='word_1_412' title='bbox 990 4278 1316 4333; x_wconf 82' lang='lat' dir='ltr'><strong>conveniens</strong></span> <span class='ocrx_word' id='word_1_413' title='bbox 1353 4292 1471 4331; x_wconf 85' lang='lat' dir='ltr'><strong>esse</strong></span> <span class='ocrx_word' id='word_1_414' title='bbox 1506 4288 1725 4331; x_wconf 80' lang='lat' dir='ltr'><strong>noverat</strong></span> <span class='ocrx_word' id='word_1_415' title='bbox 1756 4280 1870 4333; x_wconf 88' lang='lat' dir='ltr'><strong>sine</strong></span> 
     </span>
    </p>
   </div>
   <div class='ocr_carea' id='block_1_61' title="bbox 293 4366 1869 4438">
    <p class='ocr_par' dir='ltr' id='par_1_61' title="bbox 293 4366 1869 4438">
     <span class='ocr_line' id='line_1_61' title="bbox 293 4366 1869 4438; baseline 0.004 -20"><span class='ocrx_word' id='word_1_416' title='bbox 293 4376 492 4419; x_wconf 69' lang='lat' dir='ltr'><strong>nostra:</strong></span> <span class='ocrx_word' id='word_1_417' title='bbox 530 4366 756 4421; x_wconf 89' lang='lat' dir='ltr'><strong>actionis</strong></span> <span class='ocrx_word' id='word_1_418' title='bbox 786 4369 968 4422; x_wconf 89' lang='lat' dir='ltr'><strong>labore</strong></span> <span class='ocrx_word' id='word_1_419' title='bbox 996 4371 1327 4438; x_wconf 82' lang='lat' dir='ltr'><strong>promeruit;</strong></span> <span class='ocrx_word' id='word_1_420' title='bbox 1352 4384 1469 4423; x_wconf 89' lang='lat' dir='ltr'><strong>eum</strong></span> <span class='ocrx_word' id='word_1_421' title='bbox 1503 4385 1532 4422; x_wconf 91' lang='lat' dir='ltr'><strong>a</strong></span> <span class='ocrx_word' id='word_1_422' title='bbox 1563 4370 1715 4424; x_wconf 88' lang='lat' dir='ltr'><strong>nobis</strong></span> <span class='ocrx_word' id='word_1_423' title='bbox 1736 4370 1869 4424; x_wconf 73' lang='lat' dir='ltr'><strong>divi-</strong></span> 
     </span>
    </p>
   </div>
   <div class='ocr_carea' id='block_1_62' title="bbox 292 4459 1865 4530">
    <p class='ocr_par' dir='ltr' id='par_1_62' title="bbox 292 4459 1865 4530">
     <span class='ocr_line' id='line_1_62' title="bbox 292 4459 1865 4530; baseline 0.004 -22"><span class='ocrx_word' id='word_1_424' title='bbox 292 4460 443 4512; x_wconf 56' lang='lat' dir='ltr'><strong>deret</strong></span> <span class='ocrx_word' id='word_1_425' title='bbox 474 4459 631 4512; x_wconf 86' lang='lat' dir='ltr'><strong>resin</strong></span> <span class='ocrx_word' id='word_1_426' title='bbox 656 4459 900 4514; x_wconf 89' lang='lat' dir='ltr'><strong>manibus</strong></span> <span class='ocrx_word' id='word_1_427' title='bbox 918 4462 1223 4524; x_wconf 75' lang='lat' dir='ltr'><strong>collocatas,</strong></span> <span class='ocrx_word' id='word_1_428' title='bbox 1246 4462 1438 4514; x_wconf 90' lang='lat' dir='ltr'><strong>obtulit</strong></span> <span class='ocrx_word' id='word_1_429' title='bbox 1461 4461 1612 4530; x_wconf 88' lang='lat' dir='ltr'><strong>longa</strong></span> <span class='ocrx_word' id='word_1_430' title='bbox 1638 4462 1865 4515; x_wconf 88' lang='lat' dir='ltr'><strong>statione</strong></span> 
     </span>
    </p>
   </div>
   <div class='ocr_carea' id='block_1_63' title="bbox 1995 1913 3574 1981">
    <p class='ocr_par' dir='ltr' id='par_1_63' title="bbox 1995 1913 3574 1981">
     <span class='ocr_line' id='line_1_63' title="bbox 1995 1913 3574 1981; baseline -0.003 -16"><span class='ocrx_word' id='word_1_431' title='bbox 1995 1913 2166 1979; x_wconf 78' lang='lat' dir='ltr'><strong>(Psal.</strong></span> <span class='ocrx_word' id='word_1_432' title='bbox 2197 1929 2337 1977; x_wconf 77' lang='lat' dir='ltr'><strong>xxiv,</strong></span> <span class='ocrx_word' id='word_1_433' title='bbox 2375 1913 2483 1980; x_wconf 74' lang='lat' dir='ltr'><strong>l3).</strong></span> <span class='ocrx_word' id='word_1_434' title='bbox 2515 1913 2736 1977; x_wconf 89' lang='lat' dir='ltr'><strong>Perﬁce,</strong></span> <span class='ocrx_word' id='word_1_435' title='bbox 2772 1914 2857 1980; x_wconf 89' lang='lat' dir='ltr'><strong>pie</strong></span> <span class='ocrx_word' id='word_1_436' title='bbox 2877 1915 3096 1977; x_wconf 88' lang='lat' dir='ltr'><strong>arbiter,</strong></span> <span class='ocrx_word' id='word_1_437' title='bbox 3128 1913 3266 1981; x_wconf 91' lang='lat' dir='ltr'><strong>quod</strong></span> <span class='ocrx_word' id='word_1_438' title='bbox 3300 1913 3574 1975; x_wconf 78' lang='lat' dir='ltr'><strong>remansit,</strong></span> 
     </span>
    </p>
   </div>
   <div class='ocr_carea' id='block_1_64' title="bbox 1993 2001 3570 2069">
    <p class='ocr_par' dir='ltr' id='par_1_64' title="bbox 1993 2001 3570 2069">
     <span class='ocr_line' id='line_1_64' title="bbox 1993 2001 3570 2069; baseline -0.001 -14"><span class='ocrx_word' id='word_1_439' title='bbox 1993 2010 2048 2055; x_wconf 85' lang='lat' dir='ltr'><strong>et</strong></span> <span class='ocrx_word' id='word_1_440' title='bbox 2082 2002 2102 2031; x_wconf 89' lang='grc'><strong><em>³</em></strong></span> <span class='ocrx_word' id='word_1_441' title='bbox 2133 2004 2182 2054; x_wconf 89' lang='lat' dir='ltr'><strong>in</strong></span> <span class='ocrx_word' id='word_1_442' title='bbox 2210 2002 2428 2055; x_wconf 74' lang='lat' dir='ltr'><strong>alterius</strong></span> <span class='ocrx_word' id='word_1_443' title='bbox 2454 2016 2592 2054; x_wconf 81' lang='lat' dir='ltr'><strong>servi</strong></span> <span class='ocrx_word' id='word_1_444' title='bbox 2617 2012 2687 2053; x_wconf 83' lang='lat' dir='ltr'><strong>tu.</strong></span> <span class='ocrx_word' id='word_1_445' title='bbox 2719 2002 2907 2069; x_wconf 89' lang='lat' dir='ltr'><strong>copula</strong></span> <span class='ocrx_word' id='word_1_446' title='bbox 2939 2016 3167 2055; x_wconf 85' lang='lat' dir='ltr'><strong>serenus</strong></span> <span class='ocrx_word' id='word_1_447' title='bbox 3217 2001 3414 2068; x_wconf 83' lang='lat' dir='ltr'><strong>aspira.</strong></span> <span class='ocrx_word' id='word_1_448' title='bbox 3443 2001 3570 2055; x_wconf 66' lang='lat' dir='ltr'><strong>fil-tbi</strong></span> 
     </span>
    </p>
   </div>
   <div class='ocr_carea' id='block_1_65' title="bbox 1992 2093 3565 2160">
    <p class='ocr_par' dir='ltr' id='par_1_65' title="bbox 1992 2093 3565 2160">
     <span class='ocr_line' id='line_1_65' title="bbox 1992 2093 3565 2160; baseline -0.001 -15"><span class='ocrx_word' id='word_1_449' title='bbox 1992 2094 2034 2145; x_wconf 80' lang='lat' dir='ltr'><strong>si</strong></span> <span class='ocrx_word' id='word_1_450' title='bbox 2059 2096 2172 2145; x_wconf 70' lang='lat' dir='ltr'><strong>hac</strong></span> <span class='ocrx_word' id='word_1_451' title='bbox 2201 2093 2423 2145; x_wconf 85' lang='lat' dir='ltr'><strong>videnda</strong></span> <span class='ocrx_word' id='word_1_452' title='bbox 2456 2093 2672 2146; x_wconf 90' lang='lat' dir='ltr'><strong>morbus</strong></span> <span class='ocrx_word' id='word_1_453' title='bbox 2705 2094 2793 2160; x_wconf 90' lang='lat' dir='ltr'><strong>qui</strong></span> <span class='ocrx_word' id='word_1_454' title='bbox 2822 2093 2931 2160; x_wconf 85' lang='lat' dir='ltr'><strong>jam</strong></span> <span class='ocrx_word' id='word_1_455' title='bbox 2976 2094 3191 2145; x_wconf 79' lang='lat' dir='ltr'><strong>vitalem</strong></span> <span class='ocrx_word' id='word_1_456' title='bbox 3224 2107 3286 2159; x_wconf 89' lang='lat' dir='ltr'><strong>pr</strong></span> <span class='ocrx_word' id='word_1_457' title='bbox 3304 2106 3565 2159; x_wconf 82' lang='lat' dir='ltr'><strong>t-nceupa-</strong></span> 
     </span>
    </p>
   </div>
   <div class='ocr_carea' id='block_1_66' title="bbox 1994 2183 3571 2252">
    <p class='ocr_par' dir='ltr' id='par_1_66' title="bbox 1994 2183 3571 2252">
     <span class='ocr_line' id='line_1_66' title="bbox 1994 2183 3571 2252; baseline 0.003 -21"><span class='ocrx_word' id='word_1_458' title='bbox 1994 2183 2069 2235; x_wconf 90' lang='lat' dir='ltr'><strong>vit</strong></span> <span class='ocrx_word' id='word_1_459' title='bbox 2094 2183 2469 2246; x_wconf 63' lang='lat' dir='ltr'><strong>substantiam,</strong></span> <span class='ocrx_word' id='word_1_460' title='bbox 2517 2198 2623 2236; x_wconf 91' lang='lat' dir='ltr'><strong>non</strong></span> <span class='ocrx_word' id='word_1_461' title='bbox 2681 2184 2956 2252; x_wconf 87' lang='lat' dir='ltr'><strong>relinquit,</strong></span> <span class='ocrx_word' id='word_1_462' title='bbox 3007 2184 3179 2237; x_wconf 88' lang='lat' dir='ltr'><strong>videat</strong></span> <span class='ocrx_word' id='word_1_463' title='bbox 3207 2184 3273 2236; x_wconf 85' lang='lat' dir='ltr'><strong>de</strong></span> <span class='ocrx_word' id='word_1_464' title='bbox 3304 2183 3409 2236; x_wconf 81' lang='lat' dir='ltr'><strong>illis</strong></span> <span class='ocrx_word' id='word_1_465' title='bbox 3437 2184 3571 2235; x_wconf 82' lang='lat' dir='ltr'><strong>bona</strong></span> 
     </span>
    </p>
   </div>
   <div class='ocr_carea' id='block_1_67' title="bbox 1993 2276 3570 2345">
    <p class='ocr_par' dir='ltr' id='par_1_67' title="bbox 1993 2276 3570 2345">
     <span class='ocr_line' id='line_1_67' title="bbox 1993 2276 3570 2345; baseline -0.002 -17"><span class='ocrx_word' id='word_1_466' title='bbox 1993 2287 2163 2343; x_wconf 87' lang='lat' dir='ltr'><strong>pater,</strong></span> <span class='ocrx_word' id='word_1_467' title='bbox 2194 2288 2247 2328; x_wconf 90' lang='lat' dir='ltr'><strong>et</strong></span> <span class='ocrx_word' id='word_1_468' title='bbox 2278 2276 2360 2328; x_wconf 89' lang='lat' dir='ltr'><strong>avi</strong></span> <span class='ocrx_word' id='word_1_469' title='bbox 2403 2277 2690 2345; x_wconf 85' lang='lat' dir='ltr'><strong>proavique</strong></span> <span class='ocrx_word' id='word_1_470' title='bbox 2718 2285 2842 2330; x_wconf 88' lang='lat' dir='ltr'><strong>ante</strong></span> <span class='ocrx_word' id='word_1_471' title='bbox 2870 2277 3147 2329; x_wconf 88' lang='lat' dir='ltr'><strong>transitum</strong></span> <span class='ocrx_word' id='word_1_472' title='bbox 3196 2290 3349 2328; x_wconf 86' lang='lat' dir='ltr'><strong>suum</strong></span> <span class='ocrx_word' id='word_1_473' title='bbox 3379 2287 3570 2326; x_wconf 89' lang='lat' dir='ltr'><strong>nomen</strong></span> 
     </span>
    </p>
   </div>
   <div class='ocr_carea' id='block_1_68' title="bbox 1990 2362 3568 2433">
    <p class='ocr_par' dir='ltr' id='par_1_68' title="bbox 1990 2362 3568 2433">
     <span class='ocr_line' id='line_1_68' title="bbox 1990 2362 3568 2433; baseline -0.003 -16"><span class='ocrx_word' id='word_1_474' title='bbox 1990 2367 2237 2433; x_wconf 83' lang='lat' dir='ltr'><strong>accipiat.</strong></span> <span class='ocrx_word' id='word_1_475' title='bbox 2265 2366 2342 2419; x_wconf 79' lang='lat' dir='ltr'><strong>Me</strong></span> <span class='ocrx_word' id='word_1_476' title='bbox 2373 2374 2567 2427; x_wconf 86' lang='lat' dir='ltr'><strong>tamen.</strong></span> <span class='ocrx_word' id='word_1_477' title='bbox 2588 2366 2826 2432; x_wconf 88' lang='lat' dir='ltr'><strong>quamvis</strong></span> <span class='ocrx_word' id='word_1_478' title='bbox 2857 2374 3214 2433; x_wconf 84' lang='lat' dir='ltr'><strong>peccatorem,</strong></span> <span class='ocrx_word' id='word_1_479' title='bbox 3244 2362 3419 2416; x_wconf 84' lang='lat' dir='ltr'><strong>adhue</strong></span> <span class='ocrx_word' id='word_1_480' title='bbox 3447 2377 3568 2431; x_wconf 78' lang='lat' dir='ltr'><strong>gra-</strong></span> 
     </span>
    </p>
   </div>
   <div class='ocr_carea' id='block_1_69' title="bbox 1994 2454 3566 2524">
    <p class='ocr_par' dir='ltr' id='par_1_69' title="bbox 1994 2454 3566 2524">
     <span class='ocr_line' id='line_1_69' title="bbox 1994 2454 3566 2524; baseline -0.002 -16"><span class='ocrx_word' id='word_1_481' title='bbox 1994 2456 2063 2509; x_wconf 88' lang='lat' dir='ltr'><strong>tia</strong></span> <span class='ocrx_word' id='word_1_482' title='bbox 2092 2472 2318 2524; x_wconf 86' lang='lat' dir='ltr'><strong>superna</strong></span> <span class='ocrx_word' id='word_1_483' title='bbox 2348 2472 2451 2509; x_wconf 91' lang='lat' dir='ltr'><strong>non</strong></span> <span class='ocrx_word' id='word_1_484' title='bbox 2482 2456 2711 2519; x_wconf 87' lang='lat' dir='ltr'><strong>deserit,</strong></span> <span class='ocrx_word' id='word_1_485' title='bbox 2740 2456 2827 2524; x_wconf 91' lang='lat' dir='ltr'><strong>qui</strong></span> <span class='ocrx_word' id='word_1_486' title='bbox 2875 2455 3292 2508; x_wconf 86' lang='lat' dir='ltr'><strong>admonitionem</strong></span> <span class='ocrx_word' id='word_1_487' title='bbox 3319 2454 3566 2507; x_wconf 77' lang='lat' dir='ltr'><strong>cautione</strong></span> 
     </span>
    </p>
   </div>
   <div class='ocr_carea' id='block_1_70' title="bbox 1994 2545 3569 2615">
    <p class='ocr_par' dir='ltr' id='par_1_70' title="bbox 1994 2545 3569 2615">
     <span class='ocr_line' id='line_1_70' title="bbox 1994 2545 3569 2615; baseline -0.002 -15"><span class='ocrx_word' id='word_1_488' title='bbox 1994 2547 2283 2613; x_wconf 62' lang='lat' dir='ltr'><strong>praxveniO.</strong></span> <span class='ocrx_word' id='word_1_489' title='bbox 2315 2546 2442 2600; x_wconf 85' lang='lat' dir='ltr'><strong>Nam</strong></span> <span class='ocrx_word' id='word_1_490' title='bbox 2465 2546 2729 2601; x_wconf 84' lang='lat' dir='ltr'><strong>desideria</strong></span> <span class='ocrx_word' id='word_1_491' title='bbox 2762 2560 2875 2600; x_wconf 88' lang='lat' dir='ltr'><strong>mea</strong></span> <span class='ocrx_word' id='word_1_492' title='bbox 2905 2562 2971 2601; x_wconf 85' lang='lat' dir='ltr'><strong>ne</strong></span> <span class='ocrx_word' id='word_1_493' title='bbox 2999 2546 3018 2577; x_wconf 69' lang='grc'>⁸</span> <span class='ocrx_word' id='word_1_494' title='bbox 3052 2547 3206 2615; x_wconf 85' lang='lat' dir='ltr'><strong>legati</strong></span> <span class='ocrx_word' id='word_1_495' title='bbox 3233 2545 3569 2613; x_wconf 84' lang='lat' dir='ltr'><strong>provincialis</strong></span> 
     </span>
    </p>
   </div>
   <div class='ocr_carea' id='block_1_71' title="bbox 1994 2636 3567 2708">
    <p class='ocr_par' dir='ltr' id='par_1_71' title="bbox 1994 2636 3567 2708">
     <span class='ocr_line' id='line_1_71' title="bbox 1994 2636 3567 2708; baseline -0.002 -15"><span class='ocrx_word' id='word_1_496' title='bbox 1994 2654 2186 2693; x_wconf 87' lang='lat' dir='ltr'><strong>nomen</strong></span> <span class='ocrx_word' id='word_1_497' title='bbox 2209 2639 2530 2708; x_wconf 87' lang='lat' dir='ltr'><strong>acciperem,</strong></span> <span class='ocrx_word' id='word_1_498' title='bbox 2556 2639 2679 2692; x_wconf 87' lang='lat' dir='ltr'><strong>licet</strong></span> <span class='ocrx_word' id='word_1_499' title='bbox 2706 2653 2826 2691; x_wconf 89' lang='lat' dir='ltr'><strong>cum</strong></span> <span class='ocrx_word' id='word_1_500' title='bbox 2852 2638 3063 2702; x_wconf 86' lang='lat' dir='ltr'><strong>dolore,</strong></span> <span class='ocrx_word' id='word_1_501' title='bbox 3089 2637 3362 2705; x_wconf 82' lang='lat' dir='ltr'><strong>suspendi.</strong></span> <span class='ocrx_word' id='word_1_502' title='bbox 3393 2636 3567 2690; x_wconf 79' lang='lat' dir='ltr'><strong>Timui</strong></span> 
     </span>
    </p>
   </div>
   <div class='ocr_carea' id='block_1_72' title="bbox 1996 2727 3568 2797">
    <p class='ocr_par' dir='ltr' id='par_1_72' title="bbox 1996 2727 3568 2797">
     <span class='ocr_line' id='line_1_72' title="bbox 1996 2727 3568 2797; baseline -0.002 -14"><span class='ocrx_word' id='word_1_503' title='bbox 1996 2745 2061 2784; x_wconf 86' lang='lat' dir='ltr'><strong>ne</strong></span> <span class='ocrx_word' id='word_1_504' title='bbox 2088 2741 2178 2783; x_wconf 87' lang='lat' dir='ltr'><strong>aut</strong></span> <span class='ocrx_word' id='word_1_505' title='bbox 2208 2746 2385 2784; x_wconf 89' lang='lat' dir='ltr'><strong>rerum</strong></span> <span class='ocrx_word' id='word_1_506' title='bbox 2403 2730 2672 2793; x_wconf 84' lang='lat' dir='ltr'><strong>dominus,</strong></span> <span class='ocrx_word' id='word_1_507' title='bbox 2696 2728 2845 2781; x_wconf 62' lang='lat' dir='ltr'><strong>vobis</strong></span> <span class='ocrx_word' id='word_1_508' title='bbox 2871 2730 3297 2797; x_wconf 69' lang='lat' dir='ltr'><strong>disponentihus,</strong></span> <span class='ocrx_word' id='word_1_509' title='bbox 3321 2727 3435 2782; x_wconf 62' lang='lat' dir='ltr'><strong>haec</strong></span> <span class='ocrx_word' id='word_1_510' title='bbox 3459 2742 3489 2781; x_wconf 86' lang='lat' dir='ltr'><strong>a</strong></span> <span class='ocrx_word' id='word_1_511' title='bbox 3510 2743 3568 2780; x_wconf 85' lang='lat' dir='ltr'><strong>se</strong></span> 
     </span>
    </p>
   </div>
   <div class='ocr_carea' id='block_1_73' title="bbox 1993 2821 3567 2891">
    <p class='ocr_par' dir='ltr' id='par_1_73' title="bbox 1993 2821 3567 2891">
     <span class='ocr_line' id='line_1_73' title="bbox 1993 2821 3567 2891; baseline -0.001 -16"><span class='ocrx_word' id='word_1_512' title='bbox 1993 2822 2136 2891; x_wconf 77' lang='lat' dir='ltr'><strong>exigi</strong></span> <span class='ocrx_word' id='word_1_513' title='bbox 2169 2822 2432 2885; x_wconf 87' lang='lat' dir='ltr'><strong>crederet,</strong></span> <span class='ocrx_word' id='word_1_514' title='bbox 2481 2837 2598 2888; x_wconf 81' lang='lat' dir='ltr'><strong>qua:</strong></span> <span class='ocrx_word' id='word_1_515' title='bbox 2653 2821 2794 2887; x_wconf 87' lang='lat' dir='ltr'><strong>cogit</strong></span> <span class='ocrx_word' id='word_1_516' title='bbox 2844 2821 3134 2874; x_wconf 69' lang='lat' dir='ltr'><strong>neceSsitas</strong></span> <span class='ocrx_word' id='word_1_517' title='bbox 3190 2821 3483 2889; x_wconf 73' lang='lat' dir='ltr'><strong>postulari;</strong></span> <span class='ocrx_word' id='word_1_518' title='bbox 3514 2832 3567 2875; x_wconf 83' lang='lat' dir='ltr'><strong>et</strong></span> 
     </span>
    </p>
   </div>
   <div class='ocr_carea' id='block_1_74' title="bbox 1994 2909 3568 2979">
    <p class='ocr_par' dir='ltr' id='par_1_74' title="bbox 1994 2909 3568 2979">
     <span class='ocr_line' id='line_1_74' title="bbox 1994 2909 3568 2979; baseline -0.003 -14"><span class='ocrx_word' id='word_1_519' title='bbox 1994 2926 2094 2979; x_wconf 84' lang='lat' dir='ltr'><strong>ego</strong></span> <span class='ocrx_word' id='word_1_520' title='bbox 2116 2912 2369 2965; x_wconf 88' lang='lat' dir='ltr'><strong>redderer</strong></span> <span class='ocrx_word' id='word_1_521' title='bbox 2389 2910 2579 2964; x_wconf 80' lang='lat' dir='ltr'><strong>ofﬁciis</strong></span> <span class='ocrx_word' id='word_1_522' title='bbox 2604 2924 2860 2963; x_wconf 87' lang='lat' dir='ltr'><strong>onerosus</strong></span> <span class='ocrx_word' id='word_1_523' title='bbox 2887 2917 2941 2962; x_wconf 90' lang='lat' dir='ltr'><strong>et</strong></span> <span class='ocrx_word' id='word_1_524' title='bbox 2984 2909 3281 2963; x_wconf 86' lang='lat' dir='ltr'><strong>actionibus</strong></span> <span class='ocrx_word' id='word_1_525' title='bbox 3332 2909 3568 2962; x_wconf 74' lang='lat' dir='ltr'><strong>infecuu~</strong></span> 
     </span>
    </p>
   </div>
   <div class='ocr_carea' id='block_1_75' title="bbox 1993 2999 3564 3069">
    <p class='ocr_par' dir='ltr' id='par_1_75' title="bbox 1993 2999 3564 3069">
     <span class='ocr_line' id='line_1_75' title="bbox 1993 2999 3564 3069; baseline -0.001 -16"><span class='ocrx_word' id='word_1_526' title='bbox 1993 3002 2115 3065; x_wconf 88' lang='lat' dir='ltr'><strong>dus,</strong></span> <span class='ocrx_word' id='word_1_527' title='bbox 2145 3002 2384 3069; x_wconf 84' lang='lat' dir='ltr'><strong>quamvis</strong></span> <span class='ocrx_word' id='word_1_528' title='bbox 2406 3015 2503 3053; x_wconf 90' lang='lat' dir='ltr'><strong>nec</strong></span> <span class='ocrx_word' id='word_1_529' title='bbox 2525 3000 2740 3066; x_wconf 81' lang='lat' dir='ltr'><strong>exsequi</strong></span> <span class='ocrx_word' id='word_1_530' title='bbox 2774 3013 2871 3050; x_wconf 88' lang='lat' dir='ltr'><strong>nec</strong></span> <span class='ocrx_word' id='word_1_531' title='bbox 2910 2999 3159 3063; x_wconf 88' lang='lat' dir='ltr'><strong>injunctis</strong></span> <span class='ocrx_word' id='word_1_532' title='bbox 3192 3014 3285 3065; x_wconf 91' lang='lat' dir='ltr'><strong>par</strong></span> <span class='ocrx_word' id='word_1_533' title='bbox 3310 3013 3427 3050; x_wconf 89' lang='lat' dir='ltr'><strong>esse</strong></span> <span class='ocrx_word' id='word_1_534' title='bbox 3456 3000 3564 3052; x_wconf 56' lang='grc' dir='ltr'><strong>διήὸ</strong></span> 
     </span>
    </p>
   </div>
   <div class='ocr_carea' id='block_1_76' title="bbox 1996 3085 3565 3155">
    <p class='ocr_par' dir='ltr' id='par_1_76' title="bbox 1996 3085 3565 3155">
     <span class='ocr_line' id='line_1_76' title="bbox 1996 3085 3565 3155; baseline 0 -15"><span class='ocrx_word' id='word_1_535' title='bbox 1996 3090 2232 3142; x_wconf 88' lang='lat' dir='ltr'><strong>ﬁceretn.</strong></span> <span class='ocrx_word' id='word_1_536' title='bbox 2258 3088 2406 3155; x_wconf 79' lang='lat' dir='ltr'><strong>Rogo</strong></span> <span class='ocrx_word' id='word_1_537' title='bbox 2436 3098 2491 3139; x_wconf 90' lang='lat' dir='ltr'><strong>ut</strong></span> <span class='ocrx_word' id='word_1_538' title='bbox 2515 3085 2822 3154; x_wconf 82' lang='lat' dir='ltr'><strong>supplicetis</strong></span> <span class='ocrx_word' id='word_1_539' title='bbox 2854 3086 2982 3149; x_wconf 89' lang='lat' dir='ltr'><strong>Deo,</strong></span> <span class='ocrx_word' id='word_1_540' title='bbox 3007 3094 3064 3137; x_wconf 88' lang='lat' dir='ltr'><strong>ut</strong></span> <span class='ocrx_word' id='word_1_541' title='bbox 3090 3102 3175 3139; x_wconf 91' lang='lat' dir='ltr'><strong>me</strong></span> <span class='ocrx_word' id='word_1_542' title='bbox 3201 3088 3284 3139; x_wconf 87' lang='lat' dir='ltr'><strong>vel</strong></span> <span class='ocrx_word' id='word_1_543' title='bbox 3307 3103 3471 3155; x_wconf 87' lang='lat' dir='ltr'><strong>usque</strong></span> <span class='ocrx_word' id='word_1_544' title='bbox 3500 3090 3565 3141; x_wconf 85' lang='lat' dir='ltr'><strong>ad</strong></span> 
     </span>
    </p>
   </div>
   <div class='ocr_carea' id='block_1_77' title="bbox 1910 3175 3565 3241">
    <p class='ocr_par' dir='ltr' id='par_1_77' title="bbox 1910 3175 3565 3241">
     <span class='ocr_line' id='line_1_77' title="bbox 1910 3175 3565 3241; baseline 0.003 -14"><span class='ocrx_word' id='word_1_545' title='bbox 1910 3178 1958 3237; x_wconf 88' lang='lat' dir='ltr'><strong>C</strong></span> <span class='ocrx_word' id='word_1_546' title='bbox 1987 3186 2229 3229; x_wconf 85' lang='lat' dir='ltr'><strong>votorum</strong></span> <span class='ocrx_word' id='word_1_547' title='bbox 2281 3177 2639 3230; x_wconf 76' lang='lat' dir='ltr'><strong>Communium</strong></span> <span class='ocrx_word' id='word_1_548' title='bbox 2670 3186 2906 3241; x_wconf 77' lang='lat' dir='ltr'><strong>tempora</strong></span> <span class='ocrx_word' id='word_1_549' title='bbox 2940 3175 2989 3227; x_wconf 90' lang='lat' dir='ltr'><strong>in</strong></span> <span class='ocrx_word' id='word_1_550' title='bbox 3036 3176 3213 3228; x_wconf 84' lang='lat' dir='ltr'><strong>mundi</strong></span> <span class='ocrx_word' id='word_1_551' title='bbox 3259 3176 3420 3232; x_wconf 85' lang='lat' dir='ltr'><strong>istius-</strong></span> <span class='ocrx_word' id='word_1_552' title='bbox 3451 3191 3565 3232; x_wconf 60' lang='grc' dir='ltr'><strong>οξτο</strong></span> 
     </span>
    </p>
   </div>
   <div class='ocr_carea' id='block_1_78' title="bbox 1992 3267 2333 3321">
    <p class='ocr_par' dir='ltr' id='par_1_78' title="bbox 1992 3267 2333 3321">
     <span class='ocr_line' id='line_1_78' title="bbox 1992 3267 2333 3321; baseline 0.009 -5"><span class='ocrx_word' id='word_1_553' title='bbox 1992 3278 2071 3321; x_wconf 81' lang='lat' dir='ltr'><strong>vet</strong></span> <span class='ocrx_word' id='word_1_554' title='bbox 2100 3267 2333 3320; x_wconf 78' lang='lat' dir='ltr'><strong>incerto.</strong></span> 
     </span>
    </p>
   </div>
   <div class='ocr_carea' id='block_1_79' title="bbox 2522 3358 2998 3416">
    <p class='ocr_par' dir='ltr' id='par_1_79' title="bbox 2522 3358 2998 3416">
     <span class='ocr_line' id='line_1_79' title="bbox 2522 3358 2998 3416; baseline 0.002 -4"><span class='ocrx_word' id='word_1_555' title='bbox 2522 3358 2851 3415; x_wconf 64' lang='lat' dir='ltr'><strong>EPISTULA</strong></span> <span class='ocrx_word' id='word_1_556' title='bbox 2887 3362 2998 3416; x_wconf 74' lang='lat' dir='ltr'><strong>le.</strong></span> 
     </span>
    </p>
   </div>
   <div class='ocr_carea' id='block_1_80' title="bbox 2491 3468 3073 3507">
    <p class='ocr_par' dir='ltr' id='par_1_80' title="bbox 2491 3468 3073 3507">
     <span class='ocr_line' id='line_1_80' title="bbox 2491 3468 3073 3507; baseline 0.002 -3"><span class='ocrx_word' id='word_1_557' title='bbox 2491 3468 2751 3506; x_wconf 60' lang='lat' dir='ltr'><strong>PHNOMUS</strong></span> <span class='ocrx_word' id='word_1_558' title='bbox 2800 3470 2957 3507; x_wconf 64' lang='lat' dir='ltr'><strong>MESSA</strong></span> <span class='ocrx_word' id='word_1_559' title='bbox 2969 3470 3073 3507; x_wconf 66' lang='grc' dir='ltr'><strong>Ιηεσ</strong></span> 
     </span>
    </p>
   </div>
   <div class='ocr_carea' id='block_1_81' title="bbox 2054 3542 3567 3605">
    <p class='ocr_par' dir='ltr' id='par_1_81' title="bbox 2054 3542 3567 3605">
     <span class='ocr_line' id='line_1_81' title="bbox 2054 3542 3567 3605; baseline 0.003 -13"><span class='ocrx_word' id='word_1_560' title='bbox 2054 3542 2199 3593; x_wconf 74' lang='lat' dir='ltr'><strong>Fero-</strong></span> <span class='ocrx_word' id='word_1_561' title='bbox 2235 3554 2534 3595; x_wconf 72' lang='lat' dir='ltr'><strong>vestrarum</strong></span> <span class='ocrx_word' id='word_1_562' title='bbox 2590 3546 2883 3597; x_wconf 66' lang='lat' dir='ltr'><strong>absentiam</strong></span> <span class='ocrx_word' id='word_1_563' title='bbox 2919 3545 3235 3605; x_wconf 86' lang='lat' dir='ltr'><strong>litterarum,</strong></span> <span class='ocrx_word' id='word_1_564' title='bbox 3282 3546 3333 3597; x_wconf 90' lang='lat' dir='ltr'><strong>si</strong></span> <span class='ocrx_word' id='word_1_565' title='bbox 3371 3546 3446 3597; x_wconf 88' lang='lat' dir='ltr'><strong>sic</strong></span> <span class='ocrx_word' id='word_1_566' title='bbox 3495 3546 3567 3597; x_wconf 82' lang='lat' dir='ltr'><strong>ad</strong></span> 
     </span>
    </p>
   </div>
   <div class='ocr_carea' id='block_1_82' title="bbox 1982 3633 3558 3705">
    <p class='ocr_par' dir='ltr' id='par_1_82' title="bbox 1982 3633 3558 3705">
     <span class='ocr_line' id='line_1_82' title="bbox 1982 3633 3558 3705; baseline 0.005 -24"><span class='ocrx_word' id='word_1_567' title='bbox 1982 3638 2307 3692; x_wconf 83' lang='lat' dir='ltr'><strong>incrementa</strong></span> <span class='ocrx_word' id='word_1_568' title='bbox 2334 3633 2509 3701; x_wconf 77' lang='lat' dir='ltr'><strong>gaudii</strong></span> <span class='ocrx_word' id='word_1_569' title='bbox 2546 3636 2647 3688; x_wconf 88' lang='lat' dir='ltr'><strong>tnei</strong></span> <span class='ocrx_word' id='word_1_570' title='bbox 2670 3637 2901 3704; x_wconf 70' lang='lat' dir='ltr'><strong>perlinit</strong></span> <span class='ocrx_word' id='word_1_571' title='bbox 2940 3636 3079 3705; x_wconf 84' lang='lat' dir='ltr'><strong>quod</strong></span> <span class='ocrx_word' id='word_1_572' title='bbox 3110 3638 3316 3693; x_wconf 87' lang='lat' dir='ltr'><strong>tacetis.</strong></span> <span class='ocrx_word' id='word_1_573' title='bbox 3343 3636 3454 3689; x_wconf 80' lang='lat' dir='ltr'><strong>Non</strong></span> <span class='ocrx_word' id='word_1_574' title='bbox 3480 3646 3558 3689; x_wconf 83' lang='lat' dir='ltr'><strong>est</strong></span> 
     </span>
    </p>
   </div>
   <div class='ocr_carea' id='block_1_83' title="bbox 1958 3723 3556 3795">
    <p class='ocr_par' dir='ltr' id='par_1_83' title="bbox 1958 3723 3556 3795">
     <span class='ocr_line' id='line_1_83' title="bbox 1958 3723 3556 3795; baseline 0.006 -21"><span class='ocrx_word' id='word_1_575' title='bbox 1958 3723 2200 3777; x_wconf 73' lang='lat' dir='ltr'><strong>&#39;tuolesta</strong></span> <span class='ocrx_word' id='word_1_576' title='bbox 2252 3726 2509 3793; x_wconf 85' lang='lat' dir='ltr'><strong>paginalis</strong></span> <span class='ocrx_word' id='word_1_577' title='bbox 2551 3725 2914 3790; x_wconf 90' lang='lat' dir='ltr'><strong>intermissio,</strong></span> <span class='ocrx_word' id='word_1_578' title='bbox 2973 3729 3018 3781; x_wconf 91' lang='lat' dir='ltr'><strong>si</strong></span> <span class='ocrx_word' id='word_1_579' title='bbox 3085 3744 3205 3781; x_wconf 91' lang='lat' dir='ltr'><strong>cum</strong></span> <span class='ocrx_word' id='word_1_580' title='bbox 3262 3729 3556 3795; x_wconf 87' lang='lat' dir='ltr'><strong>splendidis</strong></span> 
     </span>
    </p>
   </div>
   <div class='ocr_carea' id='block_1_84' title="bbox 1979 3812 3558 3887">
    <p class='ocr_par' dir='ltr' id='par_1_84' title="bbox 1979 3812 3558 3887">
     <span class='ocr_line' id='line_1_84' title="bbox 1979 3812 3558 3887; baseline 0.005 -23"><span class='ocrx_word' id='word_1_581' title='bbox 1979 3812 2301 3866; x_wconf 88' lang='lat' dir='ltr'><strong>dictionibus</strong></span> <span class='ocrx_word' id='word_1_582' title='bbox 2326 3816 2622 3883; x_wconf 88' lang='lat' dir='ltr'><strong>junguntur</strong></span> <span class='ocrx_word' id='word_1_583' title='bbox 2645 3832 2761 3869; x_wconf 86' lang='lat' dir='ltr'><strong>rara</strong></span> <span class='ocrx_word' id='word_1_584' title='bbox 2785 3818 3075 3884; x_wconf 89' lang='lat' dir='ltr'><strong>colloquia.</strong></span> <span class='ocrx_word' id='word_1_585' title='bbox 3119 3819 3269 3882; x_wconf 81' lang='lat' dir='ltr'><strong>Quod</strong></span> <span class='ocrx_word' id='word_1_586' title='bbox 3301 3819 3366 3871; x_wconf 83' lang='lat' dir='ltr'><strong>dc</strong></span> <span class='ocrx_word' id='word_1_587' title='bbox 3391 3823 3558 3887; x_wconf 75' lang='lat' dir='ltr'><strong>gratia</strong></span> 
     </span>
    </p>
   </div>
   <div class='ocr_carea' id='block_1_85' title="bbox 1975 3904 3557 3979">
    <p class='ocr_par' dir='ltr' id='par_1_85' title="bbox 1975 3904 3557 3979">
     <span class='ocr_line' id='line_1_85' title="bbox 1975 3904 3557 3979; baseline 0.007 -27"><span class='ocrx_word' id='word_1_588' title='bbox 1975 3904 2113 3955; x_wconf 76' lang='lat' dir='ltr'><strong>(‘il‘t&#39;ﬂ</strong></span> <span class='ocrx_word' id='word_1_589' title='bbox 2154 3919 2246 3955; x_wconf 73' lang='lat' dir='ltr'><strong>vos</strong></span> <span class='ocrx_word' id='word_1_590' title='bbox 2275 3906 2390 3969; x_wconf 88' lang='lat' dir='ltr'><strong>Dei,</strong></span> <span class='ocrx_word' id='word_1_591' title='bbox 2426 3907 2565 3976; x_wconf 90' lang='lat' dir='ltr'><strong>quod</strong></span> <span class='ocrx_word' id='word_1_592' title='bbox 2607 3910 2673 3962; x_wconf 89' lang='lat' dir='ltr'><strong>de</strong></span> <span class='ocrx_word' id='word_1_593' title='bbox 2700 3910 2901 3963; x_wconf 85' lang='lat' dir='ltr'><strong>sanctis</strong></span> <span class='ocrx_word' id='word_1_594' title='bbox 2928 3911 3241 3978; x_wconf 77' lang='lat' dir='ltr'><strong>parentibus</strong></span> <span class='ocrx_word' id='word_1_595' title='bbox 3272 3926 3557 3979; x_wconf 73' lang='lat' dir='ltr'><strong>prmsuma-</strong></span> 
     </span>
    </p>
   </div>
   <div class='ocr_carea' id='block_1_86' title="bbox 1977 3998 3556 4072">
    <p class='ocr_par' dir='ltr' id='par_1_86' title="bbox 1977 3998 3556 4072">
     <span class='ocr_line' id='line_1_86' title="bbox 1977 3998 3556 4072; baseline 0.006 -25"><span class='ocrx_word' id='word_1_596' title='bbox 1977 4003 2065 4048; x_wconf 91' lang='lat' dir='ltr'><strong>tur</strong></span> <span class='ocrx_word' id='word_1_597' title='bbox 2110 3998 2330 4064; x_wconf 82' lang='lat' dir='ltr'><strong>accipio.</strong></span> <span class='ocrx_word' id='word_1_598' title='bbox 2378 3998 2492 4052; x_wconf 87' lang='lat' dir='ltr'><strong>Jam</strong></span> <span class='ocrx_word' id='word_1_599' title='bbox 2535 4000 2802 4069; x_wconf 78' lang='lat' dir='ltr'><strong>suffragiis</strong></span> <span class='ocrx_word' id='word_1_600' title='bbox 2852 4004 3143 4055; x_wconf 89' lang='lat' dir='ltr'><strong>amicorum</strong></span> <span class='ocrx_word' id='word_1_601' title='bbox 3201 4003 3292 4056; x_wconf 87' lang='lat' dir='ltr'><strong>Dei</strong></span> <span class='ocrx_word' id='word_1_602' title='bbox 3340 4005 3430 4072; x_wconf 90' lang='lat' dir='ltr'><strong>qui</strong></span> <span class='ocrx_word' id='word_1_603' title='bbox 3466 4006 3556 4057; x_wconf 87' lang='lat' dir='ltr'><strong>tibi</strong></span> 
     </span>
    </p>
   </div>
   <div class='ocr_carea' id='block_1_87' title="bbox 1976 4089 3557 4160">
    <p class='ocr_par' dir='ltr' id='par_1_87' title="bbox 1976 4089 3557 4160">
     <span class='ocr_line' id='line_1_87' title="bbox 1976 4089 3557 4160; baseline 0.008 -25"><span class='ocrx_word' id='word_1_604' title='bbox 1976 4097 2125 4154; x_wconf 87' lang='lat' dir='ltr'><strong>pater</strong></span> <span class='ocrx_word' id='word_1_605' title='bbox 2163 4099 2215 4141; x_wconf 90' lang='lat' dir='ltr'><strong>ct</strong></span> <span class='ocrx_word' id='word_1_606' title='bbox 2263 4089 2425 4143; x_wconf 77' lang='lat' dir='ltr'><strong>frater</strong></span> <span class='ocrx_word' id='word_1_607' title='bbox 2451 4099 2555 4154; x_wconf 83' lang='lat' dir='ltr'><strong>est,</strong></span> <span class='ocrx_word' id='word_1_608' title='bbox 2587 4092 2866 4160; x_wconf 88' lang='lat' dir='ltr'><strong>agnovisti.</strong></span> <span class='ocrx_word' id='word_1_609' title='bbox 2910 4094 3046 4146; x_wconf 79' lang='lat' dir='ltr'><strong>Vere</strong></span> <span class='ocrx_word' id='word_1_610' title='bbox 3101 4094 3385 4147; x_wconf 82' lang='lat' dir='ltr'><strong>dictionem</strong></span> <span class='ocrx_word' id='word_1_611' title='bbox 3416 4105 3557 4147; x_wconf 85' lang='lat' dir='ltr'><strong>tuam</strong></span> 
     </span>
    </p>
   </div>
   <div class='ocr_carea' id='block_1_88' title="bbox 1973 4178 3556 4256">
    <p class='ocr_par' dir='ltr' id='par_1_88' title="bbox 1973 4178 3556 4256">
     <span class='ocr_line' id='line_1_88' title="bbox 1973 4178 3556 4256; baseline 0.003 -26"><span class='ocrx_word' id='word_1_612' title='bbox 1973 4179 2087 4232; x_wconf 88' lang='lat' dir='ltr'><strong>sine</strong></span> <span class='ocrx_word' id='word_1_613' title='bbox 2129 4178 2380 4249; x_wconf 83' lang='lat' dir='ltr'><strong>lacrymis</strong></span> <span class='ocrx_word' id='word_1_614' title='bbox 2420 4197 2552 4249; x_wconf 90' lang='lat' dir='ltr'><strong>quas</strong></span> <span class='ocrx_word' id='word_1_615' title='bbox 2590 4182 2788 4236; x_wconf 88' lang='lat' dir='ltr'><strong>dabant</strong></span> <span class='ocrx_word' id='word_1_616' title='bbox 2828 4186 3037 4252; x_wconf 86' lang='lat' dir='ltr'><strong>gaudia,</strong></span> <span class='ocrx_word' id='word_1_617' title='bbox 3070 4203 3173 4239; x_wconf 92' lang='lat' dir='ltr'><strong>non</strong></span> <span class='ocrx_word' id='word_1_618' title='bbox 3205 4186 3390 4256; x_wconf 82' lang='lat' dir='ltr'><strong>relegi.</strong></span> <span class='ocrx_word' id='word_1_619' title='bbox 3426 4186 3556 4238; x_wconf 78' lang='lat' dir='ltr'><strong>Nolo</strong></span> 
     </span>
    </p>
   </div>
   <div class='ocr_carea' id='block_1_89' title="bbox 1974 4272 3554 4345">
    <p class='ocr_par' dir='ltr' id='par_1_89' title="bbox 1974 4272 3554 4345">
     <span class='ocr_line' id='line_1_89' title="bbox 1974 4272 3554 4345; baseline 0.004 -22"><span class='ocrx_word' id='word_1_620' title='bbox 1974 4272 2115 4338; x_wconf 88' lang='lat' dir='ltr'><strong>apud</strong></span> <span class='ocrx_word' id='word_1_621' title='bbox 2169 4281 2220 4325; x_wconf 89' lang='lat' dir='ltr'><strong>te</strong></span> <span class='ocrx_word' id='word_1_622' title='bbox 2280 4288 2398 4340; x_wconf 68' lang='lat' dir='ltr'><strong>qua!</strong></span> <span class='ocrx_word' id='word_1_623' title='bbox 2436 4273 2504 4325; x_wconf 88' lang='lat' dir='ltr'><strong>de</strong></span> <span class='ocrx_word' id='word_1_624' title='bbox 2537 4284 2587 4327; x_wconf 92' lang='lat' dir='ltr'><strong>te</strong></span> <span class='ocrx_word' id='word_1_625' title='bbox 2636 4276 2811 4329; x_wconf 87' lang='lat' dir='ltr'><strong>sentio</strong></span> <span class='ocrx_word' id='word_1_626' title='bbox 2842 4278 3123 4329; x_wconf 86' lang='lat' dir='ltr'><strong>verborum</strong></span> <span class='ocrx_word' id='word_1_627' title='bbox 3158 4278 3554 4345; x_wconf 83' lang='lat' dir='ltr'><strong>importunitate</strong></span> 
     </span>
    </p>
   </div>
   <div class='ocr_carea' id='block_1_90' title="bbox 1974 4363 3555 4433">
    <p class='ocr_par' dir='ltr' id='par_1_90' title="bbox 1974 4363 3555 4433">
     <span class='ocr_line' id='line_1_90' title="bbox 1974 4363 3555 4433; baseline 0.001 -18"><span class='ocrx_word' id='word_1_628' title='bbox 1974 4364 2284 4431; x_wconf 88' lang='lat' dir='ltr'><strong>producere.</strong></span> <span class='ocrx_word' id='word_1_629' title='bbox 2342 4363 2542 4415; x_wconf 80' lang='lat' dir='ltr'><strong>Labora</strong></span> <span class='ocrx_word' id='word_1_630' title='bbox 2579 4365 2803 4430; x_wconf 83' lang='lat' dir='ltr'><strong>utquod</strong></span> <span class='ocrx_word' id='word_1_631' title='bbox 2848 4376 3168 4433; x_wconf 79' lang='lat' dir='ltr'><strong>suggerente</strong></span> <span class='ocrx_word' id='word_1_632' title='bbox 3212 4373 3263 4417; x_wconf 87' lang='lat' dir='ltr'><strong>in</strong></span> <span class='ocrx_word' id='word_1_633' title='bbox 3309 4366 3555 4419; x_wconf 79' lang='lat' dir='ltr'><strong>sensibus</strong></span> 
     </span>
    </p>
   </div>
   <div class='ocr_carea' id='block_1_91' title="bbox 1975 4454 3551 4524">
    <p class='ocr_par' dir='ltr' id='par_1_91' title="bbox 1975 4454 3551 4524">
     <span class='ocr_line' id='line_1_91' title="bbox 1975 4454 3551 4524; baseline 0.004 -21"><span class='ocrx_word' id='word_1_634' title='bbox 1975 4469 2106 4508; x_wconf 87' lang='lat' dir='ltr'><strong>vena</strong></span> <span class='ocrx_word' id='word_1_635' title='bbox 2157 4454 2402 4521; x_wconf 71' lang='lat' dir='ltr'><strong>invi-uis,</strong></span> <span class='ocrx_word' id='word_1_636' title='bbox 2460 4470 2751 4522; x_wconf 85' lang='lat' dir='ltr'><strong>cmuponas</strong></span> <span class='ocrx_word' id='word_1_637' title='bbox 2815 4456 3138 4524; x_wconf 88' lang='lat' dir='ltr'><strong>eloquentia.</strong></span> <span class='ocrx_word' id='word_1_638' title='bbox 3197 4457 3333 4509; x_wconf 72' lang='lat' dir='ltr'><strong>Nihil</strong></span> <span class='ocrx_word' id='word_1_639' title='bbox 3385 4459 3474 4507; x_wconf 91' lang='lat' dir='ltr'><strong>tibi</strong></span> <span class='ocrx_word' id='word_1_640' title='bbox 3524 4476 3551 4510; x_wconf 93' lang='lat' dir='ltr'><strong>a</strong></span> 
     </span>
    </p>
   </div>
   <div class='ocr_carea' id='block_1_92' title="bbox 290 4539 3553 4620">
    <p class='ocr_par' dir='ltr' id='par_1_92' title="bbox 290 4539 3553 4620">
     <span class='ocr_line' id='line_1_92' title="bbox 290 4539 3553 4620; baseline 0.001 -24"><span class='ocrx_word' id='word_1_641' title='bbox 290 4552 575 4611; x_wconf 69' lang='lat' dir='ltr'><strong>distantes,</strong></span> <span class='ocrx_word' id='word_1_642' title='bbox 605 4550 810 4604; x_wconf 76' lang='lat' dir='ltr'><strong>felicius</strong></span> <span class='ocrx_word' id='word_1_643' title='bbox 858 4552 1095 4605; x_wconf 74' lang='lat' dir='ltr'><strong>tribuens</strong></span> <span class='ocrx_word' id='word_1_644' title='bbox 1148 4554 1444 4606; x_wconf 66' lang='lat' dir='ltr'><strong>necessaria</strong></span> <span class='ocrx_word' id='word_1_645' title='bbox 1487 4568 1641 4620; x_wconf 69' lang='lat' dir='ltr'><strong>quam</strong></span> <span class='ocrx_word' id='word_1_646' title='bbox 1672 4555 1868 4617; x_wconf 69' lang='lat' dir='ltr'><strong>cupita,</strong></span> <span class='ocrx_word' id='word_1_647' title='bbox 1902 4539 1953 4598; x_wconf 85' lang='lat' dir='ltr'><strong>D</strong></span> <span class='ocrx_word' id='word_1_648' title='bbox 1975 4547 2153 4599; x_wconf 87' lang='lat' dir='ltr'><strong>domui</strong></span> <span class='ocrx_word' id='word_1_649' title='bbox 2212 4546 2392 4600; x_wconf 81' lang='lat' dir='ltr'><strong>Fausti</strong></span> <span class='ocrx_word' id='word_1_650' title='bbox 2426 4560 2474 4601; x_wconf 89' lang='lat' dir='ltr'><strong>et</strong></span> <span class='ocrx_word' id='word_1_651' title='bbox 2502 4548 2712 4601; x_wconf 71' lang='lat' dir='ltr'><strong>domum</strong></span> <span class='ocrx_word' id='word_1_652' title='bbox 2740 4564 2872 4602; x_wconf 73' lang='lat' dir='ltr'><strong>mem</strong></span> <span class='ocrx_word' id='word_1_653' title='bbox 2900 4549 3085 4601; x_wconf 72' lang='lat' dir='ltr'><strong>matris</strong></span> <span class='ocrx_word' id='word_1_654' title='bbox 3112 4558 3212 4601; x_wconf 63' lang='lat' dir='ltr'><strong>tuae</strong></span> <span class='ocrx_word' id='word_1_655' title='bbox 3241 4550 3347 4601; x_wconf 88' lang='lat' dir='ltr'><strong>ﬁlio</strong></span> <span class='ocrx_word' id='word_1_656' title='bbox 3378 4549 3553 4600; x_wconf 74' lang='lat' dir='ltr'><strong>minus</strong></span> 
     </span>
    </p>
   </div>
   <div class='ocr_carea' id='block_1_93' title="bbox 291 4640 1867 4712">
    <p class='ocr_par' dir='ltr' id='par_1_93' title="bbox 291 4640 1867 4712">
     <span class='ocr_line' id='line_1_93' title="bbox 291 4640 1867 4712; baseline 0.004 -19"><span class='ocrx_word' id='word_1_657' title='bbox 291 4640 430 4707; x_wconf 75' lang='lat' dir='ltr'><strong>Ergo</strong></span> <span class='ocrx_word' id='word_1_658' title='bbox 462 4643 691 4694; x_wconf 89' lang='lat' dir='ltr'><strong>mundus</strong></span> <span class='ocrx_word' id='word_1_659' title='bbox 745 4644 845 4697; x_wconf 89' lang='lat' dir='ltr'><strong>iste</strong></span> <span class='ocrx_word' id='word_1_660' title='bbox 883 4645 992 4698; x_wconf 86' lang='lat' dir='ltr'><strong>veri</strong></span> <span class='ocrx_word' id='word_1_661' title='bbox 1037 4644 1237 4712; x_wconf 87' lang='lat' dir='ltr'><strong>aliquid</strong></span> <span class='ocrx_word' id='word_1_662' title='bbox 1292 4644 1481 4707; x_wconf 81' lang='lat' dir='ltr'><strong>habet;</strong></span> <span class='ocrx_word' id='word_1_663' title='bbox 1537 4655 1627 4697; x_wconf 88' lang='lat' dir='ltr'><strong>aut</strong></span> <span class='ocrx_word' id='word_1_664' title='bbox 1675 4646 1716 4698; x_wconf 86' lang='lat' dir='ltr'><strong>si</strong></span> <span class='ocrx_word' id='word_1_665' title='bbox 1764 4662 1867 4699; x_wconf 89' lang='lat' dir='ltr'><strong>non</strong></span> 
     </span>
    </p>
   </div>
   <div class='ocr_carea' id='block_1_94' title="bbox 296 4732 1869 4801">
    <p class='ocr_par' dir='ltr' id='par_1_94' title="bbox 296 4732 1869 4801">
     <span class='ocr_line' id='line_1_94' title="bbox 296 4732 1869 4801; baseline 0.004 -20"><span class='ocrx_word' id='word_1_666' title='bbox 296 4733 472 4797; x_wconf 81' lang='lat' dir='ltr'><strong>habet,</strong></span> <span class='ocrx_word' id='word_1_667' title='bbox 506 4748 608 4784; x_wconf 89' lang='lat' dir='ltr'><strong>non</strong></span> <span class='ocrx_word' id='word_1_668' title='bbox 638 4733 703 4786; x_wconf 89' lang='lat' dir='ltr'><strong>de</strong></span> <span class='ocrx_word' id='word_1_669' title='bbox 732 4732 846 4800; x_wconf 79' lang='lat' dir='ltr'><strong>ejus</strong></span> <span class='ocrx_word' id='word_1_670' title='bbox 870 4734 1066 4786; x_wconf 78' lang='lat' dir='ltr'><strong>tlitiune</strong></span> <span class='ocrx_word' id='word_1_671' title='bbox 1098 4750 1217 4786; x_wconf 71' lang='lat' dir='ltr'><strong>mox</strong></span> <span class='ocrx_word' id='word_1_672' title='bbox 1252 4735 1474 4799; x_wconf 85' lang='lat' dir='ltr'><strong>rapitur.</strong></span> <span class='ocrx_word' id='word_1_673' title='bbox 1520 4735 1724 4788; x_wconf 85' lang='lat' dir='ltr'><strong>Mentili</strong></span> <span class='ocrx_word' id='word_1_674' title='bbox 1746 4747 1869 4801; x_wconf 89' lang='lat' dir='ltr'><strong>sunt</strong></span> 
     </span>
    </p>
   </div>
   <div class='ocr_carea' id='block_1_95' title="bbox 291 4822 1867 4892">
    <p class='ocr_par' dir='ltr' id='par_1_95' title="bbox 291 4822 1867 4892">
     <span class='ocr_line' id='line_1_95' title="bbox 291 4822 1867 4892; baseline 0.004 -20"><span class='ocrx_word' id='word_1_675' title='bbox 291 4822 534 4876; x_wconf 78' lang='lat' dir='ltr'><strong>homian</strong></span> <span class='ocrx_word' id='word_1_676' title='bbox 563 4824 650 4890; x_wconf 93' lang='lat' dir='ltr'><strong>qui</strong></span> <span class='ocrx_word' id='word_1_677' title='bbox 680 4839 738 4877; x_wconf 90' lang='lat' dir='ltr'><strong>se</strong></span> <span class='ocrx_word' id='word_1_678' title='bbox 764 4826 1012 4891; x_wconf 87' lang='lat' dir='ltr'><strong>jurabant</strong></span> <span class='ocrx_word' id='word_1_679' title='bbox 1033 4826 1277 4892; x_wconf 86' lang='lat' dir='ltr'><strong>accipere</strong></span> <span class='ocrx_word' id='word_1_680' title='bbox 1305 4826 1576 4891; x_wconf 75' lang='lat' dir='ltr'><strong>beneﬁcia,</strong></span> <span class='ocrx_word' id='word_1_681' title='bbox 1608 4825 1651 4877; x_wconf 78' lang='lat' dir='ltr'><strong>si</strong></span> <span class='ocrx_word' id='word_1_682' title='bbox 1694 4826 1867 4879; x_wconf 72' lang='lat' dir='ltr'><strong>dedis-</strong></span> 
     </span>
    </p>
   </div>
   <div class='ocr_carea' id='block_1_96' title="bbox 288 4913 1862 4981">
    <p class='ocr_par' dir='ltr' id='par_1_96' title="bbox 288 4913 1862 4981">
     <span class='ocr_line' id='line_1_96' title="bbox 288 4913 1862 4981; baseline 0.004 -20"><span class='ocrx_word' id='word_1_683' title='bbox 288 4927 314 4961; x_wconf 68' lang='grc' dir='ltr'><strong>ι</strong></span> <span class='ocrx_word' id='word_1_684' title='bbox 349 4922 404 4963; x_wconf 93' lang='lat' dir='ltr'><strong>nt</strong></span> <span class='ocrx_word' id='word_1_685' title='bbox 441 4930 453 4963; x_wconf 92' lang='lat'><strong>:</strong></span> <span class='ocrx_word' id='word_1_686' title='bbox 488 4913 648 4965; x_wconf 90' lang='lat' dir='ltr'><strong>etiam</strong></span> <span class='ocrx_word' id='word_1_687' title='bbox 688 4928 917 4976; x_wconf 89' lang='lat' dir='ltr'><strong>superna</strong></span> <span class='ocrx_word' id='word_1_688' title='bbox 964 4914 1364 4981; x_wconf 84' lang='lat' dir='ltr'><strong>dispensatione</strong></span> <span class='ocrx_word' id='word_1_689' title='bbox 1393 4916 1659 4981; x_wconf 79' lang='lat' dir='ltr'><strong>COIIjtlttCli</strong></span> <span class='ocrx_word' id='word_1_690' title='bbox 1692 4926 1811 4967; x_wconf 90' lang='lat' dir='ltr'><strong>sunt</strong></span> <span class='ocrx_word' id='word_1_691' title='bbox 1848 4956 1862 4977; x_wconf 89' lang='lat'><strong>,</strong></span> 
     </span>
    </p>
   </div>
   <div class='ocr_carea' id='block_1_97' title="bbox 291 5000 1866 5069">
    <p class='ocr_par' dir='ltr' id='par_1_97' title="bbox 291 5000 1866 5069">
     <span class='ocr_line' id='line_1_97' title="bbox 291 5000 1866 5069; baseline 0.005 -21"><span class='ocrx_word' id='word_1_692' title='bbox 291 5015 323 5048; x_wconf 72' lang='grc' dir='ltr'><strong><em>π</em></strong></span> <span class='ocrx_word' id='word_1_693' title='bbox 368 5000 559 5067; x_wconf 87' lang='lat' dir='ltr'><strong>quibus</strong></span> <span class='ocrx_word' id='word_1_694' title='bbox 615 5015 711 5053; x_wconf 86' lang='lat' dir='ltr'><strong>nec</strong></span> <span class='ocrx_word' id='word_1_695' title='bbox 756 5004 1058 5069; x_wconf 87' lang='lat' dir='ltr'><strong>accepimus</strong></span> <span class='ocrx_word' id='word_1_696' title='bbox 1108 5004 1506 5068; x_wconf 90' lang='lat' dir='ltr'><strong>blandimenta,</strong></span> <span class='ocrx_word' id='word_1_697' title='bbox 1562 5020 1658 5057; x_wconf 83' lang='lat' dir='ltr'><strong>nec</strong></span> <span class='ocrx_word' id='word_1_698' title='bbox 1720 5004 1866 5057; x_wconf 88' lang='lat' dir='ltr'><strong>dedi-</strong></span> 
     </span>
    </p>
   </div>
   <div class='ocr_carea' id='block_1_98' title="bbox 296 5090 1863 5159">
    <p class='ocr_par' dir='ltr' id='par_1_98' title="bbox 296 5090 1863 5159">
     <span class='ocr_line' id='line_1_98' title="bbox 296 5090 1863 5159; baseline 0.003 -20"><span class='ocrx_word' id='word_1_699' title='bbox 296 5103 451 5142; x_wconf 85' lang='lat' dir='ltr'><strong>mus:</strong></span> <span class='ocrx_word' id='word_1_700' title='bbox 487 5101 633 5143; x_wconf 77' lang='lat' dir='ltr'><strong>certa</strong></span> <span class='ocrx_word' id='word_1_701' title='bbox 680 5090 748 5144; x_wconf 90' lang='lat' dir='ltr'><strong>de</strong></span> <span class='ocrx_word' id='word_1_702' title='bbox 782 5091 1155 5159; x_wconf 83' lang='lat' dir='ltr'><strong>desperatione</strong></span> <span class='ocrx_word' id='word_1_703' title='bbox 1199 5093 1545 5155; x_wconf 83' lang='lat' dir='ltr'><strong>conﬁdentia,</strong></span> <span class='ocrx_word' id='word_1_704' title='bbox 1591 5103 1645 5146; x_wconf 89' lang='lat' dir='ltr'><strong>et</strong></span> <span class='ocrx_word' id='word_1_705' title='bbox 1693 5093 1863 5145; x_wconf 84' lang='lat' dir='ltr'><strong>nebu-</strong></span> 
     </span>
    </p>
   </div>
   <div class='ocr_carea' id='block_1_99' title="bbox 363 5219 1791 5291">
    <p class='ocr_par' dir='ltr' id='par_1_99' title="bbox 363 5219 1791 5291">
     <span class='ocr_line' id='line_1_99' title="bbox 363 5219 1791 5291; baseline 0.005 -18"><span class='ocrx_word' id='word_1_706' title='bbox 363 5223 376 5249; x_wconf 81' lang='grc'>⁸</span> <span class='ocrx_word' id='word_1_707' title='bbox 406 5219 579 5291; x_wconf 76' lang='lat' dir='ltr'><strong>Celso]</strong></span> <span class='ocrx_word' id='word_1_708' title='bbox 610 5221 1011 5277; x_wconf 78' lang='lat' dir='ltr'><strong>Mediolanensi.</strong></span> <span class='ocrx_word' id='word_1_709' title='bbox 1108 5246 1115 5249; x_wconf 89' lang='grc'><strong><em>-</em></strong></span> <span class='ocrx_word' id='word_1_710' title='bbox 1778 5246 1791 5271; x_wconf 77' lang='lat' dir='ltr'><strong>t</strong></span> 
     </span>
    </p>
   </div>
   <div class='ocr_carea' id='block_1_100' title="bbox 360 5290 957 5353">
    <p class='ocr_par' dir='ltr' id='par_1_100' title="bbox 360 5290 957 5353">
     <span class='ocr_line' id='line_1_100' title="bbox 360 5290 957 5353; baseline 0.007 -12"><span class='ocrx_word' id='word_1_711' title='bbox 360 5291 378 5317; x_wconf 80' lang='grc'><strong>¹</strong></span> <span class='ocrx_word' id='word_1_712' title='bbox 404 5290 614 5353; x_wconf 57' lang='lat' dir='ltr'><strong>Schot),</strong></span> <span class='ocrx_word' id='word_1_713' title='bbox 640 5294 957 5345; x_wconf 81' lang='lat' dir='ltr'><strong>accenderes.</strong></span> 
     </span>
    </p>
   </div>
   <div class='ocr_carea' id='block_1_101' title="bbox 360 5356 1860 5430">
    <p class='ocr_par' dir='ltr' id='par_1_101' title="bbox 360 5356 1860 5430">
     <span class='ocr_line' id='line_1_101' title="bbox 360 5356 1860 5430; baseline 0.003 -20"><span class='ocrx_word' id='word_1_714' title='bbox 360 5356 391 5430; x_wconf 47' lang='grc' dir='ltr'><em>ξ</em></span> <span class='ocrx_word' id='word_1_715' title='bbox 411 5357 477 5411; x_wconf 84' lang='grc' dir='ltr'><strong>1η</strong></span> <span class='ocrx_word' id='word_1_716' title='bbox 522 5362 729 5413; x_wconf 74' lang='lat' dir='ltr'><strong>alterius</strong></span> <span class='ocrx_word' id='word_1_717' title='bbox 776 5363 907 5414; x_wconf 78' lang='lat' dir='ltr'><strong>servi</strong></span> <span class='ocrx_word' id='word_1_718' title='bbox 954 5365 1025 5414; x_wconf 88' lang='lat' dir='ltr'><strong>mi</strong></span> <span class='ocrx_word' id='word_1_719' title='bbox 1072 5362 1277 5430; x_wconf 63' lang='lat' dir='ltr'><strong>copula}</strong></span> <span class='ocrx_word' id='word_1_720' title='bbox 1309 5362 1514 5430; x_wconf 85' lang='lat' dir='ltr'><strong>Nuptiis</strong></span> <span class='ocrx_word' id='word_1_721' title='bbox 1557 5362 1760 5423; x_wconf 77' lang='lat' dir='ltr'><strong>Avieni,</strong></span> <span class='ocrx_word' id='word_1_722' title='bbox 1793 5363 1860 5415; x_wconf 86' lang='lat' dir='ltr'><strong>dc</strong></span> 
     </span>
    </p>
   </div>
   <div class='ocr_carea' id='block_1_102' title="bbox 298 5428 1856 5500">
    <p class='ocr_par' dir='ltr' id='par_1_102' title="bbox 298 5428 1856 5500">
     <span class='ocr_line' id='line_1_102' title="bbox 298 5428 1856 5500; baseline 0.006 -23"><span class='ocrx_word' id='word_1_723' title='bbox 298 5428 479 5500; x_wconf 73' lang='lat' dir='ltr'><strong>quibus</strong></span> <span class='ocrx_word' id='word_1_724' title='bbox 503 5431 726 5495; x_wconf 84' lang='lat' dir='ltr'><strong>epistola</strong></span> <span class='ocrx_word' id='word_1_725' title='bbox 752 5432 992 5500; x_wconf 86' lang='lat' dir='ltr'><strong>sequenti</strong></span> <span class='ocrx_word' id='word_1_726' title='bbox 1021 5433 1086 5484; x_wconf 88' lang='lat' dir='ltr'><strong>ad</strong></span> <span class='ocrx_word' id='word_1_727' title='bbox 1110 5428 1409 5493; x_wconf 68' lang='lat' dir='ltr'><strong>Messalam,</strong></span> <span class='ocrx_word' id='word_1_728' title='bbox 1438 5440 1493 5485; x_wconf 89' lang='lat' dir='ltr'><strong>et</strong></span> <span class='ocrx_word' id='word_1_729' title='bbox 1517 5446 1675 5498; x_wconf 86' lang='lat' dir='ltr'><strong>supra</strong></span> <span class='ocrx_word' id='word_1_730' title='bbox 1699 5434 1856 5498; x_wconf 68' lang='lat' dir='ltr'><strong>epist.</strong></span> 
     </span>
    </p>
   </div>
   <div class='ocr_carea' id='block_1_103' title="bbox 299 5496 1859 5568">
    <p class='ocr_par' dir='ltr' id='par_1_103' title="bbox 299 5496 1859 5568">
     <span class='ocr_line' id='line_1_103' title="bbox 299 5496 1859 5568; baseline 0 -15"><span class='ocrx_word' id='word_1_731' title='bbox 299 5496 590 5567; x_wconf 60' lang='lat' dir='ltr'><strong>Zitemque</strong></span> <span class='ocrx_word' id='word_1_732' title='bbox 620 5501 685 5553; x_wconf 88' lang='lat' dir='ltr'><strong>ad</strong></span> <span class='ocrx_word' id='word_1_733' title='bbox 710 5496 881 5567; x_wconf 81' lang='lat' dir='ltr'><strong>ipsum</strong></span> <span class='ocrx_word' id='word_1_734' title='bbox 913 5503 1191 5554; x_wconf 79' lang='lat' dir='ltr'><strong>Avimum.</strong></span> <span class='ocrx_word' id='word_1_735' title='bbox 1219 5503 1357 5568; x_wconf 80' lang='lat' dir='ltr'><strong>Ergo</strong></span> <span class='ocrx_word' id='word_1_736' title='bbox 1389 5501 1560 5568; x_wconf 88' lang='lat' dir='ltr'><strong>puella</strong></span> <span class='ocrx_word' id='word_1_737' title='bbox 1583 5496 1859 5567; x_wconf 83' lang='lat' dir='ltr'><strong>eujttsubi-</strong></span> 
     </span>
    </p>
   </div>
   <div class='ocr_carea' id='block_1_104' title="bbox 299 5569 1659 5637">
    <p class='ocr_par' dir='ltr' id='par_1_104' title="bbox 299 5569 1659 5637">
     <span class='ocr_line' id='line_1_104' title="bbox 299 5569 1659 5637; baseline 0.004 -21"><span class='ocrx_word' id='word_1_738' title='bbox 299 5575 375 5617; x_wconf 62' lang='lat' dir='ltr'><strong>tus</strong></span> <span class='ocrx_word' id='word_1_739' title='bbox 406 5569 491 5637; x_wconf 87' lang='lat' dir='ltr'><strong>hic</strong></span> <span class='ocrx_word' id='word_1_740' title='bbox 519 5570 860 5630; x_wconf 83' lang='lat' dir='ltr'><strong>describitur,</strong></span> <span class='ocrx_word' id='word_1_741' title='bbox 890 5570 1081 5625; x_wconf 83' lang='lat' dir='ltr'><strong>Avieni</strong></span> <span class='ocrx_word' id='word_1_742' title='bbox 1112 5586 1284 5637; x_wconf 82' lang='lat' dir='ltr'><strong>Soror,</strong></span> <span class='ocrx_word' id='word_1_743' title='bbox 1319 5571 1425 5623; x_wconf 80' lang='lat' dir='ltr'><strong>ﬁlia</strong></span> <span class='ocrx_word' id='word_1_744' title='bbox 1459 5569 1659 5623; x_wconf 82' lang='lat' dir='ltr'><strong>Fausti.</strong></span> 
     </span>
    </p>
   </div>
   <div class='ocr_carea' id='block_1_105' title="bbox 362 5636 1858 5710">
    <p class='ocr_par' dir='ltr' id='par_1_105' title="bbox 362 5636 1858 5710">
     <span class='ocr_line' id='line_1_105' title="bbox 362 5636 1858 5710; baseline -0.002 -20"><span class='ocrx_word' id='word_1_745' title='bbox 362 5638 380 5664; x_wconf 80' lang='lat'><strong>‘</strong></span> <span class='ocrx_word' id='word_1_746' title='bbox 408 5636 586 5710; x_wconf 77' lang='lat' dir='ltr'><strong>Legati</strong></span> <span class='ocrx_word' id='word_1_747' title='bbox 615 5640 959 5710; x_wconf 80' lang='lat' dir='ltr'><strong>provincialis]</strong></span> <span class='ocrx_word' id='word_1_748' title='bbox 990 5636 1282 5696; x_wconf 52' lang='lat' dir='ltr'><strong>Provinciae</strong></span> <span class='ocrx_word' id='word_1_749' title='bbox 1307 5639 1562 5709; x_wconf 61' lang='lat' dir='ltr'><strong>Liguria):</strong></span> <span class='ocrx_word' id='word_1_750' title='bbox 1597 5650 1651 5692; x_wconf 89' lang='lat' dir='ltr'><strong>ttt</strong></span> <span class='ocrx_word' id='word_1_751' title='bbox 1677 5641 1858 5707; x_wconf 67' lang='lat' dir='ltr'><strong>legari»</strong></span> 
     </span>
    </p>
   </div>
   <div class='ocr_carea' id='block_1_106' title="bbox 299 5702 1858 5776">
    <p class='ocr_par' dir='ltr' id='par_1_106' title="bbox 299 5702 1858 5776">
     <span class='ocr_line' id='line_1_106' title="bbox 299 5702 1858 5776; baseline 0.001 -18"><span class='ocrx_word' id='word_1_752' title='bbox 299 5702 690 5776; x_wconf 59' lang='lat' dir='ltr'><strong>Proconsula&#39;ris</strong></span> <span class='ocrx_word' id='word_1_753' title='bbox 721 5702 990 5774; x_wconf 67' lang='lat' dir='ltr'><strong>prorinciie</strong></span> <span class='ocrx_word' id='word_1_754' title='bbox 1019 5727 1036 5763; x_wconf 86' lang='lat'><em>:</em></span> <span class='ocrx_word' id='word_1_755' title='bbox 1080 5712 1193 5776; x_wconf 84' lang='lat' dir='ltr'><strong>lege</strong></span> <span class='ocrx_word' id='word_1_756' title='bbox 1236 5712 1334 5763; x_wconf 73' lang='grc'><strong>186</strong></span> <span class='ocrx_word' id='word_1_757' title='bbox 1370 5702 1502 5763; x_wconf 60' lang='lat' dir='ltr'><strong>cod.</strong></span> <span class='ocrx_word' id='word_1_758' title='bbox 1546 5702 1749 5763; x_wconf 71' lang='lat' dir='ltr'><strong>Themi.</strong></span> <span class='ocrx_word' id='word_1_759' title='bbox 1794 5710 1858 5760; x_wconf 85' lang='lat' dir='ltr'><strong>de</strong></span> 
     </span>
    </p>
   </div>
   <div class='ocr_carea' id='block_1_107' title="bbox 299 5775 1855 5843">
    <p class='ocr_par' dir='ltr' id='par_1_107' title="bbox 299 5775 1855 5843">
     <span class='ocr_line' id='line_1_107' title="bbox 299 5775 1855 5843; baseline 0 -17"><span class='ocrx_word' id='word_1_760' title='bbox 299 5775 696 5829; x_wconf 53' lang='lat' dir='ltr'><strong>liecttrioniluts.</strong></span> <span class='ocrx_word' id='word_1_761' title='bbox 738 5782 863 5830; x_wconf 68' lang='lat' dir='ltr'><strong>Nam</strong></span> <span class='ocrx_word' id='word_1_762' title='bbox 905 5784 989 5834; x_wconf 80' lang='lat' dir='ltr'><strong>alii</strong></span> <span class='ocrx_word' id='word_1_763' title='bbox 1038 5775 1183 5836; x_wconf 71' lang='lat' dir='ltr'><strong>erant</strong></span> <span class='ocrx_word' id='word_1_764' title='bbox 1230 5781 1382 5843; x_wconf 76' lang='lat' dir='ltr'><strong>legati</strong></span> <span class='ocrx_word' id='word_1_765' title='bbox 1434 5782 1722 5837; x_wconf 77' lang='lat' dir='ltr'><strong>civitatmn,</strong></span> <span class='ocrx_word' id='word_1_766' title='bbox 1772 5780 1855 5842; x_wconf 84' lang='lat' dir='ltr'><strong>qui</strong></span> 
     </span>
    </p>
   </div>
   <div class='ocr_carea' id='block_1_108' title="bbox 1975 4638 3550 4705">
    <p class='ocr_par' dir='ltr' id='par_1_108' title="bbox 1975 4638 3550 4705">
     <span class='ocr_line' id='line_1_108' title="bbox 1975 4638 3550 4705; baseline 0 -15"><span class='ocrx_word' id='word_1_767' title='bbox 1975 4650 2054 4690; x_wconf 87' lang='lat' dir='ltr'><strong>est</strong></span> <span class='ocrx_word' id='word_1_768' title='bbox 2079 4676 2094 4701; x_wconf 90' lang='lat'><strong>,</strong></span> <span class='ocrx_word' id='word_1_769' title='bbox 2126 4638 2224 4689; x_wconf 65' lang='lat' dir='ltr'><strong>nisi</strong></span> <span class='ocrx_word' id='word_1_770' title='bbox 2256 4638 2398 4705; x_wconf 82' lang='lat' dir='ltr'><strong>quod</strong></span> <span class='ocrx_word' id='word_1_771' title='bbox 2420 4639 2438 4668; x_wconf 80' lang='grc'>⁸</span> <span class='ocrx_word' id='word_1_772' title='bbox 2464 4638 2577 4705; x_wconf 88' lang='lat' dir='ltr'><strong>ipse</strong></span> <span class='ocrx_word' id='word_1_773' title='bbox 2600 4639 2839 4693; x_wconf 68' lang='lat' dir='ltr'><strong>studiose</strong></span> <span class='ocrx_word' id='word_1_774' title='bbox 2867 4638 3214 4692; x_wconf 79' lang='lat' dir='ltr'><strong>subtraxeris.</strong></span> <span class='ocrx_word' id='word_1_775' title='bbox 3248 4638 3434 4691; x_wconf 71' lang='lat' dir='ltr'><strong>Pareat</strong></span> <span class='ocrx_word' id='word_1_776' title='bbox 3459 4639 3550 4690; x_wconf 91' lang='lat' dir='ltr'><strong>tibi</strong></span> 
     </span>
    </p>
   </div>
   <div class='ocr_carea' id='block_1_109' title="bbox 1977 4718 3545 4793">
    <p class='ocr_par' dir='ltr' id='par_1_109' title="bbox 1977 4718 3545 4793">
     <span class='ocr_line' id='line_1_109' title="bbox 1977 4718 3545 4793; baseline 0.002 -14"><span class='ocrx_word' id='word_1_777' title='bbox 1977 4736 2151 4781; x_wconf 79' lang='lat' dir='ltr'><strong>tamen</strong></span> <span class='ocrx_word' id='word_1_778' title='bbox 2195 4729 2351 4793; x_wconf 85' lang='lat' dir='ltr'><strong>Deus,</strong></span> <span class='ocrx_word' id='word_1_779' title='bbox 2384 4739 2439 4781; x_wconf 85' lang='lat' dir='ltr'><strong>ut</strong></span> <span class='ocrx_word' id='word_1_780' title='bbox 2488 4730 2675 4784; x_wconf 87' lang='lat' dir='ltr'><strong>credas</strong></span> <span class='ocrx_word' id='word_1_781' title='bbox 2721 4746 2805 4785; x_wconf 89' lang='lat' dir='ltr'><strong>me</strong></span> <span class='ocrx_word' id='word_1_782' title='bbox 2859 4733 3225 4784; x_wconf 89' lang='lat' dir='ltr'><strong>immemorem</strong></span> <span class='ocrx_word' id='word_1_783' title='bbox 3276 4744 3393 4782; x_wconf 90' lang='lat' dir='ltr'><strong>esse</strong></span> <span class='ocrx_word' id='word_1_784' title='bbox 3452 4718 3545 4789; x_wconf 87' lang='lat' dir='ltr'><strong>tui.</strong></span> 
     </span>
    </p>
   </div>
   <div class='ocr_carea' id='block_1_110' title="bbox 1972 4822 3549 4890">
    <p class='ocr_par' dir='ltr' id='par_1_110' title="bbox 1972 4822 3549 4890">
     <span class='ocr_line' id='line_1_110' title="bbox 1972 4822 3549 4890; baseline 0.003 -18"><span class='ocrx_word' id='word_1_785' title='bbox 1972 4823 2096 4873; x_wconf 89' lang='lat' dir='ltr'><strong>dum</strong></span> <span class='ocrx_word' id='word_1_786' title='bbox 2150 4822 2567 4888; x_wconf 86' lang='lat' dir='ltr'><strong>impedientibus</strong></span> <span class='ocrx_word' id='word_1_787' title='bbox 2597 4824 2795 4874; x_wconf 85' lang='lat' dir='ltr'><strong>morbis</strong></span> <span class='ocrx_word' id='word_1_788' title='bbox 2844 4822 3102 4887; x_wconf 58' lang='lat' dir='ltr'><strong>frcjuenti</strong></span> <span class='ocrx_word' id='word_1_789' title='bbox 3158 4833 3210 4875; x_wconf 88' lang='lat' dir='ltr'><strong>te</strong></span> <span class='ocrx_word' id='word_1_790' title='bbox 3263 4822 3549 4890; x_wconf 83' lang='lat' dir='ltr'><strong>scriptione</strong></span> 
     </span>
    </p>
   </div>
   <div class='ocr_carea' id='block_1_111' title="bbox 1975 4911 3547 4983">
    <p class='ocr_par' dir='ltr' id='par_1_111' title="bbox 1975 4911 3547 4983">
     <span class='ocr_line' id='line_1_111' title="bbox 1975 4911 3547 4983; baseline 0.002 -20"><span class='ocrx_word' id='word_1_791' title='bbox 1975 4927 2077 4963; x_wconf 87' lang='lat' dir='ltr'><strong>non</strong></span> <span class='ocrx_word' id='word_1_792' title='bbox 2107 4927 2330 4963; x_wconf 84' lang='lat' dir='ltr'><strong>veneror</strong></span> <span class='ocrx_word' id='word_1_793' title='bbox 2358 4927 2370 4964; x_wconf 94' lang='lat'>:</span> <span class='ocrx_word' id='word_1_794' title='bbox 2401 4911 2563 4965; x_wconf 86' lang='lat' dir='ltr'><strong>debes</strong></span> <span class='ocrx_word' id='word_1_795' title='bbox 2595 4928 2751 4963; x_wconf 77' lang='lat' dir='ltr'><strong>nosse</strong></span> <span class='ocrx_word' id='word_1_796' title='bbox 2780 4913 2997 4981; x_wconf 88' lang='lat' dir='ltr'><strong>dignum</strong></span> <span class='ocrx_word' id='word_1_797' title='bbox 3035 4930 3153 4967; x_wconf 65' lang='lat' dir='ltr'><strong>esse</strong></span> <span class='ocrx_word' id='word_1_798' title='bbox 3203 4918 3350 4968; x_wconf 86' lang='lat' dir='ltr'><strong>venia</strong></span> <span class='ocrx_word' id='word_1_799' title='bbox 3396 4914 3547 4983; x_wconf 86' lang='lat' dir='ltr'><strong>quid-</strong></span> 
     </span>
    </p>
   </div>
   <div class='ocr_carea' id='block_1_112' title="bbox 1972 5000 3547 5068">
    <p class='ocr_par' dir='ltr' id='par_1_112' title="bbox 1972 5000 3547 5068">
     <span class='ocr_line' id='line_1_112' title="bbox 1972 5000 3547 5068; baseline 0.002 -17"><span class='ocrx_word' id='word_1_800' title='bbox 1972 5000 2097 5068; x_wconf 84' lang='lat' dir='ltr'><strong>qu&#39;tl</strong></span> <span class='ocrx_word' id='word_1_801' title='bbox 2153 5000 2474 5054; x_wconf 83' lang='lat' dir='ltr'><strong>necessitate</strong></span> <span class='ocrx_word' id='word_1_802' title='bbox 2505 5000 2851 5067; x_wconf 86' lang='lat' dir='ltr'><strong>delinquitur.</strong></span> <span class='ocrx_word' id='word_1_803' title='bbox 2887 5003 3104 5057; x_wconf 83' lang='lat' dir='ltr'><strong>Domine</strong></span> <span class='ocrx_word' id='word_1_804' title='bbox 3155 5006 3243 5064; x_wconf 77' lang='lat' dir='ltr'><strong>uti,</strong></span> <span class='ocrx_word' id='word_1_805' title='bbox 3276 5006 3368 5054; x_wconf 81' lang='lat' dir='ltr'><strong>sal:</strong></span> <span class='ocrx_word' id='word_1_806' title='bbox 3397 5005 3547 5055; x_wconf 65' lang='lat' dir='ltr'><strong>tatiu~</strong></span> 
     </span>
    </p>
   </div>
   <div class='ocr_carea' id='block_1_113' title="bbox 1970 5091 3544 5161">
    <p class='ocr_par' dir='ltr' id='par_1_113' title="bbox 1970 5091 3544 5161">
     <span class='ocr_line' id='line_1_113' title="bbox 1970 5091 3544 5161; baseline 0.001 -18"><span class='ocrx_word' id='word_1_807' title='bbox 1970 5107 2089 5144; x_wconf 79' lang='lat' dir='ltr'><strong>nem</strong></span> <span class='ocrx_word' id='word_1_808' title='bbox 2147 5092 2507 5161; x_wconf 86' lang='lat' dir='ltr'><strong>plenissimam</strong></span> <span class='ocrx_word' id='word_1_809' title='bbox 2540 5092 2745 5155; x_wconf 79' lang='lat' dir='ltr'><strong>dicens,</strong></span> <span class='ocrx_word' id='word_1_810' title='bbox 2780 5091 3099 5147; x_wconf 87' lang='lat' dir='ltr'><strong>benedicere</strong></span> <span class='ocrx_word' id='word_1_811' title='bbox 3139 5110 3222 5147; x_wconf 89' lang='lat' dir='ltr'><strong>me</strong></span> <span class='ocrx_word' id='word_1_812' title='bbox 3274 5095 3437 5147; x_wconf 80' lang='lat' dir='ltr'><strong>Deum</strong></span> <span class='ocrx_word' id='word_1_813' title='bbox 3496 5097 3544 5147; x_wconf 91' lang='lat' dir='ltr'><strong>in</strong></span> 
     </span>
    </p>
   </div>
   <div class='ocr_carea' id='block_1_114' title="bbox 1968 5224 3541 5291">
    <p class='ocr_par' dir='ltr' id='par_1_114' title="bbox 1968 5224 3541 5291">
     <span class='ocr_line' id='line_1_114' title="bbox 1968 5224 3541 5291; baseline -0.001 -16"><span class='ocrx_word' id='word_1_814' title='bbox 1968 5241 2069 5277; x_wconf 91' lang='lat' dir='ltr'><strong>non</strong></span> <span class='ocrx_word' id='word_1_815' title='bbox 2117 5242 2144 5279; x_wconf 90' lang='lat' dir='ltr'><strong>a</strong></span> <span class='ocrx_word' id='word_1_816' title='bbox 2196 5235 2300 5277; x_wconf 83' lang='lat' dir='ltr'><strong>tota</strong></span> <span class='ocrx_word' id='word_1_817' title='bbox 2351 5224 2643 5291; x_wconf 85' lang='lat' dir='ltr'><strong>provincia,</strong></span> <span class='ocrx_word' id='word_1_818' title='bbox 2671 5226 2762 5277; x_wconf 78' lang='lat' dir='ltr'><strong>sed</strong></span> <span class='ocrx_word' id='word_1_819' title='bbox 2800 5242 2826 5277; x_wconf 90' lang='lat' dir='ltr'><strong>a</strong></span> <span class='ocrx_word' id='word_1_820' title='bbox 2865 5225 3078 5279; x_wconf 90' lang='lat' dir='ltr'><strong>civitate</strong></span> <span class='ocrx_word' id='word_1_821' title='bbox 3124 5235 3325 5279; x_wconf 89' lang='lat' dir='ltr'><strong>tantum</strong></span> <span class='ocrx_word' id='word_1_822' title='bbox 3370 5228 3435 5277; x_wconf 87' lang='lat' dir='ltr'><strong>ali</strong></span> <span class='ocrx_word' id='word_1_823' title='bbox 3460 5243 3541 5285; x_wconf 83' lang='lat' dir='ltr'><strong>ma</strong></span> 
     </span>
    </p>
   </div>
   <div class='ocr_carea' id='block_1_115' title="bbox 1968 5295 3545 5358">
    <p class='ocr_par' dir='ltr' id='par_1_115' title="bbox 1968 5295 3545 5358">
     <span class='ocr_line' id='line_1_115' title="bbox 1968 5295 3545 5358; baseline -0.001 -13"><span class='ocrx_word' id='word_1_824' title='bbox 1968 5297 2327 5357; x_wconf 83' lang='lat' dir='ltr'><strong>mittebantur,</strong></span> <span class='ocrx_word' id='word_1_825' title='bbox 2355 5307 2410 5346; x_wconf 83' lang='grc' dir='ltr'><strong>ιιι</strong></span> <span class='ocrx_word' id='word_1_826' title='bbox 2443 5295 2841 5357; x_wconf 75' lang='lat' dir='ltr'><strong>lliernpolitauw</strong></span> <span class='ocrx_word' id='word_1_827' title='bbox 2862 5297 3098 5355; x_wconf 67' lang='lat' dir='ltr'><strong>civitatis,</strong></span> <span class='ocrx_word' id='word_1_828' title='bbox 3129 5297 3248 5349; x_wconf 86' lang='lat' dir='ltr'><strong>cod.</strong></span> <span class='ocrx_word' id='word_1_829' title='bbox 3275 5296 3395 5348; x_wconf 86' lang='lat' dir='ltr'><strong>eod.</strong></span> <span class='ocrx_word' id='word_1_830' title='bbox 3429 5297 3545 5358; x_wconf 75' lang='lat' dir='ltr'><strong>lege</strong></span> 
     </span>
    </p>
   </div>
   <div class='ocr_carea' id='block_1_116' title="bbox 1968 5361 3544 5428">
    <p class='ocr_par' dir='ltr' id='par_1_116' title="bbox 1968 5361 3544 5428">
     <span class='ocr_line' id='line_1_116' title="bbox 1968 5361 3544 5428; baseline -0.001 -14"><span class='ocrx_word' id='word_1_831' title='bbox 1968 5366 1999 5414; x_wconf 74' lang='grc'><strong>8</strong></span> <span class='ocrx_word' id='word_1_832' title='bbox 2036 5366 2102 5419; x_wconf 91' lang='lat' dir='ltr'><strong>de</strong></span> <span class='ocrx_word' id='word_1_833' title='bbox 2137 5364 2520 5424; x_wconf 83' lang='lat' dir='ltr'><strong>Ceusitoribus,</strong></span> <span class='ocrx_word' id='word_1_834' title='bbox 2553 5374 2606 5416; x_wconf 91' lang='lat' dir='ltr'><strong>et</strong></span> <span class='ocrx_word' id='word_1_835' title='bbox 2637 5364 2818 5428; x_wconf 68' lang='lat' dir='ltr'><strong>legatio</strong></span> <span class='ocrx_word' id='word_1_836' title='bbox 2851 5366 3215 5427; x_wconf 68' lang='lat' dir='ltr'><strong>Alexandrina,</strong></span> <span class='ocrx_word' id='word_1_837' title='bbox 3253 5364 3351 5425; x_wconf 83' lang='lat' dir='ltr'><strong>leg.</strong></span> <span class='ocrx_word' id='word_1_838' title='bbox 3383 5361 3453 5413; x_wconf 72' lang='grc'><strong>42</strong></span> <span class='ocrx_word' id='word_1_839' title='bbox 3476 5362 3544 5413; x_wconf 85' lang='lat' dir='ltr'><strong>de</strong></span> 
     </span>
    </p>
   </div>
   <div class='ocr_carea' id='block_1_117' title="bbox 1969 5430 3543 5500">
    <p class='ocr_par' dir='ltr' id='par_1_117' title="bbox 1969 5430 3543 5500">
     <span class='ocr_line' id='line_1_117' title="bbox 1969 5430 3543 5500; baseline 0.001 -16"><span class='ocrx_word' id='word_1_840' title='bbox 1969 5434 2263 5500; x_wconf 75' lang='lat' dir='ltr'><strong>EpiscOpis,</strong></span> <span class='ocrx_word' id='word_1_841' title='bbox 2288 5444 2392 5486; x_wconf 85' lang='lat' dir='ltr'><strong>etc.</strong></span> <span class='ocrx_word' id='word_1_842' title='bbox 2418 5434 2660 5487; x_wconf 85' lang='lat' dir='ltr'><strong>Oblatam</strong></span> <span class='ocrx_word' id='word_1_843' title='bbox 2690 5436 2788 5488; x_wconf 89' lang='lat' dir='ltr'><strong>sibi</strong></span> <span class='ocrx_word' id='word_1_844' title='bbox 2816 5437 2880 5487; x_wconf 86' lang='lat' dir='ltr'><strong>ad</strong></span> <span class='ocrx_word' id='word_1_845' title='bbox 2908 5434 3292 5488; x_wconf 80' lang='lat' dir='ltr'><strong>Theodericum</strong></span> <span class='ocrx_word' id='word_1_846' title='bbox 3316 5430 3543 5494; x_wconf 82' lang='lat' dir='ltr'><strong>legatio-</strong></span> 
     </span>
    </p>
   </div>
   <div class='ocr_carea' id='block_1_118' title="bbox 1970 5500 3540 5574">
    <p class='ocr_par' dir='ltr' id='par_1_118' title="bbox 1970 5500 3540 5574">
     <span class='ocr_line' id='line_1_118' title="bbox 1970 5500 3540 5574; baseline 0.001 -22"><span class='ocrx_word' id='word_1_847' title='bbox 1970 5518 2087 5553; x_wconf 89' lang='lat' dir='ltr'><strong>nem</strong></span> <span class='ocrx_word' id='word_1_848' title='bbox 2134 5503 2316 5555; x_wconf 90' lang='lat' dir='ltr'><strong>subire</strong></span> <span class='ocrx_word' id='word_1_849' title='bbox 2363 5514 2640 5574; x_wconf 85' lang='lat' dir='ltr'><strong>propterea</strong></span> <span class='ocrx_word' id='word_1_850' title='bbox 2671 5516 2985 5574; x_wconf 34' lang='lat' dir='ltr'><strong>.t-uuetatur</strong></span> <span class='ocrx_word' id='word_1_851' title='bbox 3018 5504 3308 5562; x_wconf 84' lang='lat' dir='ltr'><strong>Ennodius,</strong></span> <span class='ocrx_word' id='word_1_852' title='bbox 3364 5516 3426 5574; x_wconf 83' lang='lat' dir='ltr'><strong>ne</strong></span> <span class='ocrx_word' id='word_1_853' title='bbox 3472 5500 3540 5554; x_wconf 80' lang='lat' dir='ltr'><strong>ob</strong></span> 
     </span>
    </p>
   </div>
   <div class='ocr_carea' id='block_1_119' title="bbox 1967 5572 3538 5631">
    <p class='ocr_par' dir='ltr' id='par_1_119' title="bbox 1967 5572 3538 5631">
     <span class='ocr_line' id='line_1_119' title="bbox 1967 5572 3538 5631; baseline -0.001 -11"><span class='ocrx_word' id='word_1_854' title='bbox 1967 5587 2226 5623; x_wconf 88' lang='lat' dir='ltr'><strong>summam</strong></span> <span class='ocrx_word' id='word_1_855' title='bbox 2270 5587 2389 5624; x_wconf 88' lang='lat' dir='ltr'><strong>cunt</strong></span> <span class='ocrx_word' id='word_1_856' title='bbox 2432 5572 2627 5627; x_wconf 70' lang='lat' dir='ltr'><strong>Fausto</strong></span> <span class='ocrx_word' id='word_1_857' title='bbox 2671 5572 3137 5626; x_wconf 83' lang='lat' dir='ltr'><strong>necessitudinem.</strong></span> <span class='ocrx_word' id='word_1_858' title='bbox 3181 5573 3538 5631; x_wconf 71' lang='lat' dir='ltr'><strong>suspicionem</strong></span> 
     </span>
    </p>
   </div>
   <div class='ocr_carea' id='block_1_120' title="bbox 1969 5637 3537 5708">
    <p class='ocr_par' dir='ltr' id='par_1_120' title="bbox 1969 5637 3537 5708">
     <span class='ocr_line' id='line_1_120' title="bbox 1969 5637 3537 5708; baseline 0 -17"><span class='ocrx_word' id='word_1_859' title='bbox 1969 5642 2074 5708; x_wconf 68' lang='lat' dir='ltr'><strong>regi</strong></span> <span class='ocrx_word' id='word_1_860' title='bbox 2102 5650 2331 5698; x_wconf 87' lang='lat' dir='ltr'><strong>moveat,</strong></span> <span class='ocrx_word' id='word_1_861' title='bbox 2356 5659 2474 5707; x_wconf 72' lang='lat' dir='ltr'><strong>quae</strong></span> <span class='ocrx_word' id='word_1_862' title='bbox 2508 5643 2755 5707; x_wconf 81' lang='lat' dir='ltr'><strong>Ligurum</strong></span> <span class='ocrx_word' id='word_1_863' title='bbox 2782 5642 2994 5694; x_wconf 81' lang='lat' dir='ltr'><strong>nomine</strong></span> <span class='ocrx_word' id='word_1_864' title='bbox 3024 5637 3335 5705; x_wconf 71' lang='lat' dir='ltr'><strong>postulanda</strong></span> <span class='ocrx_word' id='word_1_865' title='bbox 3362 5651 3537 5706; x_wconf 77' lang='lat' dir='ltr'><strong>erant,</strong></span> 
     </span>
    </p>
   </div>
   <div class='ocr_carea' id='block_1_121' title="bbox 1968 5708 2891 5780">
    <p class='ocr_par' dir='ltr' id='par_1_121' title="bbox 1968 5708 2891 5780">
     <span class='ocr_line' id='line_1_121' title="bbox 1968 5708 2891 5780; baseline 0.003 -23"><span class='ocrx_word' id='word_1_866' title='bbox 1968 5726 2025 5759; x_wconf 70' lang='lat' dir='ltr'><strong>ea</strong></span> <span class='ocrx_word' id='word_1_867' title='bbox 2056 5708 2227 5762; x_wconf 62' lang='lat' dir='ltr'><strong>Fausti</strong></span> <span class='ocrx_word' id='word_1_868' title='bbox 2258 5713 2593 5777; x_wconf 73' lang='lat' dir='ltr'><strong>sttggestioiie</strong></span> <span class='ocrx_word' id='word_1_869' title='bbox 2625 5711 2891 5780; x_wconf 80' lang='lat' dir='ltr'><strong>postulati.</strong></span> 
     </span>
    </p>
   </div>
   <div class='ocr_carea' id='block_1_122' title="bbox 2046 5780 2448 5843">
    <p class='ocr_par' dir='ltr' id='par_1_122' title="bbox 2046 5780 2448 5843">
     <span class='ocr_line' id='line_1_122' title="bbox 2046 5780 2448 5843; baseline 0.01 -16"><span class='ocrx_word' id='word_1_870' title='bbox 2046 5781 2061 5805; x_wconf 79' lang='grc'>³</span> <span class='ocrx_word' id='word_1_871' title='bbox 2091 5780 2143 5827; x_wconf 66' lang='grc' dir='ltr'><strong>εὶ,</strong></span> <span class='ocrx_word' id='word_1_872' title='bbox 2164 5781 2268 5829; x_wconf 89' lang='lat' dir='ltr'><strong>bot.</strong></span> <span class='ocrx_word' id='word_1_873' title='bbox 2284 5820 2298 5843; x_wconf 81' lang='lat'><strong>,</strong></span> <span class='ocrx_word' id='word_1_874' title='bbox 2334 5786 2448 5831; x_wconf 78' lang='lat' dir='ltr'><strong>ista.</strong></span> 
     </span>
    </p>
   </div>
  </div>
