4186 6252
634 455 738 511 155

633 569 877 638 eiu-ribus
907 567 1023 635 eius
1062 566 1129 619 de
1172 563 1355 617 domui
1393 562 1578 615 Avieni
1622 559 1999 625 ConiunCtione
2026 556 2194 624 signI-
2223 560 2269 615 Α

633 663 767 723 tice;
808 670 860 712 et
888 658 956 712 de
997 667 1046 710 te
1075 655 1215 725 quod
1239 654 1353 719 ejus
1379 654 1548 721 pietas
1586 652 1885 718 pollicetur,
1929 658 2211 717 exspecto.

1158 743 1491 800 EPISTULA
1540 742 1676 796 XIII.

1114 852 1369 892 ENNODI'US
1398 850 1706 889 PANFBONIO.

705 930 1035 998 Peregrmari
1087 944 1173 983 me
1220 928 1271 980 in
1321 926 1438 980 solo
1490 926 1661 994 patrio
1706 923 1859 976 vobis
1900 922 2208 976 absentibus

634 1020 903 1080 crederes.
953 1018 1162 1072 etiamsi
1193 1018 1447 1071 valerem.
1482 1019 1550 1067 At
1594 1030 1714 1066 cum
1769 1012 2028 1081 aegritudo
2079 1011 2207 1065 mihi

634 1121 688 1162 et
740 1109 1093 1174 quorumdam
1151 1108 1362 1161 insistat
1419 1106 1737 1169 infirmitas,
1795 1105 1932 1157 inter
1987 1114 2211 1171 utraque

635 1201 756 1269 quid
785 1201 1008 1253 faciam?
1036 1201 1155 1267 quis
1182 1216 1290 1253 uno
1337 1208 1597 1265 tempore,
1629 1205 1685 1250 et
1727 1196 1942 1249 morbos
1970 1196 2125 1256 ferat.
2157 1202 2213 1247 et

638 1295 906 1360 perfidos“!
936 1292 1084 1345 Scias
1115 1293 1255 1345 nulla
1287 1293 1555 1355 cautione,
1606 1290 1749 1343 nulla
1799 1290 2123 1352 innocentia,
2155 1288 2210 1340 in

637 1384 849 1434 rivitate
888 1393 1092 1442 nostra,
1119 1396 1235 1448 qua:
1267 1382 1372 1435 Deo
1407 1381 1583 1435 medio
1612 1382 1872 1449 promissa
1901 1389 2025 1434 sunt
2055 1420 2072 1445 ,
2111 1395 2207 1433 cu-

645 1471 832 1523 stodiri
866 1480 1083 1540 atotttnt
1133 1470 1364 1523 felicitati
1419 1471 1686 1533 tribuitur,
1717 1471 1986 1523 uilatnori
2023 1489 2034 1522 :
2069 1472 2208 1524 circa

645 1563 871 1613 humiles
902 1577 1016 1613 rara
1040 1561 1305 1630 dignatio;
1334 1563 1566 1629 optimus
1594 1563 1699 1627 ille,
1742 1562 1830 1628 qui
1861 1560 2074 1615 celsior.
2103 1560 2209 1615 Sed

643 1654 706 1702 tu
724 1667 754 1703 c
775 1666 873 1719 ego
895 1666 997 1703 non
1022 1666 1116 1718 pro
1138 1651 1262 1715 mei,
1287 1652 1369 1704 cui
1398 1650 1526 1704 nihil
1551 1663 1792 1718 superest
1810 1653 1948 1720 quod
1975 1666 2211 1719 sperem,

641 1740 1067 1793 consideratione
1102 1741 1331 1807 suspiro,
1361 1741 1507 1794 dole:
1548 1742 1673 1793 mihi
1709 1741 1827 1794 illos
1873 1742 2046 1808 perire
2075 1758 2207 1808 quos

643 1830 819 1897 diligo.
855 1829 1070 1883 Plenius
1098 1831 1247 1883 vobis
1285 1846 1395 1882 rem
1426 1846 1658 1891 omnem.
1686 1840 1741 1884 et
1779 1847 1939 1900 quam
1992 1841 2210 1901 propter

642 1919 877 1970 studium
905 1928 1137 1971 vestrum
1168 1919 1416 1972 invidiam
1444 1922 1822 1980 contraxerim,
1858 1921 2015 1973 homo
2044 1931 2209 1974 vester

644 2006 949 2060 insinnabit.
998 2007 1109 2073 Ego
1163 2007 1416 2060 honorem
1470 2009 1804 2061 salutationis
1863 2010 2209 2076 impertiens,

644 2112 771 2163 rogo
802 2107 857 2148 ιιι
908 2097 1103 2164 scripta
1149 2114 1287 2158 inca,
1315 2107 1372 2151 et
1421 2099 1617 2152 domno
1651 2102 1874 2163 Avieno,
1921 2109 1973 2152 et
2016 2101 2215 2153 domno

646 2189 853 2241 Liberio
894 2190 1131 2256 protinus
1158 2189 1516 2251 contradatis;
1549 2200 1602 2243 et
1633 2207 1724 2257 per
1747 2190 1916 2257 ipsum
1946 2192 2033 2258 qui
2068 2191 2215 2244 vobis

645 2278 1002 2332 I‘amftoniam
1036 2290 1271 2333 nostratn
1318 2296 1499 2333 sanam
1540 2282 1861 2343 contribuat,
1893 2281 2132 2348 conjuro,
2161 2292 2212 2333 ut

645 2381 739 2420 ναις
785 2385 870 2422 me
925 2369 1051 2436 quid
1085 2369 1322 2436 responsi
1367 2369 1615 2422 dederint
1657 2370 1959 2434 instruatis;
2007 2372 2128 2439 quia
2167 2372 2212 2424 si

646 2459 817 2526 regius
844 2459 1191 2527 occupatione
1218 2459 1393 2526 aliqua
1423 2469 1646 2527 negatur
1698 2460 1983 2521 adventus,
2018 2477 2119 2527 ego
2147 2462 2211 2512 ad

647 2560 763 2609 vos,
792 2548 900 2601 Deo
929 2564 1049 2601 meo
1093 2549 1434 2617 suffragante,
1478 2552 1578 2602 sub
1629 2552 1810 2618 quavis
1857 2553 2219 2607 membrorum

647 2653 782 2692 meo:
800 2655 885 2692 um
913 2639 1193 2707 fragilitate
1224 2641 1407 2694 venire
1436 2641 1647 2695 festino.

1173 2731 1505 2784 EPISTULA
1551 2731 1689 2786 XIV.

1034 2837 1285 2875 ENNOUIUS
1326 2838 1530 2877 ELPIDIO
1579 2840 1821 2879 DIACONO.

720 2912 857 2967 Deus
882 2915 1211 2967 sanctitatem
1241 2923 1382 2967 tuam
1412 2916 1789 2971 misericordia:
1817 2934 1927 2972 sua:
1954 2930 2006 2973 et
2034 2923 2216 2987 gratia:

647 3012 1000 3072 prosequatur
1030 3003 1355 3071 insignibus;
1388 3004 1477 3072 qui
1505 3005 1571 3057 de
1603 3006 1903 3060 humilitate
1932 3024 2069 3074 mea,
2103 3026 2214 3065 rem

647 3093 802 3146 amici
826 3092 1044 3157 faciens,
1071 3092 1307 3159 dignaris
1330 3108 1451 3146 esse
1471 3094 1754 3158 sollicitus,
1780 3107 1939 3152 etme
1964 3115 2218 3168 meosque

647 3182 911 3247 promittis
955 3183 1208 3249 peculiari
1258 3182 1540 3237 all'ectioue
1585 3195 1635 3239 te
1683 3188 1881 3240 colere.
1933 3189 2056 3243 Scio
2094 3191 2215 3259 quia

1742 445 2010 500 ENNUUII
2048 442 2351 498 EPISCUI’I
2389 440 2763 494 TICINENSIS
3777 432 3825 494 ίξ

3819 434 3846 494 5

3854 434 3898 492 ὅ

2827 548 3153 601 EPISTULA
3202 548 3287 600 XV
3299 547 3337 601 I.

2807 653 3056 690 εμποριυς
3097 652 3392 690 Αῡεουλτο.

2378 730 2513 783 Olim
2541 728 2605 782 ad
2632 726 2972 781 beatitudinis
3018 736 3121 779 true
3158 725 3358 793 scripta
3391 723 3799 792 responderant,
3838 726 3883 778 si

2310 819 2461 872 facile
2484 818 2675 870 fuisset
2701 817 2924 868 Romam
2946 816 3276 883 pergentium
3311 814 3497 867 itinera
3523 813 3877 880 deprehendi.

2312 906 2681 959 Ecclesiastica
2712 903 2983 957 humilitas
3010 918 3039 955 a
3073 902 3255 955 tuondi
3288 903 3590 970 potentibus
3619 903 3769 970 quasi
3798 919 3886 956 res

2311 998 2586 1065 peregrina
2618 997 2896 1049 transitur.
2929 994 2997 1049 Ut
3031 994 3259 1062 primum
3293 1004 3471 1047 tamen
3499 995 3730 1046 domnus
3760 994 3889 1047 Dio-

2309 1105 2495 1144 scmus
2526 1089 2748 1141 Romam
2782 1087 3090 1155 perfunctus
3135 1087 3205 1154 pii
3238 1087 3434 1139 laboris
3476 1087 3733 1139 remeavit
3764 1084 3885 1138 offi-

2309 1182 2412 1242 cio,
2459 1180 2523 1233 ad
2583 1180 2975 1233 restitutionem
3021 1179 3206 1246 debiti,
3247 1180 3603 1232 reverentiam
3651 1188 3885 1233 vestram

2310 1272 2607 1338 suspiciens
2632 1311 2645 1333 ,
2696 1272 2951 1337 aspiravi.
2987 1271 3095 1324 llos
3135 1271 3272 1323 filios
3322 1282 3532 1323 vestros
3558 1309 3574 1334 ,
3624 1270 3895 1323 domuum

2313 1361 2551 1425 l‘anlutu,
2586 1361 2670 1415 vel
2715 1371 2955 1415 sanctam
3007 1376 3204 1429 pregen
3228 1376 3311 1414 em
3358 1359 3522 1428 ipsius
3572 1361 3747 1414 redire
3779 1360 3890 1413 Ilo-

2314 1467 2450 1502 mam
2475 1451 2686 1517 cupitis,
2721 1467 2819 1503 nos
2846 1465 3062 1504 manere
3089 1469 3101 1503 :
3134 1451 3313 1517 dispar
3335 1450 3598 1503 sententia
3624 1449 3689 1502 ad
3722 1466 3897 1502 unum-

2312 1541 2609 1595 affectiouis
2630 1542 2821 1595 callem
2844 1543 2961 1596 sine
2988 1557 3172 1596 errore
3201 1542 3508 1595 revertitur.
3537 1541 3677 1594 Deus
3707 1551 3899 1594 tamen-

2312 1631 2542 1698 Optimus
2568 1630 2924 1694 diSpcnsator,
2955 1632 3094 1698 quod
3134 1631 3372 1684 felicitati
3404 1632 3520 1698 ejus
3549 1632 3648 1684 scit
3689 1647 3884 1684 conve-

2317 1723 2454 1785 nire,
2474 1720 2740 1788 disiponat.
2776 1721 2899 1774 Mihi
2940 1720 3121 1773 domui
3164 1721 3364 1783 Fausui,
3414 1735 3737 1788 suorumque
3766 1736 3889 1787 pro.

2318 1813 2544 1879 speritas
2572 1814 2867 1879 praesentire
2898 1811 3011 1865 vice
3040 1812 3340 1864 blanditur.
3366 1810 3590 1864 Domine
3622 1811 3712 1873 mi,
3743 1810 3886 1863 salu-

2251 1902 2539 1959 Btatiunis
2590 1900 2785 1953 cultum
2838 1901 2993 1966 pleno
3038 1916 3219 1954 amore
3262 1901 3596 1963 dissolvens,
3648 1899 3899 1953 codicem

2318 2006 2472 2057 quem
2495 1989 2738 2053 dedisus,
2763 1990 2870 2044 lilio
2894 2001 3069 2043 vestro
3091 1990 3290 2043 domno
3306 1989 3563 2057 praefecto
3581 2002 3878 2056 remeante,

2323 2084 2624 2135 transmitte
2658 2102 2669 2134 :
2700 2099 2794 2136 vos
2825 2099 3020 2146 meum,
3054 2093 3146 2137 aut
3176 2083 3331 2136 illum
3352 2098 3510 2151 quem
3544 2082 3897 2149 promisistis,

2316 2173 2359 2224 si
2391 2174 2663 2240 placuerit,
2694 2173 2975 2227 destinate.
3013 2174 3145 2227 Illud
3197 2183 3372 2225 tamen
3413 2172 3717 2238 specialiter
3756 2186 3885 2224 con-

2320 2264 2573 2329 ferentes,
2606 2274 2664 2317 ut
2689 2266 2988 2318 orationum
3014 2275 3314 2319 vestrarum
3346 2279 3616 2333 nunquam
3649 2280 3733 2317 me
3765 2279 3885 2330 pro-

2320 2353 2638 2419 pugnatione
2666 2353 2877 2407 nudetis
2906 2394 2921 2417 ,
2950 2354 3069 2422 quia
3099 2354 3276 2407 nullus
3321 2354 3450 2405 mihi
3498 2368 3677 2405 tuurus
3708 2355 3885 2419 potior

2317 2460 2436 2497 esse
2466 2445 2720 2498 adversus
2756 2446 2959 2513 peccati
2999 2446 3221 2499 arietem
3257 2447 3475 2514 poterit,
3510 2461 3666 2514 quam
3703 2446 3746 2497 si
3779 2444 3887 2497 illa-

2319 2550 2433 2587 rum
2457 2551 2544 2589 me
2567 2537 2723 2589 tutela
2756 2535 3071 2590 defenderit.

2853 2624 3177 2687 EPISTULA
3219 2625 3381 2679 XVII.

2812 2730 3068 2769 ENNODIUS
3108 2731 3407 2768 APODI‘ISIlA-Z.

2388 2809 2501 2863 Non
2529 2805 2715 2861 clauda
2749 2804 2879 2858 fides
2907 2805 3172 2872 opinionis
3194 2805 3445 2872 antiquae.
3499 2822 3617 2868 qua:
3649 2803 3891 2871 perhibet

2317 2900 2458 2968 quod
2483 2893 3078 2967 prOpinquitasEgeneris
3095 2911 3197 2948 non
3220 2896 3563 2950 defraudetur
3594 2897 3892 2965 longinqui-

2322 2998 2427 3040 tate
2458 2986 2712 3054 regionis.
2758 2984 2973 3037 Manent
3019 2983 3341 3037 familiarum
3382 2987 3493 3037 suis
3514 2984 3631 3052 jura
3663 2986 3892 3037 cardini-

2321 3079 2448 3141 bus;
2496 3093 2596 3130 nec
2636 3091 2752 3144 qua:
2786 3084 2912 3128 sunt
2949 3076 3121 3129 divisa
3166 3076 3504 3137 habitaculis.
3537 3078 3892 3132 dissociantur

2320 3169 2601 3224 animabus
2630 3184 2643 3220 :
2677 3168 2940 3236 percurrit
2963 3167 3217 3221 aetherius
3243 3168 3414 3236 vigor,
3448 3169 3748 3236 ubicunque
3774 3185 3902 3221 car--

650 3272 787 3325 Deus
818 3272 1075 3338 projtitius
1108 3272 1201 3324 tibi
1228 3272 1303 3325 sic
1332 3275 1553 3339 gratiam
1595 3274 1771 3329 invicti
1804 3280 2053 3347 principis
2083 3256 2213 3335 con-

2323 3261 2403 3313 nis
2443 3260 2757 3326 cognatione
2798 3256 3141 3325 producitur;
3189 3266 3244 3311 et
3296 3259 3381 3311 illa
3434 3259 3669 3312 cmlestis
3716 3260 3905 3325 portio

648 3360 787 3422 tulit,
830 3371 886 3412 ut
937 3360 1206 3414 humilitas
1246 3361 1606 3415 ecclesiastica
1646 3380 1749 3417 non
1799 3368 2017 3433 periret.
2054 3371 2210 3439 Vere,

646 3448 841 3501 domne
864 3448 1058 3515 Elpidi,
1087 3450 1129 3501 si
1161 3450 1407 3516 dignatur
1434 3451 1550 3517 pius
1575 3468 1664 3504 rex
1696 3455 1762 3506 de
1788 3470 1943 3509 servo
1971 3474 2067 3511 suo
2096 3474 2214 3514 esse

645 3537 929 3601 sollicitus,
972 3548 1023 3590 tu
1063 3537 1273 3604 fecisti,
1307 3540 1459 3605 cujus
1498 3540 1677 3593 animo
1716 3544 1887 3597 nullus
1920 3547 2211 3601 amicorum

645 3626 811 3678 vicem
860 3626 1050 3693 poterit
1100 3641 1404 3692 repensare.
1446 3628 1593 3681 Scias
1635 3646 1719 3685 me
1764 3642 1938 3686 tamen
1978 3636 2214 3703 quotidie

643 3717 852 3769 diversa
883 3718 1041 3786 affligi
1072 3719 1324 3786 qualitate
1354 3719 1659 3773 tuorborum
1679 3763 1696 3784 ,
1722 3722 1790 3775 ita
1824 3734 1877 3777 ut
1902 3725 1971 3777 de
1993 3727 2095 3779 vita
2117 3728 2214 3782 de-

642 3823 874 3873 sperem.
908 3809 1053 3877 llogo
1082 3819 1280 3872 tamen,
1312 3811 1512 3865 honore
1539 3814 1872 3868 salutationis
1894 3828 2133 3885 accepto.
2159 3831 2215 3873 ut

643 3899 893 3951 domuum
921 3900 1169 3954 Faustum
1197 3909 1250 3953 et
1276 3900 1414 3953 lilios
1443 3902 1628 3968 ipsius,
1653 3919 1857 3957 memor
1876 3908 2211 3974 animantum,

643 3988 925 4042 sinceriter
955 3990 1171 4058 diligas;
1204 4000 1254 4042 et
1286 4006 1379 4057 pro
1408 3992 1585 4043 anima
1617 4008 1754 4057 mea,
1795 4005 2049 4061 quantum
2081 4013 2215 4065 prae-

642 4077 808 4143 vales,
847 4093 1004 4131 orare
1034 4095 1138 4132 non
1177 4094 1355 4132 ces:es
1389 4096 1401 4132 :
1435 4081 1558 4146 quia
1588 4096 1689 4134 non
1725 4085 1979 4138 remansit
2010 4087 2061 4140 in
2098 4088 2213 4141 luce

640 4167 779 4233 quod
812 4182 1044 4232 Speretn.
1089 4167 1239 4235 Rogo
1273 4168 1432 4221 etiam
1484 4180 1538 4222 ut
1569 4186 1653 4222 me
1688 4172 1948 4240 frequenti
1978 4176 2213 4244 digneris

640 4254 894 4322 alloquio,
921 4264 975 4308 et
1002 4257 1045 4307 si
1075 4255 1300 4309 domnus
1339 4266 1518 4310 noster
1552 4258 1618 4312 ad
1657 4260 1920 4329 Liguriam
1956 4275 2212 4321 venturus

641 4354 739 4413 cst,
770 4345 1017 4399 intimare
1048 4360 1323 4415 procures.

1184 4436 1509 4491 EPISTULA
1556 4439 1668 4493 XV.

1111 4541 1363 4579 ιῖδκοιιιυδ
1404 4544 1733 4585 ετΕΡΙΙΑΜᾹΞ.

2320 3350 2471 3403 unius
2495 3349 2676 3416 patria:
2707 3363 2811 3400 non
2839 3347 3152 3400 continetur
3176 3348 3454 3415 angustiis.
3478 3348 3567 3399 Sic
3595 3357 3669 3412 tu,
3694 3347 3892 3400 dotnna

2319 3456 2455 3504 mea,
2483 3440 2639 3507 longe
2669 3455 2699 3491 a
2728 3453 2952 3504 corpore
2980 3438 3261 3506 degentem
3294 3439 3590 3492 Erinodium
3623 3441 3889 3507 perquisi-

2317 3533 2404 3594 sti,
2441 3529 2712 3584 efferendo
2754 3529 3069 3583 desideratis
3117 3531 3294 3584 nobile
3327 3548 3519 3584 munus
3561 3532 3888 3600 aspectibus.

2319 3621 2510 3688 Accepi
2551 3621 2812 3673 cucullam
2842 3622 3052 3688 qualem
3084 3620 3263 3674 debuit
3306 3622 3534 3690 dirigere
3577 3624 3905 3690 religionem-

2321 3714 2611 3778 profitenti.
2639 3712 3006 3777 Sanctissima,
3033 3728 3146 3779 ora,
3180 3724 3237 3765 ut
3257 3714 3472 3781 dignum
3500 3728 3583 3767 me
3606 3713 3903 3767 humilium

2317 3802 2663 3865 indumentis,
2692 3810 2746 3855 et
2766 3796 2940 3854 sinon
2966 3800 3282 3856 invenerunt
3309 3803 3446 3857 dona
3480 3812 3674 3867 Vestra,
3702 3813 3888 3858 tamen

2321 3892 2498 3945 meriti
2529 3894 2609 3944 sui
2639 3892 2912 3945 nobilitate
2941 3892 3235 3961 perﬁciant.
3268 3895 3486 3948 Domina
3532 3897 3623 3959 mi,
3663 3897 3905 3950 salutem

2317 3985 2667 4052 largissimum
2711 3984 2921 4047 dicens,
2962 4001 3112 4055 rogo,
3143 3996 3202 4041 ut
3228 3989 3418 4041 crebro
3450 3990 3768 4043 venerandis
3807 4008 3890 4043 re-

2316 4073 2503 4126 h-vetis
2532 4073 2795 4141 alloquiis.
2828 4074 2843 4104 ¹
2882 4073 3091 4127 Lanam
3122 4086 3176 4129 et
3218 4093 3460 4143 racanas,
3489 4081 3642 4149 cujus
3670 4096 3766 4133 vos
3796 4098 3890 4134 vo—

2318 4162 2519 4214 lueritis
2545 4162 2743 4215 coloris
2790 4164 2940 4217 rubei
2971 4176 3063 4218 aut
3099 4166 3249 4230 fusci,
3299 4170 3425 4222 mihi
3470 4171 3569 4224 sub
3610 4171 3892 4226 celeritate

2312 4254 2544 4323 dirigite.

2816 4346 3149 4402 EPISTULA
3190 4348 3377 4405 XVIII.

2785 4453 3040 4491 [Νιιοωυε
3078 4454 3403 4493 5ΤΕΡΙΙΑΝΙΕ.

2384 4523 2664 4580 Sttl'liceret
2694 4527 2939 4594 equidem
2969 4544 3068 4595 pro
3104 4530 3375 4597 epistolari
3414 4534 3743 4586 commercio
3774 4551 3890 4586 me-

708 4616 845 4667 tiene
868 4623 946 4667 est
976 4615 1155 4666 animo
1189 4631 1327 4677 meo,
1357 4618 1495 4683 quod
1519 4634 1795 4684 gravatum
1831 4625 2031 4687 peccati
2063 4626 2206 4681 fasce
2238 4626 2286 4685 ι)
2316 4614 2472 4665 ritum
2523 4616 2816 4681 portitoris,
2864 4618 2946 4669 cui
2989 4629 3043 4672 et
3081 4635 3212 4673 vena
3253 4637 3344 4674 sua
3389 4624 3528 4691 quod
3562 4625 3889 4691 loquendum

636 4704 981 4765 meministis;
1011 4715 1065 4756 et
1092 4702 1230 4756 inter
1261 4705 1377 4757 illas
1407 4708 1540 4759 sacri
1574 4711 1804 4775 pectoris
1835 4726 2008 4774 curas,
2033 4730 2201 4783 quan-

636 4801 745 4844 tum
789 4792 1029 4858 epistolte
1061 4792 1126 4845 ad
1155 4792 1407 4846 domuum
1446 4794 1703 4851 Avienum
1734 4799 2008 4855 destinatae
2038 4805 2202 4859 maui-

636 4880 869 4941 fesmnt,
921 4890 1161 4949 persona:
1210 4900 1340 4936 mea:
1391 4901 1495 4938 non
1550 4891 1772 4957 emergit
1819 4893 2033 4949 oblivio.
2095 4896 2205 4951 Deo

634 4968 829 5037 gratias
871 4984 993 5036 ago,
1026 4970 1114 5037 qui
1164 4987 1258 5039 per
1305 4974 1588 5027 indebitatn
1631 4977 2057 5047 delinquentibus
2096 4986 2200 5040 clc-

634 5062 884 5113 meutiam
914 5064 1069 5116 solita
1110 5066 1449 5121 miseratione
1483 5071 1762 5131 succurrit,
1794 5072 1914 5125 dum
1950 5088 2043 5127 eos
2079 5090 2203 5128 sau-

632 5160 833 5205 ctarum
856 5153 1151 5208 animarum
1178 5158 1556 5212 interressione
1579 5170 1858 5215 sustentat.
1882 5163 1993 5216 Non
2043 5168 2203 5220 credo

629 5242 771 5309 quod
830 5243 970 5297 inter
1024 5248 1292 5299 orationes
1343 5248 1653 5313 deseratur,
1706 5267 1863 5319 quem
1916 5255 2203 5310 nobilitatis

628 5332 881 5400 alloquio.
922 5332 1107 5387 Saluto
1138 5350 1265 5404 ergo
1307 5336 1604 5392 humilitate
1633 5357 1731 5408 qua
1773 5342 1988 5411 dignum
2019 5358 2118 5409 est,
2150 5359 2202 5399 et

628 5436 757 5487 rogo
813 5428 869 5476 ιιι
917 5423 991 5477 illi
1043 5424 1255 5478 assidua
1325 5427 1625 5481 orationum
1673 5431 1884 5488 donetis
1922 5436 2197 5506 suffragia,

626 5525 780 5577 quem
814 5513 1336 5569 commetnorationis
1367 5518 1582 5583 pascitis
1614 5520 1873 5576 ubertate.

699 5622 715 5699 ξ
742 5622 947 5699 Litanam
985 5636 1031 5679 et
1059 5628 1291 5699 rat-anas]
1329 5628 1401 5683 Ita
1429 5630 1678 5686 distincte
1705 5633 1990 5692 Vaticanus
2024 5658 2034 5691 ε
2070 5641 2195 5693 reli-

626 5691 715 5754 qui
743 5698 761 5713 '
789 5691 942 5746 Lwna
967 5708 1124 5769 metra
1153 5691 1307 5753 cana}
1332 5716 1350 5753 :
1374 5702 1514 5769 quod
1546 5703 1732 5755 eodem
1783 5691 1990 5760 recidit.
2026 5691 2195 5762 ιιςιὶιεέ.

626 5774 709 5842 ne:
738 5772 911 5842 att-tem
939 5766 1077 5829 quod
1108 5783 1275 5842 genus
1318 5766 1616 5842 veStintenti
1652 5772 1829 5835 fuerit,
1868 5794 1971 5828 non
2006 5779 2191 5842 liquet,

625 5828 689 5880 ad
732 5828 1089 5889 calceatueuta
1111 5828 1415 5894 referenda:
1460 5843 1723 5903 vidcntur.
1774 5828 1827 5896 ut
1883 5856 1935 5898 ct
1966 5828 2195 5911 ran-

2310 4713 2392 4754 est
2444 4713 2496 4755 et
2522 4720 2647 4771 pura
2678 4707 2819 4759 circa
2848 4724 2932 4761 me
2964 4710 3230 4763 ministrat
3258 4712 3493 4766 affectio.
3526 4716 3575 4768 Sc
3598 4715 3634 4767 d
3675 4714 3891 4768 animus

2315 4811 2463 4848 meus
2503 4797 2567 4848 ad
2610 4798 2936 4864 duplicatum
2977 4801 3195 4855 festinat
3228 4804 3572 4871 obsequium;
3620 4821 3717 4859 nec
3753 4806 3889 4859 sint-

2313 4885 2433 4952 plici
2462 4902 2620 4953 quam
2662 4891 2959 4942 reverentia
2992 4900 3164 4944 vestra
3207 4893 3371 4963 exigit
3409 4895 3702 4948 humilitate
3753 4911 3889 4949 con-

2319 4984 2517 5039 tentus,
2562 4976 2760 5032 domno
2790 4980 2994 5034 Avieno
3039 4984 3231 5051 scripta
3264 4986 3540 5056 conjungit
3566 5028 3580 5051 ,
3610 4987 3684 5040 illi
3724 5004 3903 5057 quem.

2310 5068 2377 5121 de
2401 5068 2563 5135 stirpe
2597 5080 2770 5123 vestra
2806 5084 3141 5138 procreatum
3176 5086 3225 5129 et
3254 5076 3360 5129 vita
3405 5079 3580 5145 prodit
3604 5090 3656 5132 et
3684 5080 3884 5132 oratio.

2309 5159 2553 5213 Graviter
2585 5172 2758 5214 tamen
2792 5164 2904 5216 fero
2956 5165 3096 5232 quod
3140 5168 3365 5221 rusticas
3403 5186 3562 5224 voces
3605 5171 3760 5224 nimis
3794 5188 3889 5223 nr-

2308 5250 2439 5301 bana
2470 5259 2523 5302 et
2546 5250 2725 5304 subtili
2757 5253 3058 5309 elocutione
3097 5260 3345 5312 narratis.
3379 5261 3492 5314 Non
3526 5262 3594 5314 ita
3624 5262 3763 5315 circa
3797 5262 3884 5313 fa-

2310 5340 2509 5392 miliam
2544 5349 2771 5393 vestram
2802 5345 2970 5411 gratia
2998 5348 3239 5400 caelestis
3271 5351 3519 5413 innotuit,
3556 5363 3614 5405 ut
3644 5352 3888 5420 aliquem

2310 5428 2359 5479 in
2419 5445 2478 5481 ea
2529 5429 2686 5484 liceat
2734 5434 3020 5501 majoribus
3063 5439 3176 5491 suis
3225 5450 3317 5492 aut
3366 5442 3544 5511 lingua
3600 5458 3718 5498 csse
3787 5457 3888 5499 aut

2301 5519 2511 5572 actione
2539 5522 2847 5576 dissimilem
2870 5564 2884 5588 ,
2941 5527 3039 5579 nisi
3070 5530 3205 5582 forte
3237 5532 3377 5599 quod
3412 5549 3504 5584 vos
3538 5546 3694 5600 supra
3722 5535 3887 5587 clari-

2306 5645 2504 5715 tzangzc
2536 5637 2649 5703 lege
2665 5639 2705 5715 _3
2740 5639 2871 5715 cod._
2893 5640 3095 5715 Tlteod.
3141 5644 3209 5698 de
3253 5646 3442 5699 Habitu
3474 5665 3578 5713 quo
3610 5650 3681 5701 uti
3713 5666 3884 5715 opor-

2307 5712 2411 5783 teat
2440 5705 2572 5783 intra
2599 5710 2804 5760 urbem.
2846 5707 2992 5761 Intra
3016 5712 3184 5766 urbem
3215 5716 3426 5769 Romam
3457 5705 3599 5771 nemo
3620 5720 3692 5772 vel
3717 5705 3762 5771 τ’
3780 5740 3811 5783 g
3831 5737 3883 5781 δ,

2304 5775 2376 5824 ιἐι
2407 5777 2597 5826 (suturis
2632 5787 2821 5830 ulnlur.
3592 5825 3605 5830 -
3780 5778 3789 5787 ’

2370 5864 2386 5880 ’
2415 5862 2600 5912 Videsis
2627 5866 2671 5915 le
2700 5867 2768 5915 St.
2798 5867 2955 5919 Moiue
2986 5871 3088 5920 \‘at.
3112 5876 3245 5922 Sacr.
3276 5882 3388 5925 tom.
3420 5877 3480 5931 Il.
3511 5891 3557 5937 ιι.
3587 5879 3694 5926 ἒδῗ.
