4186 6252
257 461 347 516 157

1492 462 1978 518 ειιιετοωιιιυιι
2019 462 2145 516 Lm.
2180 464 2269 518 ιιι.
2358 432 2364 437 ’

3401 473 3496 526 I58

257 587 408 628 tatem
440 574 719 626 seniorum
757 581 955 625 sancta:
984 572 1254 626 viduitatis
1290 573 1341 625 in
1372 573 1521 627 vobis
1551 575 1723 644 fulgor
1755 591 1824 628 tr-
1864 586 1903 642 Α
1933 586 2168 642 precatio
2234 575 2461 628 fructum
2522 576 2624 631 sibi
2682 576 2925 630 videatur
2978 576 3245 631 ascribere
3308 581 3500 634 laboris

257 666 442 719 radiat.
493 665 696 732 Nempe
740 665 880 717 illius
918 663 1100 717 domui
1144 664 1321 718 Fausti
1353 680 1601 733 germana
1644 682 1738 732 es,
1774 668 1824 720 in

257 759 397 824 cujus
445 757 769 824 prefectura
807 754 948 823 quod
996 754 1285 810 monachos
1333 756 1590 821 instituat,
1625 758 1829 812 inveni-

256 862 334 902 tur
356 890 373 912 ,
400 863 565 917 quem
599 848 718 915 plus
746 855 829 900 est
854 847 1065 901 actione
1092 848 1454 901 venerabilem
1484 852 1626 913 esse,
1669 864 1825 918 quam

257 940 421 993 tiIuIO.
472 938 629 1007 Rogo
658 952 776 1001 vos,
824 938 1046 990 servitio
1091 937 1429 991 salutationis
1473 939 1727 1007 exhibito,
1774 949 1828 991 ut

258 1046 521 1101 nunquam
582 1029 1026 1083 scholasticorum
1090 1028 1353 1083 indociles
1406 1031 1829 1099 compositiones

257 1124 448 1177 sanctis
496 1121 879 1175 dietationibus
922 1121 1463 1174 miscea-tiszsuflicit
1511 1121 1638 1174 mihi
1685 1121 1825 1189 quod

259 1212 511 1276 admirer,
558 1212 702 1281 quod
744 1211 791 1264 si
835 1225 1047 1269 mereor
1074 1211 1227 1279 sequi
1270 1194 1515 1277 debeam,
1555 1214 1607 1265 in
1637 1213 1830 1265 vestris

260 1302 502 1357 sensibus
523 1300 787 1357 invenire.

785 1368 1114 1426 EPISTULA
1152 1370 1297 1425 XIX.

771 1476 1021 1515 ENNODIUS
1063 1477 1324 1515 Αῡκειιο.

330 1553 509 1621 Longo
544 1553 757 1604 animus
805 1567 955 1604 tneus
982 1552 1232 1620 pependit
1263 1552 1492 1614 incerto,
1523 1562 1700 1605 utrum
1735 1566 1831 1619 pro

265 1647 527 1714 diligentia
556 1645 764 1699 notitiae
804 1656 997 1699 vestra:
1021 1644 1240 1711 januam
1280 1644 1584 1712 scriptionis
1614 1644 1829 1696 amabili

269 1736 675 1803 pra-suntmione
718 1734 1008 1801 pulsarent,
1038 1744 1092 1787 et
1133 1734 1572 1797 excellentissimi
1603 1734 1830 1788 hominis

271 1842 361 1893 per
388 1824 525 1879 hunc
553 1825 747 1879 callem
778 1834 962 1893 pectus
991 1826 1325 1893 ingrederer,
1351 1840 1418 1877 an
1450 1840 1544 1892 per
1585 1824 1829 1877 homines

1930 663 2106 717 alieni.
2142 664 2327 718 Saluto
2356 679 2485 733 ergo
2511 658 2807 720 humilitate
2849 682 2951 735 qua
2981 668 3197 735 dignum
3229 683 3331 733 est,
3364 681 3418 723 et
3446 684 3501 726 ut

1930 754 2175 822 pra-fatos
2203 769 2322 807 cum
2354 754 2549 822 gaudio
2570 755 2634 807 ad
2661 770 2745 808 me
2782 755 3082 821 remittatis,
3111 757 3355 825 imploro.

2461 843 2788 896 EPISTULA
2832 844 2971 897 XXI.

2457 952 2713 1013 ENSODIUS
2748 955 2977 994 ELPIDIO.

2001 1025 2114 1078 Etsi
2153 1033 2207 1080 te
2233 1025 2603 1080 immemorem
2652 1027 2752 1080 mei
2786 1026 3005 1080 Pontica
3036 1026 3162 1081 facit
3204 1028 3507 1082 inhumani-

1932 1126 2033 1180 tas,
2063 1133 2149 1170 me
2177 1127 2352 1170 tamen
2382 1116 2579 1170 imitari
2612 1132 2715 1169 non
2769 1117 2925 1170 decet
2977 1118 3118 1186 quod
3160 1134 3372 1174 aecum.
3417 1121 3506 1174 Sic

1931 1206 1997 1260 de
2024 1206 2239 1261 civitate
2265 1204 2650 1260 Mediolanensi
2675 1207 2823 1273 quasi
2853 1207 3029 1259 Icarus
3055 1206 3301 1271 avolasti,
3328 1217 3382 1261 et
3408 1224 3505 1260 nec

1933 1297 2166 1350 mandati
2198 1311 2282 1349 me
2304 1296 2624 1349 salutatione
2645 1295 2892 1363 dignatus
2918 1313 2996 1349 es.
3026 1298 3114 1349 Sic
3148 1298 3346 1350 faciunt
3372 1314 3505 1363 quos

1933 1387 2227 1455 potentium
2271 1385 2528 1438 lateribus
2554 1384 2732 1453 jungit
2773 1386 3044 1453 inopinata
3090 1388 3365 1439 sodalitas.
3396 1388 3506 1439 Mu-

1931 1491 2020 1529 sca
2052 1477 2311 1529 tnoritura
2337 1475 2543 1544 justum
2568 1485 2670 1538 est,
2702 1485 2759 1527 ut
2788 1476 2830 1529 si
2862 1492 2955 1544 per
2996 1487 3237 1530 naturam
3279 1493 3383 1528 non
3416 1493 3505 1544 po-

1934 1576 2034 1629 tes,
2084 1566 2152 1619 ad
2198 1566 2444 1620 ellectum
2497 1580 2618 1620 meo
2666 1567 2911 1621 inviteris
2962 1568 3251 1634 exemplo:
3287 1579 3506 1636 possunt

1932 1658 2023 1710 tibi
2056 1656 2145 1709 alii
2171 1671 2267 1724 pro
2288 1656 2612 1710 abundantia
2638 1657 2942 1711 facultatum
2973 1659 3214 1713 utiliores
3237 1661 3467 1715 existere
3489 1702 3506 1725 ,

1931 1764 2051 1802 esse
2080 1758 2254 1802 tamen
2287 1765 2393 1801 non
2424 1750 2606 1803 valent
2645 1750 2932 1803 dulciores.
2963 1752 3066 1805 Sed
3099 1753 3258 1807 redeo
3284 1755 3348 1806 ad
3374 1771 3502 1807 coii-

1930 1843 2307 1896 siderationem
2345 1844 2530 1911 patria:
2552 1885 2569 1908 ,
2604 1843 2685 1895 cui
2714 1843 2878 1896 debes
2902 1845 3161 1897 bonorum
3183 1846 3504 1901 oblivionem

268 1926 491 1980 vestros,
530 1931 657 1983 vaga
687 1916 1007 1969 salutatione
1042 1926 1347 1979 contentus,
1392 1931 1599 1970 secreta
1636 1917 1826 1986 quibus

1932 1943 1985 1985 et
2014 1931 2283 1986 miseriam
2313 1949 2413 2000 qua
2447 1933 2677 1985 laboras.
2713 1933 2864 1986 Nunc
2897 1948 3046 2000 ergo,
3080 1934 3283 1987 honore
3311 1936 3503 1988 saluta-

266 2004 538 2058 obsidebar
562 2006 939 2073 irrumperem,
963 2006 1088 2074 quia
1117 2005 1284 2058 visum
1320 2006 1448 2059 mihi
1477 2016 1558 2059 est
1584 2022 1689 2059 non
1709 2022 1829 2060 esse

266 2098 317 2146 in
348 2095 616 2146 hominum
658 2110 883 2147 numero
908 2095 1317 2163 computandus,
1350 2111 1507 2164 quem
1544 2096 1828 2149 hominum

273 2184 577 2249 potissimus
604 2184 894 2252 ignoraret.
922 2185 987 2237 Et
1018 2186 1175 2253 plane
1202 2184 1278 2237 illi
1311 2202 1408 2238 nec
1435 2201 1612 2240 mores
1642 2201 1831 2255 sugge-

267 2282 389 2325 runt
418 2273 682 2336 liduciam,
727 2290 821 2328 nec
863 2283 1073 2335 natura,
1117 2276 1206 2343 qui
1233 2275 1285 2327 in
1307 2291 1430 2330 arce
1466 2276 1655 2329 locatis
1700 2277 1829 2330 abs-

262 2364 540 2417 conditur:
588 2364 737 2417 vobis
765 2364 1054 2433 przccipue,
1082 2380 1217 2433 quos
1248 2375 1475 2434 uterque
1491 2368 1635 2420 orbis
1661 2367 1828 2419 amica

262 2462 312 2505 et
349 2454 491 2507 soi-ia
542 2453 853 2508 diversitate
896 2455 1269 2523 complectitur
1299 2498 1312 2523 ,
1342 2458 1481 2524 quod
1533 2456 1623 2510 Dei
1673 2456 1832 2509 timor

259 2546 438 2607 gratiae
486 2561 597 2599 suae
642 2548 896 2599 comitate
948 2544 1187 2599 firmatos
1237 2546 1362 2601 fecit
1401 2548 1510 2615 jam
1565 2547 1826 2601 honorum

259 2650 455 2688 summa
511 2636 715 2706 largiri,
745 2647 803 2691 et
822 2639 887 2689 ad
908 2638 1047 2705 quod
1075 2640 1161 2691 vix
1191 2640 1437 2708 praecipui
1468 2642 1825 2709 perducuntur

257 2728 319 2777 ad
355 2729 620 2795 Opinionis
648 2728 875 2797 gloriam
913 2729 1044 2783 dare
1079 2729 1353 2796 subjectis.
1398 2730 1668 2784 Laudandi
1706 2744 1830 2785 sunt

260 2820 437 2884 apices
483 2859 496 2883 ,
542 2820 636 2872 sed
689 2822 753 2872 ad
794 2835 886 2874 eos
934 2808 1133 2874 sudore
1182 2821 1414 2874 maximo
1462 2823 1547 2874 vix
1596 2826 1823 2875 venitur.

259 2909 411 2970 Quod
444 2918 618 2962 tamen
643 2908 866 2964 feliciter
895 2910 1096 2964 dictum
1122 2913 1211 2975 sit,
1244 2922 1298 2964 et
1324 2914 1461 2965 inter
1491 2928 1709 2967 munera
1741 2930 1827 2965 vc-

256 3010 362 3051 stra
393 3011 522 3052 sunt
549 3000 798 3053 culmina.
833 3002 970 3069 Ergo
997 3003 1234 3056 salutans
1263 3014 1589 3068 reverenter,
1623 3006 1826 3071 episto-

254 3090 352 3143 lam
410 3092 671 3146 brevitate
722 3092 1014 3156 concludo,
1052 3110 1118 3147 ne
1161 3106 1285 3149 ante
1330 3095 1690 3164 dignationem
1740 3112 1829 3149 te—

256 3193 415 3233 stram
463 3182 709 3237 videatur
740 3184 1039 3253 importuna
1073 3186 1325 3238 laudatio.
1370 3186 1554 3239 Latius
1585 3197 1701 3253 post
1742 3202 1824 3238 re-

1934 2022 2098 2076 tionis
2130 2022 2392 2091 impenso,
2423 2036 2637 2076 servum
2667 2033 2815 2075 tuum
2843 2023 2907 2075 ad
2939 2023 3039 2077 hoc
3066 2025 3258 2087 direxi,
3306 2037 3357 2076 ιιι
3399 2026 3509 2076 lilio

1934 2121 2022 2165 tuo
2045 2113 2245 2165 domno
2274 2113 2524 2180 prtefecto
2565 2122 2619 2166 ct
2655 2114 2746 2166 tibi
2788 2114 3054 2166 nuntiaret
3096 2115 3148 2166 in
3179 2114 3375 2168 Christi
3408 2132 3505 2167 ttu-

1934 2202 2095 2267 mine,
2124 2218 2209 2254 tne
2239 2204 2305 2255 de
2346 2202 2655 2256 suburbano
2684 2203 2774 2255 illo
2803 2203 3117 2257 documenta
3144 2205 3505 2274 Iegitimasus—

1932 2287 2176 2357 cepisse,
2226 2298 2285 2341 ιιι
2326 2305 2419 2341 vos
2464 2305 2584 2343 cum
2629 2291 2739 2344 lilio
2787 2306 2964 2346 vcsro
3009 2294 3205 2347 domno
3255 2295 3504 2363 Triggua,

1930 2378 2069 2445 quod
2098 2380 2452 2433 necessarium
2483 2380 2702 2445 videris,
2735 2398 2891 2451 agere
2926 2400 3028 2438 non
3058 2385 3271 2437 omittas
3299 2383 3433 2455 [sic].

2454 2470 2782 2525 EPISTULA
2828 2472 2989 2526 λΧιι.

2458 2574 2712 2613 ιλιιουιυε
2755 2576 2976 2614 ιἈοδτο.

2004 2649 2174 2717 Spero
2202 2650 2253 2702 in
2276 2650 2533 2703 Trinitate
2568 2651 2676 2703 Deo
2707 2662 2914 2717 nostro,
2942 2668 3035 2721 per
3066 2654 3313 2724 Sulfragia
3345 2672 3504 2708 velte-

1933 2743 2098 2795 randa
2120 2750 2446 2805 sanctorum,
2472 2744 2611 2809 quod
2636 2758 2821 2796 servos
2843 2744 2893 2796 in
2923 2760 3237 2814 quocunque
3263 2750 3379 2799 loco
3409 2764 3503 2814 po-

1930 2833 2082 2895 sitos,
2109 2830 2561 2898 quemadmodum
2596 2832 2830 2885 munitur
2877 2833 3017 2886 oculi
3060 2834 3282 2902 pupilla,
3327 2848 3503 2888 cn~to-

1930 2920 2072 2985 diat,
2114 2930 2168 2974 et
2211 2920 2277 2972 ad
2337 2920 2532 2974 bnitam
2575 2921 2932 2975 valetudinem
2983 2924 3200 2978 reducat
3253 2927 3504 2994 quidquid

1931 3008 2141 3061 inimica
2171 3009 2326 3076 fregit
2363 3010 2714 3077 inaequalitas.
2748 3011 2859 3078 Ego
2890 3021 3087 3076 tamen,
3115 3014 3234 3065 etsi
3278 3028 3505 3080 corpore

1932 3112 2158 3164 nequeo,
2193 3112 2390 3164 sequor
2430 3098 2646 3151 officiis.
2675 3097 2804 3151 Nam
2852 3099 3078 3165 imperio
3130 3101 3505 3156 sollicitudinis

1933 3188 2094 3240 verba
2143 3187 2410 3254 congessi,
2438 3188 2733 3253 deprecans
2790 3196 2848 3241 ut
2884 3204 3043 3257 quam
3088 3189 3205 3242 sani
3237 3191 3353 3243 sitis
3378 3194 3504 3244 edo-

256 3284 502 3335 sponsum
559 3273 825 3339 paginae,
874 3274 1013 3340 quod
1063 3275 1331 3339 moribus,
1374 3276 1515 3343 quod
1564 3276 1815 3343 potentia:
1844 3285 1887 3343 (3
1922 3292 2065 3331 cear.
2099 3276 2238 3330 Ecce
2265 3275 2349 3328 vix
2380 3274 2494 3329 fero
2529 3276 2773 3341 brevem,
2800 3279 3038 3331 absentia
3071 3280 3224 3347 longa
3259 3279 3489 3349 fatigati-

261 3370 447 3411 vestrte
471 3362 740 3426 convenit,
762 3351 921 3416 eritis
953 3364 1151 3417 tnundo
1191 3380 1397 3419 mecum
1421 3376 1711 3419 attestaute
1744 3368 1819 3419 le-

262 3458 369 3499 ctu:
386 3464 423 3499 t.

787 3540 1113 3596 EPISTULA
1151 3544 1265 3597 XX.

730 3647 980 3685 ENNODIUS
1021 3649 1335 3688 MASCATORI.

321 3718 387 3771 Et
432 3734 517 3774 tne
565 3735 785 3790 sperare
813 3723 953 3791 quod
989 3725 1132 3793 pium
1184 3738 1287 3791 est,
1336 3737 1391 3781 et
1418 3742 1512 3782 vos
1541 3727 1694 3782 decet
1731 3744 1825 3781 an-

256 3822 429 3860 aucre.
468 3808 601 3862 Nam
634 3810 937 3879 disparibus
962 3814 1060 3867 viis
1096 3815 1159 3867 ad
1194 3831 1353 3869 unum
1387 3818 1544 3871 linem
1576 3835 1825 3873 remune-

254 3897 409 3950 rauda
443 3899 617 3952 tendit
646 3901 895 3957 intentio.
927 3903 1036 3956 Vos
1067 3905 1256 3957 solatia
1288 3908 1447 3959 rebus
1492 3908 1822 3975 impenditis,

254 4007 278 4037 a
311 4006 391 4042 me
439 3992 587 4045 tenui
634 3994 900 4047 sermonis
958 3997 1296 4063 priestolatur
1338 3999 1617 4052 auxilium.
1653 4002 1742 4055 Sic
1770 4004 1825 4053 lit

255 4088 305 4132 ut
331 4080 414 4133 cui
448 4082 715 4136 incumbit
739 4099 832 4151 per
857 4086 1015 4138 oflicii
1047 4088 1535 4142 consideiationem
1568 4101 1823 4159 praestare

254 4172 491 4236 peiora,
547 4175 632 4226 vix
682 4177 850 4243 possit
912 4178 1122 4246 exigua.
1180 4181 1386 4234 Reddat
1443 4184 1820 4251 ingenuitatem

251 4260 405 4313 homo
450 4262 658 4330 palatii,
707 4265 833 4333 quia
881 4266 1133 4322 Ecclesia:
1176 4272 1306 4324 nihil
1347 4274 1578 4341 amplius
1621 4277 1818 4329 suflicit

249 4367 403 4412 uuam
437 4356 670 4420 precari.
723 4357 881 4412 Scitis
915 4360 930 4389 ¹
967 4376 1062 4426 pro
1084 4364 1283 4417 ascinis
1322 4380 1350 4416 a
1381 4382 1488 4435 quo
1529 4370 1705 4422 veniat
1735 4386 1819 4425 re-

236 4442 477 4497 ‘tributio
505 4482 522 4509 ,
562 4445 607 4497 si
635 4445 903 4514 iuventur.
949 4450 1256 4508 Succurrite
1297 4455 1377 4509 his
1409 4472 1541 4525 quos
1571 4470 1623 4512 et
1654 4462 1820 4528 pati-ia
1846 4504 1851 4509 .

254 4540 388 4584 terra
415 4535 653 4601 eaptivat
684 4577 698 4600 ,
732 4537 923 4604 quibus
945 4552 996 4593 et
1024 4540 1219 4596 invidia
1248 4556 1329 4598 est
1349 4562 1467 4600 cum
1495 4550 1797 4617 originariis

1926 3372 2027 3423 dus
2059 3385 2072 3421 :
2101 3369 2194 3422 sed
2236 3376 2480 3435 potentes
2523 3379 2648 3423 sunt
2673 3385 2727 3424 et
2753 3372 2908 3425 amici
2940 3372 3145 3436 domui,
3178 3372 3375 3441 quibus
3409 3391 3501 3427 vos

1927 3459 2100 3513 anima
2129 3469 2312 3511 sancta
2345 3459 2635 3513 commisit.
2667 3460 2779 3528 Ego
2800 3476 3093 3525 memores,
3125 3472 3179 3516 ut
3201 3464 3502 3531 depositum

1928 3560 2165 3615 servent,
2200 3552 2317 3605 sine
2344 3553 2645 3605 cessatione
2675 3556 2937 3607 convenio
2968 3570 2981 3606 :
3008 3555 3233 3609 aderunt
3262 3557 3503 3624 partibus

1927 3640 2059 3707 suis,
2088 3650 2143 3695 et
2162 3641 2300 3710 quod
2328 3642 2395 3695 ab
2422 3644 2502 3696 eis
2528 3654 2831 3711 susceptum
2860 3655 2963 3708 est,
2987 3648 3101 3700 sine
3131 3647 3501 3704 imminutione

1928 3732 2235 3784 servabunt.
2269 3731 2361 3784 His
2388 3731 2545 3797 addo,
2568 3744 2853 3801 prmstante
2880 3738 3263 3804 omnipotentis
3293 3739 3382 3793 Dei
3409 3740 3502 3791 ini-

1927 3820 2240 3884 sericordia,
2269 3836 2454 3875 servos
2481 3832 2692 3876 vestros
2716 3825 2782 3877 de
2806 3824 3043 3879 Venetiis
3086 3828 3194 3894 jam
3231 3844 3503 3895 regressus

1929 3912 1948 3939 ¹
1972 3910 2281 3963 exhibuisse
2302 3911 2623 3964 documenta
2655 3914 2965 3968 conﬁrmata
3022 3916 3089 3971 de
3129 3917 3334 3985 legibus
3366 3959 3380 3982 ,
3416 3921 3502 3975 hic

1928 3997 2375 4052 introductionem
2421 4000 2720 4055 solemnem
2780 4003 2923 4056 illico
2966 4006 3131 4059 fuisse
3182 4008 3503 4079 confectam.

1926 4089 2082 4144 Nunc
2114 4101 2290 4143 utrum
2335 4091 2508 4146 amico
2542 4108 2571 4145 a
2613 4094 2764 4148 vobis
2798 4096 2901 4150 dici
2946 4099 3144 4167 aliquid
3177 4101 3387 4163 debeat,
3418 4102 3504 4156 illa

1926 4196 2030 4251 qua
2059 4183 2244 4238 soletis
2273 4187 2582 4240 maturitate
2612 4189 2897 4243 consulite.

2439 4277 2771 4333 EPISTULA
2810 4281 2996 4335 XXIII.

2446 4382 2700 4419 rasomus
2732 4368 2752 4398 ³
2783 4386 3006 4424 ιιιιειιιο.

1999 4452 2186 4505 Datum
2240 4463 2323 4505 est
2370 4453 2521 4521 mihi,
2566 4457 2804 4509 etelestis
2847 4458 3110 4515 inlusione
3152 4466 3412 4531 mysterii,
3447 4469 3506 4517 li-

1934 4544 2057 4596 bera
2095 4544 2293 4601 habere
2323 4546 2544 4615 judicia,
2576 4550 2736 4602 etiam
2793 4565 2911 4603 cum
2943 4552 3041 4605 sim
3075 4553 3343 4608 beneflciis
3373 4557 3505 4609 obli-

254 4633 300 4674 cl
327 4626 562 4680 conditio
593 4628 821 4682 dolenda
853 4646 970 4685 cum
997 4634 1255 4704 profugis.
1289 4638 1533 4694 Pluribus
1562 4641 1822 4695 Christia-
1857 4637 1905 4695 Ι)
1929 4647 2102 4703 gntus.
2135 4637 2228 4691 Est
2253 4643 2395 4693 enim
2427 4642 2644 4710 superni
2679 4642 2928 4697 muneris
2959 4654 3016 4697 ut
3071 4647 3347 4715 ingenuam
3384 4665 3506 4702 seu-

254 4728 371 4765 num
400 4723 454 4767 et
480 4717 775 4785 sapientem
806 4737 908 4774 non
938 4722 1091 4776 decet
1119 4724 1393 4780 admoneri
1412 4768 1426 4793 ,
1464 4745 1530 4783 ne
1552 4731 1703 4799 longa
1727 4733 1819 4785 de-

323 4828 336 4905 ξ
368 4827 470 4880 Pro
500 4830 708 4905 oscinis]
735 4834 834 4905 Qui
868 4836 1062 4891 laribus
1102 4847 1157 4890 et
1192 4849 1331 4893 tecto
1375 4852 1576 4895 carent.
1607 4854 1817 4901 Λσκηνπ

263 4902 387 4950 cnim
422 4902 600 4970 asceui
630 4902 782 4967 dicti,
819 4907 905 4970 qui
953 4908 1067 4961 sine
1103 4909 1459 4964 tabernaculis
1499 4912 1602 4964 sub
1628 4914 1716 4964 diu
1747 4914 1818 4965 vi-

262 4978 390 5049 rtut.
427 4968 531 5049 llos
565 4986 695 5038 ergo
736 4968 959 5049 clientes
987 4978 1146 5030 domo
1187 4996 1279 5032 sua
1315 4981 1362 5033 vi
1407 4981 1584 5033 forsan
1612 4982 1813 5049 ejectos

262 5032 521 5156 :Iuaascptori
552 5032 909 5111 commendat,
942 5058 997 5099 ut
1032 5049 1144 5115 ejus
1171 5066 1272 5118 ονε
1296 5032 1810 5120 ριιειιιιιιἱιιίοἹιίεὲιιζ

342 5120 372 5156 ιι
399 5122 480 5156 nr.

285 5118 480 5158 ωηιιιτ.

321 5176 338 5202 ³
369 5174 672 5253 βπὴἕῡιιίεςς
712 5180 1034 5253 documenta]
1076 5185 1149 5240 De
1206 5190 1512 5243 suburbano
1565 5190 1813 5245 Mediola-

263 5244 587 5373 ἶιξὲῗᾝιιιιοά
621 5247 845 5304 Faustus
878 5244 1122 5306 Ειιιιιῖιιίυ
1158 5270 1521 5313 concesserat.
1580 5244 1815 5331 Epistula

279 5332 289 5355 ι
387 5331 414 5362 ιθ
458 5352 473 5367 ,

279 5331 447 5365 ιηεειξσ
458 5352 473 5367 ι

293 5380 339 5458 ,³
366 5381 582 5458 Liberio]
604 5386 789 5458 Certat
815 5388 928 5442 haec
949 5393 1169 5457 epistola
1204 5394 1398 5449 Liberii
1428 5399 1673 5453 laudibus
1694 5417 1812 5455 cum

386 5455 847 5540 UDII-a.leln,.f!IIOd
880 5455 1012 5527 patri
1039 5464 1163 5516 olim
1201 5481 1228 5516 a
1262 5466 1391 5519 liliis
1419 5469 1643 5524 Arimini
1676 5474 1815 5540 posi.

263 5524 353 5571 tum
379 5536 459 5575 est
485 5527 569 5578 his
595 5527 771 5579 verbis
803 5545 815 5579 :

310 5608 521 5677 Ilnaiano
539 5618 712 5677 generi
738 5616 903 5677 legem
930 5628 1093 5667 natura
1111 5625 1322 5671 creatrix

370 5671 496 5750 llam:
519 5676 675 5750 dedit,
705 5686 760 5725 nt
783 5671 948 5750 tumuli
974 5684 1190 5750 membra
1210 5692 1399 5746 sepulta
1428 5696 1611 5750 tegant.

310 5727 481 5808 Πειριςῆ
503 5727 700 5808 soboles
716 5741 956 5808 matrique
984 5727 1229 5808 patrique-
1241 5727 1490 5808 simu-“sig;

379 5794 527 5865 I‘riste
552 5794 1067 5869 ministerium'meiite
1088 5794 1276 5869 dedere
1302 5794 1395 5869 'pia.

309 5847 422 5905 Heu:
443 5867 552 5907 suut
577 5864 793 5909 membra
819 5847 1458 5920 quidem;vsedvfaitiaiii'iion
1484 5878 1621 5921 tenet
1644 5886 1793 5921 urna:

1936 4729 2155 4781 tentiam
2198 4729 2333 4783 ferat
2361 4732 2656 4800 obnoxius,
2709 4749 2812 4787 nec
2838 4734 3141 4790 delectetur
3181 4738 3515 4809 immanitate

2104 4862 2226 4910 Nam
2253 4862 2394 4912 durat
2415 4864 2568 4913 titulis
2592 4870 2752 4915 nescia
2772 4872 2894 4916 lama
2921 4883 3058 4918 mori.

1988 4923 2088 4993 Ite}
2106 4925 2142 4971 it
2167 4924 2438 4993 Romuleos
2454 4928 2615 4993 fasces
2636 4933 2947 4993 currentibus
2966 4936 3121 4993 anuis,

2039 4984 2281 5049 Successu
2306 4987 2441 5047 parili
2468 4987 2646 5036 Gallica
2666 4991 2773 5049 jura
2800 5001 2990 5043 tenens.

1979 5044 2080 5093 IIos
2104 5058 2196 5092 non
2224 5044 2410 5095 imbelli
2437 5053 2595 5105 pretio
2613 5044 2855 5100 mercatus
2880 5056 3092 5105 honores

2044 5107 2142 5154 Sed
2162 5111 2333 5171 pretio
2355 5107 2507 5171 majus
2537 5111 2713 5158 detulit
2735 5113 2854 5161 alma
2881 5117 3017 5165 lides.
3093 5109 3105 5119 ’

1986 5167 2221 5231 Ausoniis
2240 5167 2654 5231 pepulis'gentiles
2678 5174 2769 5221 rite
2788 5177 3015 5226 cohortes

2054 5228 2337 5295 Disposuit,
2365 5228 2528 5279 san'xit
2551 5232 2758 5289 fuidcra,
2780 5251 2886 5295 iura
2916 5240 3070 5288 dedit.

1983 5288 2374 5353 Cunctis‘mente
2395 5300 2554 5353 pater,
2578 5300 2679 5343 toto
2701 5288 2998 5348 venerabilis
3021 5316 3126 5351 aevo

2052 5349 2152 5397 'l‘er
2175 5350 2316 5416 denis
2337 5349 2500 5400 lustris
2524 5358 2771 5413 proximus
2795 5364 3035 5416 occubuit.

1983 5408 2023 5459 Ο
2044 5420 2285 5482 quantum
2307 5414 2437 5461 bene
2462 5408 2601 5482 gesta
2628 5417 2817 5482 valent!
2845 5435 2952 5470 cum
2977 5408 3193 5473 ιιιέιηὼκι
3227 5428 3461 5477 recedunt
3486 5461 3501 5482 ο

2044 5469 2220 5521 Nescit
2247 5474 2368 5521 fama
2392 5469 2530 5534 mori,
2557 5476 2713 5526 lucida
2739 5484 2831 5530 vita
2857 5469 3039 5532 manet.

1922 5551 2031 5604 Iloc
2060 5554 2395 5633 epitaphium
2430 5558 2657 5633 primum
2711 5564 2761 5615 in
2802 5568 2973 5625 lucem
3013 5567 3180 5620 edidit
3213 5569 3444 5623 I’ithmus
3484 5591 3497 5622 ε

1923 5633 2037 5687 post
2074 5623 2222 5677 illttm
2264 5623 2547 5691 Barmiius,
2579 5635 2855 5703 exemplar
2882 5623 3137 5689 nostrum
3173 5650 3404 5703 secutus,
3447 5644 3496 5696 in

1919 5708 2022 5757 quo
2048 5704 2303 5769 superstes
2329 5713 2493 5769 versu
2527 5703 2685 5753 tertio
2708 5701 2935 5768 legitur:
2963 5705 3102 5769 quod
3134 5710 3329 5761 tectius
3354 5701 3498 5766 vide-

1920 5771 2023 5841 tur,
2069 5763 2214 5831 quod
2254 5767 2567 5841 sepulcrum,
2608 5776 2747 5841 quod
2763 5763 2890 5823 verat
2942 5763 2992 5826 in
3035 5775 3349 5834 I’ithasauo;
3377 5763 3496 5838 cui}!

1918 5836 2073 5887 unius
2108 5841 2315 5889 tantum
2347 5836 2547 5893 Liberii
2579 5836 2651 5894 sit
2680 5840 3051 5910 epitaptiiutnt'
