4146 6260
234 333 326 383 ’161

1462 333 1945 386 Ἰ-ῘΡΙΒΤΟΙΑΙιυΧι
1991 331 2115 384 LIB.
2159 333 2245 383 ιχ.

3370 314 3482 383 7161

235 441 557 502 valedixeiit,
591 452 642 493 et
672 442 761 509 qui
807 443 955 495 vobis
988 443 1192 495 itineris
1223 443 1353 494 ordo
1387 446 1562 506 fuerit,
1613 445 1656 494 si
1693 445 1792 496 mei
1823 451 1868 501 Α
1900 441 2030 495 Nam
2058 457 2268 508 semper
2294 441 2584 494 remedium
2613 443 2805 495 oblivio
2836 442 3036 494 doloris
3059 451 3167 505 est;
3193 443 3311 509 quia
3340 447 3481 511 quod

232 545 428 582 memor
455 544 623 591 esses,
659 546 996 598 agnoverant.
1024 532 1126 584 Sed
1157 533 1279 598 quid
1313 533 1467 594 facio,
1506 533 1593 599 qui
1625 535 1795 599 negli-

230 620 451 686 gentiam
476 634 726 683 vestram,
761 635 860 672 nec
880 621 1210 687 suggerendo
1244 621 1466 673 formam
1502 621 1798 673 affectionis

230 711 508 776 expugno?
543 708 681 777 Ergo
707 709 748 760 si
779 720 852 773 te,
881 710 1093 762 Christo
1140 711 1249 763 Deo
1297 722 1479 763 nostin
1508 713 1790 772 tribuente.

229 814 340 866 spes
376 801 624 867 nuptialis
666 795 943 865 afﬂaverit,
980 802 1205 854 l-Innodii
1239 804 1552 856 memoriam
1586 820 1687 854 non
1719 804 1796 856 fu-

228 890 368 958 gabis
399 907 411 939 :
441 889 655 957 quando
696 891 834 941 nulla
868 892 944 943 sic
987 893 1146 944 cessit
1199 896 1366 958 major
1417 896 1486 946 dil
1511 895 1711 960 gentia,
1745 904 1795 945 et

230 980 339 1044 pius
365 993 514 1032 amor
540 980 790 1033 exclusus
817 991 919 1043 est,
951 989 1154 1034 tantum
1183 997 1211 1034 a
1246 993 1458 1049 pet-tore
1485 994 1594 1046 tuo,
1630 1000 1797 1051 quan-

231 1081 327 1120 tum
358 1070 424 1119 ab
451 1070 622 1121 ocuiis
643 1072 1017 1122 submovebor.
1048 1073 1223 1125 Sanus
1240 1081 1374 1135 esto,
1407 1074 1548 1126 salva
1577 1075 1681 1126 vita
1702 1083 1793 1140 pa-

231 1162 314 1210 tris
337 1168 394 1211 et
420 1157 598 1212 fratris
629 1160 733 1224 tui,
768 1159 907 1214 Deus
945 1162 1090 1213 vobis
1135 1163 1430 1217 bent-faciat
1462 1183 1472 1215 :
1507 1177 1796 1232 :gnoscant

231 1252 356 1318 quod
390 1264 566 1318 pascat
603 1253 864 1314 altililttttt,
897 1255 1053 1320 quale
1083 1256 1239 1308 vultis
1269 1257 1404 1308 circa
1435 1274 1516 1306 me
1548 1258 1796 1309 exhibete

234 1343 772 1408 propositutn.LUimm
799 1357 848 1396 te
877 1362 1024 1412 rogo,
1056 1346 1255 1399 honore
1283 1348 1532 1398 salutatio
1557 1350 1617 1399 iis
1648 1348 1749 1400 exh
1773 1378 1795 1386 -

227 1432 348 1491 br‘lo,
380 1443 434 1484 ut
463 1435 600 1497 apud
627 1434 855 1486 domnus
883 1437 1155 1504 apostolos
1180 1453 1211 1504 p
1243 1454 1274 1486 ι)
1305 1455 1387 1490 me
1418 1438 1648 1503 digneris
1679 1455 1796 1506 prc-

231 1537 316 1573 ces
341 1521 562 1584 offerre;
606 1533 664 1574 ut
705 1524 800 1590 ipsi
848 1525 1091 1577 miserias
1121 1542 1266 1577 meas
1300 1527 1680 1580 medicinaliter
1707 1544 1787 1580 cu

232 1621 364 1675 rent,
397 1629 492 1665 nec
541 1614 807 1678 patiantur
851 1629 934 1666 me
987 1617 1270 1682 quidquam
1317 1619 1448 1669 vc.le
1500 1618 1638 1684 quod
1690 1635 1790 1668 non

232 1708 415 1757 decet:
459 1709 710 1774 Castigcut
747 1724 972 1774 pra-sum
1017 1711 1186 1768 lienes
1216 1727 1312 1763 ,me
1337 1712 1419 1761 itis
1447 1726 1491 1763 ex
1529 1727 1556 1761 c.
1580 1715 1790 1778 irporis.

1902 533 2110 584 ratione
2141 547 2245 583 non
2293 521 2594 598 possumus,
2628 541 2924 598 temporum
2958 533 3259 600 prolixitate
3288 535 3478 599 sepelio

1902 638 2036 674 mus.
2071 622 2108 674 Β
2144 637 2207 673 ne
2245 635 2347 682 εει,
2380 624 2501 690 quia
2532 623 2878 675 diuturnitate
2905 624 3137 677 senescit
3167 622 3406 686 afflictio,
3431 636 3484 676 ct

1900 714 2070 779 magni
2109 711 2309 764 doloris
2351 712 2650 765 consolatio
2683 729 2779 780 per
2825 715 3097 767 sllentium
3146 722 3480 782 procuratur.

1901 801 2026 853 Nam
2071 804 2119 853 in
2170 803 2471 867 huiusmodi
2513 803 2735 870 negotiis
2793 805 2910 871 plus
2948 807 3119 872 agitur
3149 805 3222 858 nil
3255 805 3479 872 agendo.

1898 890 1999 943 Sed
2029 891 2151 958 quid
2201 893 2357 955 facio,
2389 896 2511 959 quia
2548 894 2787 959 epistola:
2817 895 2976 947 lectio
3009 894 3120 962 jam
3151 897 3377 947 obducm
3406 897 3482 948 ci-

1899 982 2114 1034 catricis
2167 984 2455 1049 penetralia
2504 986 2775 1050 rescindit,
2821 997 2874 1038 et
2922 988 3181 1054 sepultam
3206 989 3482 1040 inuitaturi

1901 1070 2099 1122 funeris
2146 1072 2570 1125 recordationem
2617 1090 2794 1127 amara
2827 1087 2973 1129 sorte
3024 1078 3291 1130 vivilicat?
3346 1078 3483 1144 Ergo

1899 1174 1996 1226 ego
2047 1165 2315 1214 communi
2365 1163 2512 1215 fratri
2568 1164 2990 1219 consolationem
3042 1166 3169 1219 dare
3219 1179 3479 1234 poteram,

1899 1266 2017 1302 cum
2050 1254 2091 1303 si
2124 1253 2247 1319 quid
2283 1255 2626 1307 humanitatis
2658 1256 2708 1307 in
2741 1272 2825 1308 me
2854 1273 2973 1310 esse
2995 1258 3251 1322 creditur,
3281 1258 3358 1310 sic
3387 1259 3482 1312 do-

1902 1341 2111 1393 lerem?
2156 1353 2247 1394 aut
2293 1359 2523 1411 unquam
2572 1347 2706 1398 flens
2739 1346 2930 1414 placuit
2977 1349 3315 1402 consolator?
3354 1365 3481 1418 ergo

1900 1441 2236 1496 exspectatur
2293 1434 2550 1485 medicina
2629 1434 2697 1487 de
2749 1437 3041 1488 morbidis?
3091 1438 3203 1491 Non
3250 1439 3318 1491 de
3372 1455 3478 1500 me,

1899 1520 2093 1571 domne
2126 1521 2311 1587 Agapi,
2345 1521 2478 1574 bene
2503 1523 2734 1590 judicas,
2767 1527 2809 1576 si
2833 1536 2884 1578 et
2913 1524 3214 1593 iugermani
3243 1527 3321 1579 tui
3349 1542 3480 1579 ma:-

1902 1609 2132 1673 roribus,
2157 1620 2212 1662 et
2242 1611 2293 1661 in
2342 1612 2489 1663 obitu
2536 1613 2829 1679 spiritualis
2880 1615 2994 1677 lilii,
3035 1631 3134 1682 ego
3171 1619 3317 1683 quasi
3367 1615 3479 1681 opi-

1903 1700 2042 1750 uioui
2087 1709 2188 1752 tum
2226 1701 2527 1766 disputator
2547 1718 2792 1756 occurro.
2830 1703 2970 1756 Sana
3010 1719 3223 1771 pectora
3256 1708 3352 1758 iter
3383 1720 3476 1758 cu-

234 1797 376 1860 ρυοά
403 1798 440 1847 ιί
484 1797 659 1856 facias,
694 1799 856 1850 credo
896 1815 990 1864 pro
1019 1801 1317 1853 innocentia
1352 1811 1403 1853 et
1438 1805 1668 1866 puritate
1700 1815 1784 1854 tua

1901 1789 2115 1842 rationis
2149 1789 2426 1843 inveniunt
2449 1833 2464 1856 ,
2502 1808 2658 1845 neruo
2674 1795 2908 1847 alterum
2943 1796 3080 1847 unde
3102 1795 3221 1862 ipse
3252 1796 3456 1848 laborat

234 1897 281 1936 lu
309 1887 484 1937 melius
517 1905 610 1954 pro
635 1902 738 1953 me,
769 1904 924 1954 quam
957 1891 1199 1943 si~essem
1231 1907 1408 1943 coram
1446 1891 1666 1959 positus,
1703 1909 1794 1945 au-

234 1981 490 2031 dit-udum.

714 2071 1039 2126 EPlSTOLA
1098 2073 1234 2125 XXV
1247 2074 1305 2127 l'l.

537 2177 779 2214 ῑςκοωυε
822 2165 835 2192 ¹
883 2179 1175 2217 nummo
1216 2180 1456 2217 smsuwo

311 2249 479 2301 Debeo
507 2252 739 2317 equidem
768 2253 936 2303 doleri
970 2269 1088 2304 meo
1119 2269 1324 2315 vocem.
1357 2256 1447 2308 sed
1481 2259 1793 2309 reverentiae

231 2338 655 2391 taciturnitatem.
693 2343 749 2391 lit
803 2342 937 2394 forte
987 2343 1173 2395 inelith
1207 2359 1436 2396 liuerore
1463 2363 1489 2394 ιι
1532 2346 1597 2396 de
1624 2347 1791 2398 absti-

228 2427 398 2478 nentia
425 2432 687 2481 sermonis
705 2433 862 2483 ve~tri
891 2443 1199 2499 sequeretur
1231 2447 1368 2485 muta
1395 2434 1751 2489 dissimulatio
1777 2455 1788 2489 :

228 2517 476 2569 urbanum
501 2520 642 2570 enim
682 2531 733 2572 ιι
770 2522 962 2573 subtile
1015 2532 1129 2574 erat
1168 2532 1222 2574 ut
1251 2524 1452 2578 eisdem
1492 2526 1643 2577 Ιίηυίς
1674 2529 1792 2595 qui-

228 2609 318 2659 bus
345 2609 515 2662 inme
546 2609 873 2679 delinquitur
922 2612 1184 2680 potiorum
1228 2615 1418 2668 delicta
1477 2616 1790 2684 ferireutur,

226 2709 277 2750 ut
299 2712 477 2752 secum
507 2701 732 2754 haberet
765 2704 917 2770 culpa
949 2704 1254 2757 vindictam.
1292 2705 1394 2759 Sed
1429 2724 1532 2774 qtto
1564 2725 1649 2761 me
1678 2726 1765 2761 ver

226 2802 326 2842 tam
370 2790 458 2857 qui
482 2791 862 2846 immemorem
894 2796 1020 2857 mei,
1049 2806 1101 2847 et
1135 2797 1404 2848 butuilium
1447 2800 1682 2850 notitiam
1714 2815 1796 2851 re-

225 2891 516 2945 spneutem,
554 2883 842 2948 pertinacia
893 2899 1088 2937 artioris
1139 2886 1344 2953 insequi
1405 2902 1506 2938 non
1556 2888 1795 2941 des'sto?

224 2972 467 3040 Nunquid
497 2989 618 3026 'nou
659 2976 915 3038 repudiati
963 2978 1333 3044 importunitas
1367 2980 1798 3034 matr-r’liorruris

222 3070 314 3122 est,
341 3077 462 3113 cum
500 3063 741 3129 plact-ndi
774 3080 865 3130 per
891 3064 1250 3119 assiduitatem
1278 3067 1596 3120 desiderium
1631 3081 1796 3122 mate-

215 3152 339 3203 riam
360 3153 536 3220 exig‘t
579 3153 928 3220 displiceo-li?
961 3155 1088 3208 Nam
1133 3160 1386 3225 quidquid
1436 3172 1613 3213 mente
1662 3162 1789 3226 fugi-
1822 3151 1869 3210 C

216 3255 348 3305 inus,
379 3243 655 3311 ingestum
692 3245 861 3297 Oculis
892 3247 976 3298 vix
1011 3247 1270 3301 videmus.
1303 3248 1346 3301 Ο
1381 3251 1422 3302 si
1457 3250 1583 3301 mihi
1613 3250 1800 3302 liceret

224 3332 378 3386 adhuc
407 3336 608 3402 aequali
633 3351 750 3387 cum
783 3337 1107 3390 beatitudine
1136 3348 1221 3391 tua
1263 3353 1405 3392 sorte
1435 3341 1793 3394 tontent‘lere!

221 3423 308 3474 sed
335 3424 614 3476 dormiunt
634 3425 773 3492 apud
806 3441 1055 3479 coronam
1084 3438 1225 3480 tttam
1260 3430 1666 3497 propinquitatis
1693 3430 1800 3498 pri-

224 3513 420 3581 vilegia,
461 3525 740 3582 postquam
771 3526 921 3583 pater
947 3532 1066 3569 esse
1098 3519 1358 3570 meruisti.
1389 3519 1613 3572 'ltctiuet
1653 3523 1795 3588 quis-

224 3618 372 3668 quam
401 3604 676 3656 hominum
706 3606 879 3672 perire
902 3606 1142 3673 suisjura
1185 3606 1596 3659 necessitudinis
1625 3608 1798 3660 incre-

226 3695 404 3745 menti.
437 3733 454 3758 ,
509 3706 568 3746 et
611 3696 920 3748 accessione
961 3700 1059 3757 piae
1092 3697 1385 3763 dignitatis,
1430 3709 1482 3750 et
1507 3699 1718 3765 generis
1748 3711 1801 3752 et

222 3783 503 3851 diligentia:
559 3784 729 3837 vincla
763 3787 1017 3838 dissolvi?
1057 3787 1201 3854 Ergo
1245 3788 1424 3840 decu't
1471 3790 1797 3843 evecuonem

221 3875 381 3926 meriti
411 3875 588 3928 vestri
631 3875 862 3928 instabili
903 3877 1029 3928 mihi
1062 3891 1180 3930 esse
1207 3892 1422 3930 rumore
1442 3890 1792 3945 compertam,

220 3975 269 4013 et
309 3964 370 4017 de
398 3966 787 4018 communibus
815 3967 1022 4034 gaudiis
1068 3968 1239 4021 adhuc
1281 3969 1512 4036 pendere
1549 3973 1800 4038 opinione

229 4061 580 4115 cuniculum?
608 4061 824 4115 Electus
849 4075 969 4114 sum
1024 4062 1109 4115 cui
1140 4065 1334 4117 bonum
1366 4067 1614 4133 generale
1661 4076 1799 4118 taceo

218 4161 372 4215 retur,
421 4161 485 4203 ut
546 4166 658 4204 rem
700 4153 846 4204 aurci
904 4155 1083 4206 sareuli
1135 4155 1280 4207 solus
1325 4171 1419 4224 pro
1460 4156 1799 4209 con-cientia:

220 4253 340 4292 mea:
383 4241 728 4294 obscuritate
780 4242 1065 4295 nescirem.
1118 4243 1322 4297 Nobilis
1355 4248 1458 4296 vita
1511 4255 1565 4298 ct
1605 4262 1800 4314 genere

217 4330 408 4393 apicem
455 4331 816 4384 ecclesiastici
868 4331 1084 4384 honoris
1126 4335 1394 4396 ascendit,
1453 4344 1504 4388 et
1545 4352 1627 4387 me
1652 4336 1799 4388 dedi-

219 4433 398 4482 gnatur
427 4422 696 4488 alloquio.
726 4420 858 4474 Vere
890 4423 992 4475 tale
1021 4421 1237 4485 factum,
1273 4434 1359 4476 aut
1384 4425 1560 4477 studio
1586 4436 1675 4478 aut
1706 4442 1794 4478 ue-

219 4511 459 4581 gligentia
495 4514 762 4578 evenerit,
810 4503 913 4566 non
946 4514 1215 4582 probatur.
1267 4517 1378 4584 Ego
1410 4526 1587 4568 tamen
1637 4518 1802 4570 servi-

221 4600 280 4651 tia
328 4603 680 4656 salutationis
739 4604 1010 4671 impendo,
1067 4613 1122 4656 et
1177 4605 1350 4656 Italica
1419 4608 1798 4674 simplicitate,

220 4691 342 4745 unde
370 4695 656 4747 tr‘Stitiam
687 4695 984 4760 habuerim,
1021 4695 1140 4748 sine
1178 4696 1606 4752 dissimulatione
1635 4701 1804 4752 mani-

221 4780 363 4835 festo.

716 4854 1042 4908 EPISTULA
1089 4855 1128 4908 Χ
1144 4855 1180 4908 Χ
1193 4855 1321 4909 VIII.

757 4949 1007 4986 BNNUDIUS
1044 4951 1250 4988 ΑΟΔΙῚΟ.

283 5020 505 5075 Duriter
563 5023 796 5074 oflicium
847 5026 1123 5089 gestientis
1172 5026 1333 5075 animi
1383 5025 1447 5076 ad
1497 5041 1805 5079 metnuram

225 5118 263 5156 Ir
285 5113 448 5164 stium
523 5128 676 5164 tuens
725 5113 1095 5167 recordatoue
1151 5115 1468 5167 sttnulanda
1524 5117 1806 5168 revocavit.

287 5242 296 5271 ¹
339 5243 633 5294 Αηγείήηθ
674 5241 953 5312 episcopo.]
987 5243 1155 5305 Citius
1201 5245 1491 5305 cathedrae,
1535 5244 1652 5296 libri
1706 5262 1808 5299 non

225 5309 472 5363 indic-aut.
516 5313 660 5364 Cave
689 5309 850 5373 putes
879 5309 1269 5366 Arelatensem.
1305 5314 1432 5366 Nam
1463 5315 1553 5380 qui
1584 5315 1682 5364 hoc
1716 5331 1810 5367 no-

228 5382 351 5433 mine
375 5383 669 5447 t-piscopus
697 5384 791 5432 fuit
832 5383 1028 5434 Arelati
1049 5423 1060 5441 ,
1106 5383 1174 5434 50
1202 5394 1259 5434 ttt
1292 5386 1462 5434 minus
1503 5385 1656 5436 annis
1687 5397 1805 5449 post

229 5449 441 5503 Ennodii
489 5451 563 5502 ub
587 5462 694 5502 tum
727 5467 842 5502 eam
891 5454 1072 5504 aedem
1113 5452 1334 5503 sortitus
1382 5463 1480 5504 est.
1538 5453 1649 5506 lloc
1679 5471 1804 5507 vero

229 5528 457 5583 tempore
491 5521 822 5572 Arelatensis
861 5523 1023 5572 autist
1058 5536 1083 5572 ε
1111 5531 1227 5574 erat
1253 5520 1534 5573 (Izesarius.
1565 5525 1680 5575 Non
1712 5527 1802 5574 ab-

230 5591 421 5640 nuerim
480 5601 681 5646 tamen.
737 5605 929 5642 navum
985 5592 1122 5640 bunt:
1166 5591 1528 5657 cujuscunque
1573 5592 1802 5645 civitatis

226 5659 536 5722 episcopum
595 5660 936 5711 Aurelianum
1012 5661 1152 5711 illum
1213 5662 1258 5711 vi
1283 5663 1376 5712 leri
1432 5663 1797 5730 presbyterum

228 5729 435 5781 Artlate
463 5744 616 5793 .sem,
649 5731 712 5779 aJ
741 5745 896 5797 quem
931 5732 1198 5797 rescripsit
1225 5731 1379 5797 epist.
1410 5733 1475 5784 35
1501 5729 1600 5782 lib.
1620 5747 1728 5784 vtu.

1899 1880 2143 1934 absolvit.
2176 1881 2279 1934 Sed
2315 1884 2436 1936 hinc
2478 1886 2610 1936 alias
2639 1903 2649 1935 :
2684 1897 2879 1953 potens
2923 1897 3004 1939 est
3032 1888 3188 1952 Deus,
3219 1889 3306 1955 qui
3336 1891 3478 1940 solus

1897 1973 1961 2023 ad
1987 1973 2083 2024 ista
2116 1983 2256 2028 va'et
2282 1989 2585 2039 occurrere,
2631 1987 2683 2029 et
2711 1978 3010 2031 communis
3043 1982 3165 2031 mali
3193 1981 3474 2032 sualeVare

1899 2078 2220 2130 pressuram.
2260 2067 2362 2120 Vos
2397 2079 2568 2121 tamen
2620 2071 2925 2125 honorifica:
2951 2074 3094 2125 cultu
3146 2074 3479 2126 salutationis

1897 2155 2221 2222 impertiens,
2253 2173 2402 2226 rogo,
2429 2171 2483 2212 ut
2513 2162 2702 2213 crebro
2734 2161 2861 2214 tuibi
2887 2164 3184 2231 epistolaris
3205 2179 3474 2216 commer-

1898 2245 1962 2297 cii
1996 2261 2212 2298 nutne'a
2240 2249 2521 2300 conferatis
2556 2293 2569 2314 ,
2627 2251 2692 2302 ad
2740 2266 2858 2317 qua:
2901 2252 3072 2304 studia
3118 2254 3318 2320 pigrum
3354 2268 3475 2306 esse

1897 2352 1992 2388 nec
2021 2349 2287 2391 amantem
2320 2342 2591 2404 convenit,
2622 2356 2717 2394 nec
2750 2340 3063 2394 facundum.

2399 2473 2733 2527 El’tSTOLA
2776 2474 2971 2528 XXIX.

2427 2578 2681 2616 ENVODIUS
2721 2580 2946 2617 LIBER").

1970 2673 2022 2722 Si
2048 2684 2316 2739 poetarum
2345 2675 2565 2740 spiritus
2599 2675 2882 2742 disciplina
2927 2677 3185 2744 paginalis
3225 2677 3476 2731 admitte-

1901 2773 2011 2823 ret,
2059 2774 2290 2816 centena
2335 2781 2450 2828 ora,
2492 2774 2548 2818 et
2594 2781 2692 2818 vox
2723 2765 2894 2820 ferrea
2938 2769 3021 2819 vix
3074 2768 3215 2832 quod
3259 2770 3476 2823 celsitu-

1898 2852 2004 2903 dini
2041 2862 2228 2905 vestra:
2272 2869 2301 2906 a
2335 2869 2418 2908 me
2461 2855 2686 2908 debetur
2715 2857 2995 2910 verborum
3035 2859 3274 2911 ubertate
3329 2875 3477 2912 rese-

1900 2955 2063 2997 raret.
2125 2945 2227 2997 Sed
2263 2947 2385 3012 quia
2419 2949 2621 3014 magnis
2643 2948 2906 3001 obnoxius
2937 2951 3021 3001 vix
3049 2949 3114 3001 ad
3147 2964 3305 3014 pauca
3333 2953 3477 3002 sum.

1897 3038 2001 3096 cio,
2043 3037 2242 3103 providi
2299 3047 2424 3104 post
2473 3039 2564 3089 Dei
2613 3038 3030 3090 misericordiam
3059 3048 3248 3090 vestra:
3295 3041 3478 3106 gratim

1901 3139 2263 3190 repensorem.
2330 3125 2459 3177 Nam
2512 3125 2677 3176 frater
2705 3136 2884 3178 vester
2933 3128 3162 3178 domnus
3223 3129 3479 3189 Faustus,

1903 3214 2025 3265 dum
2055 3215 2250 3267 debere
2280 3229 2338 3267 se
2381 3215 2697 3267 beneficium
2737 3217 2876 3281 quod
2906 3217 3032 3270 titilti
3063 3217 3251 3271 tribuis
3279 3219 3322 3271 is
3373 3219 3479 3272 elo.

1901 3310 2096 3373 quitur,
2149 3305 2214 3358 ab
2255 3305 2532 3358 imbecillis
2562 3307 2857 3360 cervicibus
2894 3310 3070 3376 gravis
3112 3310 3290 3363 oneris
3319 3313 3480 3365 sarci-

1903 3409 1999 3448 nas
2022 3396 2292 3448 amolitur.
2332 3396 2466 3450 Sunt
2498 3398 2635 3449 inter
2653 3398 2787 3450 duos
2813 3400 3097 3465 pra-celsos
3123 3400 3220 3453 ista
3247 3415 3482 3455 commu-

1901 3487 1986 3540 nia
2015 3506 2025 3538 :
2061 3503 2154 3540 vos
2176 3489 2322 3542 vobis
2350 3497 2404 3541 et
2425 3489 2552 3542 dare
2581 3488 2737 3556 digna
2773 3492 2961 3552 nostis,
2997 3500 3050 3544 et
3101 3490 3323 3546 reilder'e
3353 3510 3368 3557 ;
3400 3511 3484 3546 me

1899 3578 1998 3630 sub
2042 3576 2182 3631 fasce
2209 3581 2370 3632 vestri
2406 3580 2645 3633 muneris
2678 3582 3023 3633 constitutum
3057 3581 3169 3633 sola
3218 3591 3396 3634 manet
3419 3587 3484 3634 de

1899 3667 2240 3721 obuoxietate
2285 3669 2551 3723 confessio
2579 3709 2594 3732 ,
2645 3669 2769 3722 dum
2821 3681 3148 3738 prmventum
3178 3673 3364 3741 gratia:
3395 3690 3484 3726 ve-

1900 3769 2024 3812 stra:
2050 3760 2188 3812 tnole
2219 3762 2357 3828 quod
2390 3763 2493 3812 voti
2517 3772 2817 3826 compotem
2871 3764 3012 3821 fecit.
3059 3765 3158 3817 hoc
3198 3769 3476 3834 imparem.

1903 3849 2101 3902 Adsum
2126 3851 2735 3919 tamenpartibusmeis,
2759 3864 2813 3904 et
2835 3853 2972 3905 inter
2991 3853 3272 3915 orandum.
3297 3872 3482 3923 quam-

1904 3940 1983 3993 vis
2014 3950 2277 4007 peccator,
2303 3941 2488 4005 Deum,
2515 3950 2572 3993 ut
2598 3948 2694 4008 pro
2722 3957 2806 3994 me
2831 3957 3041 4010 quoque
3073 3943 3219 3995 vobis
3268 3946 3482 4008 reddat,

1902 4031 2149 4101 imploro.
2185 4033 2320 4086 Ecce
2345 4033 2450 4086 duo
2473 4034 2571 4087 ista
2587 4033 2857 4088 sufficiunt
2883 4053 2893 4085 :
2928 4050 3046 4087 nam
3067 4045 3120 4088 et
3140 4037 3206 4088 de
3226 4039 3363 4091 cmlo
3392 4053 3488 4107 pro

1903 4138 1987 4174 me
2024 4123 2343 4189 exspectatis
2387 4125 2525 4191 quod
2562 4139 2656 4176 V08
2691 4124 2997 4178 exhibuisse
3046 4128 3398 4180 meministis:
3433 4139 3488 4182 et

1904 4221 1989 4264 est
2018 4213 2261 4279 aequalis,
2286 4216 2372 4278 qui
2414 4227 2473 4265 se
2499 4213 2694 4266 deln-re
2723 4216 2948 4268 fateatur
2975 4217 3023 4267 iu
3064 4219 3239 4270 terris.
3272 4218 3477 4286 Exspe-

1902 4311 1990 4355 cto
2017 4312 2192 4354 tamen
2242 4302 2481 4353 benelicii
2515 4303 2676 4354 vestri
2729 4304 2983 4356 celeriter
3032 4308 3484 4372 supplementum,

1903 4401 1956 4442 ttt
1977 4391 2199 4453 litteras,
2231 4390 2415 4457 quales
2449 4404 2540 4456 per
2560 4391 2842 4443 sublimem
2859 4393 3026 4444 virum
3056 4394 3482 4461 Trauquillinum

1831 4502 1877 4561 ι)
1903 4495 2017 4533 sum
2042 4489 2308 4549 precatus,
2331 4481 2609 4546 accipiam.
2639 4481 2728 4533 llis
2753 4491 2928 4534 tamen
2951 4484 3108 4536 aliam
3140 4487 3289 4537 vobis
3319 4488 3477 4539 mise-

1906 4572 2056 4626 rendi
2079 4573 2213 4624 viam
2245 4572 2599 4627 benemorum
2615 4583 2908 4626 vestrorum
2926 4576 3172 4626 conscius
3193 4562 3484 4630 exhibebo,

1906 4661 2125 4716 Camilla
2159 4678 2357 4732 parens
2396 4679 2510 4716 mea
2538 4666 2674 4717 intra
2711 4664 2930 4731 Gallias,
2961 4673 3015 4718 et
3042 4666 3312 4718 viduitatis
3332 4668 3488 4721 mise-

1904 4753 1988 4806 ria
2039 4763 2094 4808 et
2140 4755 2364 4821 gemina:
2407 4755 2517 4822 jam
2560 4757 2881 4822 captivitatis
2931 4756 3276 4810 succubuisse
3323 4758 3489 4811 fertur

1914 4845 2287 4897 incommodis.
2322 4843 2488 4896 Nemo
2536 4857 2618 4897 est
2675 4848 2762 4913 qui
2815 4857 2919 4899 tam
2952 4847 3270 4914 multiplices
3302 4863 3488 4904 ncces-

1912 4933 2098 4987 sitates
2125 4943 2317 5002 praeter
2348 4933 2720 4988 celsitudinem
2765 4945 2993 4988 vestram
3029 4938 3193 5004 possit
3219 4955 3487 5007 avertere,

1910 5029 2123 5095 generis
2153 5027 2254 5080 mei
2292 5037 2545 5096 patronus
2590 5027 2726 5094 quod
2757 5027 2806 5078 in
2858 5028 3002 5080 Italia
3063 5033 3251 5097 positis
3287 5040 3489 5100 prtesti-

1917 5126 2009 5183 ttt,
2047 5133 2152 5171 non
2182 5130 2334 5187 neget
2360 5120 2408 5171 in
2440 5118 2534 5172 Gal
2559 5117 2606 5169 ia
2639 5157 2654 5182 ,
2688 5119 2775 5170 ut’
2798 5117 2865 5172 de
2890 5121 3156 5175 caselluiis
3189 5126 3377 5193 ipsius,
3401 5144 3489 5181 0r-

1988 5251 2006 5278 ¹
2049 5249 2123 5301 De
2186 5246 2458 5317 casellult'a]
2512 5245 2858 5303 Cassiodorus
2908 5252 3003 5306 lib.
3059 5270 3158 5317 vn,
3188 5256 3257 5310 45
3294 5274 3307 5310 :
3349 5257 3486 5308 For-

1919 5318 2058 5371 mula
2082 5336 2182 5386 qam
2204 5336 2380 5392 census
2406 5323 2646 5392 releuetur
2675 5321 2720 5371 ei
2747 5323 2831 5382 qui
2871 5339 3027 5374 imam
3065 5341 3232 5376 casam
3266 5329 3450 5392 passm.
3472 5337 3487 5375 t

1913 5400 2295 5457 prttgravutmu.
2327 5389 2419 5442 Cui
2449 5389 2586 5441 enim
2616 5393 2824 5456 gravior
2851 5407 3005 5460 :cquo
3049 5408 3218 5446 canon
3266 5389 3486 5457 imposi-

1911 5469 1994 5510 tus
2016 5469 2146 5521 erat,
2181 5475 2208 5510 a
2236 5468 2594 5521 periequatore
2627 5462 2983 5514 minuebatur.
3051 5464 3100 5513 ld
3147 5465 3486 5513 relevatiuuis

1909 5543 2000 5578 seu
2028 5529 2436 5592 peraequationis
2481 5529 2800 5582 beneficium
2832 5531 3126 5582 dicebatur.
3160 5527 3363 5581 Glu~sae
3395 5548 3486 5581 Im-

1910 5605 2068 5669 Sll'tl‘P‘.
2130 5595 2412 5669 Releva‘ltls
2461 5613 2603 5664 agcr,
2658 5600 3141 5666 ἀνακιτονφισμὲνος,
3195 5600 3486 5669 “appellet;

1908 5672 1996 5718 τοῦ
2025 5664 2268 5734 δημοσίου
2307 5665 2519 5735 βάρους.
