4186 6252
685 287 783 341 163

1793 280 2059 337 ENNODII
2101 284 2400 339 EPISCOPI
2442 283 2818 338 TICINENSIS

3828 284 3923 337 ibi

677 402 951 456 dinatione
979 408 1175 460 vestra,
1206 397 1328 451 dum
1359 396 1426 448 ab
1447 396 1524 448 eis
1557 394 1665 447 fisci
1717 409 1879 448 oaera
1912 397 2241 459 derivantnr,
2276 404 2323 457 Α
2351 405 2616 448 exercitus
2643 395 2708 447 ad
2740 394 3082 463 trittmplmm.
3134 392 3263 459 Quis
3304 393 3489 445 credat
3544 391 3768 445 militem
3809 398 3922 460 ejus

674 491 739 545 ad
767 488 1001 559 praefata:
1026 488 1274 540 alimenta
1315 483 1596 536 sufﬁciant.
1632 484 1851 537 Domine
1894 486 1998 548 nii,
2045 486 2243 538 saluta-

676 582 833 635 tionis
862 577 1075 633 servilia
1121 574 1451 643 dependens,
1485 588 1614 642 rogo
1668 584 1726 627 ut
1754 575 2068 644 portitorem
2112 589 2245 640 prm-

673 672 919 734 sentium,
959 652 1225 720 hominem
1266 680 1441 719 meum
1472 680 1628 733 quem
1660 665 1726 719 ad
1764 666 1876 719 haec
1906 667 2241 733 exsequenda

671 761 958 822 destinavi,
1008 758 1115 811 D:o
1168 756 1320 810 vobis
1402 756 1713 821 inspirante,
1771 771 1946 810 meum
1995 756 2243 809 effectum

671 851 951 904 eminentia
992 858 1166 901 vestra
1211 847 1394 914 iubeat
1434 862 1764 901 commeare.
1807 846 2052 915 Nunquid
2084 845 2243 898 dubi—

672 953 783 995 tare
803 942 869 995 de
896 938 1336 1009 postulationibus
1361 937 1470 991 suis
1499 953 1618 991 eum
1649 938 1918 999 convenit,
1940 937 2031 1004 qui
2063 951 2123 990 se
2153 950 2243 989 no-

668 1038 742 1089 vit
773 1044 827 1089 et
865 1034 950 1088 illi
980 1048 1099 1099 qua:
1125 1046 1229 1085 non
1250 1037 1587 1099 poposcerat,
1618 1028 1993 1097 impetrasse?

1190 1163 1513 1218 EPISTOLA
1558 1162 1700 1217 XXX
1713 1201 1727 1213 .

1156 1277 1195 1344 (¹
1238 1289 1518 1330 εγιιιιιιςιιο
1557 1272 1758 1344 mea.)

741 1415 935 1468 Natura
964 1426 1144 1465 rerum
1176 1418 1257 1463 est
1279 1417 1335 1460 nt
1370 1407 1529 1461 etiam
1559 1406 1781 1459 idoneus
1811 1420 1903 1458 ore
1927 1404 2006 1459 vel
2029 1413 2242 1473 petitore

666 1506 835 1572 possit
862 1504 931 1557 de
962 1500 1374 1570 przrsumptionc
1407 1497 1653 1565 culpari,
1694 1498 1812 1563 quia
1835 1495 2015 1554 omnis
2053 1496 2241 1549 verbo-

666 1611 783 1648 rum
815 1593 1166 1647 commoditas
1198 1589 1510 1642 humilitatis
1542 1589 1802 1642 terminos
1828 1601 2041 1655 egressa
2073 1586 2241 1640 calca.

666 1698 752 1740 tur
779 1702 792 1738 :
820 1693 873 1738 et
898 1685 1034 1738 sicut
1065 1680 1304 1734 habenda
1350 1688 1473 1732 sunt
1511 1693 1630 1746 quae
1657 1678 1939 1745 exiguntur
1968 1678 2018 1730 in
2044 1676 2238 1746 pretio,

2351 485 2399 535 in
2435 484 2615 536 labore
2649 494 2700 537 et
2753 482 3079 550 perfectione
3127 481 3326 535 habere
3365 481 3575 550 quidem
3624 484 3923 549 superantis

2346 574 2595 642 gloriam,
2623 572 2716 624 sed
2757 572 3140 625 continentiam
3183 570 3486 639 snbjugati?
3530 570 3921 625 Consummatis

2346 661 2812 730 congressionibus
2840 661 2906 713 de
2929 663 3021 713 ira:
3045 660 3355 712 haereditate
3381 658 3455 711 nil
3490 667 3731 712 remanet
3761 676 3775 713 :
3819 676 3922 713 uno

2348 764 2607 821 tempore.
2635 764 2769 820 quos
2798 751 3128 819 perniciosos
3161 748 3451 802 adversarii
3482 749 3729 815 viderint,
3772 751 3920 803 blan-

2346 842 2437 897 dos
2473 844 2707 896 sentiunt
2738 841 2933 894 tributa
2982 840 3292 908 pendentes.
3326 838 3391 891 Et
3432 838 3546 892 hazc
3573 839 3787 906 quidem
3814 855 3920 894 cte-

2348 932 2471 987 lesti
2521 942 2891 1001 przeparantur
2936 946 3035 1001 pro
3093 931 3191 984 hac
3259 930 3574 1001 repensione
3624 931 3918 999 sull'ragio:

2345 1024 2465 1092 quia
2499 1024 2627 1077 fides
2656 1033 2836 1077 nostra
2883 1022 3023 1090 apud
3070 1038 3214 1086 enin,
3252 1022 3417 1092 (cum)
3449 1021 3590 1075 aliud
3620 1022 3731 1091 ipse
3760 1033 3919 1078 secte-

2347 1128 2453 1181 tur,
2487 1118 2538 1170 in
2583 1128 2734 1186 portu
2778 1127 2880 1171 est.
2927 1116 3180 1171 Mirabilis
3216 1116 3494 1185 patientia,
3522 1116 3735 1185 quando
3766 1124 3920 1169 tenax

2346 1208 2602 1274 propositi
2627 1208 2729 1270 sui,
2779 1206 3073 1264 claritatem
3108 1221 3209 1260 non
3248 1205 3529 1259 obumbrat
3553 1205 3709 1259 alicui
3742 1223 3756 1258 :
3788 1221 3910 1258 nam

2344 1305 2399 1347 et
2439 1294 2792 1350 Ecclesiarnm
2849 1304 3146 1349 nostrarum
3194 1295 3510 1365 patrimonia
3559 1295 3749 1359 relabi,
3812 1296 3921 1348 nisi

2343 1397 2497 1440 aneta
2543 1385 2758 1449 fuerint,
2792 1384 3105 1453 ingemiscit.
3136 1386 3224 1439 Sic
3254 1386 3447 1438 factum
3488 1396 3591 1449 est,
3627 1393 3685 1437 ut
3724 1393 3780 1437 et
3807 1394 3921 1437 sta-

2343 1486 2456 1529 tum
2486 1491 2639 1528 suum
2684 1475 2977 1543 locupletes
3008 1489 3294 1543 pauperum
3327 1474 3635 1528 substantia:
3676 1483 3915 1532 teneant.

2344 1577 2397 1622 et
2428 1567 2722 1621 mediocres
2745 1566 2809 1618 ad
2840 1580 3141 1635 supremam
3172 1563 3504 1635 opulentiam
3519 1565 3917 1618 convalescant.

2348 1659 2400 1710 In
2426 1657 2793 1711 sacerdotibus
2833 1659 3054 1711 virtutes
3096 1669 3153 1711 et
3184 1660 3390 1710 innatas
3414 1656 3563 1720 colit,
3595 1665 3649 1709 et
3691 1671 3795 1729 non
3830 1672 3920 1708 re-

666 1781 735 1834 ita
767 1780 967 1847 ingesta
993 1776 1274 1827 vilescunt.
1305 1770 1679 1839 lmportnnitas
1696 1784 1816 1822 cum
1850 1768 2105 1822 facundos
2127 1766 2239 1835 opi-

2346 1759 2521 1816 pcrtas
2561 1748 2802 1816 inspirat.
2842 1747 2948 1801 Sed
2988 1763 3082 1801 cur
3110 1747 3491 1801 beatitudinem
3524 1758 3757 1800 vestram
3787 1761 3922 1815 pra--

664 1871 837 1923 nionis
878 1867 1152 1921 nobilitate
1192 1862 1460 1931 dispoliet,
1501 1861 1765 1915 dedecore
1792 1862 1946 1914 vestit
1977 1860 2239 1914 indoctos.

665 1962 769 2016 Sed
797 1960 895 2013 hac
923 1974 1007 2012 me
1030 1956 1433 2011 ratiocinatione
1454 1964 1696 2007 sustento
1718 1994 1733 2017 ,
1770 1952 1894 2021 quia
1923 1951 2237 2020 estquidem

663 2050 856 2112 audax,
889 2049 980 2102 sed
1009 2048 1237 2101 amabile
1262 2046 1516 2115 praevium
1550 2043 1858 2113 prazs=itisse
1890 2056 2191 2095 sermonem
2223 2060 2234 2093 :

665 2156 715 2195 et
742 2141 878 2194 sicut
921 2138 1153 2192 vicinmn
1187 2136 1523 2199 temeritatis,
1554 2135 1626 2187 ita
1667 2138 1964 2201 proximum
2010 2131 2239 2199 diligen-

663 2233 749 2284 tim
776 2232 840 2283 ad
863 2232 1137 2284 caritatem
1172 2228 1443 2297 pertinens
1470 2227 1570 2278 iter
1608 2226 1835 2292 aperire.
1874 2223 2015 2277 Inter
2055 2222 2238 2275 Eccle-

664 2324 857 2375 siarnm
897 2320 1138 2373 homines
1178 2318 1412 2386 nunquid
1462 2327 1641 2370 reatus
1685 2323 1785 2378 est,
1817 2314 1862 2367 si
1915 2313 2025 2379 pari
2069 2316 2234 2366 amori

664 2409 1033 2464 contenderim
1075 2407 1318 2473 dispares
1357 2402 1646 2471 dignitate?
1681 2412 1772 2454 aut
1816 2400 2080 2455 excedunt
2125 2416 2238 2452 mo-

663 2503 766 2556 dici
794 2499 1008 2552 honoris
1034 2499 1350 2566 angustiam,
1379 2496 1465 2563 qni
1487 2494 1791 2547 desiderant
1826 2493 2082 2560 suﬂragio
2111 2507 2234 2561 gra-

580 2642 584 2646 Α
665 2595 749 2643 tiae
771 2588 1122 2643 summatibus
1146 2584 1483 2653 comparari?
1513 2583 1625 2637 Non
1667 2582 1828 2636 habet
1855 2581 2070 2650 superbi
2110 2595 2237 2635 coa-

664 2681 962 2742 ‘scientiam,
993 2678 1082 2746 qui
1119 2691 1179 2730 se
1220 2686 1421 2728 tantum
1469 2675 1522 2727 in
1570 2672 1867 2725 all'ertionis
1896 2672 2090 2725 muniis
2129 2689 2232 2724 non

664 2773 896 2826 metitur.
931 2771 1202 2824 Praesumo
1229 2768 1428 2831 dicere,
1462 2765 1798 2820 subditorum
1829 2778 1980 2817 error
2006 2773 2104 2826 est,
2143 2763 2232 2831 qui

662 2865 714 2917 in
756 2865 853 2917 hac
899 2878 958 2916 re
987 2861 1377 2930 praecedentem
1426 2856 1715 2911 antevenit.
1767 2855 1906 2909 Ecce
1949 2855 2027 2908 sic
2058 2865 2235 2923 partes

664 2970 808 3008 meas
864 2953 1012 3020 quasi
1079 2951 1391 3004 voluntaria:
1439 2948 1772 3002 allocutionis
1820 2945 2050 3000 fuscatas
2094 2946 2233 2997 nuhe

664 3046 901 3114 purgavi.
974 3042 1077 3097 Sed
1134 3042 1255 3095 dico
1294 3039 1434 3106 quod
1490 3039 1553 3090 ad
1612 3037 1974 3091 deiens’oaein
2030 3046 2235 3104 spectat

2340 1840 2541 1906 judicio
2580 1838 2755 1891 dilfusi
2785 1839 3048 1891 sermonis
3097 1838 3426 1906 anticipem?
3452 1836 3715 1891 Continuo
3762 1852 3921 1905 cape-

2343 1932 2533 1984 rientia
2567 1940 2741 1983 vestra
2771 1937 2825 1982 et
2866 1929 3121 1997 spiritalis
3156 1929 3241 1981 illa
3275 1927 3531 1995 perfectio
3556 1927 3798 1994 jejunum
3837 1943 3923 1980 ine

2343 2023 2504 2075 fuisse
2535 2023 2585 2074 in
2633 2021 2723 2073 filii
2764 2022 2933 2074 vestri
2969 2020 3215 2073 laudibus
3262 2020 3569 2073 accuSabit:
3598 2027 3800 2072 etcum
3828 2032 3916 2069 su-

2350 2115 2495 2166 lcant
2541 2112 2858 2179 anipliliCari
2905 2110 3039 2164 facta
3080 2111 3381 2179 colloquiis,
3419 2109 3649 2163 sterilem
3679 2123 3764 2162 me
3792 2109 3919 2162 rela.

2341 2215 2507 2257 torem
2536 2203 2601 2256 de
2628 2202 2876 2255 virtutum
2905 2202 3019 2270 ejus
3050 2217 3223 2255 messe
3265 2200 3585 2256 causabitur.
3609 2199 3723 2253 Jam
3753 2206 3921 2251 str'cu-

2341 2301 2475 2348 lares
2496 2297 2697 2363 apices,
2741 2295 2957 2347 curules
2998 2303 3055 2347 et
3084 2297 3292 2346 tiabeas
3318 2334 3332 2353 ,
3377 2293 3625 2359 patricias
3653 2299 3724 2342 ιιι
3762 2307 3810 2342 ιιι
3841 2291 3895 2341 di

2339 2391 2566 2454 gnitates
2609 2386 2832 2455 qualiter
2878 2395 2967 2437 aut
3018 2398 3222 2437 natura:
3280 2385 3465 2438 reddat
3502 2394 3594 2436 attt
3644 2383 3911 2442 moribus,

2338 2477 2611 2530 timuestici
2648 2477 2927 2544 perlatoris
2966 2476 3344 2543 astipulatiooe
3386 2471 3645 2542 vulgetur.
3694 2472 3823 2525 Nam
3857 2481 3917 2525 et

2339 2576 2545 2621 veteres
2568 2568 2618 2619 in
2659 2566 2873 2635 antiqua
2904 2568 3119 2634 generis
3151 2566 3266 2618 luce
3312 2565 3503 2618 durare
3534 2564 3679 2630 facit,
3712 2573 3767 2616 ct
3814 2576 3919 2614 no-

2343 2674 2433 2710 vos
2471 2657 2756 2726 splendore
2813 2658 3069 2726 inopinati
3122 2657 3342 2725 fulgoris
3392 2657 3629 2709 irradiat.
3693 2656 3921 2708 Facilius

2338 2746 2633 2813 respublica
2664 2745 2780 2813 ejus
2821 2746 2957 2798 bono
2984 2744 3399 2813 dispensationis
3439 2747 3489 2796 in
3520 2744 3779 2812 privatam
3808 2744 3919 2794 mi-

2337 2847 2453 2905 grat
2478 2838 2822 2905 opulentiam,
2858 2851 3015 2904 quam
3059 2835 3403 2889 famulantum
3443 2850 3634 2889 census
3676 2836 3725 2887 in
3775 2836 3921 2902 pala-

2340 2932 2444 2983 tina
2473 2929 2617 2982 lucra
2660 2936 3036 2981 connnutetnr.
3087 2925 3240 2981 Nunc
3281 2928 3421 2995 quod
3466 2934 3728 2994 superest,
3784 2941 3923 2979 mea:

2337 3020 2568 3074 servitiis
2596 3019 2930 3072 salutationis
2973 3021 3229 3086 acceptis,
3269 3020 3555 3086 prospicite
3582 3017 3644 3069 ἰιι
3672 3019 3923 3070 Christus

665 3139 1008 3193 uberrimam.
1053 3135 1221 3189 Filius
1246 3145 1423 3187 ve5ter
1448 3131 1670 3184 domum
1715 3128 2029 3182 Rhodanius
2066 3128 2239 3195 coegit

2346 3112 2661 3180 Redemptor
2685 3123 2866 3164 noSIer
2889 3127 3007 3179 qua:
3031 3112 3081 3163 in
3106 3110 3325 3179 pra-fato
3348 3110 3766 3164 clementissimo
3790 3125 3923 3180 rege

660 3240 691 3281 'a
721 3244 805 3282 me
845 3228 896 3281 in
924 3242 1078 3281 usum
1122 3224 1247 3292 ει)Ιὶ
1292 3222 1570 3291 praesentis
1614 3235 1915 3287 erumpere.
1946 3219 2139 3272 Fateor
2166 3230 2243 3271 ta-

667 3333 809 3379 men,
853 3317 905 3368 in
932 3315 1109 3367 studio
1158 3327 1277 3365 meo
1306 3311 1466 3363 fuisse
1494 3309 1632 3376 quod
1660 3308 1817 3375 jussit
1848 3325 1862 3360 :
1887 3310 2007 3375 quia
2035 3308 2122 3375 qui
2148 3323 2242 3359 vo-

658 3411 860 3460 lentem
903 3401 1153 3470 coegerit,
1202 3414 1308 3451 non
1342 3399 1564 3449 laborat.
1601 3398 1709 3448 DEu
1754 3410 1973 3450 GRATMS
2007 3396 2241 3462 principe

668 3498 807 3559 loco,
848 3503 902 3549 et
925 3503 1034 3547 tota
1060 3491 1300 3561 epistolae
1334 3487 1744 3542 concinnatiine
1774 3486 2090 3549 referamus,
2120 3488 2239 3551 quia

668 3589 719 3641 in
747 3588 1055 3639 societatem
1078 3581 1270 3648 capitis
1293 3580 1373 3632 sui
1416 3576 1699 3645 aliquando
1726 3576 1961 3629 Romana
2003 3576 2241 3629 membra

669 3678 944 3733 coierunta
988 3674 1192 3729 iustum
1230 3678 1341 3725 erat
1376 3678 1430 3722 ut
1458 3677 1512 3722 et
1548 3668 1732 3721 beatus
1759 3667 1948 3720 Petrus
1973 3665 2242 3731 apostolus

668 3767 779 3822 sedi
832 3758 941 3819 sua:
984 3762 1247 3816 Ecclesias
1290 3768 1344 3814 et
1399 3758 1606 3813 senatui
1645 3757 1879 3811 liberiori
1931 3771 2027 3825 per
2059 3756 2241 3809 Domi-

668 3874 792 3911 num
823 3866 999 3925 partes
1031 3856 1235 3909 debitas
1264 3852 1598 3906 reformaret.
1634 3850 1832 3918 Dignus
1870 3858 2139 3917 regnator,
2167 3847 2244 3901 di-

669 3966 802 4013 gnus
833 3950 884 4001 in
918 3962 1023 4016 quo
1056 3961 1175 4000 cum
1220 3952 1375 3997 aetate
1400 3952 1642 3994 votorum
1688 3954 1895 3995 summa
1938 3940 2241 4009 contigerit.

650 4038 797 4092 Nam
828 4037 928 4090 etsi
963 4039 1099 4089 itura
1126 4033 1189 4087 ad
1215 4043 1454 4102 posteros
1478 4031 1705 4085 felicitas
1731 4042 2058 4098 perseveret,
2088 4033 2243 4083 litan-

669 4130 796 4179 dum
852 4126 926 4178 ilti
960 4133 1040 4178 est
1080 4122 1380 4177 laudatione
1420 4122 1685 4188 pratcipua
1715 4136 1744 4174 a
1787 4122 1977 4188 quibus
2020 4122 2243 4187 sumpsit

670 4215 964 4269 exordium.
998 4214 1106 4266 Deo
1135 4211 1424 4266 eflicaciter
1464 4211 1821 4280 supplicastis,
1866 4219 1925 4262 ut
1975 4210 2116 4263 illius
2150 4226 2242 4263 vos

671 4311 838 4359 virtus
870 4315 1104 4366 erm-ret,
1136 4302 1287 4370 cujus
1316 4310 1494 4370 potest
1524 4316 1737 4355 servare
1765 4300 2067 4355 clementia.
2102 4300 2243 4352 Didio

672 4397 825 4449 cistis
879 4396 996 4462 ejus
1047 4403 1273 4448 eventus
1320 4407 1625 4462 prosperos,
1678 4406 1834 4460 quem
1880 4391 2070 4444 videtis
2114 4391 2238 4442 dum

670 4488 893 4542 mandat
912 4495 1146 4539 secutam
1174 4484 1311 4538 bella
1347 4483 1644 4537 victoriam.
1674 4483 1865 4536 Parum
1889 4490 2155 4550 superest,
2192 4494 2246 4533 ut

670 4576 1134 4629 mansuetudinem
1166 4574 1359 4626 mentis
1387 4574 1529 4625 illius
1559 4572 1629 4624 ita
1654 4572 1970 4640 profundam
1998 4582 2173 4626 teneat
2196 4588 2243 4638 s,

646 4668 817 4735 quasi
867 4676 935 4718 sit
991 4666 1171 4732 ignara
1222 4662 1612 4730 procinctunm.
1664 4662 1772 4714 Deo
1822 4662 2109 4726 tribuente,
2150 4677 2247 4714 nec

672 4770 769 4822 pax
797 4756 913 4822 ejus
939 4756 1140 4808 turbari
1169 4751 1344 4805 dubiis
1370 4760 1568 4820 potest,
1603 4764 1703 4805 nec
1734 4751 1989 4804 fortitudo
2011 4752 2248 4820 qualibet

670 4847 1024 4911 objectatione
1049 4842 1334 4912 confringi.
1376 4842 1515 4896 Nihil
1541 4842 1681 4911 apttd
1724 4843 1871 4895 illum
1917 4843 2083 4895 tutius
2125 4856 2245 4909 snp-

673 4936 900 5001 plicante
933 4953 943 4983 :
973 4933 1117 4986 solus
1147 4936 1315 4987 evasit
1348 4936 1621 5001 praeliaies
1658 4947 1720 4986 ac
1741 4948 1824 4998 es,
1855 4933 1951 5001 qui
1990 4933 2195 5002 rogavit
2232 4950 2244 4984 :

672 5024 799 5075 vicit
848 5038 1115 5075 armorum
1164 5023 1392 5091 impetus
1451 5024 1538 5091 qui
1579 5023 1772 5076 obtulit
1816 5022 2039 5075 devotus
2091 5022 2162 5075 ob
2192 5036 2249 5074 e-

644 5113 878 5178 'qtliulll.
905 5113 1054 5178 Quod
1098 5113 1184 5167 vix
1226 5123 1435 5167 veteres
1485 5113 1748 5182 principes
1788 5112 2088 5182 praesentiae
2132 5127 2244 5165 sum

656 5203 868 5273 sudore
907 5215 997 5274 pot
1022 5208 1058 5256 ti
1085 5214 1229 5269 sunt,
1260 5209 1359 5259 hoc
1397 5219 1610 5274 semper
1653 5204 1796 5274 regis
1843 5203 2015 5257 nostri
2069 5203 2242 5257 brevis

675 5296 979 5363 procuravit
1039 5295 1278 5361 epistola.
1342 5295 1443 5347 Per
1498 5308 1758 5349 excursus
1810 5292 2055 5362 dirigitur
2111 5294 2239 5346 felix

749 5459 764 5487 ι
808 5449 1109 5518 Symmacho
1137 5446 1300 5515 impie]
1341 5448 1572 5500 'l‘itulum
1607 5449 1919 5517 adjecimus,
1953 5448 2105 5515 cujus
2127 5449 2241 5501 vice

662 5522 729 5572 in
760 5536 985 5586 antiquis
1040 5520 1436 5582 ese-itplaribns
1486 5522 1737 5583 scriptum
1786 5530 1901 5572 erat
1934 5519 1995 5570 In
2051 5518 2240 5572 (1hr.in

675 5591 840 5655 signo.
890 5589 992 5641 Sed
1035 5604 1369 5658 persp-conm
1401 5599 1481 5639 est
1516 5589 1789 5651 epistolam
1833 5602 1952 5641 esse
1992 5588 2055 5639 ad
2087 5592 2243 5655 Sym-

679 5660 921 5709 tnachmn
957 5675 1162 5719 uiuam,
1197 5668 1247 5709 cl
1287 5660 1496 5723 quidem
1522 5671 1576 5709 sc
1611 5661 1767 5721 iptam
1815 5670 1930 5721 post
1958 5659 2245 5709 etstinctas

2324 5208 2616 5279 'afﬂigerer
2662 5207 2762 5257 nisi
2808 5221 2902 5259 vos
2948 5206 3184 5260 viderem

2342 3202 2694 3256 Servieutibns
2722 3201 2822 3254 sibi
2854 3200 3098 3264 contulit,
3129 3203 3282 3269 longa
3319 3212 3472 3254 :clale
3492 3211 3790 3255 conservet.
3818 3200 3923 3254 Det

2342 3294 2499 3345 ctiam
2540 3292 2684 3359 regni
2714 3289 2781 3344 de
2814 3292 2931 3357 ejus
2957 3306 3194 3359 germine
3237 3305 3631 3344 successorem:
3666 3306 3731 3343 nc
3762 3291 3905 3343 bona

2344 3384 2471 3435 tanti
2502 3382 2679 3433 hoimn
2704 3395 2730 3433 s
2753 3380 2803 3433 in
2831 3396 2929 3433 una
2961 3389 3113 3433 :ctatc
3146 3389 3507 3447 veterescant,
3536 3390 3591 3433 et
3633 3380 3914 3447 antiquata

2345 3473 2670 3539 temporibus
2705 3487 2800 3539 pro
2843 3473 2957 3525 sola
2989 3472 3133 3525 aurei
3176 3472 3356 3526 εωοιιιι
3397 3473 3916 3525 commemoratione

2346 3572 2709 3614 ttuttttttctttur.

2856 3651 3177 3707 EPISTULA
3222 3652 3413 3706 XXXI.

2887 3758 3143 3795 ENNODIUS
3184 3757 3393 3796 AVII-2N0.

2417 3856 2549 3908 Dum
2575 3854 2821 3921 jucundis
2849 3853 3055 3915 adhuc,
3091 3856 3198 3908 Deo
3224 3853 3597 3921 dispensante,
3630 3855 3834 3907 frue:er
3856 3854 3927 3908 de

2348 3948 2646 4015 praesentiae
2671 3954 2862 3998 vestra:
2885 3946 3154 3999 vicinitate
3175 3948 3572 4013 conspecnbus,
3600 3956 3654 3998 et
3673 3945 3927 3998 amabilia

2351 4035 2739 4101 tulloquiorum
2788 4036 2942 4089 mella
2995 4034 3285 4088 venerabili
3345 4034 3622 4089 mendacio
3663 4036 3927 4088 retineret

2346 4128 2593 4190 auditus,
2626 4126 2837 4178 occasio
2869 4124 2995 4177 mihi
3025 4126 3332 4191 scriptionis
3362 4127 3538 4177 oblata
3565 4123 3925 4186 est.lFateor,

2347 4215 2436 4266 diu
2456 4214 2598 4265 nolui
2620 4214 2939 4266 medicinam
2958 4213 3235 4277 desiderii,
3252 4213 3377 4269 dum
3398 4215 3564 4267 altera
3584 4224 3926 4280 procuratur,

2348 4305 2667 4373 irrumpere.
2695 4303 3004 4357 llelectabat
3030 4305 3197 4359 series
3220 4306 3399 4357 animo
3426 4320 3546 4358 tneo
3574 4305 3657 4372 pia
3681 4304 3930 4358 ludiﬁca-

2350 4394 2494 4447 tioue
2521 4393 2751 4446 blandita
2775 4433 2791 4458 ,
2817 4394 3058 4447 nolebam
3084 4393 3331 4448 conscius
3349 4393 3757 4461 deprehendere
3801 4410 3934 4460 qua:

2352 4485 2605 4550 pascebat
2635 4484 2688 4536 in
2720 4498 2904 4536 amore
2926 4483 3209 4536 fallaciam.
3237 4484 3383 4537 Bene
3403 4485 3717 4550 enimsapit
3730 4485 3935 4537 studiis

2351 4583 2552 4628 nostr.s
2580 4574 2836 4629 obsecuta
2878 4574 3151 4638 seductio,
3195 4584 3250 4628 et
3290 4591 3388 4643 pro
3418 4590 3547 4629 vero
3582 4576 3805 4629 libenter
3830 4577 3933 4629 ad-

2351 4666 2609 4718 mittimus
2632 4665 2870 4718 dulcium
2895 4667 3149 4736 imagines
3167 4669 3471 4719 nuntiorum
3506 4685 3517 4718 :
3543 4677 3691 4735 grata
3716 4671 3935 4719 soumia

2349 4757 2557 4824 quoties
2610 4756 2856 4825 fugantur
2902 4758 3133 4824 vigiliis,
3188 4758 3586 4825 ingemiscimus
3632 4798 3647 4820 ,
3694 4767 3747 4809 ct
3793 4758 3935 4810 illml

2360 4849 2546 4901 mortis
2586 4848 2928 4902 sinmlacrum
2986 4848 3053 4901 de
3102 4849 3320 4916 placidis
3364 4848 3765 4917 deceptionibus
3806 4852 3938 4916 plus

2359 4947 2589 4992 amatur.
2636 4938 2776 5006 Ergo
2805 4950 2947 4991 nunc
2991 4938 3150 4998 mihi,
3182 4940 3301 5006 quia
3336 4941 3458 4991 illud
3489 4940 3628 5006 quod
3674 4940 3940 5005 praefatus

2355 5044 2470 5082 smn
2490 5037 2632 5084 Stare
2657 5043 2759 5082 non
2784 5031 2948 5092 licuit,
2973 5030 3366 5098 exsequendum
3388 5023 3625 5098 estquod
3645 5034 3936 5083 remansit.

2359 5119 2565 5185 Aliquis
2592 5118 2864 5170 luminum
2899 5134 2993 5186 pro
3026 5121 3227 5187 peccati
3265 5121 3345 5172 sui
3386 5134 3550 5173 onere
3578 5120 3656 5173 sic
3687 5120 3943 5176 laborat?

3242 5225 3257 5260 :
3304 5208 3368 5260 ad
3415 5210 3590 5276 cupita
3638 5210 3943 5277 perductus

2352 5310 2616 5359 maceror,
2639 5297 2762 5362 quia
2793 5311 2911 5364 qua:
2938 5300 3307 5363 poscebanius,
3343 5300 3448 5352 Deo
3470 5300 3936 5363 tribuente,cou-

2348 5456 2649 5509 schismatis
2681 5457 2951 5525 reliquias,
2982 5457 3233 5511 membris
3261 5458 3529 5522 omnibus,
3556 5469 3612 5513 ttt
3642 5460 3943 5513 Ennodius

2350 5528 2463 5590 ipse
2506 5530 2754 5593 loquitur,
2792 5545 2840 5579 in
2892 5530 3080 5595 Capitis
3124 5533 3202 5581 sui
3251 5531 3559 5582 societatem
3604 5535 3942 5584 'Iheodcrm

2350 5612 2484 5662 regis
2513 5615 2664 5663 quem
2696 5612 2967 5665 propteca
2996 5599 3192 5659 laudat,
3227 5613 3384 5666 Opera
3422 5603 3702 5652 revocatis.
