4186 6252
283 298 377 351 llis

1472 294 1947 351 EPISTOIARUSI
1991 295 2119 350 LIB.
2161 295 2247 348 IX.

3427 303 3525 357 I66

276 424 417 463 cessa
448 416 593 461 sunt.
640 408 884 475 Nunquid
916 410 1072 462 alicui
1103 412 1325 463 accessit
1352 411 1418 466 de
1462 414 1656 467 hctitia:
1686 428 1841 466 occa-
1880 420 1922 473 Α
1952 423 2344 479 qumtenemus.
2364 412 2819 467 Vossalutationis
2837 429 2968 469 mea:
2983 414 3233 484 obsequia
3251 426 3524 482 prosancti
3568 452 3575 457 -

275 490 421 556 sione
441 501 584 570 quod
610 511 875 569 torqueat,
902 510 992 553 aut
1014 501 1081 554 de
1103 518 1275 555 messe
1297 504 1609 571 gaudiorum
1637 520 1849 572 egressa

274 604 355 647 est
396 592 581 663 planta
619 592 885 645 tristitiae?
918 590 1131 645 Gratias
1176 592 1516 660 inseparabili
1569 594 1848 657 Trinitati,

280 686 381 738 Deo
422 698 591 745 vero,
638 682 727 750 qui
779 692 838 734 ut
882 691 1003 734 vota
1060 681 1310 748 impleat,
1369 682 1691 748 aliquotiens
1729 693 1849 737 vota

277 775 591 830 contemnit.
644 775 763 842 Ipse
820 790 948 841 ergo
1002 775 1395 840 conjunctionis
1444 783 1549 826 tua:
1604 776 1848 841 copulam

275 868 525 934 respiciat
555 884 567 917 :
603 867 718 933 ipse
739 882 903 933 unum
932 865 1085 917 iaciat
1118 880 1182 917 ex
1218 864 1454 925 duobus,
1486 865 1535 916 in
1569 866 1721 932 primi
1749 864 1849 917 ho-

278 957 429 1010 minis
484 971 749 1023 corpore,
796 953 921 1007 dum
973 953 1148 1006 adhuc
1203 954 1377 1005 nativa
1434 963 1486 1006 et
1538 953 1849 1006 intemerata

282 1048 680 1101 immortalitate
704 1046 979 1114 gauderet,
1008 1055 1263 1113 utrosque
1291 1044 1561 1097 formavit.
1592 1045 1850 1113 Jungatnr

275 1138 368 1191 tibi
412 1153 573 1200 uxor,
610 1146 667 1188 ut
704 1136 931 1189 Abt-alia:
971 1135 1130 1188 Sarra
1153 1180 1165 1197 ,
1197 1145 1257 1188 ιιι
1285 1136 1429 1189 Isaac
1473 1134 1709 1189 Rebecca
1733 1176 1746 1195 ,
1795 1146 1852 1187 ut

280 1230 436 1282 Iacob
455 1227 655 1283 Rachel
681 1228 887 1281 caelesti
912 1227 1280 1280 benedictione
1301 1228 1500 1281 sociata
1522 1237 1623 1280 est.
1644 1228 1851 1281 Habeas

277 1321 599 1375 continentis
637 1320 887 1387 praevium
924 1319 1163 1387 frugem,
1198 1328 1258 1373 et
1293 1320 1627 1373 dulcedinem
1666 1320 1847 1385 conju-

281 1411 381 1477 gati
414 1424 429 1462 :
462 1409 565 1477 legi
601 1409 693 1461 Dei
724 1418 910 1476 pareat
931 1408 1127 1461 solutio
1157 1409 1451 1477 virginalis,
1478 1409 1601 1462 dum
1629 1409 1766 1477 quod
1798 1412 1847 1461 in

278 1516 342 1555 se
367 1502 647 1561 subtrahit,
674 1500 853 1554 reddit
876 1502 928 1552 in
951 1500 1155 1554 sobole.
1189 1499 1399 1553 Nesciat
1419 1509 1697 1553 externam
1725 1500 1845 1552 dili-

282 1590 507 1657 gentiam
540 1591 675 1643 bene
703 1589 938 1642 in-vobis
970 1589 1189 1642 solidata
1221 1591 1522 1643 communio
1556 1607 1567 1641 :
1605 1590 1691 1641 illa
1732 1605 1845 1642 ma-

287 1691 411 1734 trem
442 1692 583 1733 tuam
639 1680 881 1733 moribus
924 1689 977 1732 et
1010 1680 1427 1733 conversatione
1470 1679 1743 1739 restituat,
1793 1688 1846 1731 tu

1958 502 2190 568 pectoris
2230 502 2390 555 vestri
2432 503 2659 569 puritate
2700 503 2980 572 suscipite;
3020 514 3073 557 et
3105 504 3343 558 codicem
3383 510 3525 560 reci-

1957 590 2160 658 pientes
2189 608 2361 645 meum
2385 634 2399 657 ,
2432 608 2551 647 cum
2595 594 2685 649 illo
2714 596 2803 665 qui
2833 611 2861 647 a
2902 596 3051 650 vobis
3080 598 3372 666 promissus
3413 608 3524 665 est,

1955 682 2239 736 destinate.

2435 775 2766 831 EPISTOLA
2803 777 3043 831 XXXIII.

2306 879 2566 918 ssnontcs
2606 867 2621 896 ¹
2662 881 2889 919 οεδιιιιη
2924 878 3183 921 tot-coro.

2026 952 2175 1016 Quod
2223 968 2316 1021 spe
2368 970 2762 1023 prteceperam,
2816 957 3007 1011 litteris
3052 958 3343 1013 indicastis.
3396 959 3526 1012 Nam

1954 1043 2240 1096 venerandi
2274 1046 2697 1114 promnlgatione
2724 1046 2998 1115 colloquii,
3022 1049 3146 1116 quid
3174 1051 3406 1103 cmlestis
3432 1051 3529 1102 im-

1956 1145 2167 1201 peratur
2192 1136 2447 1190 domuum
2474 1152 2655 1206 regem
2677 1138 2819 1191 circa
2840 1154 2937 1192 vos
2961 1140 3136 1193 facere
3154 1140 3525 1208 compulisset,

1953 1226 2142 1292 agnovi
2180 1243 2192 1277 :
2232 1241 2330 1292 ego
2360 1241 2509 1290 sum,
2551 1227 2639 1280 cui
2676 1237 2953 1295 postquam
2998 1230 3243 1282 meritum
3294 1240 3527 1282 vestrum

1952 1315 2157 1382 patuit,
2207 1331 2541 1385 nequaquam
2581 1333 2640 1371 se
2682 1317 2912 1372 felicitas
2958 1321 3183 1373 actionis
3228 1320 3527 1374 abscondit.

1954 1404 2053 1469 Qui
2071 1405 2343 1459 hominum
2365 1408 2702 1461 nobilissimo
2724 1409 2775 1461 in
2796 1409 2995 1463 Christi
3017 1411 3271 1465 servitute
3294 1411 3527 1479 pontifici

1954 1502 2195 1549 terrenas
2220 1496 2612 1550 dominationes
2642 1499 2844 1551 neseiat
2875 1513 2993 1552 esse
3020 1500 3321 1565 subjectas,
3352 1510 3406 1554 et
3432 1503 3529 1553 mi-

1953 1599 2138 1638 naci-m
2162 1584 2271 1638 rvis
2288 1586 2578 1653 potentiam
2604 1588 2921 1640 innocentiae
2943 1588 3239 1655 objectione
3260 1592 3523 1657 superari.

1953 1676 2166 1742 quando
2192 1677 2504 1745 principalis
2535 1693 2765 1745 purpura
2806 1688 2896 1730 aut
2925 1678 3095 1731 cilicia
3126 1679 3400 1747 despexit,
3440 1689 3531 1731 aut

287 1780 570 1837 parentem.
602 1769 715 1821 Non
744 1778 929 1836 pareat
949 1769 1147 1821 mundo
1176 1771 1437 1835 majorum
1461 1779 1695 1833 tuorum,
1719 1767 1842 1820 dum
1876 1781 1921 1838 μ
1962 1765 2209 1833 pallium;
2238 1767 2451 1837 quando
2478 1767 2697 1821 libertas
2720 1767 2805 1820 illa
2834 1767 3108 1835 potissima
3140 1768 3397 1832 credidit,
3430 1768 3530 1820 sibi

291 1862 339 1913 in
369 1870 417 1914 te
445 1861 767 1920 renascitur,
796 1860 1167 1927 amplectenda
1201 1863 1467 1915 formatio.
1501 1861 1840 1931 Nequaquam

286 1952 550 2019 peregrina
585 1952 709 2003 vitm
736 1950 982 2018 exempla
1009 1990 1024 2011 ,
1067 1960 1165 2004 nec
1202 1966 1304 2003 non
1335 1951 1621 2004 adventitia
1666 1963 1848 2018 pustu-

283 2043 457 2095 lantur
500 2061 515 2094 :
562 2044 613 2094 in
644 2042 814 2095 oculis
862 2042 1032 2093 locata
1076 2042 1375 2096 seetamini.
1424 2042 1559 2095 Ecce
1585 2058 1713 2110 ego,
1756 2044 1844 2110 qui

288 2133 573 2203 hymenads
602 2134 702 2185 tuis
743 2134 1005 2186 interesse
1048 2147 1152 2186 non
1186 2134 1370 2200 potui,
1418 2133 1515 2187 hac
1545 2144 1596 2188 te
1629 2149 1843 2201 precum

296 2239 522 2277 mearum
554 2225 914 2290 prosecutione
951 2225 1213 2277 convenio
1246 2241 1256 2275 :
1296 2234 1388 2276 \‘os
1418 2226 1481 2276 ad
1526 2225 1591 2277 vi.
1613 2224 1847 2277 issitudi-

283 2329 409 2367 nem
430 2313 678 2367 ethibete
702 2314 880 2367 crebra
911 2315 1193 2383 colloquia.
1233 2315 1576 2369 Salutatinnis
1610 2331 1844 2368 amorem

278 2418 335 2458 et
373 2406 719 2477 reverentiam
766 2405 1107 2473 persolvens,
1149 2421 1278 2473 rogo
1339 2415 1393 2459 ut
1433 2406 1478 2459 si
1532 2408 1843 2459 memoriam

281 2495 379 2548 mei
420 2497 483 2547 de
510 2494 601 2547 il'a
640 2494 891 2561 locupleti
941 2495 1316 2549 recordatione
1365 2512 1470 2549 non
1504 2496 1750 2558 trud.tis,
1791 2506 1846 2549 et

272 2585 598 2639 orationibus
625 2600 713 2639 me
738 2594 791 2638 et
819 2586 1099 2653 colloquiis
1124 2587 1443 2640 sublevetis.

768 2677 1094 2732 EPISTOLA
1136 2679 1277 2732 XXX
1292 2678 1349 2732 ll.

570 2787 830 2825 ENNODIUS
871 2789 897 2823 Α
907 2787 1150 2825 ῺΕΟΠΛΤΟ
1189 2787 1541 2825 ιιιιεειιῖτειιο.

348 2864 605 2928 Quantum
627 2875 657 2915 a
674 2876 761 2915 me
779 2864 995 2923 merito,
1019 2873 1273 2929 quantum
1294 2864 1504 2916 actione
1530 2864 1605 2917 sis
1628 2864 1844 2923 clarior,

273 2954 569 3007 orationum
626 2964 835 3005 tuarum
888 2954 1151 3006 reserabit
1190 2953 1428 3007 effectus.
1480 2952 1621 3007 Ecce
1667 2952 1848 3006 domui

279 3044 448 3097 Fausti
499 3044 596 3096 lilii
653 3044 726 3095 tui
770 3044 1091 3097 abstractam
1130 3042 1203 3096 de
1238 3043 1440 3097 solatio
1479 3058 1599 3097 meo
1640 3052 1847 3111 partem

1952 1866 2076 1910 ante
2119 1854 2475 1911 Christianam
2525 1858 2878 1911 humilitatem
2925 1858 3084 1912 licere
3138 1858 3278 1926 quod
3326 1859 3522 1919 voluit;

1951 1956 2043 2000 aut
2086 1949 2299 2017 quando
2336 1950 2385 2002 ei
2436 1949 2579 2002 licuit
2610 1951 2749 2003 velle
2810 1950 2951 2018 quod
2996 1950 3245 2004 ltederet?
3291 1951 3441 2015 Quod
3485 1952 3529 2003 si

1953 2040 2093 2092 inter
2125 2039 2239 2092 hmo
2259 2055 2406 2093 canae
2434 2041 2606 2093 :ctatis
2636 2042 2877 2107 exempla
2922 2042 3245 2104 recolantur,
3294 2050 3347 2094 et
3372 2041 3530 2094 επηνί-

1952 2134 2078 2185 tiam
2107 2135 2244 2186 circa
2273 2135 2512 2187 cultores
2554 2134 2645 2186 Dei
2680 2134 3010 2204 tyrannicam
3057 2133 3281 2187 reducas
3324 2133 3375 2186 in
3420 2149 3530 2186 me-

1951 2224 2119 2286 dium,
2148 2225 2349 2276 scimus
2371 2224 2490 2292 quia
2519 2224 2712 2277 abillis
2738 2225 2905 2277 nostri
2931 2222 3195 2291 dogmatis
3217 2231 3530 2282 sectatores,

1954 2328 2019 2365 ne
2050 2329 2280 2381 unquam
2321 2324 2684 2377 morerentur,
2718 2313 2881 2367 occisi
2912 2323 3053 2366 sunt.
3087 2313 3234 2367 Tunc
3278 2312 3531 2365 militibus

1952 2403 2061 2458 suis
2085 2404 2270 2467 vitam,
2295 2406 2673 2467 teternitatem,
2694 2404 3022 2471 obsequente
3045 2402 3220 2471 gladio
3243 2410 3530 2470 perpetuus

1970 2496 2040 2550 lle
2068 2497 2172 2549 dux
2202 2497 2447 2549 contulit.
2479 2496 2552 2548 Illi
2592 2496 2927 2549 inimicorum
2973 2508 3191 2548 suorum
3239 2493 3531 2546 ministerio

1956 2586 2306 2655 perdiderunt
2347 2587 2689 2653 originariam
2719 2585 2997 2638 vilitatem.
3038 2584 3143 2647 Te,
3185 2584 3255 2637 mi
3285 2585 3531 2643 domine.

1950 2681 2006 2733 in
2033 2681 2166 2734 orbe
2191 2679 2301 2747 jam
2334 2677 2643 2732 Christiano
2662 2677 2783 2730 diva
2809 2678 2891 2731 lex
2922 2679 3151 2744 peperit,
3180 2685 3234 2728 et
3256 2678 3532 2745 apostolici

1954 2774 2136 2827 uberis
2168 2774 2304 2826 lacte
2334 2773 2556 2825 nutrivit
2595 2788 2607 2823 :
2643 2782 2691 2825 tu
2728 2781 2952 2825 c:t-teros
2983 2770 3127 2823 velut
3155 2771 3282 2824 solis
3331 2770 3534 2837 magni-

1955 2866 2082 2918 tudo
2129 2866 2288 2919 astris
2311 2864 2608 2917 minoribus
2650 2872 2957 2931 comparata
2985 2861 3376 2929 trattsgl'ederis
3421 2879 3434 2915 :
3483 2869 3533 2912 te

1954 2960 2041 3026 qui
2075 2958 2346 3011 interioris
2378 2957 2611 3009 hominis
2637 2956 2809 3009 oculis
2834 2956 3086 3025 inspexit,
3113 2954 3399 3006 instructus
3429 2964 3533 3006 est.

1955 3048 2085 3100 Nam
2116 3056 2170 3100 et
2203 3063 2325 3099 cum
2358 3048 2488 3100 facie
2519 3047 2628 3113 ipsa
2661 3047 2842 3099 foveas
2871 3047 3186 3111 puritatem,
3219 3043 3533 3108 delinquen-

280 3138 559 3190 maximam
593 3145 647 3191 ιιι
688 3136 911 3191 tenebis.
963 3136 1070 3203 Ego
1099 3135 1309 3202 quidem
1355 3136 1550 3187 sanctis
1577 3142 1630 3187 et
1661 3133 1845 3201 legali-
1866 3143 1917 3201 ρ
1958 3147 2038 3189 tes
2071 3137 2258 3188 feriato
2305 3151 2399 3188 ore
2434 3136 2688 3203 castigas.
2719 3134 2847 3186 Boni
2879 3132 2946 3184 de
2974 3131 3377 3184 conversatione
3405 3140 3491 3183 tua
3520 3170 3533 3188 .

279 3226 367 3280 bus
391 3228 677 3282 desideriis
704 3242 925 3296 precum
958 3226 1332 3293 impedimenta
1382 3239 1486 3277 non
1515 3224 1667 3277 attuli
1705 3242 1717 3276 :
1748 3225 1840 3278 sed

273 3326 416 3370 tanta
451 3334 542 3372 me
580 3318 765 3370 domui
808 3317 996 3370 Avieni
1055 3316 1280 3386 perculit
1332 3330 1428 3382 pro
1465 3313 1581 3380 ejus
1624 3315 1847 3369 caritate

282 3405 551 3479 discessio,
578 3420 636 3461 ut
658 3407 909 3478 lacrymis
938 3390 1291 3475 prosequerer
1312 3414 1366 3459 et
1395 3403 1459 3455 ad
1506 3413 1683 3472 optata
1733 3413 1849 3457 teo-

281 3494 513 3550 dentem.
546 3497 717 3550 Patuit
750 3498 1103 3567 humanarum
1145 3510 1324 3548 rerum
1356 3496 1406 3546 in
1436 3495 1534 3547 Iiac
1579 3509 1735 3548 causa
1781 3494 1846 3548 de

281 3585 580 3641 diversitate
616 3587 886 3641 formatio.
923 3587 1072 3639 Illum
1114 3596 1372 3651 evocant,
1414 3583 1627 3638 Chrism
1676 3587 1844 3650 duce,

276 3680 467 3743 votiva;
521 3694 608 3733 me
654 3677 874 3732 feriunt.
917 3676 995 3729 Illi
1042 3676 1311 3729 b'anditur
1356 3676 1422 3730 de
1473 3674 1847 3741 conjunctione

273 3770 533 3831 vicinitas,
566 3785 653 3824 me
679 3769 744 3822 de
771 3767 1198 3837 sequestratione
1227 3768 1555 3835 compungit.
1610 3767 1745 3819 Ecce
1781 3765 1847 3816 de
1882 3756 1890 3763 ’

270 3872 476 3925 precum
511 3874 752 3912 mearum
785 3859 934 3926 fruge
973 3857 1113 3910 εοΙΙίι
1134 3857 1236 3910 ἰιοι·
1267 3874 1279 3907 :
1313 3866 1366 3908 et
1396 3857 1618 3924 adeptos
1642 3869 1738 3908 nos
1761 3896 1773 3918 ,
1802 3856 1845 3907 si

271 3949 382 4016 quid
411 3953 461 4003 in
497 3949 602 4003 hac
649 3958 795 4016 parte
824 3952 1151 4017 postulatum
1182 3959 1295 4012 est,
1327 3948 1466 4015 quod
1501 3963 1622 4001 cum
1652 3947 1846 4001 Clirisi

272 4054 388 4107 pace
413 4042 527 4095 dici
555 4040 738 4105 liceat,
789 4040 1100 4107 ingemisco.
1132 4039 1235 4092 Sed
1266 4041 1403 4090 inter
1430 4039 1543 4091 lucc
1590 4036 1681 4089 tali
1728 4038 1849 4089 dili-

274 4134 456 4198 gentiae
490 4130 774 4185 curatione
796 4140 1067 4184 sustentor
1103 4170 1118 4192 ,
1152 4144 1272 4196 quia
1301 4131 1553 4181 domuum
1589 4128 1845 4181 Aviennm

267 4232 611 4292 superantem
655 4233 772 4276 vota
804 4221 1157 4276 reddidimus.
1192 4221 1359 4274 Habet
1395 4222 1460 4274 de
1496 4221 1703 4289 origine
1730 4221 1848 4287 ejus

266 4314 422 4368 ltoma
472 4315 790 4381 iactantiam
815 4353 829 4373 ,
878 4311 1086 4381 Liguria
1119 4310 1185 4365 de
1215 4310 1457 4379 profectu
1493 4327 1505 4363 :
1546 4311 1614 4363 ibi
1650 4310 1849 4363 domno

266 4404 457 4459 Fausto
479 4405 625 4458 filius
645 4415 846 4458 natura:
869 4406 986 4473 lege
1009 4418 1293 4457 concessus
1307 4411 1409 4467 est,
1435 4401 1519 4454 hic
1545 4403 1846 4455 eruditione

1960 3243 2280 3296 quocanque
2327 3229 2651 3295 processeris
2677 3266 2690 3288 ,
2734 3224 2988 3278 imitanda
3018 3224 3291 3276 inveniunt
3325 3240 3339 3275 :
3380 3224 3534 3276 malis

1951 3318 2195 3387 fugienda
2250 3318 2710 3372 demonstrantur.
2748 3317 2939 3370 Beatus
2982 3324 3034 3367 tu
3061 3354 3077 3377 ,
3110 3312 3193 3368 cui
3241 3327 3269 3365 a
3303 3314 3410 3368 Deo
3441 3313 3535 3366 tri-

1963 3410 2144 3463 butum
2178 3418 2261 3463 est
2299 3416 2356 3460 ut
2382 3419 2440 3462 et
2471 3408 2689 3462 monitis
2717 3408 2910 3461 doceas
2936 3416 2989 3459 et
3018 3406 3284 3473 exemplis
3312 3422 3325 3457 :
3355 3407 3441 3473 qui
3469 3406 3534 3459 ad

1952 3502 2020 3565 pii
2046 3501 2109 3553 iti
2146 3502 2258 3554 eris
2305 3498 2568 3552 directum
2598 3513 2810 3567 semper
2849 3498 3083 3551 existens
3123 3497 3357 3565 prmvius
3394 3497 3531 3548 invi-

1945 3593 2071 3646 tasti
2110 3610 2122 3643 :
2164 3592 2281 3659 quis
2320 3606 2423 3642 non
2451 3600 2633 3657 optet,
2666 3599 2720 3642 te
2752 3590 3034 3656 loquente,
3076 3598 3134 3640 nt
3171 3587 3306 3641 sciat
3348 3587 3529 3654 plura,

1950 3699 2056 3737 non
2076 3682 2292 3750 legere?
2313 3682 2393 3734 Tu
2417 3681 2541 3734 dum
2568 3682 2716 3734 libris
2736 3681 2948 3749 genium
2974 3681 3231 3734 relat‘one
3253 3678 3532 3738 concilias,

1950 3783 2004 3829 et
2045 3754 2329 3841 magistros
2377 3773 2635 3824 informas
2688 3773 2825 3823 :tihi
2882 3771 3041 3824 debet
3089 3772 3388 3837 quicunque
3444 3770 3533 3821 ille

1950 3863 2273 3929 scriptorum
2330 3861 2626 3923 maximus,
2678 3859 2815 3927 quod
2866 3873 2988 3911 eum
3044 3858 3167 3911 dote
3210 3859 3532 3910 elocutionis

1951 3952 2269 4022 amplificas.
2318 3952 2374 4004 in
2430 3962 2481 4004 te
2526 3951 2613 4005 lux
2655 3949 2903 4004 convenit
2943 3949 3208 4001 sermonis
3237 3957 3292 4001 et
3327 3950 3530 4016 operis.

1951 4044 2102 4099 Unde
2136 4044 2247 4096 lucc
2290 4044 2643 4111 praerogativa
2678 4038 3080 4108 Transalpinis?
3111 4038 3254 4093 unde
3294 4041 3529 4108 parenti-

1951 4136 2049 4189 bus
2073 4137 2205 4188 meis
2237 4136 2564 4203 inauspirata
2596 4133 2918 4197 sublimitas,
2946 4141 3002 4184 ut
3039 4130 3198 4184 taletn
3223 4134 3397 4186 virum
3427 4134 3527 4183 mi-

1951 4226 2151 4279 serint?
2177 4225 2286 4279 Sed
2315 4240 2410 4279 cur
2449 4226 2587 4279 inter
2618 4235 2824 4278 terrena
2853 4223 3112 4291 quteritur
3139 4236 3226 4285 res
3263 4223 3529 4276 caelestis?

1955 4318 2127 4371 Pmu‘t
2157 4331 2285 4382 ergo
2314 4327 2437 4367 ante
2463 4325 2513 4368 te
2543 4315 2813 4379 quodlibet
2846 4312 3029 4379 palatii
3058 4312 3398 4380 supercilium
3425 4327 3529 4365 non

1954 4407 2167 4479 jacere?
2192 4407 2360 4471 potttit
2388 4390 2480 4455 tibi
2508 4404 2681 4467 cupita
2714 4402 3049 4460 subtrahere,
3079 4416 3233 4469 quem
3264 4402 3528 4453 mitiorem

265 4502 584 4562 pate'actus.
637 4497 808 4550 Minus
852 4497 950 4550 fuit
1012 4511 1131 4549 cum
1178 4496 1528 4564 generalitate
1577 4494 1843 4547 hominem
1882 4487 1931 4544 1)
1958 4500 2145 4554 ovibus
2177 4498 2292 4549 sola
2338 4494 2535 4547 faciunt
2566 4502 2740 4545 errata
2770 4493 3096 4560 pugnacem?
3128 4492 3306 4544 Latins
3350 4506 3436 4543 me
3478 4500 3531 4543 et

262 4591 421 4652 nasci,
452 4604 621 4657 quam
646 4589 785 4656 quod
819 4588 1129 4641 inimitabilc
1151 4587 1449 4648 videbatur,
1477 4585 1656 4638 Fausti
1685 4585 1847 4638 sobo-

262 4681 357 4733 lem
387 4680 765 4750 comprobari.
802 4680 1114 4734 Relcramus
1146 4679 1209 4731 ad
1243 4679 1405 4731 Deum
1436 4677 1694 4730 benelicia
1722 4691 1846 4741 sua,

261 4780 309 4823 et
325 4772 424 4838 ipsi
447 4786 557 4840 pro
576 4772 668 4824 illo
691 4771 1066 4826 redhibeamus
1083 4770 1303 4839 gratias,
1333 4783 1363 4820 a
1392 4783 1498 4836 quo
1514 4767 1852 4836 poposcimus

328 4888 341 4912 ‘
383 4883 623 4937 Caesarie
668 4880 926 4951 episcopo]
974 4882 1291 4935 Arelatensi.
1345 4881 1744 4951 Episcoporum
1773 4880 1851 4934 sui

264 4955 433 5006 szecull
448 4995 463 5015 ,
503 4954 700 5019 utjurc
719 4964 870 5006 vocat
895 4952 1184 5011 lannodius,
1208 4952 1559 5011 nobilissimo,
1579 4950 1786 5004 doctrin
1807 4972 1840 5012 ο,

262 5024 596 5090 eloquentia,
620 5022 740 5074 vita:
759 5022 1040 5075 sanctitate
1062 5021 1379 5074 clarissimo.
1409 5022 1453 5070 Is
1471 5035 1600 5084 ergo
1622 5020 1844 5072 cnulicta

265 5092 643 5144 criminatione
664 5092 727 5143 ad
760 5091 1143 5144 Theodericum
1172 5091 1401 5155 delatus,
1436 5090 1845 5159 ltavennainqm-

266 5161 357 5212 sub
382 5162 637 5216 custodia
672 5169 991 5228 pertractus,
1025 5161 1246 5226 angelici
1284 5161 1460 5211 vultus
1503 5168 1717 5225 aspectu
1740 5199 1755 5221 ,
1794 5172 1847 5213 et

266 5229 683 5285 innnemitizesei
702 5231 892 5283 uritate
905 5245 1079 5297 regem
1100 5234 1167 5282 ita
1186 5231 1466 5297 permovit,
1484 5239 1536 5280 ut
1558 5247 1659 5282 non
1675 5232 1844 5280 solum

267 5311 449 5363 pacate
468 5300 1342 5366 humaniterqueillumexccperit.
1368 5301 1458 5351 «ed
1475 5301 1665 5351 oblatis
1687 5300 1844 5349 etiam

267 5371 586 5424 muneribus
616 5371 928 5423 honestaril.
951 5368 1057 5423 Nec
1080 5370 1276 5435 dispari
1307 5379 1429 5421 ante
1448 5371 1652 5433 aliquot
1679 5384 1845 5418 annos

268 5452 482 5504 eventu,
533 5455 656 5493 eum
684 5439 975 5508 Visigotltis
1012 5440 1184 5492 adhuc
1229 5450 1441 5507 pareret
1477 5440 1719 5494 Arelate.
1751 5437 1845 5488 fil-

269 5522 444 5575 szrqlte
478 5510 799 5579 proditionis
830 5522 1102 5561 accusatus
1140 5511 1277 5576 apud
1320 5509 1587 5579 Alaricutn
1635 5508 1840 5579 luisset,

267 5594 384 5630 runt
412 5576 624 5634 honore
652 5593 833 5646 postea
854 5580 1101 5632 dimissus
1120 5591 1221 5633 eSI.
1255 5579 1539 5646 Utramque
1572 5576 1602 5627 h
1627 5577 1843 5628 stnriani

224 5666 225 5669 ‘
262 5651 361 5707 ille
394 5652 576 5715 priore
597 5645 682 5704 hic
712 5665 887 5703 sermo
908 5660 985 5702 est
1019 5648 1281 5711 Ennodin)
1307 5650 1396 5699 lib.
1428 5663 1441 5699 ι
1470 5645 1598 5698 Viue
1627 5646 1842 5699 Ctesavii

271 5722 588 5781 reniplexus
620 5729 701 5773 es:
733 5721 1043 5781 Cvprianus.
1077 5717 1240 5779 Cujus
1266 5718 1423 5769 etiam
1460 5718 1647 5770 librmn
1679 5733 1709 5769 ιι
1754 5719 1840 5773 uni

1956 4594 2203 4645 meritmn
2236 4598 2470 4641 vestrum
2500 4594 2653 4638 vocat
2682 4592 2734 4636 et
2762 4583 3032 4653 diligentia
3069 4602 3079 4636 :
3117 4584 3207 4637 sed
3243 4584 3531 4651 loquacita-

1956 4691 2061 4735 tem
2104 4694 2276 4732 meam
2310 4678 2393 4730 lex
2437 4676 2737 4743 epistolaris
2763 4674 3004 4728 includit.
3057 4672 3205 4741 Quod
3251 4685 3527 4740 superest,

1958 4770 2168 4838 benigni
2216 4767 2485 4822 servitutis
2516 4781 2647 4819 mea:
2685 4778 2874 4818 munus
2918 4766 3173 4831 accipite,
3224 4773 3279 4817 et
3306 4778 3390 4816 me
3422 4763 3531 4817 Deo

1960 4883 2012 4935 in
2045 4880 2181 4936 Sttrii
2224 4879 2455 4933 editione
2485 4876 2836 4942 desideratur,
2872 4877 2921 4927 in
2961 4875 3019 4928 S.
3055 4876 3255 4928 Martini
3281 4876 3530 4929 cmnoltin

1962 4950 2243 5006 Paristeusi
2274 4949 2502 5002 vidimus
2521 4988 2535 5008 ,
2586 4947 2653 5000 de
2676 4945 2944 4998 miraculis
2974 4949 3029 4998 ὃ.
3059 4946 3277 4998 Cmsarii
3305 4947 3531 5013 ejusijno

1954 5024 2101 5076 obitu
2122 5022 2475 5087 compositum
2511 5035 2525 5072 :
2558 5018 2609 5070 in
2640 5032 2746 5083 quo
2774 5025 2964 5087 prmter
2993 5016 3093 5068 alia
3125 5015 3392 5087 Liberium
3439 5032 3532 5084 pa-

1954 5095 2161 5147 tricium
2195 5086 2395 5154 narrat,
2431 5089 2607 5142 lethali
2640 5088 2838 5140 lancea:
2866 5086 3086 5139 vulnere
3113 5086 3420 5141 confossum
3467 5102 3531 5138 ac

1955 5179 2087 5228 pene
2105 5162 2422 5223 exanimem,
2446 5159 2657 5211 admota
2675 5157 2889 5228 Ca-sarji
2914 5166 3062 5228 veste
3084 5166 3323 5210 curatum
3341 5158 3363 5209 f
3365 5158 3529 5228 uisse.

1958 5226 2125 5283 Varim
2155 5240 2410 5295 praetcrea
2442 5236 2655 5281 exsmnt
2683 5226 2988 5293 pontiﬁcum
3023 5226 3382 5278 Romanorum
3414 5227 3528 5291 epi-

1952 5303 2105 5353 stola:
2134 5299 2199 5352 ad
2247 5298 2558 5352 Caesarium.
2615 5300 2667 5350 In
2700 5297 2891 5366 quibus
2920 5307 2972 5349 et
3022 5297 3109 5350 illa
3148 5295 3366 5358 Felicis,
3411 5309 3530 5361 qum

1962 5373 2108 5423 virns
2131 5370 2317 5422 doctos
2347 5370 2538 5420 frustra
2568 5365 2806 5421 exercuit
2849 5368 2918 5419 ob
2954 5367 3257 5434 depravata:
3296 5365 3528 5434 subscri-

1960 5442 2154 5508 pttonis
2184 5438 2565 5507 suspicionem,
2599 5439 2747 5505 quasi
2780 5437 2835 5489 P.
2867 5437 2927 5491 C.
2958 5432 3122 5508 Boetii
3166 5436 3359 5497 scripta
3388 5432 3530 5482 dica-

1958 5506 2042 5563 tur
2078 5528 2090 5561 :
2127 5526 2248 5563 cum
2283 5508 2609 5563 Arelatensis
2633 5508 2799 5559 codex
2844 5521 2907 5558 ex
2940 5521 3044 5573 quo
3074 5506 3383 5573 deprompta
3416 5509 3527 5573 εειξ

1954 5581 2154 5633 diserte
2211 5580 2420 5631 habeat.
2472 5577 2529 5630 P.
2572 5578 2631 5628 (Σ.
2686 5577 2799 5628 Matt
2838 5570 3074 5635 nrt,'seu
3116 5570 3388 5631 Mavortii,
3436 5571 3529 5635 qui

1955 5665 2123 5703 annos
2162 5659 2278 5703 erat
2302 5648 2497 5701 Christi
2527 5647 2628 5699 5‘28
2657 5645 2859 5699 Felicis'
2879 5643 2938 5694 IV
2967 5655 3115 5709 papa:
3138 5637 3426 5695 secundus.
