4186 6252
298 390 399 445 169

1208 389 1680 480 PANEGYRICUS
1710 392 2147 451 THEODEIIICO
2176 396 2336 451 REGI
2378 397 2640 455 DICTUS.

3469 402 3567 456 170

302 505 374 558 ab
403 498 656 556 humanis
710 501 883 571 poscit
903 501 1130 572 ingeniis
1154 543 1169 569 ,
1209 505 1311 560 nisi
1344 516 1400 561 ut
1431 509 1745 580 intelligant,
1779 525 1887 580 quo
1915 515 1967 572 A
1997 527 2155 569 nemo
2180 513 2528 585 indignationi
2551 524 2655 570 tuae
2677 514 2774 569 nisi
2799 513 3096 569 humilitate
3126 514 3430 572 subtractus
3453 528 3568 584 est;

303 596 482 651 veniat
534 603 757 649 auctore
803 595 941 664 quod
990 596 1224 667 sapiunt.
1274 597 1417 654 Inter
1465 600 1573 656 Deo
1611 604 1888 672 proximos

298 686 584 758 agnovisse
612 686 701 755 qui
742 687 1029 756 praestitit,
1080 688 1379 745 reddidisse
1404 701 1486 747 est
1515 692 1831 750 beneficium
1870 712 1886 750 :

294 777 441 850 quod
470 777 753 834 descendit
781 792 811 832 a
839 778 1070 847 superis,
1100 780 1213 834 sola
1244 780 1561 853 hymnorum
1586 784 1711 841 licet
1748 801 1890 842 mer-

294 873 429 929 cede
483 871 702 926 taxari:
750 870 1040 927 fabricator
1084 875 1270 929 mundi
1302 875 1370 930 ad
1420 878 1628 946 potiora
1664 894 1890 936 munera

293 962 586 1019 modulatis
628 962 884 1017 invitatur
912 963 1164 1033 eloquiis.
1210 964 1413 1032 Dicite,
1460 968 1505 1023 si
1536 984 1642 1024 non
1673 972 1881 1040 prtemii

294 1055 418 1111 loco
461 1054 642 1124 opifici
668 1070 766 1108 suo
795 1053 975 1124 lingua
1007 1054 1300 1111 blanditur.
1324 1056 1591 1127 Jungitur,
1621 1062 1762 1130 quod
1815 1063 1884 1118 de

297 1145 537 1203 sacrario
586 1145 773 1201 mundi
815 1147 1047 1216 pectoris
1092 1146 1327 1203 laudatio
1371 1150 1533 1205 debet
1579 1151 1891 1221 principalis

297 1237 517 1294 efï¬‚uere
552 1255 567 1291 :
600 1252 701 1293 nec
741 1238 914 1292 solum
947 1237 1140 1307 lingua:
1192 1240 1421 1295 nitorem
1468 1244 1703 1311 postulat
1742 1258 1890 1299 com-

298 1329 616 1386 memoratio
638 1331 873 1384 numinis
897 1330 992 1399 tui,
1021 1331 1161 1387 hono
1181 1334 1476 1389 asserenda
1519 1320 1888 1392 conscientiae.

296 1424 357 1481 ln
386 1424 581 1479 divinis
608 1420 885 1494 Obsequiis
913 1424 1105 1479 feriato
1146 1441 1240 1481 ore
1275 1428 1482 1497 peragit
1512 1443 1666 1483 mens
1692 1444 1890 1485 serena

301 1518 625 1574 sacrificium
670 1533 684 1570 :
716 1526 936 1572 actuum
978 1520 1217 1573 munitus
1248 1520 1494 1576 claritate
1515 1566 1530 1589 ,
1561 1522 1616 1575 in
1665 1522 1892 1577 aetherio

299 1612 445 1665 cultu
476 1610 633 1664 etiam
680 1618 862 1664 mutus
899 1607 1232 1679 obsequitur.
1293 1611 1437 1682 Ergo
1480 1623 1534 1667 et
1564 1629 1650 1669 me
1706 1614 1890 1669 titulus

301 1703 395 1774 qui
418 1703 635 1758 obstare
661 1702 968 1771 putabatur,
1003 1702 1190 1757 invitat
1215 1719 1230 1768 ;
1264 1706 1472 1779 utinam
1497 1705 1745 1761 mundior
1771 1720 1892 1774 pro-

304 1795 474 1851 fessio
501 1794 696 1850 haheat
723 1794 1068 1849 concordiam
1096 1810 1219 1850 cum
1241 1790 1486 1862 secretis,
1518 1812 1587 1852 ne
1611 1796 1893 1853 dissentiat

315 1890 575 1962 splendor
594 1892 777 1947 cordis
804 1906 833 1945 a
857 1906 1102 1961 corpore.

376 1983 537 2038 Salve
576 1998 760 2049 nunc,
814 1999 1000 2053 regum
1057 1984 1324 2051 maxime,
1372 1985 1424 2039 in
1456 1984 1611 2054 cujus
1655 1985 1892 2041 dominio

303 2089 552 2144 saporem
572 2091 729 2129 suum
760 2076 1101 2145 ingenuitatis
1130 2078 1279 2147 vigor
1303 2078 1535 2148 agnovit.
1564 2078 1750 2147 Salve,
1783 2089 1895 2134 sta-

312 2173 401 2219 tus
430 2164 743 2233 reipublicae
773 2183 785 2217 :
822 2181 945 2220 nam
973 2165 1125 2222 nefas
1146 2176 1251 2234 est,
1276 2168 1566 2237 separatim
1595 2184 1625 2223 a
1656 2178 1706 2224 te
1734 2170 1893 2225 simul

309 2256 509 2311 collata
542 2271 792 2325 narrare,
836 2267 889 2312 et
918 2259 1077 2314 unius
1125 2259 1262 2313 bona
1306 2261 1564 2329 temporis
1605 2262 1893 2316 verborum

303 2348 571 2403 divisione
620 2349 947 2405 discernere.
979 2350 1039 2405 Si
1075 2350 1213 2406 bella
1250 2352 1393 2422 regis
1433 2356 1540 2408 mei
1577 2369 1854 2409 numerem
1877 2396 1893 2421 ,

305 2447 384 2493 tot
422 2438 676 2507 invenio,
712 2450 841 2509 quot
873 2441 1169 2510 triumphos
1201 2445 1549 2513 :congressui
1581 2454 1671 2499 tuo
1719 2446 1897 2501 nullus

310 2528 571 2597 hostium,
615 2532 715 2585 nisi
743 2533 831 2601 qui
862 2532 1106 2590 laudibus
1136 2536 1445 2605 adderetur,
1466 2540 1698 2594 occurrit
1724 2558 1735 2591 :
1761 2540 1897 2595 mili-

312 2623 440 2675 tavit
465 2624 706 2692 tropazis,
740 2624 832 2693 qui
864 2625 1061 2680 restitit
1083 2627 1346 2682 voluntati
1380 2646 1395 2683 :
1421 2644 1543 2683 nam
1565 2645 1777 2699 semper
1806 2641 1900 2685 aut

310 2714 496 2783 pietati
529 2724 637 2769 tuae
668 2716 876 2786 peperit
904 2718 1175 2789 subjectus
1217 2720 1443 2789 gloriam
1470 2763 1484 2787 ,
1516 2729 1607 2775 aut
1647 2722 1739 2792 qui
1762 2737 1896 2791 prte-

312 2806 546 2874 sumpsit
567 2808 692 2872 tela,
712 2808 918 2863 virtuti.
941 2809 1041 2877 Qui
1065 2820 1115 2865 te
1140 2811 1192 2866 in
1209 2813 1325 2867 acie
1345 2815 1644 2883 conspexit,
1679 2828 1898 2883 supera-

310 2905 402 2951 tus
430 2907 543 2961 est;
568 2898 654 2971 qui
682 2901 732 2953 in
758 2914 906 2971 pace,
937 2900 1012 2955 nil
1040 2903 1217 2957 timuit
1250 2921 1264 2956 :
1296 2920 1397 2960 nec
1438 2906 1723 2974 promissio
1744 2921 1900 2961 vene-

309 2989 501 3046 rabilis
559 2991 873 3047 claudicavit
920 2993 1063 3049 inter
1100 2994 1383 3066 prospera;
1434 3012 1533 3052 nec
1580 3013 1770 3067 passus
1815 3006 1900 3052 est

309 3098 516 3138 moram
553 3085 705 3155 vigor
746 3086 800 3140 in
847 3087 1063 3155 praeliis.
1115 3088 1278 3144 Callis
1312 3099 1433 3143 tuus
1469 3091 1638 3145 multo
1672 3091 1900 3147 vallatus

310 3174 615 3240 obstaculo,
647 3184 698 3231 et
722 3176 1059 3246 quotidianas
1085 3179 1338 3234 victorias
1360 3179 1515 3244 vidit,
1534 3190 1587 3235 et
1607 3180 1899 3245 profectio-

313 3268 394 3324 nis
431 3267 760 3325 detrimenta
787 3284 893 3325 non
922 3271 1105 3325 attulit
1135 3287 1149 3325 :
1177 3273 1254 3327 sic
1276 3271 1613 3326 inimicorum
1642 3273 1899 3327 interclu-
1929 3261 1976 3325 C

315 3373 408 3415 sus
451 3362 786 3430 agminibus,
823 3373 881 3417 ut
912 3372 1133 3433 negaret
1158 3378 1434 3418 accessum
1470 3382 1481 3415 :
1514 3364 1593 3418 sic
1624 3373 1714 3418 tuo
1758 3375 1905 3434 pate-

314 3452 483 3505 factus
512 3452 749 3521 impulsu
769 3495 784 3519 ,
815 3455 969 3524 quasi
1008 3455 1238 3510 hostium
1272 3455 1606 3524 providentia
1638 3457 1712 3512 nil
1742 3472 1903 3512 noce-

316 3553 420 3597 ret.
448 3542 576 3597 }Iaec
600 3545 644 3599 si
672 3545 917 3601 felicitati
949 3557 1052 3601 tuae
1083 3547 1401 3602 ascribenda
1427 3558 1591 3629 sunt,
1617 3556 1701 3603 est
1746 3549 1903 3619 plena

316 3630 420 3687 dos
458 3633 710 3705 principis
760 3654 773 3687 :
822 3638 969 3692 omni
1017 3638 1221 3694 honore
1268 3640 1566 3709 angustior,
1616 3640 1663 3693 si
1707 3640 1900 3696 labori.

313 3722 497 3780 Prima
547 3726 753 3783 dextris
776 3730 1063 3798 ominibus
1101 3741 1287 3786 contra
1325 3742 1570 3787 naturam
1610 3733 1901 3788 certamina

312 3820 640 3889 suscipiens,
669 3837 737 3876 ne
760 3823 1049 3879 resistendi
1079 3839 1203 3893 spes
1224 3824 1620 3896 relinqueretur
1650 3826 1900 3894 inimicis,

308 3912 489 3967 varias
530 3912 627 3968 tibi
654 3913 771 3968 loco
800 3916 1043 3986 principe
1066 3918 1191 3973 coeli
1221 3917 1384 3988 leges,
1424 3928 1683 3973 terrarum
1730 3919 1904 3973 muni-

311 4004 494 4073 mina,
547 4004 827 4062 ï¬‚uminum
864 4009 880 4039 Â³
909 4011 1162 4080 superbia
1204 4012 1509 4068 subdidisti.
1567 4013 1816 4077 Mentior,
1856 4013 1903 4067 si

308 4110 558 4166 unquam
589 4098 863 4168 dispositis
889 4105 964 4156 tui
986 4102 1425 4173 impedimentum
1455 4103 1698 4158 exhibuit
1719 4104 1900 4172 ardor,

306 4198 406 4243 aut
434 4188 611 4260 frigus
640 4209 653 4245 :
684 4192 729 4245 si
760 4200 971 4249 tumore
1008 4195 1298 4266 gurgitum,
1342 4196 1390 4251 si
1420 4194 1635 4251 bibendi
1667 4196 1905 4251 necessi-

305 4290 428 4336 tate
452 4284 779 4339 constrictus
808 4300 867 4341 es
913 4299 927 4344 :
960 4288 1007 4341 si
1036 4288 1250 4358 Alpium
1272 4288 1421 4358 juga,
1449 4289 1469 4319 Â³
1500 4289 1765 4343 connexis
1793 4286 1904 4356 poli

304 4374 650 4431 sublimitate
674 4377 895 4446 sociata,
924 4380 1170 4436 cursibus
1192 4381 1297 4435 tuis
1319 4381 1548 4436 attulere
1577 4379 1903 4434 tarditatem.

300 4467 640 4522 Ne'scierunt
666 4470 945 4537 resistere,
975 4486 1111 4540 quos
1135 4472 1358 4527 devictis
1388 4473 1628 4527 locorum
1651 4469 1906 4526 munitio-

300 4559 479 4614 nibus
526 4559 775 4616 invenisti
826 4563 995 4631 :quia
1039 4578 1260 4620 securos
1310 4563 1509 4619 faciunt
1565 4566 1858 4633 interrupta
1885 4604 1899 4628 ,

1993 618 2113 658 cum
2167 604 2219 658 in
2252 606 2517 660 sociorum
2553 606 2867 676 profecisset
2895 621 3151 676 numero,
3204 608 3293 677 qui
3345 611 3572 678 rogavit.

1990 696 2106 750 Non
2139 697 2233 751 tibi
2273 699 2482 766 ignotus
2521 708 2604 754 est
2640 699 2787 767 algor
2834 698 3070 769 Scythia:
3112 717 3125 753 :
3174 714 3278 754 non
3311 700 3529 756 Meroen
3553 744 3570 767 ,

1993 796 2085 843 aut
2113 788 2363 844 anhelum
2390 789 2613 845 aestibus
2640 790 2931 858 Cancrum,
2964 801 3022 845 ut
3046 791 3268 847 alterius
3299 806 3579 861 possessor

1993 878 2174 942 orbis,
2203 879 2465 949 ignoras:
2513 879 2747 935 didicisti
2794 884 3044 937 universa
3093 883 3407 954 subigendo,
3457 899 3581 955 quae

1999 969 2153 1024 nobis
2180 970 2265 1023 vix
2289 971 2471 1025 auditu
2499 980 2803 1041 patuerunt.
2836 971 2963 1026 Haec
2987 972 3203 1041 quidem
3229 974 3432 1043 majora
3458 985 3583 1028 sunt

1996 1061 2258 1117 homine:
2293 1063 2386 1117 sed
2439 1063 2530 1133 qui
2577 1063 2643 1117 ad
2688 1063 2875 1119 mundi
2922 1073 3138 1133 paratur
3183 1065 3580 1134 gubernacula,

2000 1167 2224 1208 necesse
2251 1164 2333 1209 est
2363 1163 2421 1208 ut
2450 1155 2712 1210 universis
2744 1157 2925 1210 veniat
2956 1156 3263 1211 cardinibus
3286 1157 3581 1215 institutus.

2004 1240 2174 1296 Nimis
2201 1243 2460 1297 velociter
2491 1253 2700 1313 tempus
2748 1254 2970 1299 maturat
3020 1245 3191 1300 laudis
3232 1246 3432 1317 arripui
3465 1266 3479 1303 :
3529 1258 3585 1303 et

1995 1335 2147 1404 quasi
2177 1350 2281 1389 non
2316 1337 2369 1389 in
2395 1336 2703 1405 primordiis
2729 1337 2923 1392 ï¬‚uvius
2961 1340 3122 1393 etiam
3154 1341 3405 1394 torrentis
3435 1340 3585 1395 fatis-

1994 1437 2081 1482 cat
2108 1429 2321 1497 ingenii,
2339 1428 2414 1484 sic
2439 1445 2534 1499 per
2561 1431 2887 1485 narrationis
2911 1430 3105 1486 famem
3131 1432 3307 1501 fruges
3332 1433 3585 1501 perfectae

1994 1519 2167 1573 aetatis
2195 1519 2385 1574 invasi.
2438 1521 2763 1576 Laurearum
2790 1522 3008 1576 ordines
3037 1523 3252 1589 quarit,
3285 1522 3377 1592 qui
3405 1532 3457 1578 et
3494 1539 3583 1602 ce-

1994 1609 2208 1666 leritate
2256 1627 2439 1667 earum
2476 1623 2762 1683 superatur
2810 1624 2864 1670 et
2917 1630 3163 1671 numero.
3207 1613 3375 1670 Citius
3412 1631 3441 1668 a
3500 1625 3584 1677 te,

1993 1703 2342 1760 invictissime
2367 1748 2383 1773 ,
2428 1706 2653 1776 insignia
2688 1724 2808 1778 quae
2839 1711 3135 1765 reteximus
3166 1710 3383 1779 impleta
3428 1720 3581 1775 sunt,

1996 1809 2153 1862 quam
2186 1796 2452 1851 dicantur.
2492 1798 2623 1865 Quis
2655 1798 2795 1853 ferat
2835 1800 2889 1854 in
2918 1809 3191 1869 gestorum
3223 1816 3440 1855 suorum
3469 1802 3584 1855 elo-

1932 1890 1982 1951 B
2007 1889 2222 1945 cutione
2249 1899 2518 1961 torporem
2539 1934 2553 1959 ,
2584 1906 2739 1961 quem
2768 1892 2820 1944 in
2851 1891 3062 1947 actione
3086 1906 3191 1946 non
3219 1891 3439 1960 pertulit
3457 1894 3479 1943 â€™á¼°

2082 1987 2100 2017 Â³
2133 1984 2391 2038 Educavit
2412 1990 2465 2038 te
2490 1983 2544 2037 in
2566 1982 2770 2052 gremio
2795 1982 3069 2037 civilitatis
3091 1982 3321 2048 Graecia,
3346 1997 3584 2052 praesaga

1997 2076 2211 2134 venturi
2243 2090 2258 2128 Îµ
2289 2088 2448 2145 quem
2479 2073 2551 2127 ita
2579 2073 2882 2144 ingressum
2912 2074 3035 2128 vita:
3060 2074 3219 2127 limen
3246 2074 3502 2137 erudivit,
3531 2082 3585 2127 ut

1997 2174 2124 2228 dum
2162 2170 2336 2226 adhuc
2362 2169 2430 2224 de
2455 2183 2622 2238 puero
2652 2170 2873 2224 haberet
2898 2168 3222 2223 hilaritatem
3246 2211 3259 2234 ,
3297 2184 3420 2223 mox
3468 2184 3586 2223 eam

1998 2271 2317 2334 sequeretur
2351 2261 2612 2317 securitas
2655 2260 2724 2317 de
2756 2271 2953 2317 tutore.
2987 2261 3176 2316 Adhuc
3200 2261 3253 2316 in
3281 2276 3416 2315 cano
3455 2246 3587 2317 ï¬‚orâ€™e

1999 2358 2228 2429 degehas
2257 2354 2665 2422 adolescentia,
2696 2368 2794 2408 nec
2826 2354 3080 2407 virtutum
3124 2349 3354 2407 messem
3384 2352 3589 2407 lacteus

2000 2462 2126 2509 ante
2156 2452 2583 2522 experimentum
2615 2449 2825 2504 culmus
2854 2449 3111 2503 attulerat
3146 2465 3157 2498 :
3188 2446 3366 2501 adhuc
3395 2446 3590 2500 blanda

2003 2556 2119 2603 erat
2158 2542 2335 2617 imago
2366 2543 2736 2615 pubescentis,
2770 2558 2868 2598 nec
2890 2542 3113 2611 cingens
3159 2540 3351 2595 faciem
3395 2539 3590 2610 lanugo

2003 2640 2236 2696 vestibat
2270 2657 2281 2692 :
2318 2637 2533 2706 quando
2560 2636 2658 2691 tevi
2685 2650 2920 2706 purpura
2963 2645 3016 2689 et
3048 2633 3301 2689 ï¬‚osculus
3330 2647 3592 2702 superve-

2003 2732 2203 2787 nientis
2248 2730 2455 2800 imperii
2488 2727 2838 2798 promittebat
2869 2724 3114 2781 sollicitis
3145 2725 3212 2780 de
3233 2726 3417 2796 gratiae
3444 2740 3590 2781 com-

2006 2822 2302 2878 mutatione
2333 2830 2622 2886 terrorem,
2652 2835 2772 2873 cum
2804 2818 2857 2872 in
2890 2818 3258 2887 probationem
3299 2818 3509 2873 roboris
3539 2825 3593 2874 et

2005 2916 2303 2971 clementiae
2335 2925 2437 2969 tuae
2461 2914 2633 2983 ruptis
2660 2912 2883 2967 vinculis
2915 2910 3061 2965 furor
3087 2911 3307 2965 emicuit
3334 2928 3347 2964 :
3381 2918 3437 2965 et
3456 2911 3592 2966 evis-

2005 3016 2213 3062 ceratas
2266 3007 2512 3061 diuturna
2568 3004 2746 3073 quiete
2794 3013 3002 3058 mentes
3050 3004 3348 3058 occasionis
3395 3004 3593 3071 pabqu

2004 3099 2326 3168 subjugavit.
2356 3099 2377 3129 â¸
2402 3097 2561 3152 Pulsa
2582 3104 2664 3151 est
2692 3096 2964 3164 extemplo
2998 3095 3306 3164 principalis
3329 3097 3462 3151 urbe
3503 3111 3594 3151 re-
3658 3104 3667 3107 â€œ

2006 3190 2281 3254 verentia,
2329 3197 2384 3243 et
2428 3190 2483 3241 in
2514 3202 2734 3242 vacuam
2778 3186 3179 3258 possessionem
3211 3188 3359 3243 nullo
3395 3190 3594 3245 ascitus

2008 3279 2269 3351 sanguine
2294 3288 2557 3349 tyrannus
2584 3278 2813 3334 accessit
2842 3296 2853 3331 :
2882 3277 2972 3347 qui
3001 3277 3122 3331 aula
3154 3280 3375 3347 potitus,
3406 3272 3595 3335 á¼„ÎµÎ¾á¿†Î·á½·-

2010 3373 2107 3439 vit,
2137 3386 2416 3442 posuquam
2449 3381 2594 3425 metu
2628 3370 2813 3425 hostes
2842 3384 2970 3424 suos
3020 3368 3412 3438 debellaverat,
3466 3372 3595 3428 nihil

2010 3478 2296 3536 superesse
2324 3462 2467 3534 quod
2495 3470 2708 3533 gereret
2759 3478 2773 3516 :
2805 3474 2928 3517 cum
2956 3460 3165 3515 animos
3199 3470 3318 3516 tuos
3344 3464 3460 3517 sine
3495 3475 3596 3516 an-

2009 3572 2198 3612 norum
2249 3554 2502 3623 suï¬‚ragio
2543 3552 2755 3622 impulit
2796 3552 2886 3606 lux
2926 3559 3166 3618 naturae,
3208 3566 3275 3605 ne
3315 3560 3407 3605 aut
3433 3567 3597 3607 causa

2014 3647 2206 3703 melior
2236 3656 2288 3700 te
2316 3659 2497 3701 coram
2531 3642 2703 3711 posito
2731 3642 3033 3711 subjaceret
3064 3659 3075 3693 :
3119 3650 3210 3696 aut
3241 3656 3345 3696 non
3393 3642 3593 3698 benefi-

2008 3739 2148 3795 cium
2197 3737 2534 3794 necessitatis
2564 3746 2807 3802 tempore
2843 3733 3129 3800 redderes,
3162 3734 3303 3803 quod
3335 3735 3479 3802 pacis
3507 3749 3594 3789 ae-

2008 3849 2248 3904 ceperas.
2279 3832 2334 3887 In
2381 3832 2509 3901 ipsis
2532 3829 2929 3900 congressionis
2950 3838 3056 3884 tua:
3085 3829 3288 3884 foribus
3314 3830 3478 3885 cessit
3514 3831 3595 3884 in-

2008 3942 2194 3993 vasor,
2242 3940 2359 3980 cum
2394 3923 2619 3994 profugo
2672 3938 2766 3993 per
2805 3932 2854 3976 te
2878 3930 3087 3990 sceptra
3133 3921 3487 3976 redderentur
3519 3922 3589 3977 de

2009 4019 2179 4076 salute
2199 4017 2486 4073 dubitanti.
2508 4014 2841 4071 Ventilemus
2872 4012 3153 4080 historias,
3195 4009 3593 4084 interrogentur

2010 4109 2227 4164 annales
2256 4126 2266 4159 :
2314 4108 2455 4179 apud
2483 4121 2614 4177 quos
2643 4105 2917 4171 constitit,
2951 4104 3191 4160 refusum
3222 4104 3395 4159 exsuli
3427 4120 3588 4174 quem

2008 4215 2201 4257 cruore
2221 4215 2320 4256 suo
2344 4215 2435 4254 rex
2457 4198 2667 4268 genitus
2688 4204 2914 4262 emerat,
2932 4196 3323 4266 principatum?
3340 4196 3563 4251 Castren
3577 4226 3593 4235 Ï‚

2009 4292 2084 4347 sis
2119 4292 2287 4361 gloria
2317 4300 2611 4345 turmarum
2640 4287 3047 4356 participatione
3078 4286 3400 4355 dispergitur
3430 4305 3442 4338 :
3491 4302 3591 4342 nec

2008 4382 2075 4438 ad
2101 4395 2265 4434 unum
2307 4377 2495 4433 referri
2523 4386 2698 4445 potest
2727 4374 2868 4443 quod
2900 4374 3105 4428 venerit
3130 4375 3415 4429 collatione
3455 4376 3592 4429 mul-

2012 4480 2207 4527 torum.
2241 4466 2536 4538 Singularis
2575 4465 2701 4519 boni
2731 4465 3041 4527 fructusest
3068 4462 3373 4519 ambitionis
3418 4466 3590 4518 refre-

2010 4563 2156 4619 natio
2213 4580 2226 4615 :
2278 4561 2368 4616 illo
2417 4560 2652 4615 maxime
2702 4566 2976 4626 tempore,
3034 4568 3140 4624 quo
3169 4554 3286 4609 sine
3321 4555 3593 4624 opinionis

300 4667 453 4723 quos
486 4662 800 4722 protegunt;
830 4666 883 4709 et
908 4656 1101 4711 laxatis
1138 4657 1193 4711 in
1224 4657 1335 4712 otio
1364 4656 1556 4711 animis
1580 4657 1782 4719 vivunt,
1813 4654 1900 4725 qui
1928 4638 1983 4700 Î™)
2007 4655 2205 4711 damno
2237 4652 2408 4723 possis
2438 4650 2695 4721 acquisita
2726 4648 2979 4704 retinere.
3016 4645 3119 4700 Par
3149 4653 3233 4713 te,
3263 4645 3459 4716 inclyte
3490 4646 3591 4701 do-

302 4744 522 4797 tutiora
555 4744 907 4812 possederint.
937 4747 1210 4803 Adversus
1246 4757 1299 4804 te
1337 4762 1438 4803 nec
1463 4748 1782 4817 campestris
1809 4747 1904 4802 ha-

295 4835 513 4891 bitatio
542 4850 694 4904 pares
728 4838 977 4905 protulit;
1008 4853 1108 4896 nec
1138 4855 1272 4911 quos
1300 4841 1548 4910 amplexa
1576 4848 1700 4893 sunt
1728 4839 1903 4904 invia,

297 4929 419 4984 nisi
449 4929 782 4985 exstiterunt
811 4932 1079 5002 supplices
1098 4973 1112 4997 ,
1143 4949 1174 4988 a
1200 4933 1600 5003 depraedatione
1626 4930 1902 4986 subduxit.

294 5022 368 5077 In
423 5022 771 5090 possessione
817 5032 903 5079 tua
956 5026 1162 5094 positus
1188 5023 1641 5080 sineformidine
1693 5021 1907 5077 divitias

294 5108 581 5169 indicavit
620 5132 633 5168 :
680 5130 781 5171 nec
808 5116 1065 5172 rebellem
1090 5116 1265 5187 juvit,
1296 5117 1342 5173 si
1386 5132 1587 5189 pauper
1628 5115 1855 5171 innotuit
1888 5132 1901 5166 :

383 5229 403 5300 Î¾
440 5226 721 5300 Editiones
748 5229 959 5300 aliquae,
988 5233 1228 5299 superba.

381 5299 407 5369 Î¾
442 5298 723 5369 Î•á¾·á¼±Î¹á½·Î¿Î·ÎµÏ‚
744 5298 956 5369 aliqua},
991 5305 1221 5356 convexi.

386 5368 410 5398 Â³
438 5368 768 5443 Î•á½½Î¹Ï‚Î±Ï…á½¶Î¹á¾‰Î¹Îµ
793 5368 1014 5443 Graecia]
1037 5372 1541 5442 Constantinopolis.
1569 5372 1738 5427 Obses
1766 5370 1908 5426 enim

296 5457 330 5496 a
362 5450 531 5510 patre
558 5440 721 5512 Leoni
745 5443 980 5512 Augusto
995 5440 1180 5512 datus,
1209 5460 1329 5499 cum
1360 5440 1557 5497 annum
1588 5443 1761 5498 artatis
1785 5456 1908 5512 sep-

297 5514 510 5583 timum
542 5511 629 5564 vix
651 5511 962 5580 excederet,
989 5513 1045 5568 in
1067 5511 1182 5583 ejus
1204 5515 1322 5569 aula
1353 5514 1608 5569 educatus
1631 5523 1733 5578 est,
1761 5511 1909 5581 prin-

294 5581 595 5652 cipisque,
630 5591 687 5637 ut
715 5583 1019 5641 Jornandes
1050 5581 1238 5640 eodem
1272 5585 1411 5640 libro
1441 5584 1646 5651 scribit,
1685 5583 1908 5652 gratiam

291 5654 519 5709 meruit
548 5670 559 5705 :
592 5670 620 5706 a
651 5669 758 5723 quo
788 5665 908 5725 post
943 5658 1129 5712 decem
1161 5657 1372 5711 tandem
1412 5669 1584 5711 annos
1604 5654 1671 5709 ad
1704 5662 1908 5722 patrem

290 5726 580 5780 remissus
601 5735 704 5778 est.

391 5792 416 5822 â¶
447 5792 614 5869 Pulsa
640 5804 716 5869 est
739 5797 1037 5864 principalis
1068 5798 1211 5869 urbe]
1239 5798 1389 5853 Zeno
1410 5793 1915 5869 AugustusVerinai

292 5880 513 5924 socrus
541 5866 728 5923 fraude
761 5865 1210 5935 circumventus,
1246 5865 1709 5938 Constantinopoli
1733 5865 1917 5922 relicta

777 5967 1049 6028 Î¡Î»Ï„Î¹Î¹Î¿Î¹.
1080 5963 1304 6029 LXIII.

2008 4750 2185 4811 mine,
2232 4746 2348 4800 laus
2374 4732 2595 4812 respicit
2621 4742 2805 4796 donati
2829 4737 3146 4794 diadematis
3187 4747 3240 4791 et
3267 4736 3493 4792 defensi.
3528 4736 3592 4793 Si

2008 4852 2061 4896 te
2086 4840 2300 4894 illarum
2324 4844 2503 4891 rector
2528 4833 2760 4904 partium
2784 4847 2888 4887 non
2910 4828 3130 4895 amavit,
3156 4828 3434 4897 perculsus
3458 4844 3594 4899 prte-

2010 4934 2107 4988 fuit
2146 4930 2457 5000 reipublicae
2492 4944 2506 4981 :
2556 4926 2600 4980 si
2626 4924 2846 4989 dilexit,
2896 4920 3164 4976 obnoxius
3208 4935 3223 4972 :
3256 4934 3386 4976 usus
3423 4934 3484 4977 es
3540 4921 3594 4976 in

2018 5037 2228 5082 tuorum
2263 5021 2367 5077 fide
2398 5020 2713 5075 meritorum
2745 5024 2878 5070 teste
2912 5020 3245 5083 purpurato.-

2077 5116 2192 5171 Jain
2220 5124 2345 5168 tunc
2373 5115 2424 5165 in
2452 5112 2540 5178 jus
2583 5117 2729 5163 tuum
2757 5120 2816 5161 se
2843 5104 3037 5174 palatia
3060 5104 3172 5173 ipsa
3196 5104 3541 5160 contulerant
3576 5124 3596 5158 Ï„

2010 5232 2062 5283 in
2084 5227 2337 5282 Isauriam
2367 5220 2617 5291 profugit.
2645 5217 2819 5291 vacua
2841 5216 2959 5291 aula
2988 5215 3188 5270 biennii
3214 5216 3385 5291 ferme
3415 5216 3595 5284 spatio

2014 5303 2212 5367 potitus
2235 5305 2316 5351 est
2342 5287 2648 5367 Basiliscus,
2682 5288 2899 5343 Zenone
2942 5288 3059 5356 ipso
3089 5302 3126 5367 tt
3152 5287 3403 5351 consule,
3450 5299 3595 5367 anno

2012 5361 2209 5425 Christi
2238 5367 2359 5435 475.
2409 5363 2507 5417 Hic
2559 5361 2722 5435 igitur
2765 5369 2851 5414 est
2888 5373 3045 5435 quem
3093 5366 3374 5435 tyrannum
3415 5362 3590 5435 vocat.

2014 5424 2143 5496 Iâ€™ost
2174 5439 2287 5491 haec
2316 5434 2461 5489 Zeno
2488 5424 2715 5487 collecto
2743 5424 2979 5485 exercitu
2999 5471 3034 5503 ,__
3055 5424 3279 5503 cedente
3310 5424 3589 5503 Basilisco,

2018 5494 2297 5579 imperium
2326 5505 2542 5579 recepit.
2579 5503 2636 5579 In
2659 5517 2827 5579 eaque
2849 5500 3192 5579 expeditione
3213 5494 3428 5579 Zenoni
3438 5494 3593 5579 auxi-

2019 5562 2200 5635 liaium
2223 5583 2435 5647 Oportet
2452 5562 2863 5647 â€™lâ€˜_heoderic'um,
2888 5562 3099 5647 quando
3121 5568 3379 5647 integram
3404 5562 3456 5642 ei
3483 5562 3595 5647 Iau-

2018 5633 2138 5707 dem
2191 5633 2424 5703 restituti
2472 5644 2712 5716 Zenonis
2750 5633 2932 5697 tribuit
2961 5635 3232 5716 Ennodius
3267 5633 3595 5716 :Jetlsinnllâ€˜a

2023 5703 2137 5792 ejus
2164 5720 2264 5792 hac
2294 5718 2347 5792 in
2376 5726 2524 5785 parte
2552 5714 2978 5792 mentio,_neque
3005 5706 3345 5792 in.e_xcgrptis

2020 5776 2157 5862 apud
2176 5776 2448 5853 Photiufn,
2467 5800 2639 5857 neque
2660 5776 2797 5853 apud
2817 5776 2952 5834 alios
2976 5780 3069 5849 qui
3089 5777 3159 5833 de
3180 5776 3419 5834 Zenonis
3431 5776 3595 5835 rebus

2022 5864 2371 5933 scripserunt.
3175 5948 3214 6008 á½ƒ
