4186 6252
580 408 677 463 ΓΗ

1742 398 2013 455 ENNODll
2054 396 2351 456 EPISCOPI
2390 395 2763 455 TICINENSIS

3755 398 3860 457 172

578 537 740 581 nemo
767 525 1017 593 credidit,
1053 538 1158 580 non
1186 532 1235 580 te
1256 534 1412 593 posse
1434 521 1500 575 ad
1527 533 1683 590 quem
1710 519 1972 573 voluisses
1995 527 2166 571 trans-
2196 522 2251 580 Α
2276 517 2556 587 agnovisse
2578 517 2913 573 resistentem
2945 529 2960 571 :
2989 528 3108 588 ane
3130 514 3355 587 prolixis
3381 513 3715 585 temporibus
3739 519 3858 573 solo

580 616 743 685 ferre,
782 618 923 687 quod
947 616 1276 673 reddideras.
1316 612 1424 670 Sed
1446 626 1637 683 parcus
1662 613 1711 665 in
1737 608 2010 679 exigendis
2030 624 2169 679 prte-

581 708 738 772 miis,
788 706 941 776 quasi
997 705 1306 760 sufficerent
1357 702 1422 758 ad
1466 701 1889 757 vicissitudinem
1940 714 2163 770 operum

582 806 794 851 tuorum
820 838 835 863 ,
888 798 905 831 ‘
941 797 1116 852 fasces
1140 797 1393 867 accepisti
1433 814 1443 847 :
1479 811 1584 849 non
1613 810 1719 864 quo
1749 794 1843 848 tibi
1886 791 2170 848 accederet

579 891 767 960 genius
795 890 862 945 de
892 890 1095 957 curuli,
1126 889 1220 944 sed
1252 897 1309 944 ut
1334 889 1401 944 de
1426 898 1475 943 te
1504 888 1735 953 pretium
1768 886 2003 956 palmata
2054 898 2169 939 me-

576 994 808 1042 reretur.
837 986 968 1053 Quis
997 985 1136 1041 hanc
1156 984 1467 1040 civilitatem
1495 982 1681 1039 credat
1701 982 1842 1038 inter
1873 978 2169 1034 familiares

576 1080 674 1135 tibi
704 1080 884 1136 vivere
907 1080 1065 1152 plena
1096 1078 1441 1136 exsecutione
1472 1077 1716 1132 virtutis?
1746 1076 1840 1131 ille
1870 1088 2039 1129 annus
2072 1073 2169 1127 ha-

577 1172 693 1227 buit
714 1174 1010 1237 consulem,
1030 1172 1119 1243 qui
1137 1170 1516 1243 rempublicam
1537 1185 1639 1225 non
1662 1176 1766 1223 tam
1783 1165 2164 1229 sollicitudine,

577 1280 737 1335 quam
768 1266 1018 1335 Opinione
1046 1272 1284 1320 tueretur
1318 1282 1330 1317 :
1361 1265 1381 1296 ¹
1410 1278 1520 1335 quo
1551 1263 1605 1317 in
1627 1261 1923 1332 segmentis
1957 1256 2162 1328 posito,

577 1373 698 1427 quae
720 1358 789 1413 ab
815 1357 1057 1412 hostibus
1092 1365 1302 1426 sumpta
1334 1355 1551 1411 fuerunt
1578 1370 1760 1420 arma,
1806 1359 2162 1407 tremuerunt.

578 1449 805 1515 Quando
845 1449 966 1503 talis
1001 1448 1227 1518 contigit
1266 1457 1411 1503 sorte
1436 1447 1660 1512 lictoris,
1694 1444 1904 1514 qualem
1929 1441 2165 1497 deditab

576 1539 692 1609 ipsa
718 1539 903 1593 mundi
928 1538 1147 1594 infantia
1172 1554 1354 1609 regum
1378 1538 1677 1594 examinata
1703 1534 2002 1591 claritudo?
2030 1532 2165 1588 Nolo

574 1646 674 1701 per
702 1646 859 1686 casus
888 1645 1070 1686 errare
1089 1630 1454 1686 dominatuum
1488 1648 1499 1685 :
1527 1629 1581 1685 in
1607 1638 1697 1684 tuo
1730 1636 2013 1683 stemmate
2038 1639 2162 1695 pro-

573 1725 685 1780 bati
705 1732 848 1792 sunt,
869 1725 957 1795 qui
982 1724 1199 1793 reperti.
1215 1723 1503 1780 Serranum
1526 1721 1851 1793 scipionibus
1870 1728 2044 1774 aratra
2068 1733 2159 1786 pe-

572 1825 836 1886 pererunt
865 1835 877 1869 :
908 1818 998 1887 qui
1040 1815 1165 1871 dum
1194 1814 1412 1886 grandia
1444 1813 1606 1870 sulcis
1647 1811 1848 1867 semina
1887 1823 2161 1865 commen-

2272 610 2407 666 bella
2427 612 2818 666 consummavit
2833 626 3083 667 excursu.
3116 611 3222 666 llos
3236 626 3343 666 non
3364 619 3631 667 montana:
3651 620 3848 679 strues,

2273 716 2380 757 non
2429 702 2711 758 ﬂuminum
2752 704 3003 773 obiectio,
3035 720 3140 760 non
3169 705 3345 776 negati
3373 715 3584 775 egestas
3616 707 3855 761 alimenti

2270 793 2324 848 in
2377 804 2549 850 artum
2594 797 2928 853 necessitatis
2960 798 3075 868 lege
3112 798 3410 863 continuit;
3452 797 3579 853 dum
3625 799 3856 854 credunt

2269 888 2402 941 satis
2431 901 2550 943 esse
2582 888 2651 944 ad
2676 888 2894 945 delicias
2922 890 3102 965 equini
3134 890 3347 960 pecoris
3382 892 3463 946 Iac
3487 902 3694 961 potare.
3727 895 3857 961 Quis

2270 976 2406 1033 ferat
2456 979 2861 1048 adversarium,
2912 982 3000 1049 qui
3034 983 3267 1051 pernicis
3313 983 3542 1052 iumenti
3591 985 3856 1041 beneficio

2268 1070 2435 1124 currit
2460 1079 2513 1125 et
2557 1072 2824 1140 pascitur?
2850 1072 2987 1139 Quid
3019 1074 3159 1142 quod
3190 1085 3244 1130 et
3273 1074 3381 1131 illis
3417 1076 3735 1133 animalibus
3772 1081 3855 1132 in-

2269 1160 2456 1216 dicunt
2485 1164 2740 1218 Studiosae
2786 1164 2942 1219 famis
2965 1164 3305 1235 patientiam,
3346 1182 3443 1237 per
3466 1184 3582 1237 qua:
3623 1172 3854 1227 esuriem

2267 1252 2441 1307 vitare
2465 1251 2806 1310 didicerunt?
2835 1256 3286 1325 quemadmodum
3320 1259 3401 1327 iit,
3429 1266 3488 1313 ut
3510 1259 3708 1329 jejunae
3735 1278 3855 1316 cori

2268 1342 2479 1413 nipedis
2507 1359 2684 1400 sessor
2714 1347 3010 1402 visceribus
3037 1348 3185 1404 cibos
3211 1348 3483 1415 extrahat,
3516 1365 3648 1422 quas
3673 1353 3761 1407 illa
3788 1370 3853 1409 ne

2268 1436 2554 1505 conderet,
2604 1438 2880 1509 diligentia
2912 1440 3211 1496 instruente
3243 1442 3551 1511 prospexit?
3596 1444 3687 1499 His
3730 1422 3853 1501 ante

2266 1527 2500 1583 mundus
2532 1530 2747 1598 pervius
2795 1545 2918 1585 esse
2962 1531 3328 1587 credebatur:
3374 1516 3529 1588 nune‘
3564 1533 3707 1589 illam
3752 1536 3851 1591 sibi

2268 1629 2473 1676 tantum
2515 1622 2661 1678 orbis
2708 1634 2919 1692 partem
2972 1625 3317 1681 interclusam
3347 1629 3650 1691 mstimant,
3692 1644 3851 1697 quam

2266 1714 2454 1769 tueris.
2480 1713 2689 1771 Cursim
2714 1718 2877 1787 multa
2898 1717 3246 1784 transcendo;
3280 1734 3347 1773 ne
3369 1720 3617 1790 pigrioris
3640 1722 3663 1752 ⁸
3682 1722 3852 1778 stella:

2266 1806 2397 1859 vitio
2427 1821 2582 1863 serus
2607 1807 2866 1864 advenias
2900 1826 2915 1861 :
2968 1824 3036 1865 ne
3062 1810 3321 1865 Romanae
3352 1810 3438 1865 fax
3466 1812 3626 1866 curiae
3664 1815 3751 1868 diu
3797 1813 3850 1869 in

575 1908 750 1974 daret,
804 1908 1069 1963 honorum
1120 1909 1167 1963 ei
1224 1907 1415 1963 messis
1444 1906 1628 1960 oborta
1680 1912 1783 1960 est.
1829 1903 1937 1957 Sed
1986 1902 2162 1957 minus
2192 1897 2516 1960 Bumbram
2557 1908 2740 1954 coacta
2776 1901 2982 1955 tardius
3009 1901 3298 1957 elucescat.
3328 1902 3472 1957 inter
3511 1904 3632 1958 vitae
3673 1905 3849 1960 tiroci-

574 2000 741 2070 diiigo
768 2016 1023 2072 prospera
1047 2042 1061 2065 ,
1090 2015 1209 2072 quae
1247 2008 1464 2055 sumunt
1490 2014 1518 2052 a
1556 1996 1930 2066 desperatione
1962 1993 2162 2063 princi-

570 2093 719 2160 pium
748 2110 759 2143 :
792 2093 875 2146 vix
899 2107 1098 2163 paucos
1128 2092 1349 2163 contigit
1374 2090 1700 2161 degenerare
1728 2086 2003 2153 nobiliter,
2037 2100 2159 2142 cum

571 2183 795 2238 familiae
826 2192 929 2239 tuae
949 2184 1150 2239 debeas
1178 2193 1330 2238 actus
1353 2182 1563 2252 generis
1588 2180 1842 2236 nobiliter
1863 2176 2155 2233 custodire.

571 2276 711 2344 Quid
736 2276 886 2341 mihi,
919 2285 1156 2332 vetus1as
1178 2275 1401 2343 obiicias
1426 2275 1653 2344 agrestia
1677 2271 1917 2327 membra
1947 2269 2162 2339 paluda-

570 2368 769 2423 mentis
798 2368 1081 2423 decorata?
1112 2368 1223 2437 Ego
1254 2368 1368 2431 tibi,
1403 2364 1545 2434 quod
1590 2364 2000 2419 admirationem
2044 2360 2158 2414 vin-

570 2468 678 2527 eat,
712 2475 926 2531 oppono
955 2460 1249 2530 principem
1282 2474 1483 2523 meum,
1514 2459 1585 2512 ita
1637 2467 1917 2520 ornatum,
1951 2466 2009 2511 ut
2033 2469 2153 2511 eum

568 2568 678 2608 uon
709 2554 868 2609 liceat
898 2553 1228 2622 improbari:
1262 2552 1331 2605 ita
1357 2566 1515 2620 agere
1535 2596 1547 2619 ,
1581 2550 1729 2621 quasi
1761 2550 1901 2605 inter
1927 2549 2157 2618 impera-

580 2655 725 2701 tores
747 2645 921 2700 adhuc
949 2653 1199 2711 precetur
1220 2643 1457 2713 adiungi.
1982 2633 1993 2639 ’

548 2768 551 2795 ς
644 2738 749 2795 Sed
779 2739 903 2808 quid
933 2737 1143 2801 faciam,
1170 2738 1254 2791 cui
1279 2734 1505 2791 fecunda
1529 2743 1742 2788 actuum
1767 2742 1979 2786 tuorum
2003 2746 2157 2801 seges

567 2830 838 2895 occurrit,
869 2829 955 2883 ubi
1011 2827 1259 2882 universa
1304 2826 1589 2895 eligentem
1632 2824 1924 2892 superant?
1970 2822 2155 2876 nescio

568 2938 702 2993 quas
743 2921 937 2976 aristas
983 2919 1190 2974 horreis
1221 2920 1442 2973 inferam
1464 2958 1478 2982 ,
1522 2931 1654 2987 quas
1685 2916 2005 2985 relinquam.
2037 2913 2156 2969 Stat

566 3024 691 3071 ante
717 3014 902 3069 oculos
926 3026 1073 3068 meos
1104 3011 1125 3042 ³
1149 3011 1432 3080 Bulgarum
1461 3008 1650 3064 ductor
1677 3006 1700 3038 ‘
1730 3008 1999 3062 Libertem
2024 3004 2154 3060 dex-

565 3119 681 3166 tera
708 3116 799 3163 tua
824 3115 1099 3163 asserente
1122 3113 1421 3174 prostratus
1447 3123 1459 3159 :
1491 3117 1592 3158 nec
1620 3102 1935 3167 exstinctus,
1967 3114 2033 3154 ne
2058 3113 2151 3168 pe-

567 3205 702 3258 riret
731 3198 1124 3262 monumentis;
1160 3212 1257 3251 nec
1280 3195 1540 3258 iutactu‘s,
1573 3209 1639 3247 ne
1669 3194 1871 3247 viveret
1897 3206 2152 3259 arrogan-

2269 1988 2355 2043 nia
2380 1997 2433 2044 et
2454 1989 2843 2062 triumphorum
2869 1993 3253 2059 maturitatem,
3298 1996 3501 2062 pectori
3532 2009 3684 2050 sacro
3723 1996 3848 2051 alic-

2261 2089 2405 2135 ctum
2452 2083 2624 2137 nostri
2678 2083 2912 2139 caelestis
2963 2087 3116 2140 favor
3170 2084 3381 2140 infudit.
3432 2085 3549 2141 Jam
3582 2086 3848 2144 diuturna:

2261 2174 2455 2245 quietis
2483 2175 2784 2243 dispendio,
2814 2192 2910 2247 per
2931 2179 3315 2249 gubernantum
3350 2179 3605 2236 vilitatem
3653 2192 3848 2252 potens

2264 2276 2405 2322 terra
2460 2281 2817 2325 consenuerat
2860 2290 2871 2324 :
2930 2272 3038 2339 iam
3080 2274 3333 2327 attulerat
3378 2274 3606 2342 publicis
3659 2276 3848 2345 opibus

2261 2374 2367 2428 pax
2398 2360 2714 2415 intemerata
2746 2362 3008 2417 defectum
3038 2382 3048 2415 :
3074 2378 3193 2418 cum
3224 2365 3362 2436 apud
3395 2380 3491 2420 nos
3521 2365 3847 2436 quotidianae

2260 2448 2673 2519 depraedationis
2700 2461 2887 2507 auctus
2916 2454 3252 2510 successibus
3283 2457 3302 2487 ⁸
3342 2456 3627 2511 intestinus
3666 2469 3847 2527 egeret

2262 2544 2546 2611 populator
2580 2561 2592 2596 :
2627 2545 2717 2612 qui
2747 2560 2967 2600 suorum
2999 2546 3279 2618 prodigus,
3312 2549 3639 2605 incrementa
3670 2552 3844 2607 aerarii

2259 2642 2488 2689 nontam
2504 2638 2997 2708 poscebatsurgere
3010 2640 3386 2710 vectigalibus,
3421 2658 3578 2711 quam
3608 2643 3840 2712 rapinis:

2263 2728 2281 2756 ⁷
2306 2730 2618 2783 εωνίθηιθιη
2658 2730 2858 2785 ambitu
2890 2747 3090 2801 pauper
3132 2733 3405 2788 dominum
3430 2735 3550 2788 odia
3582 2734 3844 2791 effusione

2259 2829 2600 2875 contraxerat
2632 2838 2647 2874 :
2696 2823 2791 2877 sed
2822 2838 2919 2877 nec
2948 2823 3241 2880 defrudatis
3274 2825 3502 2893 viribus,
3545 2826 3688 2895 quod
3737 2828 3841 2881 mi-

2258 2912 2457 2966 nuebat
2498 2913 2825 2982 opulentiae,
2875 2916 3197 2986 iungebatur
3246 2916 3458 2971 affectu.
3502 2918 3651 2973 Tunc
3699 2919 3844 2975 enim

2257 3007 2393 3061 aulae
2439 3009 2679 3074 angustia
2720 3008 2774 3062 in
2800 3020 2975 3063 artum
2998 3024 3088 3063 res
3134 3011 3367 3078 privatas
3414 3009 3692 3080 agitabat:
3740 3026 3844 3066 nec

2256 3104 2454 3159 micare
2480 3119 2700 3174 usquam
2742 3105 3001 3158 scintillas
3035 3102 3385 3158 famulantUm
3424 3104 3718 3163 exstinctus
3751 3113 3839 3176 ty-

2256 3198 2410 3251 ranni
2441 3197 2610 3254 fomes
2639 3197 2951 3253 indulserat.
2984 3196 3249 3252 Metuebat
3280 3205 3527 3267 parentes
3549 3202 3839 3269 exercitus,

565 3294 659 3349 tite
689 3312 702 3347 :
730 3292 785 3346 in
807 3300 964 3361 gente
990 3288 1246 3343 indomita
1266 3287 1589 3342 domesticus
1620 3285 1935 3353 asti‘pulator
1966 3298 2154 3352 super-
2177 3278 2227 3342 C
2260 3306 2416 3358 quem
2442 3290 2752 3347 meminisse
2783 3290 3000 3362 originis
3027 3306 3138 3346 suae
3167 3291 3488 3347 admonebat
3516 3292 3686 3348 honor
3704 3294 3839 3349 alie-

562 3385 773 3440 Iuturus
810 3381 1020 3437 roboris
1073 3380 1148 3434 tui
1184 3395 1197 3430 :
1247 3379 1338 3448 qui
1369 3379 1413 3431 si
1445 3378 1717 3431 sufficiens
1758 3376 1907 3429 letho
1956 3375 2150 3429 vulnus

564 3475 887 3547 excepisset,
921 3487 1204 3544 personam
1232 3472 1438 3526 viceras
1462 3486 1476 3525 :
1501 3469 1643 3539 quod
1668 3468 1721 3523 in
1746 3469 1863 3522 luce
1889 3468 2144 3536 substitit,

562 3570 813 3627 submisit
834 3567 1115 3637 originem.
1148 3564 1272 3619 Haec
1317 3572 1400 3619 est
1425 3563 1603 3628 natio,
1635 3562 1787 3629 cuius
1818 3570 1941 3615 ante
1973 3568 2024 3615 te
2048 3558 2151 3614 fuit

562 3678 723 3719 omne
751 3659 894 3732 quod
924 3659 1093 3713 voluit
1131 3676 1143 3711 :
1173 3658 1225 3710 in
1251 3672 1355 3726 qua
1379 3655 1563 3709 titulos
1593 3654 1852 3720 obtinuit,
1888 3654 1976 3721 qui
2020 3652 2150 3706 emit

562 3754 993 3811 adversariorum
1011 3748 1269 3819 sanguine
1289 3748 1597 3818 dignitatem
1620 3766 1630 3799 :
1656 3747 1795 3816 apud
1825 3760 1982 3815 quam
2004 3759 2149 3798 eam-

558 3861 664 3919 pus
690 3858 774 3902 est
803 3845 1045 3916 vulgator
1068 3842 1343 3898 natalium.
1370 3840 1498 3894 Nam
1522 3839 1674 3909 cuius
1700 3840 1818 3909 plus
1851 3839 2146 3894 rubuerunt

562 3942 668 3999 tela
712 3940 1036 4003 luctamine,
1076 3937 1171 3993 ille
1212 3944 1423 4007 putatus
1469 3944 1551 3989 est
1578 3934 1694 3988 sine
1720 3932 1944 4003 ambage
1979 3931 2146 3986 subli-

560 4035 741 4090 mior:
782 4046 943 4103 quam
974 4037 1098 4084 ante
1147 4028 1544 4084 dimicationem
1576 4032 1721 4080 tuam
1763 4038 1868 4079 non
1921 4022 2146 4093 contigit

633 4201 647 4229 ¹
683 4198 873 4251 Fasces
897 4190 1157 4264 accepisti]
1182 4191 1379 4247 Consul
1414 4207 1441 4243 a
1472 4190 1699 4264 Ze_n_one
1728 4188 2142 4264 designatusﬂin

558 4285 757 4324 annum
785 4266 892 4323 484
924 4258 1263 4321 Marcellinus
1289 4277 1487 4319 comes.
1524 4258 1871 4318 Theodericus
1899 4276 1989 4315 rex
2029 4258 2139 4321 Go-

560 4343 762 4395 thorum
792 4337 1012 4393 Zenonis
1053 4337 1187 4405 Aug.
1223 4334 1579 4402 muniﬁcentiis
1608 4340 1997 4405 pcnerpacatus,
2034 4349 2140 4385 ma-

556 4413 809 4483 gisterque
836 4404 1318 4483 praisentisiniiitiw
1343 4407 1507 4483 {actus
1526 4447 1547 4483 ,_
1570 4404 1749 4457 consul
1778 4404 2137 4483 quoqrteaesi-

557 4474 761 4553 gnatus.
785 4474 1136 4553 creditamsibi
1160 4477 1396 4553 Ripensis
1420 4475 1593 4529 Dacia:
1607 4484 1823 4544 partem,
1847 4474 2141 4553 Maesitrque

557 4546 816 4620 inferioris
862 4566 980 4602 cum
1018 4547 1615 4620 suiswsatellitibusmpro
1668 4554 1916 4620 tempore
1956 4546 2135 4620 tenuit.

558 4614 755 4679 Consul
781 4622 876 4675 fuit
904 4619 1217 4682 Orientalis,
1245 4618 1447 4683 collega
1474 4614 1663 4670 Romae
1694 4614 1977 4673 Venantio.
2008 4614 2137 4673 Cas-

557 4693 760 4750 siodori
787 4690 932 4746 Fasti
957 4704 1022 4745 eo
1063 4703 1236 4756 anno,
1266 4686 1337 4740 Β.
1369 4686 1441 4741 Ν.
1484 4685 1824 4741 Theodericus
1849 4696 1896 4739 et
1939 4684 2139 4739 l’enau-

558 4766 678 4817 tius.

630 4837 649 4864 ²
685 4834 799 4899 Quo
836 4833 889 4885 in
917 4829 1188 4902 segmentis
1213 4827 1396 4899 posito]
1423 4828 1666 4902 Quandiu
1709 4828 1897 4882 consul
1946 4827 2045 4881 fuit
2086 4828 2140 4902 in

554 4913 675 4973 toga
700 4904 836 4971 picta
856 4917 950 4973 seu
969 4899 1198 4973 palmata
1222 4908 1370 4973 veste
1387 4899 1678 4973 consulari,
1702 4916 1820 4973 quas
1850 4899 2142 4973 segmentis

555 4968 734 5028 au'rei‘s
766 4972 950 5026 ornari
974 4968 1214 5027 solebat.
1248 4970 1500 5026 Sidonius
1530 4969 1596 5025 de
1625 4968 1817 5024 Asterii
1857 4970 2138 5025 consulatu

555 5045 657 5115 lib.‘
686 5058 775 5097 vni
811 5042 971 5115 epist.
1000 5042 1031 5094 6
1060 5059 1071 5093 :
1101 5040 1165 5093 Et
1193 5043 1335 5115 illam
1355 5041 1809 5115 Sarranisebriam
1826 5041 1987 5092 succis
2008 5040 2137 5094 inter

555 5110 857 5181 crepitantia
876 5120 1131 5184 segmenta
1148 5113 1425 5184 palmatam
1438 5115 1551 5181 plus
1564 5112 1699 5181 picta
1720 5110 1835 5184 pius
1851 5126 2005 5163 aurea
2023 5127 2134 5164 ora-

554 5186 695 5239 tione
723 5181 1122 5240 convenustavit.
1149 5181 1274 5239 Hmc
1310 5183 1472 5251 igitur
1510 5181 1900 5251 certavidetur
1944 5196 2131 5235 emen-

552 5255 719 5326 datio,
741 5272 840 5325 pro
857 5256 1129 5326 ﬁgmentis,
1152 5250 1367 5326 quodin
1390 5253 1638 5326 omnibus
1658 5250 1814 5326 libris
1836 5250 2129 5326 legebatur.

501 5379 505 5384 .
621 5325 645 5357 ³
671 5321 959 5395 Bdlgai‘tlm
982 5321 1454 5395 ductorLibertem]
1478 5322 1553 5395 De
1570 5324 1671 5395 hoc.
1687 5322 1848 5395 bello,
1878 5322 1931 5376 ni
1954 5321 2129 5390 fallor,

501 5420 508 5433 ι
549 5387 890 5454 Athalaricus
922 5396 1015 5451 lib.
1050 5410 1143 5450 vttt
1171 5387 1468 5455 Variarum',
1501 5393 1566 5448 21
1592 5394 1658 5448 ad
1686 5392 2012 5463 Cyprianum
2043 5387 2136 5463 pa;

552 5470 765 5523 tricium
787 5512 802 5536 ,
831 5468 922 5536 qui
970 5467 1024 5521 in
1055 5480 1117 5521 ea
1144 5463 1487 5531 expeditione
1528 5464 1628 5536 sub
1655 5464 1990 5525 Theoderico
2019 5480 2133 5520 me-

550 5547 735 5593 ruerat
759 5535 1038 5595 :Habuisti
1068 5537 1156 5589 sub
1188 5536 1318 5589 diva:
1347 5535 1602 5588 memoria:
1629 5536 1816 5589 domno
1839 5551 1930 5588 avo
1963 5547 2133 5592 nostro

550 5609 605 5661 in
634 5619 857 5678 utraque
898 5618 1041 5674 parte
1078 5606 1315 5660 laudatus
1356 5620 1553 5670 semper
1600 5608 1854 5660 excubias.
1906 5605 2043 5667 Vidit
2086 5620 2133 5662 te

551 5676 722 5747 adhuc
773 5676 971 5747 gentilis
1016 5678 1279 5733 Danubius
1320 5678 1610 5730 bellatorem
1653 5692 1669 5729 .'
1707 5693 1808 5730 non
1860 5688 1905 5733 te
1955 5681 2130 5732 terruit

552 5746 833 5816 Bulgarttm
854 5749 1054 5819 globus,
1080 5749 1165 5815 qui
1191 5748 1343 5819 etiam
1372 5746 1554 5801 nostris
1576 5755 1715 5819 erat
1736 5749 2129 5816 prtcswnptioue

553 5816 1186 5871 certaminis'obstaturus.
1230 5816 1493 5870 l’ecutinrc
1526 5817 1613 5869 tibi
1644 5817 1738 5884 fuit
1775 5827 1821 5869 et
1858 5821 2129 5872 renitentes

554 5889 793 5943 barbaros
827 5891 1033 5956 aggredi
1074 5898 1117 5942 ct
1150 5905 1409 5941 ronrcrsos
1451 5901 1639 5941 terrore
1684 5891 1883 5941 sectari.
1928 5889 2017 5943 Sir
2058 5892 2129 5944 ri~

2168 4655 2226 4718 D

2254 3398 2355 3437 nus
2390 3402 2401 3436 :
2438 3399 2559 3439 nam
2592 3385 2670 3441 ire
2690 3385 2755 3439 ad
2782 3393 2966 3439 nutum
3000 3400 3153 3440 suum
3178 3385 3447 3456 legiones,
3492 3396 3546 3442 et
3594 3403 3840 3446 remeare

2252 3491 2453 3546 pavore
2470 3479 2675 3550 algidus
2707 3480 3024 3549 imperabat.
3050 3480 3309 3549 Suspecta
3328 3482 3469 3536 enim
3492 3483 3836 3541 esmbedien-

2252 3571 2360 3636 tia,
2407 3586 2525 3639 quae
2580 3570 2867 3625 t‘amulatur
2895 3571 3125 3643 indignis
3168 3589 3180 3627 :
3222 3582 3274 3628 et
3303 3575 3549 3643 quotiens
3585 3576 3839 3644 praelatos

2251 3665 2504 3717 convenit
2526 3666 2853 3719 conscientia
2884 3665 3068 3735 stirpis
3092 3666 3312 3733 ultimae,
3333 3673 3388 3720 et
3417 3666 3545 3722 illud
3567 3676 3833 3737 metuunt,

2250 3753 2389 3823 quod
2418 3755 2690 3811 timentur.
2722 3757 2742 3788 '
2775 3757 2902 3810 Nata
2926 3766 3008 3812 est
3036 3756 3207 3813 felicis
3239 3761 3377 3814 inter
3415 3774 3509 3814 vos
3535 3773 3690 3814 causa
3722 3759 3834 3815 dis-

2248 3847 2483 3912 cordice,
2544 3847 2669 3903 dum
2722 3849 3019 3917 perduelles
3066 3851 3271 3905 animos
3312 3852 3363 3906 in
3415 3853 3835 3924 propinquorum

2249 3949 2460 3996 tuorum
2491 3957 2676 3998 necem
2708 3942 2948 3997 Romana
2979 3945 3308 4014 prosperitas
3356 3944 3620 4001 invitavit.
3658 3948 3834 4003 Gene-

2248 4042 2363 4088 rata
2388 4041 2471 4088 est
2498 4025 2565 4089 ab
2595 4034 2844 4091 invalidis
2888 4049 3047 4091 causa
3077 4034 3353 4103 certandi,
3380 4045 3433 4092 et
3461 4051 3528 4091 ne
3560 4036 3639 4090 vel
3671 4051 3699 4089 a
3741 4054 3833 4093 ne-

2246 4195 2458 4247 ctoriam
2472 4191 2761 4247 Gothorum
2776 4209 2875 4246 non
2895 4202 2999 4247 tam
3022 4208 3254 4257 numero,
3270 4207 3424 4261 quam
3439 4192 3611 4246 labore
3632 4192 3832 4260 iuvisti.

2435 4266 2597 4334 epist.
2641 4264 2706 4319 10
2748 4264 3003 4336 Bulgares
3032 4273 3144 4321 toto
3186 4263 3318 4320 orbe
3354 4263 3623 4321 terribiles
3664 4263 3833 4321 fuisse

2287 4350 2351 4391 ιρι
2384 4374 2397 4389 ι

2287 4338 2397 4393 icit.

2317 4407 2338 4436 ‘
2368 4406 2531 4462 Forte
2558 4406 2861 4461 libertatem.

2316 4478 2337 4508 υ
2364 4478 2576 4544 Schot.,
2607 4477 2749 4548 styli.

2316 4548 2337 4579 ‘
2357 4548 2638 4602 Intestinus
2656 4544 3247 4618 ’papulatoriOdoaeer,
3277 4548 3363 4617 qui
3393 4564 3516 4603 mox
3542 4557 3817 4618 tyrannus.

2249 4620 2300 4675 is
2345 4620 2595 4689 illomylio
2624 4622 2861 4687 Augusto
2892 4616 3077 4672 ultimo
3108 4616 3468 4677 Romanorum
3513 4616 3823 4688 imperatori

2251 4692 2305 4745 in
2335 4690 2589 4744 exsilium
2620 4690 2771 4761 pulso
2792 4703 3014 4756 regnum
3045 4690 3241 4761 eripuit
3268 4704 3405 4743 anno
3452 4690 3577 4761 476,
3608 4689 3827 4761 iamque

2250 4776 2419 4815 annos
2451 4776 2585 4828 pene
2617 4760 2680 4813 14
2712 4768 2979 4828 regnarat,
3013 4774 3131 4813 cum
3165 4762 3364 4814 italiam
3393 4760 3493 4815 sibi
3541 4776 3567 4812 a
3611 4760 3828 4814 Zenone

2248 4833 2386 4902 Aug.
2418 4844 2750 4894 concessam,
2785 4839 2847 4902 ut
2875 4828 3175 4885 Odoacrum
3201 4831 3519 4896 debellaret,
3550 4832 3830 4901 ingressus

2247 4901 2750 4959 estTheodericus.
2781 4901 2914 4961 Hinc
2944 4902 3126 4959 omnia
3155 4902 3209 4961 in
3242 4903 3465 4957 Ennodii
3497 4904 3675 4958 verbis
3702 4917 3826 4970 per-

2248 4978 2451 5044 spicua.
2487 4975 2682 5029 Potens
2721 4974 2862 5044 enim
2907 4980 3046 5026 terra
3070 5014 3083 5039 ,
3116 4973 3556 5039 gubernantium,
3591 4973 3702 5044 hoc,
3742 4978 3827 5028 est

2245 5043 2641 5113 postremoer
2674 5043 2991 5112 principum,
3027 5044 3226 5098 vilitate
3269 5045 3447 5098 attrita
3492 5053 3575 5097 est
3615 5043 3763 5097 Italia
3809 5057 3826 5096 :

2244 5119 2397 5185 cuius
2428 5116 2674 5169 affectum
2697 5114 3126 5185 desideriumque
3152 5116 3290 5184 apud
3318 5115 3587 5168 Zenonem
3622 5114 3828 5182 profes-

2241 5184 2334 5241 sus
2376 5196 2459 5240 est
2489 5184 2872 5239 Theodericus.
2918 5184 3071 5249 Quod
3108 5198 3299 5253 praeter
3347 5195 3572 5243 caeteros
3607 5186 3825 5254 copiose

2240 5256 2499 5311 describit
2524 5254 2823 5310 Jornandes
2854 5257 2905 5308 in
2937 5256 3155 5311 Geticis.

2312 5328 2331 5399 7
2362 5327 2521 5399 Edit._
2541 5328 2750 5399 aliqua,
2784 5329 3064 5379 sa’vientem
3084 5326 3329 5382 ambitum
3361 5343 3557 5399 pauper
3583 5327 3825 5381 dominus

2239 5398 2419 5453 odiosa
2449 5396 2695 5465 effusione
2719 5407 3059 5452 contraxerat.

2311 5468 2335 5501 ⁸
2362 5468 2503 5523 Nafa
2533 5476 2601 5523 est
2631 5483 2785 5539 causa
2815 5468 3115 5539 discordiw]
3156 5468 3232 5522 Ne
3261 5468 3452 5538 iniuria
3486 5469 3626 5523 bello
3654 5481 3819 5539 appe-

2242 5540 2373 5595 titus
2401 5541 2642 5595 videatur
2669 5537 2929 5601 Odoacar,
2960 5537 3263 5595 lacessitum
3303 5541 3369 5594 ab
3401 5558 3464 5595 eo
3493 5540 3620 5594 dicit
3649 5537 3825 5592 Theo-

2243 5610 2502 5675 dericum,
2551 5609 2987 5681 atimuiatumque
3025 5609 3170 5665 caede
3204 5612 3622 5681 propinquorum
3672 5628 3681 5661 :
3718 5608 3824 5662 hoc

2243 5692 2344 5745 cst,
2368 5691 2426 5735 ut
2454 5680 2706 5747 coniicio,
2740 5679 3032 5749 Rugorum,
3063 5696 3166 5751 quo
3190 5679 3327 5735 bello
3358 5679 3525 5736 caesos
3553 5681 3824 5751 afflixerat

2242 5751 2502 5823 Odoacer,
2554 5751 2753 5823 Plueba
2779 5765 2904 5820 rege
2941 5761 3096 5823 capto
3130 5751 3398 5808 Friderico
3430 5752 3543 5821 eius
3574 5752 3683 5807 ﬁlio
3734 5750 3821 5823 cui

2243 5831 2426 5894 aperte
2453 5821 2664 5876 favebat
2694 5821 3079 5894 Theodericus,
3108 5824 3271 5878 semel
3302 5833 3460 5892 atque
3489 5824 3677 5877 iterum
3708 5822 3824 5878 acii:

2242 5892 2444 5963 fugato,
2474 5903 2530 5949 ut
2560 5895 2613 5949 in
2643 5895 2698 5950 S.
2719 5894 2959 5959 Severini
2996 5892 3105 5948 Vita
3139 5904 3317 5948 narrat
3349 5895 3664 5965 Eugippius.
