4186 6252
372 392 480 463 Πδ

1298 393 1776 465 PA'NEGYRICUS
1814 391 2249 463 THEODERICO
2278 393 2439 456 REGI
2479 396 2739 457 DlC'l'US.
3310 350 3313 355 Δ
3556 396 3654 454 an

371 511 516 581 gotio
546 507 799 587 perituris
843 506 1051 564 veniret
1080 505 1293 577 fiducia,
1322 525 1447 589 pars
1476 509 1739 581 fugacium
1783 511 1961 579 prmlia
1991 515 2043 575 Α
2067 510 2277 578 jejunas
2326 520 2602 581 pectorum
2652 518 2828 566 crates
2866 516 2982 565 acta
3039 507 3389 565 validioribus
3435 498 3652 563 lacertis

377 605 689 660 concitavit.
726 603 877 657 Tunc
906 618 932 655 a
968 610 1019 656 te
1059 603 1587 679 commonitisglonge
1632 603 1842 673 lateque
1888 605 1965 657 vi-

367 699 537 761 ribus,
573 697 885 751 innumeros
912 694 1102 749 diffusa
1141 710 1236 762 per
1264 696 1488 765 populos
1527 711 1657 765 gens
1686 710 1787 749 una
1834 712 1965 752 con-

370 792 604 847 trahitur
632 793 897 861 migrante
922 798 1097 845 tecum
1120 790 1186 844 ad
1213 792 1505 846 Ausoniam
1530 794 1749 858 mundo,
1786 793 1962 848 nullus

368 895 571 954 praeter
604 891 881 953 parentem
914 884 1013 937 iter
1041 884 1287 953 arripuit.
1322 886 1549 959 Sumpta
1574 894 1698 939 sunt
1724 886 1960 955 plaustra

365 976 485 1029 vice
532 984 822 1040 tectorum,
854 984 909 1029 et
942 974 992 1028 in
1036 973 1228 1029 domos
1266 975 1542 1031 instabiles
1584 976 1961 1032 confluxerunt

363 1068 544 1122 omnia
592 1068 865 1122 servitura
905 1066 1235 1121 necessitati.
1270 1068 1420 1122 Tunc
1449 1082 1595 1122 arma
1641 1066 1857 1123 Cereris
1906 1078 1961 1124 et

362 1160 629 1215 solventia
657 1159 984 1214 frumentum
1010 1159 1178 1214 bobus
1203 1175 1332 1215 saxa
1355 1161 1701 1216 trahebantur
1729 1178 1741 1214 :
1765 1175 1960 1217 onera-

358 1261 429 1309 ta:
467 1253 667 1309 fetibus
695 1265 898 1309 matres
930 1253 1068 1309 inter
1096 1253 1325 1309 familias
1359 1262 1475 1310 tuas
1506 1254 1685 1311 oblitae
1715 1251 1875 1311 serius
1904 1264 1957 1311 et

355 1347 616 1418 ponderis
640 1388 655 1415 ,
686 1348 909 1420 parandi
959 1348 1132 1403 victus
1167 1363 1295 1403 cura
1327 1349 1343 1379 ¹
1394 1348 1661 1403 laborant.
1706 1349 1855 1405 Tunc
1898 1349 1953 1405 in

357 1454 553 1509 campo
581 1424 753 1495 hiems
799 1449 853 1494 et
876 1439 989 1509 jugi
1030 1440 1341 1511 pruinarum
1366 1442 1600 1496 candore
1631 1441 1802 1495 velata
1851 1457 1953 1496 ca:-

356 1535 548 1597 saries,
580 1531 799 1586 barbam
832 1531 997 1586 stiriis
1028 1530 1292 1602 implicuit
1324 1532 1472 1587 crine
1499 1547 1769 1604 possessu.
1816 1530 1948 1587 Nam

352 1628 498 1695 quod
531 1626 841 1696 diligentius
883 1625 1252 1681 indumentum
1286 1634 1531 1681 matrona
1562 1636 1824 1694 neverat,
1854 1627 1953 1681 du-

354 1729 508 1775 rante
522 1720 662 1789 gelu,
680 1729 737 1774 ut
760 1719 1313 1790 adhaereretcorpori,
1336 1720 1701 1791 frangebatur.
1732 1720 1948 1776 Pastum

361 1813 661 1882 agminibus
718 1813 826 1866 tuis
856 1822 947 1868 aut
977 1813 1242 1869 indevotze
1274 1813 1550 1879 nationes,
1584 1824 1678 1869 aut
1721 1813 1946 1869 educata

355 1905 539 1959 lustris
570 1906 680 1961 fera
710 1906 996 1976 suggessit.

418 1996 557 2051 lnter
589 2000 724 2065 haec,
757 2011 879 2068 quae
912 1997 1006 2050 tibi
1052 2012 1173 2051 cum
1204 1996 1374 2067 glacie
1402 2006 1493 2054 aut
1517 1997 1711 2053 ardore
1752 2013 1937 2055 cesse—

346 2099 493 2155 runt,
523 2105 685 2144 unam
714 2088 1027 2145 certaminis
1061 2089 1137 2143 tui
1166 2089 1360 2144 lineam
1390 2099 1761 2145 summotenus
1808 2090 1938 2145 libet

351 2184 634 2251 attingere.
670 2184 689 2213 ³
730 2181 853 2238 Ulca
881 2180 1077 2236 fluvius
1108 2192 1193 2237 est
1221 2184 1384 2237 tutela
1424 2181 1769 2251 Gepidarum,
1820 2198 1939 2253 qua:

349 2274 471 2329 vice
498 2290 750 2344 aggerum
782 2274 950 2330 munit
976 2273 1227 2340 audaces,
1270 2282 1322 2329 et
1350 2274 1403 2331 in
1436 2275 1684 2345 jugorum
1729 2290 1934 2331 morem

342 2370 483 2425 latus
513 2372 810 2441 provincia:
840 2371 1165 2443 quibusdam
1192 2373 1362 2428 muris
1392 2374 1753 2443 amplectitur,
1790 2374 1938 2429 nullo

338 2465 507 2519 ariete
540 2464 887 2521 frustrandis.
931 2466 1012 2519 Ad
1047 2466 1187 2520 hunc
1220 2475 1270 2520 te
1301 2466 1452 2519 callis
1484 2467 1557 2520 tui
1590 2466 1737 2536 rigor
1764 2466 1935 2522 addu-

340 2558 454 2613 xit:
486 2557 573 2611 ubi
604 2573 701 2627 pro
725 2558 916 2628 legatis
942 2568 995 2613 et
1020 2560 1205 2629 gratia:
1236 2560 1610 2627 postulatione,
1640 2560 1934 2615 obsistendi

340 2653 520 2709 animo
549 2669 684 2727 gens
715 2653 806 2708 diu
838 2653 1034 2707 invicta
1066 2653 1373 2723 properavit
1398 2671 1408 2705 :
1431 2669 1552 2707 cum
1587 2670 1721 2723 pene
1744 2653 1935 2709 cohor-

338 2755 422 2801 tes
456 2757 576 2803 tuas
596 2758 721 2802 ante
744 2746 993 2801 inimicos
1016 2747 1171 2801 famis
1197 2747 1490 2802 necessitas
1518 2748 1807 2803 obsideret.
1842 2746 1936 2801 llic

344 2853 554 2907 quaeso,
603 2840 1020 2894 clementissime
1061 2837 1297 2903 domine,
1334 2838 1459 2909 quid
1494 2848 1686 2909 praeter
1732 2847 1783 2894 te
1815 2839 1933 2909 spei

340 2938 461 2984 erat
487 2930 759 2985 residuum
790 2932 837 2984 in
870 2932 1067 3001 populo
1096 2945 1276 2984 arente
1304 2940 1394 2985 aut
1422 2930 1687 2985 sideribus
1718 2947 1935 3002 compa-

336 3024 552 3079 rando?
582 3024 907 3080 fnstantibus
941 3026 1183 3096 Gepidis,
1219 3040 1401 3090 amne,
1455 3026 1775 3095 pestilentia,
1832 3025 1935 3082 iter

335 3115 474 3187 quod
503 3116 837 3174 declinasset
868 3119 1097 3188 fugiens,
1123 3127 1312 3174 contra
1353 3118 1579 3173 nudatos
1612 3119 1795 3189 vagina
1824 3120 1936 3189 gla-

337 3208 454 3264 dios
486 3211 837 3265 transvolasti
864 3227 877 3265 :
912 3212 1109 3266 nullius
1146 3211 1297 3267 inscii
1339 3226 1511 3265 mersa
1541 3225 1697 3265 coeno
1728 3212 1933 3265 luesere

2067 600 2251 654 lancea
2286 602 2645 665 transmeabat
2670 619 2682 655 :
2707 616 2827 655 cum
2861 600 3000 655 inter
3031 599 3303 672 naufragia
3336 607 3571 663 terrena,
3599 608 3653 656 et

2065 694 2273 746 cruoris
2316 692 2505 757 undas,
2559 692 2950 748 invictissimus
2999 693 3192 748 ductor
3234 692 3504 762 apparuit,
3559 690 3652 747 tali

2062 787 2309 842 muniens
2332 796 2572 843 astantes
2599 789 2833 857 alloquio
2859 806 2872 844 :
2906 808 2923 840 ‹
2954 789 3053 855 Qui
3087 789 3138 844 in
3166 790 3344 843 hostili
3368 789 3483 843 acie
3510 787 3651 841 viam

2061 880 2350 945 desiderat,
2406 897 2490 936 mc
2535 891 2826 951 sequatur:
2858 897 2965 937 non
2993 884 3243 953 respiciat
3270 885 3518 949 alterum,
3560 883 3651 951 qui

2062 972 2351 1029 dimicandi
2378 976 2549 1045 poscit
2571 977 2902 1045 exemplum.
2921 976 3101 1051 Virtus
3126 977 3518 1032 multitudinem
3543 991 3651 1033 ncn

2061 1070 2321 1139 requirit:
2357 1071 2423 1125 ad
2468 1086 2666 1141 paucos
2694 1072 2895 1126 vadunt
2928 1072 3095 1139 bella;
3139 1071 3400 1127 bellorum
3444 1070 3650 1125 fruetus

2059 1162 2124 1216 ad
2155 1162 2433 1230 plurimos.
2456 1164 2538 1220 ‘De
2570 1180 2656 1220 me
2686 1166 3040 1219 azstimabitur
3062 1165 3369 1221 exercitus:
3402 1172 3457 1219 et
3487 1164 3538 1218 in
3565 1164 3650 1218 his

2058 1270 2176 1323 qua:
2202 1271 2439 1324 gessero,
2464 1272 2593 1327 gens
2618 1256 2936 1329 triumphat.
2960 1258 3207 1314 Attollite
3237 1259 3386 1328 signa
3411 1273 3506 1328 per
3526 1272 3646 1328 quso

2060 1362 2126 1402 ne
2176 1348 2392 1416 lateam,
2437 1350 2749 1419 providetur
2791 1367 2807 1405 :
2845 1352 3095 1406 noverint
3129 1366 3288 1421 quem
3335 1358 3516 1420 petant
3553 1356 3646 1405 aut

2056 1438 2209 1507 cujus
2230 1439 2427 1509 jugulis
2459 1442 2822 1509 acquiescant.
2858 1442 2957 1508 Qui
2988 1456 3279 1512 congressu
3307 1456 3428 1496 meo
3451 1455 3643 1495 occur-

2055 1531 2254 1597 rerint,
2308 1531 2658 1588 nobilitentur
2699 1534 2883 1589 exitio.
2932 1553 2951 1587 ι
2988 1534 3082 1588 His
3127 1534 3324 1600 dictis,
3396 1535 3643 1602 poculum

2054 1635 2211 1676 causa
2234 1624 2477 1693 poposcit
2498 1625 2745 1694 auspicii,
2772 1634 2825 1681 et
2844 1625 3035 1680 laxatis
3058 1626 3110 1680 in
3129 1623 3372 1696 praelium
3392 1625 3639 1693 habenis,

2054 1712 2255 1769 effusus
2285 1724 2386 1770 est.
2418 1715 2484 1771 Ut
2515 1726 2727 1773 torrens
2751 1727 2885 1787 sata,
2911 1727 2970 1772 ut
2999 1720 3083 1773 leo
3104 1728 3365 1785 armenta,
3389 1720 3638 1774 vastasti:

2054 1822 2153 1862 nec
2170 1823 2501 1865 concurrens
2521 1810 2800 1881 quisquam
2820 1812 3080 1878 substitit,
3100 1827 3197 1868 nec
3218 1812 3446 1867 evadere
3468 1811 3643 1882 potuit

1978 1895 2027 1957 Β
2054 1897 2449 1970 insequentem.
2485 1902 2791 1958 Portabaris
2822 1920 2916 1974 per
2944 1904 3214 1971 universa,
3244 1904 3353 1973 jam
3388 1903 3641 1959 deficien-

2049 1994 2190 2049 tibus
2223 1994 2366 2061 telis,
2411 1994 2586 2051 adhuc
2614 1996 2691 2049 ira
2740 2007 3039 2053 crescente.
3094 1996 3380 2065 Extemplo
3412 1993 3639 2065 Gepida-

2046 2102 2162 2143 rum
2208 2103 2363 2143 versa
2406 2090 2665 2145 conditio‘
2685 2101 2769 2148 est
2804 2110 2816 2145 :
2854 2093 3096 2161 palantes
3141 2092 3241 2146 visi
3273 2100 3397 2146 sunt
3436 2100 3643 2152 mutata

2042 2190 2189 2236 sorte
2230 2182 2484 2239 victores.
2522 2182 2655 2237 Nam
2684 2193 2761 2250 tu,
2796 2184 3136 2251 venerabilis,
3173 2183 3262 2253 qui
3295 2182 3639 2237 incomitatus

2042 2282 2256 2344 gustum
2290 2274 2597 2330 luctaminis
2626 2276 2950 2347 arripueras,
2977 2275 3205 2330 vallatus
3237 2274 3470 2329 millibus
3495 2274 3639 2329 ince-

2042 2365 2225 2422 debas.
2261 2366 2412 2423 Cresa
2444 2377 2526 2424 est
2556 2368 2842 2422 multitudo
2874 2368 3204 2433 adversaria,
3237 2367 3407 2421 donec
3438 2378 3641 2436 paucos

2041 2458 2275 2526 eriperet
2306 2474 2410 2513 nox
2438 2458 2613 2513 vicina
2646 2474 2660 2514 :
2706 2458 2834 2513 dum
2865 2459 2929 2514 ad
2964 2474 3091 2530 vaga
3122 2458 3315 2513 horrea
3348 2457 3639 2527 copiisur-

2042 2550 2189 2604 bium
2219 2550 2417 2605 referta
2449 2552 2723 2608 veniretur
2752 2573 2763 2607 :
2789 2568 2906 2623 quae
2936 2568 3043 2606 non
3068 2552 3238 2605 solum
3262 2550 3639 2606 satisfacerent

2043 2642 2377 2709 necessitati,
2403 2644 2497 2699 sed
2528 2645 2871 2700 sublevarent
2900 2646 3038 2700 inter
3058 2643 3370 2699 deliciarum
3394 2643 3638 2699 secunda

2041 2736 2333 2791 fastidium.
2364 2738 2437 2791 lta
2480 2738 2750 2808 prosperis
2792 2738 2895 2793 tuis
2926 2738 3173 2792 militavit
3212 2738 3512 2792 adversitas
3540 2756 3550 2789 :
3578 2744 3638 2791 ct

2040 2838 2225 2883 eontra
2256 2828 2447 2884 famem
2479 2840 2691 2885 tuorum
2721 2830 2932 2886 esuries
2956 2830 3211 2901 pugnavit
3237 2830 3484 2885 hostilis:
3509 2829 3639 2883 vicit

2040 2921 2272 2977 inediam
2304 2922 2517 2976 inimica
2564 2923 2875 2994 congressio
2902 2941 2914 2973 :
2950 2938 3049 2978 nec
3077 2922 3313 2977 redisses
3341 2922 3406 2975 ad
3432 2922 3637 2975 valetu-

2040 3014 2241 3080 dinem,
2292 3015 2334 3068 si
2369 3014 2663 3069 certamina
2697 3015 3013 3070 defuissent.
3059 3014 3183 3069 llaac
3227 3014 3293 3068 de
3339 3013 3636 3068 innumeris

2040 3107 2244 3160 actibus
2272 3107 2327 3159 in
2352 3104 2597 3160 ordinem
2618 3106 2825 3174 digesta
2844 3106 3131 3160 sufficiant.
3155 3105 3394 3159 Transeo
3419 3105 3637 3161 Sarma-

2041 3208 2120 3252 tas
2150 3212 2268 3251 cum
2299 3198 2527 3252 statione
2576 3197 2889 3268 migrantes,
2942 3206 2995 3252 et
3042 3198 3251 3267 plebem
3290 3196 3635 3254 conflictuum

338 3302 561 3371 vestigia
591 3320 603 3354 :
629 3303 811 3358 nullus
838 3303 958 3357 vitre
993 3304 1245 3374 prodigus
1276 3303 1571 3375 periculum
1604 3304 1819 3373 ignarus
1849 3304 1930 3359 in-
1958 3289 2003 3354 C
2036 3300 2368 3345 numeratam
2403 3290 2540 3346 53100
2573 3290 2640 3344 de
2671 3291 2907 3360 "Op-"eis-

341 3396 526 3449 currit.
578 3395 825 3451 Vincitur
876 3397 1122 3452 humana:
1160 3399 1358 3451 mentis
1404 3398 1696 3452 auctoritas
1739 3398 1934 3468 praevi-

338 3485 491 3539 sione
514 3485 845 3539 discriminis
872 3503 884 3537 ;
910 3486 1132 3540 labascit
1164 3485 1381 3540 fortium
1412 3486 1766 3552 conscientia,
1796 3504 1933 3558 quo-

342 3577 484 3631 tiens
509 3577 843 3631 formidanda
873 3577 1041 3633 oculis
1069 3578 1404 3647 ingeruntur.
1440 3577 1597 3633 Stetit
1626 3586 1749 3632 ante
1782 3578 1933 3632 indo-

345 3668 885 3737 mitamjuventutem
912 3678 1057 3725 certa
1082 3669 1146 3724 de
1172 3669 1431 3723 mortibus
1452 3670 1623 3739 optio,
1648 3686 1766 3724 cum
1791 3671 1933 3725 nulla

338 3760 619 3816 videretur
647 3761 911 3816 securitas
939 3761 1007 3816 de
1038 3761 1228 3817 salute.
1264 3760 1400 3829 Quid
1432 3761 1690 3816 Catonem
1740 3762 1934 3816 extuli-

338 3856 431 3910 slis
452 3856 633 3925 prisca
651 3866 1021 3921 monumenta,
1042 3856 1184 3925 quod
1208 3871 1302 3925 per
1326 3856 1551 3926 Libycas
1573 3856 1759 3925 Syrtes
1783 3856 1933 3910 duxit

337 3947 665 4013 exercitum,
686 3946 812 4001 dum
843 3948 1103 4002 humanas
1136 3962 1296 4003 neces
1328 3948 1556 4003 ludibria
1592 3947 1933 4003 facet-etesse

336 4049 691 4109 serpentum:
730 4039 811 4094 vel
853 4054 974 4095 cum
1004 4041 1121 4095 sine
1168 4042 1378 4095 virtutis
1428 4042 1605 4112 pretio
1648 4041 1930 4097 educatum

336 4132 460 4185 εαξιί
492 4133 784 4201 vaporibus
813 4134 1004 4188 veneni
1031 4132 1193 4203 frigus
1219 4143 1473 4204 expertus
1502 4134 1621 4188 est?
1654 4133 1930 4188 Neminem

337 4226 565 4293 contigit
591 4224 880 4295 chelydros
909 4234 1034 4280 ante
1066 4225 1267 4290 videre,
1312 4242 1468 4296 quam
1499 4227 1719 4279 exitium
1747 4243 1759 4279 :
1804 4225 1930 4279 dum

336 4330 433 4385 per
464 4314 659 4369 flamen
695 4317 1053 4386 prodigiosum
1085 4327 1139 4371 et
1170 4318 1411 4387 corporis
1450 4318 1670 4384 fabrica,
1706 4327 1761 4371 ut
1784 4330 1933 4370 asso-

339 4408 458 4462 lent
486 4408 700 4473 animze,
747 4410 801 4463 in
842 4424 997 4465 auras
1030 4409 1288 4465 evolaret.
1321 4409 1437 4464 Non
1470 4425 1589 4464 cum
1638 4409 1735 4463 viri
1778 4408 1931 4464 fortis

339 4501 505 4555 laude
535 4504 833 4571 perimitur,
884 4504 969 4572 qui
996 4503 1136 4557 unde
1170 4504 1313 4558 venit
1348 4504 1521 4559 nescit
1550 4517 1793 4557 occasus.
1823 4501 1933 4557 Nec

344 4595 496 4650 illius
530 4597 712 4651 militis
752 4596 935 4651 cuneis
968 4598 1071 4653 tuis
1113 4598 1370 4651 fortitudo
1413 4598 1769 4667 comparanda
1815 4605 1925 4659 est;

334 4701 442 4742 nec
472 4702 567 4757 par
599 4695 683 4741 est
709 4689 758 4741 in
785 4690 921 4744 duce
946 4689 1227 4769 sapientia.
1260 4689 1411 4745 lllum
1434 4691 1603 4745 civilis
1631 4691 1753 4745 belli
1787 4690 1934 4746 furor
1960 4683 2023 4757 ﬁ

336 4780 613 4852 agitabat;
642 4792 695 4837 te
717 4783 863 4838 orbis
891 4783 1109 4838 domina
1141 4784 1208 4838 ad
1231 4792 1401 4839 status
1431 4783 1512 4839 sui
1540 4785 1933 4855 reparationem

339 4873 518 4929 Roma
551 4876 825 4944 poscebat.
858 4874 965 4931 Sed
1002 4876 1125 4946 quid
1156 4876 1369 4943 ditl‘ero,
1415 4877 1558 4947 quod
1592 4877 1683 4932 tibi
1711 4886 1935 4933 eventus

335 4965 537 5022 dexter
573 4966 857 5023 exhibuit?
914 4969 1203 5025 Cesserunt
1246 4970 1653 5026 confertissimis
1704 4971 1931 5026 hostium

338 5069 558 5116 tuorum
592 5062 801 5129 turmis,
834 5076 968 5133 quos
996 5064 1221 5118 ulterior
1251 5065 1371 5134 ripa
1396 5072 1728 5134 susceperat.
1768 5064 1935 5134 Urge-

334 5152 539 5208 bantur
570 5152 711 5221 telis,
742 5169 877 5224 quos
904 5170 1101 5227 vorago
1129 5165 1222 5211 aut
1267 5157 1492 5227 irruptio
1523 5172 1627 5213 non
1679 5156 1929 5212 tenebat:

415 5293 431 5324 ³
464 5292 679 5356 Schot.,
709 5292 1032 5349 laborabam.

411 5366 431 5394 ²
468 5362 601 5420 Ulca
627 5365 815 5436 ﬂuvius
839 5373 909 5417 est
932 5364 1279 5436 Gepidarumj
1312 5364 1625 5420 Theoderici
1658 5365 1803 5436 regia
1832 5365 1930 5420 hoc

336 5446 601 5505 tempore,
635 5447 693 5489 ut
726 5435 1015 5505 Eugippius
1060 5436 1197 5489 idem
1230 5435 1285 5489 et
1312 5436 1647 5489 Mareellinus
1676 5438 1725 5489 in
1756 5435 1924 5490 Chro-

335 5508 464 5559 nico
482 5506 696 5570 docent,
728 5505 988 5561 Novensis
1010 5518 1122 5561 erat
1144 5507 1330 5560 civitas
1360 5508 1410 5561 in
1432 5508 1613 5561 akesia
1644 5508 1924 5563 inferiore.

334 5580 527 5642 Nortiae,
575 5579 749 5631 Novas
778 5578 1011 5646 appellat
1039 5578 1379 5632 Ptolemznns.
1418 5579 1561 5632 ‘lnde
1598 5594 1752 5634 orsus
1783 5579 1924 5631 Itali-

335 5661 457 5700 cam
486 5649 903 5715 expeditionem,
938 5649 1189 5704 Sirmium
1236 5659 1378 5703 recta
1415 5652 1708 5704 contendit.
1758 5650 1833 5702 Eo
1868 5650 1919 5700 in

333 5728 512 5773 tractu
540 5721 628 5788 qui
676 5719 990 5787 interjectus
1030 5730 1131 5783 est,
1167 5722 1217 5775 in
1254 5721 1411 5774 Dacia
1452 5722 1667 5788 Gepida:
1705 5720 1922 5775 Gunla-

332 5789 480 5861 ritho
502 5806 625 5861 rege
646 5789 961 5861 habitabant
980 5808 993 5843 :
1014 5807 1147 5861 quos
1170 5792 1267 5845 iter
1292 5792 1547 5861 impedire
1566 5806 1726 5847 ausos
1750 5789 1921 5844 Theo-

334 5858 550 5933 dericus
568 5858 860 5933 'adglcham
885 5858 1100 5917 fluvium
1132 5858 1447 5933 profligavit.

419 5929 439 5961 ³
470 5930 577 5987 Tibi
624 5931 891 5989 Odovacar
936 5929 1179 6004 occurro]
1228 5929 1400 5989 Prima
1433 5933 1747 5989 Theoderici
1799 5950 1919 5989 cum

2111 3404 2131 3434 ³
2159 3404 2279 3459 Tibl
2322 3419 2441 3461 cum
2484 3413 2695 3460 rectore
2735 3420 2877 3471 meo,
2928 3405 3228 3473 Odovacar,
3281 3422 3507 3464 occurro
3534 3410 3629 3479 qui

2041 3498 2319 3552 universas
2348 3506 2535 3552 contra
2566 3513 2688 3555 eum
2721 3498 2987 3564 nationes,
3020 3501 3175 3570 quasi
3217 3501 3363 3556 cibis
3406 3517 3632 3560 concus-

2040 3608 2149 3660 sor,
2170 3593 2465 3648 exciveras.
2488 3593 2588 3647 Tot
2612 3608 2767 3661 reges
2797 3602 2971 3649 tecum
2995 3594 3061 3647 ad
3087 3594 3224 3649 bella
3243 3609 3629 3663 convenerant,

2039 3693 2170 3752 quot
2196 3684 2463 3739 sustinere
2490 3686 2814 3755 generalitas
2838 3685 3038 3741 milites
3065 3688 3151 3741 vix
3179 3689 3380 3743 valeret
3404 3706 3416 3741 :
3441 3690 3630 3759 depre-

2040 3778 2264 3831 hensum
2295 3785 2378 3831 est
2406 3779 2585 3832 varias
2630 3792 2752 3833 esse
2781 3788 2993 3833 mentes
3023 3790 3354 3835 coacervata
3388 3782 3628 3837 multitu-

2038 3870 2202 3938 dinis,
2251 3885 2349 3925 nec
2378 3885 2527 3939 spem
2558 3871 2795 3927 victoria:
2824 3872 3009 3927 venire
3039 3874 3107 3927 de
3142 3889 3387 3928 numero.
3441 3875 3632 3931 Adhuc

2039 3972 2250 4017 tuorum
2275 3962 2480 4017 dextrae
2504 3963 2571 4018 de
2594 3963 2919 4032 prmeedenti
2944 3964 3068 4020 tabe
3088 3965 3358 4020 titubant:
3390 3982 3487 4022 nec
3510 3983 3630 4036 per~

2039 4057 2234 4126 agebat
2280 4056 2488 4113 vctivos
2553 4058 2804 4128 impetus.
2840 4060 3209 4115 membrorum
3255 4060 3626 4117 imbecillitas:

2039 4148 2234 4202 sufficit
2267 4158 2444 4204 tamen
2472 4165 2635 4205 unum
2662 4150 2799 4205 velle
2828 4165 2924 4220 pro
2959 4151 3184 4215 viribus,
3207 4152 3627 4208 etindiscretum
3660 4208 3663 4209 ν

2037 4240 2320 4295 consilium
2350 4242 2417 4294 de
2449 4241 2678 4296 inimicis
2712 4242 2829 4297 loco
2873 4242 3083 4297 roboris
3129 4245 3311 4307 attulit
3340 4245 3624 4300 ultionem.

2037 4340 2150 4395 Non
2187 4348 2236 4395 te
2265 4350 2438 4395 castra
2475 4341 2629 4410 longo
2660 4341 2865 4395 munita
2914 4328 3183 4411 tempore;
3236 4361 3340 4399 non
3390 4347 3627 4402 fluminis

2039 4442 2301 4513 profunda
2328 4450 2612 4498 tenuerunt
2648 4460 2660 4495 :
2693 4442 2873 4499 datum
2907 4452 2990 4501 est
3022 4444 3262 4499 hostibus
3295 4448 3399 4500 tuis
3429 4450 3620 4502 vallum

2038 4555 2371 4610 construere,
2395 4560 2501 4601 non
2533 4544 2690 4601 tueri.
2721 4543 2962 4614 Repente
2985 4561 3198 4615 aequora
3229 4545 3489 4616 fugacium
3513 4549 3624 4603 dis-

2037 4663 2224 4705 cursus
2271 4648 2510 4714 obnubit,
2555 4664 2651 4719 per
2704 4664 2823 4719 quae
2869 4648 3224 4718 superandam
3266 4649 3615 4705 domesticam

2042 4760 2408 4821 tempestatem
2434 4751 2749 4805 abeuntibus
2781 4751 3016 4805 indixisti
3045 4768 3055 4802 :
3104 4751 3305 4805 interea
3336 4753 3480 4807 acies
3520 4763 3624 4809 tua:

2041 4863 2257 4924 aspectu
2293 4860 2663 4909 consummant
2706 4851 2912 4920 prmlia,
2965 4864 3099 4911 non.
3119 4850 3321 4909 labore.
3371 4854 3482 4911 Illic
3528 4856 3625 4910 tibi

2041 4958 2183 5015 fores
2232 4956 2490 5013 reseravit
2538 4954 2774 5021 felicitas,
2822 4953 3106 5011 manifesto
3155 4954 3431 5028 detegens,
3482 4961 3623 5033 quod

2038 5064 2127 5133 qui
2153 5063 2387 5134 primore
2430 5062 2548 5116 loco
2578 5066 2870 5124 cesserant,
2928 5059 3162 5115 secunda
3193 5075 3287 5117 eos
3330 5064 3620 5120 luctamina

2038 5179 2145 5219 non
2193 5171 2489 5219 manerent.
2542 5158 2647 5214 Sed
2686 5158 2939 5215 instruxit
2984 5175 3170 5217 rursus
3215 5162 3269 5216 in
3298 5162 3619 5234 deceptione
3705 5167 3711 5185 τ

2036 5297 2277 5353 Odoacre
2320 5308 2455 5363 cong

2036 5440 2162 5505 489,
2182 5440 2232 5492 in
2255 5452 2357 5508 qua
2379 5436 2637 5508 Otloacer,
2667 5446 2724 5508 ut
2750 5436 3102 5508 Cassiodorus
3136 5440 3186 5490 in
3217 5436 3485 5490 Chronico
3518 5453 3611 5508 ttu-

2038 5518 2133 5576 tat,
2154 5505 2405 5562 cum—suis
2423 5506 2668 5579 omnibus
2697 5505 2905 5579 fugatus
2930 5519 3030 5579 est.
3065 5506 3284 5579 Flumen
3311 5506 3617 5579 ergocujos

2035 5580 2275 5633 meminit.
2301 5578 2594 5639 Ennodius,
2628 5586 2709 5631 est
2734 5576 3111 5641 Sontius,'sive
3140 5584 3198 5629 ut
3229 5578 3277 5629 in
3300 5576 3611 5631 Cassiodori

2028 5649 2295 5704 Chronico
2334 5652 2589 5717 scriptum
2638 5658 2741 5713 est,
2796 5649 3039 5701 Isontius.
3090 5647 3193 5701 Sed
3228 5647 3451 5701 Sontitts
3486 5652 3613 5702 item

2027 5733 2107 5775 est
2136 5720 2411 5784 Jornaudi,
2458 5730 2512 5773 et
2539 5720 2856 5773 Cassiodoro
2896 5718 2993 5782 ipsi
3048 5717 3138 5770 lib.
3188 5734 3201 5769 ι
3236 5718 3466 5783 Variam,
3514 5720 3608 5783 18,

2027 5792 2202 5848 verbis
2230 5791 2577 5854 Theoderici,
2621 5788 2855 5861 Ecqua,
2884 5786 2991 5861 ait,
3026 5788 3133 5861 Deo
3176 5791 3402 5861 prapiu'o
3444 5792 3615 5845 Samii

2027 5865 2219 5931 ﬂuenta
2255 5861 2648 5923 transmisimus,
2680 5859 2763 5913 ubi
2816 5859 3035 5927 primum
3060 5859 3231 5917 Italia?
3271 5859 3361 5916 nos
3393 5862 3617 5934 suscepit

2028 5950 2318 6001 imperium,

2457 5291 2627 5367 r_essi_o
2654 5292 2720 5347 ad
2752 5292 3007 5367 Sontium,
3044 5293 3266 5351 Venetas
3319 5298 3616 5363 provincim
3706 5352 3719 5367 ρ

2037 5368 2255 5423 fluvium
2284 5366 2439 5428 facta,
2474 5364 2706 5419 Probino
2735 5373 2790 5419 et
2816 5365 3047 5422 Eusebio
3078 5382 3219 5422 coss.
3248 5382 3389 5420 anno
3420 5367 3613 5419 Christi
3705 5364 3711 5400 ί
