4186 6252
548 463 652 519 175
1688 443 1961 502 ENNODII
2003 430 2308 497 EPISCOPI
2349 429 2723 493 TICINENSIS
3710 429 3811 491 176

548 576 625 633 sui
652 586 804 629 mens
827 585 955 642 vaga
977 569 1279 625 conflictum
1304 565 1355 621 τί
1384 562 1509 619 dum
1534 559 1669 633 apud
1693 561 1954 616 Veronam
1982 568 2123 613 luam
2152 553 2201 615 Α
2233 556 2359 612 dum
2410 556 2763 612 tumefaceres
2806 550 3042 623 gurgites
3079 550 3147 605 de
3193 562 3406 615 cruore,
3437 548 3487 603 in
3533 550 3682 617 parte
3710 548 3812 603 alia

549 679 860 739 apparatum
894 640 1068 721 nubeli
1107 664 1242 717 laxis
1287 659 1529 715 manibus
1561 672 1735 728 pugna
1768 654 2148 710 instruebatur’
2232 648 2520 703 sistebatur
2543 645 3137 717 impetusﬂuentorum.
3165 642 3347 712 Itaque
3374 656 3442 697 ne
3468 640 3686 695 ensibus
3711 655 3813 696 non

556 733 864 828 impendiis.
895 757 1035 811 Nihil
1074 755 1263 809 fortius
1289 750 1607 807 adversariis
1638 749 1742 804 tuis
1773 758 1896 803 ante
1919 747 2086 801 aciem
2115 761 2129 797 :
2234 743 2529 805 sufficeres,
2562 756 2661 811 pro
2690 749 2741 795 te
2770 747 2821 794 et
2872 737 3087 808 lympha
3117 734 3381 790 militavit.
3436 734 3595 789 Salve
3626 733 3816 788 ﬂuvio-

551 827 646 907 sed
675 865 793 904 cum
825 848 951 903 belli
1000 847 1307 901 cecinerunt
1358 844 1600 906 classica,
1650 840 1777 894 nihil
1830 838 2133 892 infirmius:
2237 851 2356 890 rum
2374 834 2828 905 splendidissime,
2850 834 3020 901 quiex
3044 830 3247 900 majore
3270 837 3419 899 parte
3448 828 3634 884 sordes
3657 827 3820 883 lt'alite

551 943 778 998 maxima
806 940 859 994 in
890 939 1194 995 luctaminis
1223 934 1575 1006 promissione
1606 932 1797 996 virtus,
1829 939 1883 985 et
1913 930 1955 983 si
1985 927 2137 982 suffi-
2239 925 2477 993 deluisti,
2504 923 2689 978 mundi
2714 922 2897 977 faecem
2920 922 3216 991 suscipiens
3238 921 3352 975 sine
3374 920 3658 990 diSpendio
3681 920 3821 987 puri-

551 1045 696 1089 ceret
743 1036 919 1104 lingua
962 1048 1059 1102 pro
1088 1030 1343 1094 dexteris,
1395 1030 1546 1098 copia
1588 1040 1796 1081 summa
1828 1023 2136 1079 verborum.
2241 1018 2387 1074 tatis.
2421 1018 2561 1072 Ecce
2591 1017 2677 1071 ille
2708 1026 2879 1071 tet-tus
2922 1016 3140 1069 armatis
3168 1029 3387 1083 campus
3415 1012 3606 1068 enituit
3634 1013 3820 1066 huma-

551 1126 769 1182 Electns
799 1132 883 1181 est
909 1125 1151 1179 locorum
1184 1122 1339 1185 situs,
1372 1134 1476 1173 non
1503 1126 1609 1171 tam
1639 1114 1949 1185 congressui
1972 1111 2137 1177 utilis,
2245 1126 2433 1165 norum
2462 1110 2665 1165 ossium
2689 1108 2925 1163 candore
2956 1105 3317 1162 nobilissimus
3345 1123 3357 1159 :
3386 1106 3662 1170 habemus,
3689 1119 3825 1174 quo-

554 1232 711 1286 quam
744 1214 925 1285 pavori
954 1232 964 1265 :
995 1212 1333 1283 providentes
1366 1227 1432 1264 ne
1466 1209 1824 1264 ascriberetur
1850 1204 1993 1260 casui
2030 1202 2142 1273 pri-
2247 1205 2384 1259 tiens
2414 1203 2607 1258 vetusti
2635 1202 2838 1256 doloris
2872 1216 3122 1271 urgemur
3152 1198 3433 1265 memoria,
3484 1198 3624 1267 quod
3668 1198 3825 1252 tueri.

554 1327 641 1365 ma
671 1311 830 1365 etiam
864 1307 1129 1365 discessio
1152 1306 1517 1377 perfugarum,
1548 1313 1602 1357 et
1630 1312 1807 1357 tamen
1836 1297 2143 1369 reipublica:
2245 1294 2472 1350 Scenam
2498 1292 2912 1363 pulcherrimam
2944 1299 3125 1347 servet
3156 1302 3319 1345 terra.
3351 1290 3617 1344 Sublimes
3642 1290 3830 1345 tandiu

551 1405 783 1459 candida
830 1404 1042 1459 fortuna
1094 1400 1437 1470 perurgebat,
1490 1413 1558 1452 ne
1604 1406 1781 1465 coepto
1827 1394 2141 1448 desisteres.

555 1497 766 1551 Itineris
798 1496 871 1549 tui
920 1508 1234 1563 permensus
1279 1490 1584 1557 intervalla,
1625 1487 1951 1555 conspexiSti
1998 1486 2146 1554 ignes

560 1586 790 1641 hostium
823 1595 1085 1639 astrorum
1119 1599 1267 1637 more
1297 1581 1579 1636 rutilantes
1617 1598 1647 1640 :_
1674 1588 1733 1633 ut
1772 1578 1815 1632 si
1861 1574 2146 1645 aliquando

558 1680 653 1733 tibi
689 1680 874 1733 fuisset
922 1686 1046 1731 nota
1085 1676 1337 1741 formido,
1392 1675 1443 1727 in
1489 1675 1772 1742 abruptum
1817 1680 1867 1725 te
1913 1669 2148 1739 pendere

560 1770 862 1826 didicisses.
885 1770 1163 1836 Nunquam
1182 1767 1342 1821 animi
1362 1765 1437 1819 tui
1458 1774 1647 1830 status,
1674 1771 1764 1816 aut
1790 1761 2146 1816 secundarum

559 1878 740 1917 rerum
774 1872 984 1915 tumore
1014 1860 1186 1915 elatus
1215 1868 1317 1923 est,
1346 1868 1435 1910 aut
1462 1855 1637 1909 dubiis
1664 1853 1947 1923 acquievit.
1979 1852 2150 1905 Insta-

2249 1394 2463 1440 maneat
2490 1385 2631 1454 quod
2667 1384 2803 1453 passi
2828 1394 2970 1449 sunt,
2998 1382 3234 1451 quandiu
3262 1382 3441 1437 deleat
3468 1381 3666 1437 oblivio
3687 1381 3829 1450 quod

2251 1475 2511 1531 fecerunt.
2547 1479 2589 1528 υ
2621 1476 2821 1531 utinam
2846 1475 3128 1529 voracibus
3154 1474 3399 1542 abripere
3427 1474 3623 1544 aliquid
3649 1474 3834 1529 bestiis

2251 1582 2356 1621 non
2389 1567 2606 1621 liceret!
2664 1567 2809 1620 Perit
2838 1565 3179 1621 desiderabili
3210 1568 3537 1635 spectaculo,
3572 1567 3710 1637 quod
3739 1583 3833 1622 ac-

2253 1663 2565 1731 quisiveriut
2591 1663 2724 1714 lnrta
2752 1660 3067 1714 belluarnm.

2324 1754 2437 1808 lllic
2461 1756 2654 1808 vellem
2680 1764 2735 1808 ut
2758 1756 2929 1809 tntatis
2954 1755 3253 1820 immemor,
3278 1754 3463 1813 Roma.
3481 1768 3836 1809 commeares.

2257 1843 2313 1900 Si
2344 1846 2556 1900 venires
2588 1845 2919 1914 lapsantibus
2969 1846 3316 1902 tremebunda
3359 1845 3615 1916 veStigiis,
3662 1861 3838 1900 azvum

560 1955 654 2011 bat
677 1953 917 2009 certandi
949 1954 1062 2007 dies
1094 1952 1275 2005 multis
1309 1949 1554 2004 tenebras
1600 1947 1845 2000 allatura.
1878 1945 2009 1998 Cum
2044 1942 2153 2012 pri-
2182 1924 2229 1984 Β
2255 1938 2445 2005 gaudia
2476 1924 2889 1992 commutarent.
2913 1938 3049 2003 Quid
3073 1953 3285 2005 semper
3314 1938 3549 1991 delubris
3582 1938 3839 1992 immersa

559 2064 709 2103 mum
739 2061 929 2099 aurora
964 2044 1100 2114 bigis
1123 2044 1178 2097 in
1202 2044 1406 2097 croceis
1433 2050 1607 2099 ortum
1635 2031 1844 2108 iubaris
1865 2036 2149 2099 indicavit;

562 2155 681 2195 cum
718 2138 785 2192 de
814 2138 1000 2193 oceani
1051 2136 1282 2207 lymphis
1328 2134 1457 2187 solis
1488 2133 1698 2186 ﬂamma
1749 2128 2018 2184 surrexit:
2044 2126 2152 2196 jam

564 2247 783 2288 raucum
814 2231 1054 2285 buccinae
1078 2230 1455 2291 concinebant,
1479 2226 1585 2296 jam
1613 2235 1663 2279 te
1684 2225 1765 2279 sui
1788 2224 1985 2277 oblitus
2010 2237 2156 2291 quae-

566 2325 719 2380 rebat
737 2325 1031 2380 exercitus.
1057 2322 1155 2387 Qui
1174 2322 1298 2375 dum
1329 2317 1677 2373 munimentis
1702 2314 1945 2385 chalybis
1968 2321 2155 2383 pectus

563 2414 894 2479 iucludercs,
928 2413 1053 2467 dum
1078 2411 1251 2466 ocreis
1273 2424 1565 2475 armarere,
1591 2408 1715 2462 dum
1743 2406 1899 2462 lateri
1926 2414 2015 2459 tuo
2041 2404 2155 2457 vin-

564 2510 671 2563 dex
704 2506 966 2561 libertatis
994 2504 1204 2574 gladius
1248 2511 1543 2572 aptaretur,
1586 2506 1826 2554 sanetam
1859 2506 2080 2551 matrem
2104 2504 2157 2549 et

566 2598 931 2655 venerabilem
980 2612 1242 2659 sororem,
1296 2609 1415 2664 qua:
1462 2593 1527 2647 ad
1574 2603 1623 2646 te
1673 2590 1968 2659 diligentia:
1998 2602 2157 2643 causa

568 2701 960 2753 convenerant;
1002 2688 1128 2744 dum
1176 2689 1317 2742 inter
1369 2700 1518 2755 spem
1572 2693 1625 2738 et
1683 2691 1884 2737 metum
1930 2679 2160 2734 feminea

570 2783 877 2853 sollicitudo
906 2781 1187 2851 penderet,
1232 2778 1359 2833 dum
1392 2776 1457 2832 de
1487 2784 1683 2831 eventu
1711 2774 1951 2829 attonitae
1982 2771 2159 2825 vultus

569 2877 645 2932 tui
675 2876 853 2932 sidere
883 2882 1249 2944 pascerentur,
1284 2870 1479 2925 talibus
1508 2867 1756 2937 alloquiis
1786 2863 2154 2921 confirmasti:

575 2987 596 3021 ι
628 2968 765 3030 Scis,
820 2965 1072 3036 genitrix,
1122 2976 1303 3034 partus
1349 2965 1422 3017 tui
1470 2964 1672 3017 honore
1723 2960 1987 3014 universis
2034 2966 2160 3012 nota

570 3059 898 3126 nationibus,
929 3058 1072 3129 quod
1103 3056 1293 3111 natalis
1321 3056 1425 3110 tnei
1456 3064 1698 3124 tempore
1727 3055 1899 3108 virum
1932 3048 2159 3106 fecunda

568 3154 839 3225 genuisti:
882 3153 998 3207 dies
1028 3160 1130 3215 est,
1184 3165 1295 3220 quo
1324 3149 1416 3203 lilii
1453 3150 1525 3201 tui
1572 3162 1766 3203 sexum
1794 3158 2017 3214 campus
2059 3160 2158 3197 an-

572 3246 815 3299 nuntiet:
844 3245 963 3297 telis
993 3242 1254 3311 agendum
1285 3250 1387 3306 est,
1409 3249 1466 3293 ut
1489 3254 1709 3292 avorum
1738 3252 1831 3305 per
1850 3254 1936 3291 me
1962 3236 2157 3291 decora

482 3334 485 3335 ν
571 3358 678 3395 non
708 3349 969 3408 pereant:
1014 3339 1131 3391 sine
1160 3352 1319 3391 causa
1370 3345 1649 3404 parentum
1696 3336 1864 3388 titulis
1915 3335 2158 3401 nitimur,
2189 3306 2235 3370 C

572 3434 676 3489 nisi
699 3431 928 3503 propriis
957 3430 1289 3500 adjuvemur.
1318 3430 1437 3484 Stat
1462 3438 1586 3483 ante
1613 3429 1799 3483 oculos
1829 3443 1977 3481 meos
2006 3427 2157 3496 geni-

572 3534 683 3591 tor,
714 3524 783 3580 de
808 3540 915 3593 quo
942 3538 1213 3593 nunquam
1243 3523 1367 3577 fecit
1392 3522 1443 3577 in
1467 3522 1763 3577 certamine
1784 3520 1998 3575 fortuna
2024 3518 2161 3574 ludi-

571 3618 748 3674 brium
777 3635 787 3668 :
820 3615 909 3682 qni
940 3616 1155 3669 dextros
1186 3614 1287 3667 sibi
1319 3614 1431 3681 ipse
1461 3613 1670 3683 peperit
1698 3611 2006 3665 valetudine
2039 3611 2160 3663 exi-

572 3721 734 3782 gente
765 3723 1045 3765 successus
1069 3724 1081 3761 :
1114 3708 1215 3762 hoc
1242 3714 1454 3776 oportet
1480 3708 1613 3762 duce
1636 3706 1905 3772 contendi,
1932 3707 2022 3775 qui
2044 3721 2159 3761 om-

575 3802 663 3856 nia
692 3802 894 3856 incerta
914 3814 1018 3854 non
1034 3800 1230 3865 timuit,
1252 3798 1345 3854 sed
1365 3800 1478 3868 ipse
1494 3798 1595 3853 sibi
1620 3798 1851 3853 secunda
1873 3799 2155 3854 conscivit.

580 3892 687 3947 Vos
718 3903 892 3947 tamen
935 3892 1234 3946 elaboratas
1282 3898 1481 3955 vestes,
1525 3900 1579 3944 et
1619 3889 1866 3945 liciorum
1896 3900 2160 3946 tormenta

575 3982 858 4039 devehite:
890 3983 1169 4037 cultiorem
1202 3996 1288 4037 me
1312 3983 1455 4037 acies
1498 3984 1772 4052 suscipiat,
1820 3998 1977 4052 quam
2026 3987 2159 4038 festa

574 4083 900 4131 consuerunt
925 4091 936 4125 :
963 4074 1054 4142 qui
1083 4088 1167 4127 me
1197 4074 1263 4128 de
1289 4073 1490 4143 impetu
1518 4089 1622 4128 non
1657 4072 1986 4143 cognoverit,
2020 4074 2161 4129 testi-

577 4176 689 4224 met
716 4166 784 4222 de
815 4169 1010 4221 nitore.
1042 4166 1236 4221 lnvitet
1263 4167 1579 4235 cupidorum
1602 4169 1784 4221 oculos
1808 4167 1981 4222 honor
2009 4167 2161 4221 indu-

573 4262 779 4319 menti:
806 4262 1092 4331 pretiosior
1120 4261 1329 4331 species
1359 4260 1627 4317 feriendos
1656 4260 1907 4317 exhibeat
1935 4280 1946 4314 :
1970 4261 2163 4317 habeat

578 4356 777 4412 laboris
805 4356 1078 4422 solatium,
1114 4355 1203 4411 cui
1225 4356 1471 4426 jugulum
1505 4371 1680 4411 meum
1712 4355 1922 4411 fortuna
1957 4355 2162 4425 praesti-

576 4448 708 4505 terit
735 4466 749 4501 :
774 4448 979 4503 inhient
1005 4447 1200 4517 iacenti
1230 4447 1526 4518 splendori,
1576 4464 1711 4518 quos
1743 4465 1849 4503 non
1876 4450 2162 4519 contigerit

576 4542 756 4596 videre
778 4550 1123 4612 pugnantem.
1156 4558 1175 4591 ι
1214 4540 1307 4595 His
1332 4542 1510 4607 dictis,
1539 4543 1752 4611 excepit
1772 4551 1825 4597 te
1848 4551 1997 4612 tergo
2019 4543 2162 4597 soni-

576 4649 694 4702 pes,
726 4632 976 4689 lituorum
1007 4632 1291 4688 desideriis
1330 4633 1616 4702 inquietus.
1655 4633 1929 4688 Sed'dnm
1982 4635 2157 4690 indul-

575 4727 691 4781 sisti
719 4726 989 4792 affatibus,
1025 4724 1240 4780 inimica
1272 4725 1509 4795 legiones
1540 4733 1645 4780 tua:
1675 4726 2056 4797 premebantttr
2083 4728 2163 4782 in-

575 4818 792 4871 stantia.
828 4817 1030 4872 Dedisti
1057 4818 1318 4874 inertibus
1346 4818 1614 4886 ﬁducia’m,
1662 4820 1787 4874 dum
1817 4821 2080 4891 moraris:
2113 4830 2167 4877 et

576 4909 679 4961 hoc
709 4906 870 4961 credo
903 4898 1205 4975 provisione
1225 4911 1549 4977 ccclicolum,
1577 4926 1641 4966 ne
1668 4912 1958 4968 deberetur
1985 4915 2167 4970 multi-

579 4998 772 5063 tudini,
806 4999 947 5068 quod
974 4998 1169 5055 vicisti.
1201 5002 1451 5059 Protinus
1479 5003 1764 5059 adventum
1790 5015 1935 5059 tuum
1963 4992 2179 5062 indica?

579 5094 655 5148 vit
682 5092 925 5148 hostibus
974 5095 1200 5163 populus
1239 5100 1535 5155 occisorum
1582 5118 1597 5155 :
1637 5110 2010 5155 exsecutorem
2043 5116 2167 5171 pro-

579 5186 714 5241 didit
742 5185 905 5239 caedis
932 5188 1244 5244 enormitas.
1280 5190 1385 5245 Sed
1418 5206 1515 5245 nec
1544 5190 1649 5246 illis
1678 5192 1917 5246 remedia
1944 5191 2163 5249 defuere

579 5286 854 5336 consueta.
882 5276 1148 5332 Continuo
1175 5280 1285 5334 alas
1312 5296 1445 5350 quas
1482 5282 1667 5337 tribuit
1713 5283 1963 5348 formido,
2011 5300 2160 5339 sum-

580 5382 799 5444 pserunt
836 5388 849 5425 :
891 5386 1047 5427 cursu
1077 5372 1296 5441 praipeti
1345 5373 1840 5431 interitummortis
1884 5377 2161 5447 eligentes.

579 5472 677 5535 Qui
707 5484 792 5524 me
822 5465 1031 5523 veritati
1066 5467 1235 5521 nescit
1267 5466 1606 5537 obsecutum,
1640 5471 1856 5529 Athesis
1884 5473 2056 5527 undas
2088 5473 2164 5527 vi-

580 5562 702 5617 deat
744 5571 829 5616 tua
875 5560 989 5617 vice
1033 5558 1314 5629 opulentas
1356 5562 1627 5617 exstitisse
1669 5564 2017 5621 cadaveribus
2055 5583 2070 5618 :
2106 5574 2162 5621 et

652 5712 669 5739 ⁸
703 5709 837 5761 Dum
867 5711 1003 5788 apud
1032 5710 1285 5788 Veronam
1300 5711 1330 5788 ]_
1352 5711 1727 5788 Eodemnagnno,
1756 5718 1927 5788 inquit
1948 5720 2158 5775 Cassio-

580 5781 765 5844 dorus,
787 5783 999 5852 repetito
1027 5786 1265 5852 conﬂictu
1284 5781 1504 5838 vincitur
1529 5785 1809 5842 Odovacer.
1829 5781 2156 5848 )ornandes:

584 5854 744 5919 Quem
781 5850 866 5903 ille
897 5849 1193 5907 Odoacrem
1232 5854 1608 5932 Theodericus,
1632 5859 1713 5932 rad
1752 5876 1957 5932 campos
2004 5862 2157 5917 Vero-

583 5937 757 5977 nense:
778 5936 1047 5976 occurrens
1079 5940 1260 5993 ntagnu
1281 5935 1447 5996 strage
1478 5928 1677 5984 delevit.

700 6140 743 6169 Ὦ

2260 2031 2634 2085 concluderis?
2686 2031 2779 2086 Hic
2830 2042 3003 2085 actum
3049 2040 3150 2095 est,
3193 2040 3248 2083 ut
3285 2033 3465 2099 plures
3491 2030 3686 2085 habeas
3710 2045 3840 2087 com

2259 2125 2425 2189 sules,
2476 2140 2633 2192 quam
2674 2133 2800 2179 ante
2837 2125 3033 2179 videris
3068 2122 3399 2178 candidatos.
3455 2125 3695 2195 Agnosce
3724 2123 3842 2178 cle~

2260 2217 2514 2270 ntemiam
2535 2217 2735 2270 domini
2774 2218 2845 2271 tui
2868 2236 2879 2271 :
2901 2232 3145 2287 saporem
3168 2228 3215 2272 te
3244 2217 3409 2271 voluit
3429 2219 3639 2273 haurire
3656 2221 3843 2271 trium~

2262 2309 2511 2377 phorum,
2540 2324 2696 2375 quam
2729 2310 2885 2364 dubia
2918 2310 3077 2380 elegit
3109 2313 3319 2365 nescire
3340 2312 3716 2365 certaminum.

2332 2402 2469 2457 Ecce
2497 2402 2689 2455 iterum
2721 2402 2787 2454 ad
2824 2401 3150 2457 deditionem
3182 2402 3279 2457 sibi
3312 2404 3577 2474 cognitam
3611 2402 3847 2461 hostium

2262 2494 2404 2548 letho
2433 2495 2608 2550 debita
2648 2510 2772 2563 pars
2813 2497 3048 2550 cucurrit
3079 2514 3090 2549 :
3133 2506 3183 2551 et
3209 2512 3328 2552 cum
3360 2499 3723 2553 excessissent
3749 2512 3848 2553 oc-

2261 2589 2574 2643 cumbentes
2602 2606 2903 2655 numerum,
2946 2590 3010 2645 ad
3043 2591 3325 2646 servitium
3361 2602 3538 2647 tamen
3571 2593 3733 2647 armis
3766 2592 3848 2646 in-

2263 2691 2465 2737 structa
2498 2682 2832 2737 radiantibus
2862 2683 3071 2752 agmina
3104 2692 3489 2738 convenerunt.
3545 2683 3737 2738 Flexus
3764 2694 3849 2739 est

2262 2775 2474 2831 animus
2516 2785 2634 2829 tuus
2678 2791 2874 2845 pronus
2921 2792 3134 2846 semper
3180 2776 3243 2831 ad
3286 2778 3516 2833 veniam.
3562 2776 3851 2833 Credidisti

2228 2868 2405 2938 quod
2464 2867 2621 2921 fidem
2692 2878 3065 2923 assuescerent
3123 2870 3423 2939 magisteria
3487 2872 3850 2938 necessitatis,

2264 2975 2423 3030 quam
2456 2977 2726 3030 nunquam
2758 2962 3112 3017 exhibuerant
3141 2962 3321 3016 studio
3348 2962 3669 3018 conciliante
3699 2962 3851 3031 prin-

2263 3052 2487 3122 cipibus.
2515 3052 2764 3107 Servavit
2794 3064 2865 3120 te,
2898 3068 3081 3123 regum
3114 3054 3403 3123 praecipue,
3439 3054 3577 3123 quod
3607 3053 3851 3124 abjecisti

2265 3149 2583 3202 sacramenti
2616 3148 2941 3203 confidentia
2971 3148 3295 3202 cautionem.
3323 3149 3680 3218 Pependimus
3704 3150 3852 3204 anxii

2266 3255 2333 3293 ne
2368 3250 2723 3304 mererentur,
2755 3254 2889 3310 quos
2917 3240 2983 3293 de
3015 3240 3255 3295 hostibus
3284 3240 3387 3294 tuis
3409 3256 3713 3310 receperas,
3739 3256 3847 3296 non

2266 3334 2461 3402 perire.
2515 3333 2722 3388 Gratias
2758 3335 2870 3402 tibi,
2926 3336 3111 3389 mundi
3142 3336 3342 3391 arbiter
3390 3336 3549 3403 Deus,
3599 3337 3686 3405 qui
3719 3349 3854 3389 con-

2266 3428 2518 3481 scientias
2550 3436 2771 3481 vetcrno
2804 3442 2986 3482 errore
3015 3442 3289 3497 possessas
3320 3428 3386 3482 ad
3419 3427 3615 3481 ultores
3646 3426 3853 3495 gladios

2266 3520 2539 3588 impuliSti.
2581 3520 2813 3575 Puderet
2854 3535 2939 3575 me
2985 3536 3270 3575 recensere
3318 3520 3584 3575 levitatem
3619 3520 3854 3587 origina-

2267 3613 2419 3677 riam,
2470 3616 2570 3668 nisi
2602 3629 2716 3669 eam
2748 3612 2987 3669 viderem
3021 3616 3123 3669 tuis
3164 3615 3410 3670 laudibus
3442 3616 3850 3684 obsequentem.

2266 3706 2403 3774 Quid
2444 3706 2724 3761 dissimulo
2766 3715 2914 3776 gesta
2962 3708 3252 3777 persequi?
3297 3707 3475 3761 Libuit
3520 3722 3612 3762 eos
3659 3722 3850 3762 rursus

2266 3798 2503 3854 tendenti
2536 3798 2795 3853 inermem
2842 3798 3118 3855 dexteram
3151 3800 3171 3829 ¹
3205 3797 3464 3852 Odovacri
3498 3812 3657 3867 regna
3692 3798 3855 3867 polli-

2266 3890 2395 3945 ceri.
2432 3890 2665 3946 lnnotuit
2696 3891 2839 3945 illico
2872 3891 3035 3945 rebus
3071 3890 3122 3943 in
3158 3890 3275 3943 lnce
3303 3890 3652 3959 deprehensis
3684 3889 3854 3944 hosti-

2266 3982 2390 4037 lium
2408 3997 2561 4037 error
2575 3982 2894 4042 animorum.
2915 3983 3196 4037 Advocasti
3220 3982 3605 4052 providentiam
3625 3990 3841 4037 actuum

2270 4086 2481 4132 tuorum
2515 4078 2765 4132 comitem
2796 4096 2805 4128 :
2833 4086 2884 4131 et
2907 4093 2974 4131 ne
2996 4077 3251 4147 impunita
3282 4086 3423 4131 esset
3454 4074 3618 4130 libido
3646 4074 3854 4130 discur-

2266 4173 2521 4235 rentium,
2558 4170 2772 4225 ultionis
2802 4169 2995 4225 vexilla
3025 4172 3360 4237 concutiens,
3396 4167 3565 4223 fecisti
3595 4166 3853 4223 consilio-

2266 4283 2383 4322 rum
2416 4266 2731 4337 participem
2762 4265 2814 4319 in
2856 4265 3082 4320 secretis
3112 4264 3364 4334 populum
3394 4263 3503 4329 jam
3549 4261 3848 4330 probatum.

2266 4360 2545 4415 Neminem
2576 4358 2944 4413 adversarium
2982 4359 3265 4426 agnovisse
3302 4356 3546 4424 contigit,
3589 4353 3732 4423 quod
3768 4360 3853 4408 te-

2266 4467 2386 4507 cum
2417 4466 2541 4522 pars
2568 4450 2752 4506 mundi
2783 4451 2959 4521 potior
2995 4448 3330 4519 disponebat.
3366 4446 3613 4502 Mandata
3641 4455 3723 4500 est
3756 4459 3855 4514 per

2268 4545 2517 4614 regiones
2544 4542 2993 4612 disiunctissimas
3020 4556 3121 4595 nex
3145 4540 3339 4594 votiva.
3367 4538 3497 4605 Quis
3519 4538 3633 4592 haec
3661 4544 3855 4606 praeter

2268 4651 2555 4706 supernam
2585 4635 2919 4689 voluntatem
2951 4632 3217 4703 praestitit,
3246 4640 3298 4686 et
3321 4632 3477 4685 unius
3506 4629 3613 4685 ictu
3645 4640 3854 4697 tempo-

2271 4735 2343 4787 ris
2367 4730 2730 4786 elfunderetur
2752 4730 2977 4785 Romani
3009 4728 3238 4783 nominis
3265 4728 3447 4782 clades
3477 4727 3629 4795 longa
3656 4736 3855 4793 tempo-

2271 4843 2387 4881 rum
2412 4825 2754 4896 improbitate
2772 4824 3030 4880 collecta?
3062 4823 3158 4877 llic
3180 4838 3284 4891 quo
3308 4837 3393 4877 me
3420 4831 3621 4875 vertam
3648 4819 3853 4873 nescio.

2270 4921 2505 4976 Gradum
2539 4919 2898 4988 referam,qni
2933 4915 3143 4985 suscepi
3168 4915 3402 4970 officiuin
3432 4913 3750 4976 laudatoris;
3784 4928 3857 4967 ait

2271 5022 2540 5081 arreptum
2574 5011 2963 5082 prmconiorum
2997 5020 3207 5064 tuorum
3238 5007 3340 5062 iter
3364 5004 3669 5077 ingrediar?
3711 5004 3857 5057 Con-

2270 5116 2481 5176 sumpta
2511 5120 2597 5160 res
2628 5112 2708 5159 est
2734 5117 2993 5172 prospero
3023 5100 3277 5171 falalique
3306 5100 3446 5154 bello
3471 5117 3484 5151 :
3533 5098 3741 5151 succisa
3769 5104 3857 5149 est

2266 5198 2559 5253 Odovacris
2608 5195 2977 5266 praesumptio,
3028 5203 3309 5263 postquam
3357 5206 3477 5246 eum
3526 5188 3749 5257 contigit
3785 5187 3857 5241 de

2270 5290 2476 5344 fallacia
2529 5303 2632 5343 non
2678 5288 2873 5357 juvari.
2924 5287 3059 5355 Quid
3111 5287 3426 5341 lierulorum
3473 5284 3685 5353 agmina
3736 5281 3853 5336 fusa

2267 5381 2723 5437 commemorem?
2746 5381 2847 5447 Qui
2872 5380 2989 5435 ideo
3011 5380 3268 5436 adversus
3298 5388 3349 5434 te
3379 5376 3591 5433 deducti
3620 5385 3765 5439 sunt,
3795 5382 3855 5427 ut

2270 5473 2357 5527 hic
2383 5483 2757 5543 agnoscerent,
2794 5474 2955 5529 etiam
2982 5473 3035 5527 in
3082 5472 3312 5541 propriis
3352 5469 3567 5525 sedibus
3590 5482 3746 5538 quem
3779 5465 3853 5520 ti-

2269 5575 2483 5621 merent
2508 5583 2517 5617 :
2546 5567 2655 5635 egit
2682 5580 2871 5620 causas
2897 5566 3067 5634 longa:
3091 5563 3285 5633 quietis
3317 5574 3420 5616 tuae
3449 5561 3594 5615 furor
3622 5559 3852 5612 alienus.

2339 5726 2359 5755 ¹
2405 5722 2656 5777 Odovacri
2700 5738 2855 5789 regna
2901 5721 3166 5793 polliceri]
3210 5722 3347 5777 Tnsa
3388 5722 3522 5775 duce
3560 5730 3719 5790 atque
3759 5736 3857 5775 au-

2268 5805 2415 5849 ctore
2442 5814 2451 5846 :
2479 5794 2565 5863 qui
2599 5808 2715 5847 cum
2746 5793 2990 5846 dedititio
3017 5794 3256 5848 exercitu
3288 5793 3351 5846 ad
3382 5794 3640 5863 Odoacris
3675 5802 3856 5863 partes

2271 5868 2461 5921 iterum
2489 5861 2717 5919 defecit:
2763 5864 2903 5917 unde
2930 5872 3111 5917 secuta
3160 5873 3243 5918 est
3284 5862 3495 5917 obsidio
3525 5861 3849 5927 Ticinensis,

2270 5954 2374 6004 quo
2393 5952 2449 5994 se
2461 5936 2819 5992 Theodericus
2843 5942 3117 6005 receperat
3135 5951 3148 5989 :
3163 5943 3221 5992 ut
3235 5943 3317 5991 est
3337 5934 3393 5991 in
3410 5932 3525 5991 Vita
3541 5931 3849 6005 Epiphanii.
