4186 6252
352 441 448 499 177

1263 434 1731 496 PANEGYRICUS
1771 434 2206 492 'I'HEODElthO
2247 434 2404 491 REGI
2448 436 2708 495 DICTUS.

3522 437 3622 493 173

347 553 519 613 Taceo
547 552 635 608 ubi
660 553 676 585 ¹
704 552 798 608 tibi
848 552 1081 623 injuncta
1108 561 1191 609 est
1220 567 1321 623 pax
1365 552 1642 618 diuturna,
1683 552 1925 620 Burgun-
1957 551 2253 611 Adesistis
2301 552 2523 607 castella
2577 565 2893 622 propagare,
2945 566 3102 606 curas
3153 560 3269 606 tuas
3310 552 3361 606 in
3409 552 3621 619 longum

348 651 426 705 dio
449 668 461 703 :
490 647 707 720 quando
723 649 801 703 sic
822 647 1111 703 foederibus
1138 649 1425 703 obsecutus
1446 663 1526 712 es,
1549 658 1604 702 ut
1624 646 1928 716 deputetur,

347 742 484 815 quod
519 742 658 796 vivis
708 742 948 809 feriatus,
1000 742 1337 806 constantiae,
1390 755 1493 795 non
1546 740 1748 810 pavori.
1798 738 1932 793 Illud

347 849 553 905 quoque
584 835 703 903 quis
730 836 960 902 patiatur
993 834 1193 887 notitim
1228 834 1425 901 perire,
1472 834 1611 902 quod
1645 833 1785 887 bono
1816 830 1933 885 feli-

347 930 516 983 citatis
562 937 667 982 tum
692 928 1063 982 concurrentia
1098 928 1237 982 inter
1268 943 1325 981 se
1357 926 1586 980 vidimus
1634 925 1733 980 tela
1766 923 1927 993 perfl-

348 1020 554 1081 dorum,
600 1027 655 1073 et
688 1018 930 1073 inimicas
960 1018 1105 1089 acies
1151 1029 1201 1073 te
1230 1026 1547 1088 occupatum
1583 1019 1634 1071 in
1680 1017 1799 1071 aliis
1845 1019 1929 1085 pia

346 1112 721 1180 congressione
742 1112 1041 1165 cecidisse?
1073 1110 1329 1177 Quotiens
1358 1109 1452 1163 tibi
1480 1110 1607 1164 vicit
1631 1110 1718 1179 qui
1744 1118 1929 1163 contra

347 1215 392 1261 te
414 1212 723 1271 sumpserat
750 1214 870 1256 vota
905 1198 1213 1274 pugnandi?
1241 1205 1261 1235 ³
1308 1203 1454 1257 Dicat
1485 1201 1811 1268 Fridericus,
1840 1201 1928 1269 qui

346 1306 623 1368 postquam
656 1294 814 1351 fidem
852 1295 1007 1361 laesit,
1038 1295 1218 1349 hostes
1252 1305 1373 1351 tuos
1396 1293 1614 1349 interitu
1644 1295 1930 1347 comitatus

347 1398 447 1453 est;
476 1398 662 1443 contra
692 1389 816 1442 illos
844 1402 991 1442 arma
1021 1388 1357 1451 conentiens,
1409 1386 1603 1453 quibus
1635 1385 1813 1440 fuerat
1842 1398 1929 1438 er-

351 1498 465 1537 rore
492 1484 755 1545 sociatus;
807 1480 1021 1549 quando
1073 1488 1195 1534 nata
1242 1488 1323 1533 est
1366 1479 1506 1532 inter
1537 1477 1829 1531 sceleratos
1858 1474 1927 1530 de

353 1575 444 1628 hoc
472 1573 610 1642 quod
638 1571 1007 1641 intelligebant
1036 1586 1095 1625 se
1123 1586 1284 1626 unum
1308 1570 1447 1625 velle
1465 1569 1752 1623 discordia.
1774 1567 1929 1621 Adsit

262 1734 265 1741 ἢ
353 1666 620 1730 Div-initas,
652 1677 705 1719 et
735 1665 999 1720 beneficia
1038 1680 1134 1719 sua
1176 1665 1226 1718 in
1264 1678 1437 1719 aevum
1471 1662 1728 1731 producat
1764 1680 1777 1715 :
1822 1676 1925 1729 qua

355 1758 657 1826 disponente
695 1756 868 1809 votiva
920 1756 1057 1809 inter
1102 1770 1225 1809 reos
1278 1768 1508 1809 evenere
1554 1754 1738 1822 litigia.
1792 1752 1923 1806 Nam

355 1850 662 1917 Fridericus,
700 1858 982 1919 postquam
1015 1847 1106 1902 tibi
1131 1848 1199 1902 de
1230 1845 1556 1902 adversariis
1590 1846 1691 1900 tuis
1719 1844 1923 1915 peregit

354 1941 689 2012 triumphum,
720 1940 788 1995 de
818 1955 878 1995 se
912 1940 1157 2007 prmbuit.

397 2037 598 2093 'Trabit
628 2052 711 2090 me
735 2037 800 2090 ad
833 2036 991 2091 aliam
1019 2046 1225 2105 partem
1256 2038 1643 2093 venerabilium
1668 2051 1791 2107 pars
1814 2052 1925 2092 ma-

357 2144 452 2200 gna
482 2129 812 2183 meritorum.
846 2129 1018 2184 Video
1066 2131 1380 2199 inspiratum
1422 2130 1671 2185 decorem
1713 2131 1922 2185 urbium

360 2219 615 2274 cineribus
640 2220 909 2283 evenisse,
934 2230 987 2275 et
1009 2220 1108 2275 sub
1131 2219 1404 2274 civilitatis
1432 2221 1761 2290 plenitudine
1787 2222 1807 2252 ³
1834 2236 1925 2292 pa-

356 2310 506 2364 latina
532 2311 725 2380 ubique
754 2320 895 2366 tecta
927 2312 1161 2367 rutilare.
1192 2312 1362 2368 Video
1384 2321 1507 2368 ante
1534 2312 1766 2383 perfecta
1794 2314 1923 2369 aedi-

348 2400 481 2471 ficia,
504 2418 662 2471 quam
692 2420 780 2459 me
807 2405 1142 2474 contigisset,
1170 2404 1448 2474 disposita.
1484 2404 1578 2459 llla
1608 2404 1722 2474 ipsa
1754 2415 1925 2461 mater

348 2495 609 2550 civitatum
641 2496 811 2551 Roma
830 2498 1156 2567 juvenescit,
1184 2498 1421 2553 marcida
1444 2501 1734 2554 senectutis
1756 2516 1923 2555 mem-

349 2586 439 2641 bra
471 2589 786 2643 resecando.
822 2589 951 2644 Date
980 2589 1220 2659 veniam,
1261 2590 1572 2659 Lupercalis
1602 2593 1741 2661 genii
1770 2606 1921 2646 sacra

346 2679 635 2735 rudimenta
667 2697 682 2733 :
712 2682 834 2750 plus
878 2690 960 2735 cst
1010 2696 1259 2737 occasum
1311 2683 1592 2753 repellere,
1632 2699 1789 2751 quam
1828 2684 1923 2740 de-

349 2771 485 2826 disse
512 2774 789 2842 principia.
836 2776 948 2829 Huc
998 2776 1225 2839 accedit,
1269 2776 1413 2846 quod
1462 2792 1714 2831 coronam
1760 2782 1923 2834 curias

351 2860 623 2918 innumero
651 2865 781 2919 flore
812 2866 1021 2921 velasti.
1066 2866 1278 2921 Nullum
1321 2869 1387 2922 de
1428 2868 1720 2923 honoribus
1752 2870 1922 2939 tetigit

345 2954 663 3025 desperatio,
697 2974 849 3027 quem
889 2959 1145 3026 juverunt
1185 2959 1561 3028 deprecantem
1612 2962 1750 3015 bona
1794 2976 1920 3017 con-

338 3049 619 3103 scientiae:
654 3054 821 3105 nescit
862 3050 931 3106 de
972 3050 1162 3106 effectu
1215 3052 1486 3119 petitionis
1525 3052 1789 3117 dubitare,
1829 3052 1921 3124 qui

339 3141 629 3210 splendidis
664 3143 818 3212 in0ps
846 3143 1052 3198 meritis
1079 3158 1184 3198 non
1214 3145 1437 3213 rogavit.
1464 3145 1565 3198 Aut
1591 3145 1715 3198 boni
1738 3160 1921 3200 sumus

338 3234 610 3303 praposito
642 3244 849 3298 nostro,
876 3244 971 3288 aut
998 3243 1089 3289 tuo
1116 3236 1467 3290 informamur
1497 3237 1762 3304 exemplo.
1787 3236 1919 3291 Cre-

2038 644 2337 714 producens
2365 661 2377 695 :
2408 658 2506 698 nec
2538 644 2633 697 viri
2668 644 2821 698 fortis
2861 643 2912 697 in
2955 653 3005 699 te
3032 644 3183 699 deest
3215 644 3491 708 securitas,
3528 661 3624 701 nec

2035 736 2242 790 cautela
2292 737 2599 790 metuentis.
2630 736 2673 790 0
2703 738 2968 805 geminam
3012 738 3064 789 in
3109 752 3213 792 uno
3253 736 3489 805 principe
3519 736 3625 789 viro

2039 839 2211 885 tutum
2248 830 2665 900 plenitudinem!
2696 846 2813 899 qua:
2846 830 3128 885 Dominum
3178 830 3409 900 resignat
3442 838 3626 883 aucto.

2036 939 2149 980 rem
2180 944 2191 977 :
2220 925 2342 995 quia
2374 940 2479 980 non
2520 925 2684 980 habet
2716 926 2854 978 inter
2889 924 3155 991 homines,
3187 941 3215 979 a
3246 941 3352 995 quo
3380 925 3624 982 videatur

2036 1017 2336 1086 sumpsisse
2356 1018 2497 1087 quod
2525 1017 2763 1071 exhibet.

2106 1111 2212 1166 Sed
2258 1126 2386 1166 ecce
2427 1126 2613 1167 rursus
2657 1121 2776 1182 post
2816 1113 3050 1181 quietem
3097 1111 3319 1166 solidam
3368 1112 3432 1165 ad
3479 1112 3620 1169 acies

2033 1204 2195 1259 verba
2227 1219 2547 1260 revocamus
2575 1226 2588 1261 :
2617 1206 2809 1260 iterum
2838 1204 2903 1259 ad
2931 1220 2988 1261 se
3010 1206 3132 1260 tuba
3156 1215 3308 1260 vocat
3329 1206 3617 1275 eloquium.

2034 1296 2052 1327 ⁸
2086 1296 2458 1351 Sirmiensium
2492 1296 2682 1352 civitas
2712 1298 2841 1351 olim
2875 1298 3028 1353 limes
3055 1298 3219 1352 Italiae
3259 1297 3353 1352 fuit
3388 1316 3398 1350 :
3436 1300 3486 1353 in
3516 1314 3620 1369 qua

2033 1392 2274 1445 seniores
2317 1390 2519 1446 domini
2565 1391 2942 1455 excubabant,
2992 1407 3061 1446 ne
3113 1402 3424 1447 coacervata
3475 1393 3622 1449 illinc

2033 1482 2374 1536 finitimarum
2401 1482 2621 1537 vulnera
2656 1484 2891 1552 gentium
2916 1483 2967 1536 in
2992 1483 3292 1537 Romanum
3316 1499 3507 1551 corpus
3528 1499 3621 1538 ex-

2032 1582 2327 1629 currerent.
2371 1574 2495 1629 Hmc
2532 1584 2721 1644 postea
2770 1590 2865 1643 per
2908 1576 3207 1645 regentium
3240 1577 3537 1646 neglectum
3570 1579 3655 1633 in'

2032 1668 2358 1738 Gepidarum
2388 1670 2506 1739 jura
2540 1669 2851 1724 concessit:
2882 1668 3007 1723 hinc
3046 1670 3353 1739 quotidiana
3401 1670 3621 1725 insulta~

2033 1761 2129 1825 tio,
2164 1770 2216 1816 et
2252 1761 2607 1831 incomposita
2652 1761 2986 1831 legationum
3033 1761 3332 1831 frequentia
3376 1763 3620 1818 mitteba-

2032 1862 2137 1908 tur.
2172 1853 2407 1909 Urebant
2451 1854 2685 1907 animum
2740 1853 2998 1923 principis
3043 1853 3215 1909 dolosi
3258 1854 3621 1911 blandimenta

1954 1936 2005 1999 B
2030 1948 2351 2013 commenti;
2381 1956 2434 2002 et
2458 1948 2598 2002 circa
2640 1947 2775 2003 alios
2801 1948 3035 2019 Gepidas
3069 1963 3298 2019 quorum
3329 1949 3515 2003 ductor
3540 1956 3620 2004 est

2029 2038 2348 2102 Gunderith,
2385 2040 2757 2108 intempestiva
2790 2040 3057 2096 Traserici
3103 2040 3454 2095 familiaritas.
3483 2040 3619 2095 Cre-

2028 2130 2195 2186 debas
2237 2131 2289 2184 in
2335 2139 2421 2183 tua
2469 2129 2665 2199 injuria
2709 2131 2908 2200 perire,
2947 2131 3071 2201 quia
3101 2131 3191 2186 diu
3234 2131 3428 2186 licebat
3460 2131 3620 2187 Italia:

2030 2224 2418 2292 possessionem
2449 2232 2502 2277 te
2533 2223 2839 2279 dominante
2881 2226 3121 2279 retineri.
3161 2225 3269 2279 Nec
3314 2224 3620 2282 sufficiebat

2026 2318 2343 2381 consolatio,
2389 2317 2531 2387 quod
2580 2331 2697 2371 eam
2744 2328 2799 2371 tu
2838 2333 2943 2372 non
2985 2318 3337 2387 perdideras:
3370 2334 3489 2372 cum
3524 2320 3619 2372 im-

2026 2424 2245 2465 mensus
2272 2420 2416 2465 esset
2456 2408 2635 2476 dolor,
2668 2424 2765 2464 cur
2804 2410 2947 2464 illam
2999 2420 3295 2465 retentator
3334 2426 3438 2465 non
3484 2412 3623 2467 inter

2026 2501 2407 2557 dominationis
2429 2511 2535 2557 tuae
2557 2502 2777 2557 exordia
2800 2495 3125 2558 reddidisset
3148 2521 3159 2555 :
3189 2503 3355 2557 minui
3383 2505 3619 2560 mstimas

2025 2595 2167 2665 quod
2198 2610 2304 2649 non
2337 2596 2533 2650 crescit
2562 2595 2865 2665 imperium.
2898 2594 3187 2665 Postquam
3214 2604 3393 2650 tamen
3421 2596 3620 2665 liquido

2025 2684 2291 2741 Traserici
2322 2697 2547 2755 patuere
2571 2695 2899 2751 commenta,
2924 2686 3222 2740 Gothorum
3256 2686 3621 2743 nobilissimos

2026 2777 2215 2843 Pitzia,
2255 2778 2510 2842 Herduic,
2559 2787 2610 2832 ct
2656 2779 2849 2847 pubem
2891 2778 3053 2832 nullis
3100 2778 3276 2833 adhuc
3323 2779 3620 2834 dedicatam

2028 2868 2230 2939 pra-liis
2262 2868 2541 2924 destinasti
2572 2886 2587 2923 :
2619 2879 2673 2923 ut
2715 2870 2759 2924 si
2802 2869 2998 2924 oblatis
3036 2871 3244 2938 paction
3272 2871 3369 2923 bus
3401 2872 3621 2939 acquie-

2026 2971 2223 3027 sceret,
2259 2962 2425 3016 semel
2458 2963 2646 3017 invaso
2674 2962 2916 3017 locorum
2948 2964 3207 3029 potiretur
3238 2963 3482 3016 arbitrio.
3514 2962 3619 3018 Sed

2027 3068 2155 3107 usus
2188 3054 2544 3107 inconsmnlis
2582 3054 2823 3107 felicitati
2869 3063 2971 3106 tuae
3015 3052 3301 3107 obsecutus
3330 3062 3413 3106 est
3444 3070 3456 3105 :
3486 3050 3621 3121 fugit

2025 3152 2219 3211 sponte
2256 3144 2451 3207 aliena,
2488 3153 2540 3198 et
2572 3143 2687 3197 sine
2722 3142 2952 3211 impulsu
2980 3141 3248 3195 exercitus
3274 3143 3348 3195 tui
3381 3141 3621 3196 deseruit

2026 3237 2170 3307 quod
2200 3236 2451 3307 debebat.
2482 3235 2753 3290 Continuo
2791 3234 2976 3298 Pitzia,
3006 3235 3094 3303 qui
3133 3242 3188 3286 et
3216 3233 3284 3288 de
3314 3242 3367 3289 te
3395 3243 3621 3291 eventus

339 3333 518 3380 verunt
548 3327 863 3396 reipublicae
885 3342 1015 3396 opes
1039 3343 1159 3382 cum
1194 3328 1520 3398 privatorum
1550 3328 1917 3397 profectibus:
1950 3318 1998 3384 C
2029 3329 2187 3383 utiles
2217 3334 2537 3395 sumpserat,
2577 3335 2633 3381 et
2669 3326 3014 3381 consiliorum
3060 3334 3331 3380 momenta
3371 3324 3619 3390 librabat,

338 3432 589 3488 nusquam
622 3421 677 3473 in
706 3419 827 3473 aula
852 3430 934 3473 tua
967 3421 1198 3475 ambitus
1226 3432 1278 3475 et
1299 3436 1460 3488 opum
1489 3421 1686 3490 ubique
1707 3421 1923 3477 diffusio

338 3519 416 3565 est
444 3531 455 3562 :
486 3528 650 3568 nemo
681 3512 970 3567 iudonatus
1002 3514 1261 3580 abscedit,
1295 3522 1349 3569 et
1378 3514 1556 3569 nullus
1584 3514 1923 3573 incommoda

339 3605 738 3672 proscriptionis
768 3605 1093 3673 iugemiscit.
1132 3606 1509 3675 Legationibus
1539 3607 1642 3660 tuis
1674 3606 1811 3661 inest
1843 3606 1923 3659 vi-

335 3712 427 3765 gor
450 3698 808 3763 immortalis;
839 3698 1210 3753 mandatorum
1238 3699 1482 3755 ordinem
1506 3698 1727 3769 digeris,
1757 3698 1925 3769 prius-

328 3804 476 3861 quam
527 3794 740 3862 legatos
780 3794 1010 3862 aspicias
1042 3812 1055 3847 :
1089 3802 1187 3849 nec
1219 3793 1658 3861 replicationibus
1694 3793 1798 3846 tuis
1838 3807 1923 3847 re-

324 3886 611 3953 periuntur
630 3888 927 3951 contraria;
953 3902 1051 3943 nec
1072 3887 1467 3956 objectionibus
1492 3886 1669 3944 facilis
1689 3886 1924 3943 occurrit

328 3979 607 4034 resolutio.
644 3979 883 4035 Excubat
910 3995 1005 4048 pro
1034 3981 1198 4034 armis
1224 3980 1404 4049 opinio
1432 3979 1741 4048 principalis
1767 3996 1781 4032 :
1815 3978 1922 4034 otia

321 4080 503 4127 nostra
562 4073 742 4141 magni
775 4073 915 4141 regis
960 4073 1265 4128 sollicitudo
1306 4073 1539 4129 custodit
1570 4091 1582 4125 :
1614 4087 1713 4128 nec
1740 4081 1922 4129 tamen

380 4232 396 4259 ²
434 4228 570 4282 Τίλιὶ
613 4244 716 4295 pax
757 4228 1003 4281 diuturna
1042 4226 1380 4297 Burgundio]
1430 4228 1620 4283 Pacem
1675 4228 1924 4298 intelligit

312 4314 431 4354 cum
495 4298 949 4366 Burgundionum
998 4314 1121 4367 rege
1154 4298 1483 4353 Gundobado
1534 4300 1715 4363 ictam,
1764 4310 1923 4367 atque

310 4369 670 4437 OStrogotha:
696 4369 1015 4423 Theoderici
1040 4370 1165 4423 filiae
1193 4385 1313 4422 cum
1341 4370 1682 4438 Sigismundo
1709 4370 1924 4423 Gundo-

310 4441 431 4495 badi
466 4441 594 4495 filio
624 4440 820 4507 nuptiis
852 4441 1172 4507 c0pulatam,
1205 4440 1270 4493 de
1296 4456 1397 4502 qua
1420 4444 1515 4494 re'x
1546 4441 1659 4508 ipse
1684 4439 1926 4510 Burgun-

309 4511 398 4565 dio
423 4513 493 4566 ad
544 4510 897 4578 Epiphaniam
941 4511 1253 4580 episcopum
1284 4511 1598 4565 Theoderici
1649 4511 1877 4580 legatum
1908 4531 1919 4563 :

309 4582 591 4636 Concedo!
614 4592 778 4633 tamen
806 4582 1081 4634 divinitatis
1108 4598 1366 4648 assensus,
1400 4590 1451 4633 ut
1483 4582 1756 4635 solidatam
1794 4584 1925 4635 inter

308 4670 403 4706 nos
440 4654 623 4722 foedus
655 4653 805 4720 longa
831 4662 977 4704 (etate
1007 4664 1248 4706 servetur.

312 4794 361 4849 ls
390 4812 493 4863 pro
526 4793 873 4863 TlieodoriCu
905 4796 1129 4859 primum
1165 4794 1266 4848 hoc
1295 4795 1433 4849 bello
1462 4794 1715 4848 militarat
1745 4813 1756 4847 :
1782 4806 1925 4863 post-

312 4859 577 4920 ea'fidem
613 4859 649 4918 fi
666 4865 793 4933 egit,
840 4874 893 4919 ct
941 4864 1183 4918 hostibus
1230 4866 1461 4919 sociatus
1502 4876 1600 4919 est.
1634 4859 1924 4920 Tumvorta

312 4938 459 4991 inter
490 4937 684 4989 hn-tes
710 4940 852 5003 ipsos
873 4936 1163 5000 discordia,
1184 4937 1393 4991 collatis
1410 4937 1594 5003 signis,
1623 4936 1925 4990 Fridericus

309 5010 492 5062 victus
528 5015 638 5061 est.
671 5004 746 5059 Ita
773 5009 862 5074 qui
895 5006 1228 5061 Theoderico
1274 5008 1600 5076 triumphum
1632 5008 1697 5061 de
1735 5008 1926 5061 adver-

312 5081 473 5131 sariis
498 5078 621 5130 suis
648 5088 770 5129 ante
802 5087 1103 5144 pepererat,
1134 5079 1199 5132 de
1229 5094 1287 5133 se
1314 5080 1429 5147 ipso
1458 5078 1643 5133 iisdem
1676 5079 1923 5147 praebuit,

311 5150 556 5219 quando!
573 5148 643 5219 ab
666 5148 745 5198 eis
776 5155 1077 5219 prcstratusr
1099 5160 1202 5203 est.
1496 5218 1507 5219 ί
1802 5202 1805 5203 ν

383 5220 405 5250 ³
441 5217 910 5291 Palatinaubique
937 5218 1088 5291 tecta]
1110 5220 1462 5291 Cassiodorus
1487 5218 1713 5272 Patricio
1741 5228 1794 5272 et
1821 5219 1925 5289 lly-

313 5291 464 5372 patio
508 5303 662 5343 coss.
703 5288 769 5341 de
813 5288 1186 5372 Theoderico:
1215 5290 1503 5372 Sub-cujus
1540 5288 1925 5372 felici-imperio

313 5364 569 5429 plurimm
609 5369 919 5412 renovantur
966 5362 1133 5426 urbes,
1168 5360 1507 5414 munitissima
1553 5360 1765 5415 castella
1805 5377 1928 5414 con-

314 5434 543 5495 duntur,
570 5441 886 5500 consurgunt
911 5432 1213 5485 admiranda
1242 5433 1457 5501 palatia,
1490 5433 1787 5501 magnisque
1815 5436 1927 5502 ejus

318 5518 412 5573 ope
448 5506 570 5555 ibus
604 5503 815 5573 antiqua,
841 5502 1091 5555 miracula
1120 5514 1445 5573 superantur.
1484 5503 1623 5555 Idem
1657 5505 1795 5556 inter
1824 5518 1928 5556 Cte-

316 5571 467 5629 teras
521 5575 645 5638 ejus
684 5571 917 5628 fabricas
955 5571 1188 5628 formam
1222 5574 1400 5628 laudat
1446 5572 1805 5628 Ravennatem
1849 5577 1930 5627 in-

317 5652 657 5698 stauratam.

394 5713 420 5747 ⁸
468 5715 843 5771 Sirmiensium
888 5714 1085 5785 civitas]

1137 5715 1389 5771 Sirmium
1438 5726 1595 5786 caput
1644 5716 1933 5770 Pannoniae

317 5787 638 5847 inferioris,
672 5803 787 5853 qua:
820 5787 1043 5855 proinde
1084 5787 1396 5840 Sirmiensis
1442 5787 1711 5841 Pannonia
1741 5788 1937 5842 dicitur

320 5859 424 5912 lib.
464 5874 526 5910 In
566 5856 793 5923 Varian,
822 5859 910 5915 ‘25.
948 5858 1003 5911 In
1037 5874 1097 5913 ea
1130 5859 1385 5926 regnabat
1410 5860 1517 5911 hoc
1549 5869 1785 5927 tempore
1813 5857 1938 5912 'l'ra-

319 5932 554 5984 saticus
594 5942 681 5982 rex
722 5928 1067 5998 Gepidarum.
1114 5930 1281 5995 Quem
1315 5930 1674 5986 Theodericus
1720 5938 1937 6001 propter

2028 3436 2135 3477 non
2168 3420 2478 3488 acquisitam
2510 3432 2629 3473 e~se
2677 3428 2873 3473 terram
2914 3417 3163 3481 credidit,
3206 3415 3297 3471 sed
3338 3415 3571 3471 refusam
3604 3431 3617 3469 :

2030 3530 2130 3570 nec
2159 3512 2361 3584 rapinis
2392 3519 2448 3565 ut
2479 3511 3048 3590 lucrativapopulatus
3078 3518 3193 3575 cst;
3223 3510 3315 3564 scd
3344 3509 3621 3577 disiiensao

2036 3606 2275 3661 tionibus
2296 3605 2527 3660 servavit
2550 3614 2604 3658 ut
2634 3604 2870 3673 propria.
2901 3602 3103 3669 Quibus
3134 3602 3205 3655 ibi
3226 3601 3619 3670 ordinationem

2026 3698 2452 3766 moderantibus,
2488 3699 2507 3728 ⁵
2537 3712 2629 3767 per
2668 3696 2909 3751 foederati
2962 3694 3246 3749 Mundonis
3288 3693 3619 3749 attrectatio-

2027 3806 2149 3848 nem
2177 3789 2383 3845 Grazcia
2411 3800 2493 3846 est
2517 3790 2759 3859 professa
2782 3788 3124 3853 discordiam,
3149 3802 3327 3842 secum
3362 3787 3617 3858 Bulgares

2025 3898 2154 3939 suos
2191 3883 2244 3936 in
2277 3882 2437 3935 tutela
2473 3880 2826 3945 deducendo;
2855 3880 3045 3948 quibus
3077 3878 3215 3933 inter
3245 3880 3462 3933 Martios
3490 3894 3622 3934 con-

2027 3974 2202 4030 ﬂictus
2242 3974 2448 4029 castelli
2484 3974 2598 4033 vice
2636 3987 2727 4027 usa
2762 3973 3055 4027 minitatur.
3090 3971 3241 4027 Tunc
3268 3972 3463 4027 Mundo
3499 3987 3620 4026 crc-

2025 4070 2159 4129 deus
2202 4070 2271 4127 ad
2318 4070 2625 4141 praesidium
2671 4070 2942 4134 sufficere,
2973 4068 3017 4123 si
3048 4068 3300 4122 cohortes
3343 4076 3448 4121 tua:
3493 4064 3622 4136 quid

2027 4230 2311 4292 occultam,
2344 4236 2403 4282 ut
2433 4227 2675 4281 Ennodio
2705 4228 2900 4295 placet,
2930 4241 3051 4279 cum
3082 4225 3201 4278 aliis
3229 4223 3467 4293 Gepidis,
3498 4223 3621 4295 qui-

2028 4303 2128 4356 bus
2159 4299 2527 4354 Gundarithus
2570 4294 2817 4364 praeerat,
2862 4296 3335 4363 conspirationem,
3380 4310 3473 4361 per
3507 4294 3619 4347 Pit—

2027 4373 2163 4426 ziam
2225 4371 2474 4422 comitem
2532 4367 2768 4429 devicit,
2824 4377 2875 4419 et
2926 4366 3179 4419 Sirmium
3243 4365 3403 4418 Italire
3456 4379 3623 4433 regno

2027 4440 2283 4505 restituit,
2317 4437 2555 4505 Cethego
2587 4438 2830 4501 consule,
2856 4446 2912 4486 ut
2939 4434 3244 4487 Cassiodori
3268 4442 3423 4505 notat
3447 4434 3621 4505 Chro-

2028 4514 2230 4575 nicum,
2263 4501 2402 4563 anno
2433 4501 2627 4562 Christi
2661 4506 2788 4560 fidi.
2830 4506 3127 4560 Jornandes
3162 4504 3226 4557 de
3268 4503 3447 4575 Rebus
3478 4501 3624 4575 Geti-

2032 4587 2108 4639 cis
2132 4602 2144 4636 :
2174 4573 2340 4636 Situm
2363 4582 2591 4633 comitem
2612 4580 2743 4631 inter
2766 4578 2955 4645 primos
2976 4577 3185 4627 electum
3209 4574 3276 4625 ad
3299 4573 3624 4645 obtinendam

2040 4655 2372 4709 Sirmiensem
2410 4653 2593 4705 direxit
2634 4651 2906 4703 civitatem.
2943 4648 3109 4712 Quam
3144 4646 3232 4698 ille
3269 4644 3479 4709 expulso
3507 4659 3626 4712 rege

382 4727 402 4754 ί
438 4695 601 4798 'Dicgt
652 4695 977 4798 Friderirus]
1004 4722 1218 4798 Frebani
1264 4723 1721 4798 Rugorumdregis
1760 4724 1922 4780 filius.
1948 4695 2003 4757 Β
2033 4695 2141 4798 eius
2173 4724 2440 4798 Trasarico
2469 4724 2580 4791 filio
2612 4695 3104 4798 Trastilaz,’re‘tenta
3143 4718 3252 4798 ejus
3292 4695 3451 4798 niani:
3492 4695 3623 4795 obii-

2031 4784 2161 4851 ιῖηἱι.
2195 4796 2269 4849 De
2294 4796 2392 4846 hac
2416 4784 2527 4861 ipsa
2552 4784 2891 4861 expeditione
2914 4800 2965 4843 et
2992 4784 3624 4861 sequenti,Athalaricus

2031 4870 2128 4921 lil).
2170 4882 2261 4918 vut
2308 4856 2537 4930 Varium,
2573 4856 2658 4916 10.
2708 4861 2888 4914 Pitaite
2928 4872 3057 4912 vero
3098 4858 3311 4911 comitis
3341 4856 3627 4930 celebrata:

2030 4937 2301 5008 opinionis
2326 4936 2428 5008 viri
2461 4928 2702 5008 meminit
2726 4930 3089 5008 Theodericus
3117 4930 3207 5008 lib.
3234 4944 3285 4992 v,
3311 4928 3465 5008 epist.
3494 4928 3585 4980 9.9.

2103 5012 2122 5039 ³
2166 5008 2269 5059 Per
2309 5006 2541 5076 fwderati
2596 5002 2875 5076 Mundonis
2904 4999 3344 5076 attrectationent]
3380 4999 3624 5076 llo_c_e5t,

2035 5069 2355 5136 Mundonein
2387 5089 2655 5145 aggressa,
2690 5074 2779 5141 qui
2814 5072 3015 5145 foedere
3046 5072 3262 5145 junctus
3299 5083 3413 5125 erat
3442 5069 3623 5145 Theo-

2034 5153 2235 5207 derico.
2270 5140 2519 5203 Mundbiri
2550 5140 2727 5214 igitur,
2758 5144 2847 5213 qui
2878 5143 3101 5195 collecta
3134 5141 3410 5214 latronum
3426 5147 3476 5194 e’t
3501 5140 3627 5192 aba-

2035 5234 2239 5278 etorum
2274 5234 2453 5283 manu,
2490 5216 2760 5284 Hertaque
2787 5214 3085 5268 munitione
3113 5214 3178 5266 ad
3209 5213 3505 5284 Danubium
3539 5225 3629 5261 oc-

2036 5302 2245 5362 cupata.
2278 5290 2421 5343 illinc
2440 5288 2632 5362 agresti
2660 5283 2766 5339 ritu
2786 5286 3202 5362 circumquaque
3228 5283 3436 5362 praedas
3462 5293 3630 5362 agetis

2036 5348 2391 5433 impetitabat,
2418 5348 2540 5412 cuvm
2570 5358 2717 5411 illmn
2748 5348 3057 5433 oppugnare
3082 5348 3347 5433 adjunctis
3373 5350 3471 5404 sibi
3505 5348 3629 5433 ῃμι-

2035 5418 2252 5505 εθιῖὶὶηιε
2278 5418 2560 5505 aggressus
2589 5438 2730 5483 esset
2758 5418 3100 5505 Sabinianus,
3127 5418 3351 5505 militum
3386 5434 3479 5505 per
3500 5418 3628 5505 illiv-

2038 5491 2205 5559 Ficum
2254 5491 2502 5568 magister
2533 5499 2803 5553 Anastasii
2844 5499 2981 5567 Aug.
3020 5496 3293 5572 iam_pene
3319 5491 3623 5572 dﬁesperato,

2038 5592 2100 5630 ac
2127 5562 2453 5627 deditionem
2486 5572 2759 5625 meditanti
2782 5562 2953 5641 opem'
2972 5562 3088 5620 tulit
3118 5562 3318 5641 Pitzia,
3337 5562 3629 5641 Sabiniani-

2039 5661 2145 5715 que
2172 5644 2342 5711 copiis
2368 5642 2765 5715 ingentistrage
2793 5631 2859 5715 ad
2894 5632 3373 5715 Margumdeletis,
3404 5631 3630 5715 Ill-undo-

2041 5703 2160 5771 nem
2204 5703 2509 5781 eripuit,‘ac
2550 5703 2882 5766 Theoderico
2923 5706 3030 5773 regi
3072 5704 3337 5781 volentem
3378 5703 3625 5781 subjecit,

2042 5772 2332 5845 Sabiniano
2356 5772 2470 5855 ipso
2490 5798 2552 5837 ac
2575 5781 2861 5836 Theodoro
2886 5772 3038 5855 coss:
3061 5789 3203 5827 anno
3235 5772 3630 5855 $03,_ut_fus_ius

2042 5869 2262 5913 narrant
2304 5845 2644 5913 Marcellinus
2683 5862 2887 5915 comes,
2920 5855 2975 5903 et
3013 5845 3315 5902 .loruandes
3358 5846 3408 5900 iu
3451 5845 3628 5911 llelius

2044 5930 2260 5987 Geticis.
