  <div class='ocr_page' id='page_1' title='image "/cluster/home/n/w/nwhite01/storage/ocr_20150623/63/hvd.32044073498792/095.png"; bbox 0 0 4192 6260; ppageno 0'>
   <div class='ocr_carea' id='block_1_1' title="bbox 550 427 654 483">
    <p class='ocr_par' dir='ltr' id='par_1_1' title="bbox 550 427 654 483">
     <span class='ocr_line' id='line_1_1' title="bbox 550 427 654 483; baseline 0 0"><span class='ocrx_word' id='word_1_1' title='bbox 550 427 654 483; x_wconf 71' lang='grc'><strong>175</strong></span> 
     </span>
    </p>
   </div>
   <div class='ocr_carea' id='block_1_2' title="bbox 1670 417 2703 480">
    <p class='ocr_par' dir='ltr' id='par_1_2' title="bbox 1670 417 2703 480">
     <span class='ocr_line' id='line_1_2' title="bbox 1670 417 2703 480; baseline -0.002 -3"><span class='ocrx_word' id='word_1_2' title='bbox 1670 422 1941 480; x_wconf 83' lang='lat' dir='ltr'><strong>ENNODII</strong></span> <span class='ocrx_word' id='word_1_3' title='bbox 1984 420 2289 479; x_wconf 82' lang='lat' dir='ltr'><strong>EPISCOPI</strong></span> <span class='ocrx_word' id='word_1_4' title='bbox 2327 417 2703 477; x_wconf 81' lang='lat' dir='ltr'><strong>&#39;IICINENSIS</strong></span> 
     </span>
    </p>
   </div>
   <div class='ocr_carea' id='block_1_3' title="bbox 3726 421 3828 480">
    <p class='ocr_par' dir='ltr' id='par_1_3' title="bbox 3726 421 3828 480">
     <span class='ocr_line' id='line_1_3' title="bbox 3726 421 3828 480; baseline 0.039 -4"><span class='ocrx_word' id='word_1_5' title='bbox 3726 421 3828 480; x_wconf 74' lang='grc'><strong>180</strong></span> 
     </span>
    </p>
   </div>
   <div class='ocr_carea' id='block_1_4' title="bbox 550 534 3831 613">
    <p class='ocr_par' dir='ltr' id='par_1_4' title="bbox 550 534 3831 613">
     <span class='ocr_line' id='line_1_4' title="bbox 550 534 3831 613; baseline 0 -18"><span class='ocrx_word' id='word_1_6' title='bbox 550 546 831 613; x_wconf 88' lang='lat' dir='ltr'><strong>pateretur</strong></span> <span class='ocrx_word' id='word_1_7' title='bbox 866 548 1261 611; x_wconf 89' lang='lat' dir='ltr'><strong>agnoscerent,</strong></span> <span class='ocrx_word' id='word_1_8' title='bbox 1313 537 1619 609; x_wconf 84' lang='lat' dir='ltr'><strong>pernicibus</strong></span> <span class='ocrx_word' id='word_1_9' title='bbox 1667 538 1867 594; x_wconf 87' lang='lat' dir='ltr'><strong>nuntiis</strong></span> <span class='ocrx_word' id='word_1_10' title='bbox 1916 537 2135 607; x_wconf 84' lang='lat' dir='ltr'><strong>periculi</strong></span> <span class='ocrx_word' id='word_1_11' title='bbox 2162 541 2217 602; x_wconf 73' lang='grc' dir='ltr'>Α</span> <span class='ocrx_word' id='word_1_12' title='bbox 2243 542 2555 591; x_wconf 76' lang='lat' dir='ltr'><strong>remearunt</strong></span> <span class='ocrx_word' id='word_1_13' title='bbox 2583 534 2765 589; x_wconf 71' lang='lat' dir='ltr'><strong>idiota</strong></span> <span class='ocrx_word' id='word_1_14' title='bbox 2794 546 2946 589; x_wconf 88' lang='lat' dir='ltr'><strong>more</strong></span> <span class='ocrx_word' id='word_1_15' title='bbox 2983 541 3227 590; x_wconf 87' lang='lat' dir='ltr'><strong>veterum</strong></span> <span class='ocrx_word' id='word_1_16' title='bbox 3264 542 3535 606; x_wconf 60' lang='lat' dir='ltr'><strong>praeoptat</strong></span> <span class='ocrx_word' id='word_1_17' title='bbox 3566 535 3831 595; x_wconf 52' lang='lat' dir='ltr'><strong>Sirmiené</strong></span> 
     </span>
    </p>
   </div>
   <div class='ocr_carea' id='block_1_5' title="bbox 545 630 2133 703">
    <p class='ocr_par' dir='ltr' id='par_1_5' title="bbox 545 630 2133 703">
     <span class='ocr_line' id='line_1_5' title="bbox 545 630 2133 703; baseline -0.004 -13"><span class='ocrx_word' id='word_1_18' title='bbox 545 635 709 691; x_wconf 71' lang='lat' dir='ltr'><strong>Iidem</strong></span> <span class='ocrx_word' id='word_1_19' title='bbox 728 635 1023 689; x_wconf 89' lang='lat' dir='ltr'><strong>commisit:</strong></span> <span class='ocrx_word' id='word_1_20' title='bbox 1042 634 1133 703; x_wconf 89' lang='lat' dir='ltr'><strong>qui</strong></span> <span class='ocrx_word' id='word_1_21' title='bbox 1154 641 1275 686; x_wconf 91' lang='lat' dir='ltr'><strong>ante</strong></span> <span class='ocrx_word' id='word_1_22' title='bbox 1296 630 1593 686; x_wconf 82' lang='lat' dir='ltr'><strong>defensoris</strong></span> <span class='ocrx_word' id='word_1_23' title='bbox 1614 631 1751 687; x_wconf 87' lang='lat' dir='ltr'><strong>inire</strong></span> <span class='ocrx_word' id='word_1_24' title='bbox 1774 646 1871 700; x_wconf 87' lang='lat' dir='ltr'><strong>pro</strong></span> <span class='ocrx_word' id='word_1_25' title='bbox 1897 630 2133 700; x_wconf 88' lang='lat' dir='ltr'><strong>partibus</strong></span> 
     </span>
    </p>
   </div>
   <div class='ocr_carea' id='block_1_6' title="bbox 544 724 2129 795">
    <p class='ocr_par' dir='ltr' id='par_1_6' title="bbox 544 724 2129 795">
     <span class='ocr_line' id='line_1_6' title="bbox 544 724 2129 795; baseline -0.004 -12"><span class='ocrx_word' id='word_1_26' title='bbox 544 726 665 783; x_wconf 79' lang='lat' dir='ltr'><strong>suis</strong></span> <span class='ocrx_word' id='word_1_27' title='bbox 705 726 983 795; x_wconf 87' lang='lat' dir='ltr'><strong>conspexit</strong></span> <span class='ocrx_word' id='word_1_28' title='bbox 1027 724 1343 786; x_wconf 83' lang='lat' dir='ltr'><strong>certamina,</strong></span> <span class='ocrx_word' id='word_1_29' title='bbox 1384 737 1547 792; x_wconf 88' lang='lat' dir='ltr'><strong>quam</strong></span> <span class='ocrx_word' id='word_1_30' title='bbox 1590 724 1769 778; x_wconf 88' lang='lat' dir='ltr'><strong>moliri</strong></span> <span class='ocrx_word' id='word_1_31' title='bbox 1811 724 2129 779; x_wconf 79' lang='lat' dir='ltr'><strong>didicisset:</strong></span> 
     </span>
    </p>
   </div>
   <div class='ocr_carea' id='block_1_7' title="bbox 544 818 2132 888">
    <p class='ocr_par' dir='ltr' id='par_1_7' title="bbox 544 818 2132 888">
     <span class='ocr_line' id='line_1_7' title="bbox 544 818 2132 888; baseline -0.003 -11"><span class='ocrx_word' id='word_1_32' title='bbox 544 831 731 877; x_wconf 79' lang='lat' dir='ltr'><strong>tamen</strong></span> <span class='ocrx_word' id='word_1_33' title='bbox 760 822 970 875; x_wconf 90' lang='lat' dir='ltr'><strong>eminus</strong></span> <span class='ocrx_word' id='word_1_34' title='bbox 1002 818 1167 873; x_wconf 84' lang='lat' dir='ltr'><strong>Pitzia</strong></span> <span class='ocrx_word' id='word_1_35' title='bbox 1198 818 1513 873; x_wconf 85' lang='lat' dir='ltr'><strong>indomitam</strong></span> <span class='ocrx_word' id='word_1_36' title='bbox 1558 818 1842 888; x_wconf 82' lang='lat' dir='ltr'><strong>Bulgarum</strong></span> <span class='ocrx_word' id='word_1_37' title='bbox 1881 819 2132 887; x_wconf 83' lang='lat' dir='ltr'><strong>juventu-</strong></span> 
     </span>
    </p>
   </div>
   <div class='ocr_carea' id='block_1_8' title="bbox 546 910 2134 982">
    <p class='ocr_par' dir='ltr' id='par_1_8' title="bbox 546 910 2134 982">
     <span class='ocr_line' id='line_1_8' title="bbox 546 910 2134 982; baseline -0.004 -13"><span class='ocrx_word' id='word_1_38' title='bbox 546 924 658 971; x_wconf 83' lang='lat' dir='ltr'><strong>tem</strong></span> <span class='ocrx_word' id='word_1_39' title='bbox 691 912 999 982; x_wconf 86' lang='lat' dir='ltr'><strong>speculatus</strong></span> <span class='ocrx_word' id='word_1_40' title='bbox 1030 921 1134 977; x_wconf 89' lang='lat' dir='ltr'><strong>est,</strong></span> <span class='ocrx_word' id='word_1_41' title='bbox 1168 912 1419 966; x_wconf 78' lang='lat' dir='ltr'><strong>ardentes</strong></span> <span class='ocrx_word' id='word_1_42' title='bbox 1457 911 1875 965; x_wconf 87' lang='lat' dir='ltr'><strong>adolescentium</strong></span> <span class='ocrx_word' id='word_1_43' title='bbox 1903 910 2134 979; x_wconf 79' lang='lat' dir='ltr'><strong>impetus</strong></span> 
     </span>
    </p>
   </div>
   <div class='ocr_carea' id='block_1_9' title="bbox 546 1006 2130 1082">
    <p class='ocr_par' dir='ltr' id='par_1_9' title="bbox 546 1006 2130 1082">
     <span class='ocr_line' id='line_1_9' title="bbox 546 1006 2130 1082; baseline -0.006 -15"><span class='ocrx_word' id='word_1_44' title='bbox 546 1013 848 1082; x_wconf 86' lang='lat' dir='ltr'><strong>potioribus</strong></span> <span class='ocrx_word' id='word_1_45' title='bbox 890 1011 1176 1065; x_wconf 86' lang='lat' dir='ltr'><strong>verborum</strong></span> <span class='ocrx_word' id='word_1_46' title='bbox 1217 1010 1443 1063; x_wconf 83' lang='lat' dir='ltr'><strong>armavit</strong></span> <span class='ocrx_word' id='word_1_47' title='bbox 1482 1008 1789 1063; x_wconf 88' lang='lat' dir='ltr'><strong>incendiis:</strong></span> <span class='ocrx_word' id='word_1_48' title='bbox 1827 1024 1844 1057; x_wconf 81' lang='grc' dir='ltr'><strong><em>ι</em></strong></span> <span class='ocrx_word' id='word_1_49' title='bbox 1884 1006 2130 1062; x_wconf 84' lang='lat' dir='ltr'><strong>Memini-</strong></span> 
     </span>
    </p>
   </div>
   <div class='ocr_carea' id='block_1_10' title="bbox 545 1093 2143 1171">
    <p class='ocr_par' dir='ltr' id='par_1_10' title="bbox 545 1093 2143 1171">
     <span class='ocr_line' id='line_1_10' title="bbox 545 1093 2143 1171; baseline -0.003 -12"><span class='ocrx_word' id='word_1_50' title='bbox 545 1106 667 1169; x_wconf 84' lang='lat' dir='ltr'><strong>stis,</strong></span> <span class='ocrx_word' id='word_1_51' title='bbox 699 1104 853 1170; x_wconf 91' lang='lat' dir='ltr'><strong>socii,</strong></span> <span class='ocrx_word' id='word_1_52' title='bbox 884 1102 1036 1171; x_wconf 87' lang='lat' dir='ltr'><strong>cujus</strong></span> <span class='ocrx_word' id='word_1_53' title='bbox 1067 1103 1134 1156; x_wconf 91' lang='lat' dir='ltr'><strong>ad</strong></span> <span class='ocrx_word' id='word_1_54' title='bbox 1174 1103 1289 1157; x_wconf 62' lang='lat' dir='ltr'><strong>haec</strong></span> <span class='ocrx_word' id='word_1_55' title='bbox 1332 1102 1447 1156; x_wconf 85' lang='lat' dir='ltr'><strong>loca</strong></span> <span class='ocrx_word' id='word_1_56' title='bbox 1487 1100 1834 1155; x_wconf 83' lang='lat' dir='ltr'><strong>commeastis</strong></span> <span class='ocrx_word' id='word_1_57' title='bbox 1864 1098 2090 1169; x_wconf 91' lang='lat' dir='ltr'><strong>imperio</strong></span> <span class='ocrx_word' id='word_1_58' title='bbox 2114 1093 2143 1154; x_wconf 77' lang='grc'><strong>;“</strong></span> 
     </span>
    </p>
   </div>
   <div class='ocr_carea' id='block_1_11' title="bbox 544 1191 2131 1262">
    <p class='ocr_par' dir='ltr' id='par_1_11' title="bbox 544 1191 2131 1262">
     <span class='ocr_line' id='line_1_11' title="bbox 544 1191 2131 1262; baseline -0.004 -11"><span class='ocrx_word' id='word_1_59' title='bbox 544 1211 709 1251; x_wconf 87' lang='lat' dir='ltr'><strong>nemo</strong></span> <span class='ocrx_word' id='word_1_60' title='bbox 748 1196 998 1250; x_wconf 86' lang='lat' dir='ltr'><strong>absentes</strong></span> <span class='ocrx_word' id='word_1_61' title='bbox 1033 1195 1217 1250; x_wconf 86' lang='lat' dir='ltr'><strong>credat</strong></span> <span class='ocrx_word' id='word_1_62' title='bbox 1248 1196 1387 1261; x_wconf 82' lang='lat' dir='ltr'><strong>regis</strong></span> <span class='ocrx_word' id='word_1_63' title='bbox 1422 1195 1588 1248; x_wconf 86' lang='lat' dir='ltr'><strong>nostri</strong></span> <span class='ocrx_word' id='word_1_64' title='bbox 1620 1194 1823 1259; x_wconf 89' lang='lat' dir='ltr'><strong>oeulos,</strong></span> <span class='ocrx_word' id='word_1_65' title='bbox 1854 1206 1951 1262; x_wconf 91' lang='lat' dir='ltr'><strong>pro</strong></span> <span class='ocrx_word' id='word_1_66' title='bbox 1978 1191 2131 1261; x_wconf 84' lang='lat' dir='ltr'><strong>cujus</strong></span> 
     </span>
    </p>
   </div>
   <div class='ocr_carea' id='block_1_12' title="bbox 544 1283 2133 1343">
    <p class='ocr_par' dir='ltr' id='par_1_12' title="bbox 544 1283 2133 1343">
     <span class='ocr_line' id='line_1_12' title="bbox 544 1283 2133 1343; baseline -0.004 -2"><span class='ocrx_word' id='word_1_67' title='bbox 544 1288 689 1342; x_wconf 81' lang='lat' dir='ltr'><strong>fama</strong></span> <span class='ocrx_word' id='word_1_68' title='bbox 733 1286 1095 1341; x_wconf 88' lang='lat' dir='ltr'><strong>dimicandum</strong></span> <span class='ocrx_word' id='word_1_69' title='bbox 1140 1296 1222 1340; x_wconf 87' lang='lat' dir='ltr'><strong>est</strong></span> <span class='ocrx_word' id='word_1_70' title='bbox 1253 1303 1267 1343; x_wconf 87' lang='lat'><strong>:</strong></span> <span class='ocrx_word' id='word_1_71' title='bbox 1299 1286 1344 1339; x_wconf 89' lang='lat' dir='ltr'><strong>si</strong></span> <span class='ocrx_word' id='word_1_72' title='bbox 1376 1285 1569 1340; x_wconf 86' lang='lat' dir='ltr'><strong>coelum</strong></span> <span class='ocrx_word' id='word_1_73' title='bbox 1608 1285 1913 1339; x_wconf 88' lang='lat' dir='ltr'><strong>lancearum</strong></span> <span class='ocrx_word' id='word_1_74' title='bbox 1961 1283 2133 1339; x_wconf 84' lang='lat' dir='ltr'><strong>imber</strong></span> 
     </span>
    </p>
   </div>
   <div class='ocr_carea' id='block_1_13' title="bbox 544 1376 2129 1449">
    <p class='ocr_par' dir='ltr' id='par_1_13' title="bbox 544 1376 2129 1449">
     <span class='ocr_line' id='line_1_13' title="bbox 544 1376 2129 1449; baseline -0.005 -13"><span class='ocrx_word' id='word_1_75' title='bbox 544 1382 857 1445; x_wconf 84' lang='lat' dir='ltr'><strong>obtexeret,</strong></span> <span class='ocrx_word' id='word_1_76' title='bbox 903 1381 994 1449; x_wconf 87' lang='lat' dir='ltr'><strong>qui</strong></span> <span class='ocrx_word' id='word_1_77' title='bbox 1041 1378 1231 1433; x_wconf 77' lang='lat' dir='ltr'><strong>fortius</strong></span> <span class='ocrx_word' id='word_1_78' title='bbox 1280 1377 1442 1431; x_wconf 88' lang='lat' dir='ltr'><strong>telum</strong></span> <span class='ocrx_word' id='word_1_79' title='bbox 1488 1378 1719 1447; x_wconf 88' lang='lat' dir='ltr'><strong>jaceret,</strong></span> <span class='ocrx_word' id='word_1_80' title='bbox 1771 1390 1877 1431; x_wconf 91' lang='lat' dir='ltr'><strong>non</strong></span> <span class='ocrx_word' id='word_1_81' title='bbox 1921 1376 2129 1429; x_wconf 84' lang='lat' dir='ltr'><strong>lateret.</strong></span> 
     </span>
    </p>
   </div>
   <div class='ocr_carea' id='block_1_14' title="bbox 440 1466 2132 1539">
    <p class='ocr_par' dir='ltr' id='par_1_14' title="bbox 440 1466 2132 1539">
     <span class='ocr_line' id='line_1_14' title="bbox 440 1466 2132 1539; baseline -0.005 -9"><span class='ocrx_word' id='word_1_82' title='bbox 440 1466 445 1471; x_wconf 55' lang='grc'><strong>⁷</strong></span> <span class='ocrx_word' id='word_1_83' title='bbox 542 1473 717 1530; x_wconf 88' lang='lat' dir='ltr'><strong>Ferro</strong></span> <span class='ocrx_word' id='word_1_84' title='bbox 745 1478 963 1539; x_wconf 75' lang='lat' dir='ltr'><strong>pectora</strong></span> <span class='ocrx_word' id='word_1_85' title='bbox 994 1470 1318 1539; x_wconf 83' lang='lat' dir='ltr'><strong>immergite,</strong></span> <span class='ocrx_word' id='word_1_86' title='bbox 1352 1478 1408 1522; x_wconf 86' lang='lat' dir='ltr'><strong>ut</strong></span> <span class='ocrx_word' id='word_1_87' title='bbox 1445 1470 1626 1523; x_wconf 79' lang='lat' dir='ltr'><strong>veniat</strong></span> <span class='ocrx_word' id='word_1_88' title='bbox 1658 1468 1727 1523; x_wconf 86' lang='lat' dir='ltr'><strong>de</strong></span> <span class='ocrx_word' id='word_1_89' title='bbox 1754 1468 1980 1523; x_wconf 87' lang='lat' dir='ltr'><strong>horrore</strong></span> <span class='ocrx_word' id='word_1_90' title='bbox 2008 1468 2132 1521; x_wconf 69' lang='lat' dir='ltr'><strong>vitxe</strong></span> 
     </span>
    </p>
   </div>
   <div class='ocr_carea' id='block_1_15' title="bbox 544 1560 2132 1633">
    <p class='ocr_par' dir='ltr' id='par_1_15' title="bbox 544 1560 2132 1633">
     <span class='ocr_line' id='line_1_15' title="bbox 544 1560 2132 1633; baseline -0.004 -12"><span class='ocrx_word' id='word_1_91' title='bbox 544 1577 675 1633; x_wconf 85' lang='lat' dir='ltr'><strong>spes</strong></span> <span class='ocrx_word' id='word_1_92' title='bbox 701 1561 983 1618; x_wconf 79' lang='lat' dir='ltr'><strong>manifesta</strong></span> <span class='ocrx_word' id='word_1_93' title='bbox 1025 1562 1281 1615; x_wconf 65' lang='lat' dir='ltr'><strong>victoriae.</strong></span> <span class='ocrx_word' id='word_1_94' title='bbox 1313 1560 1487 1615; x_wconf 77' lang='lat' dir='ltr'><strong>Credo</strong></span> <span class='ocrx_word' id='word_1_95' title='bbox 1528 1561 1661 1630; x_wconf 89' lang='lat' dir='ltr'><strong>regii</strong></span> <span class='ocrx_word' id='word_1_96' title='bbox 1682 1570 1891 1616; x_wconf 85' lang='lat' dir='ltr'><strong>.testem</strong></span> <span class='ocrx_word' id='word_1_97' title='bbox 1922 1561 2132 1615; x_wconf 86' lang='lat' dir='ltr'><strong>roboris</strong></span> 
     </span>
    </p>
   </div>
   <div class='ocr_carea' id='block_1_16' title="bbox 542 1655 2133 1730">
    <p class='ocr_par' dir='ltr' id='par_1_16' title="bbox 542 1655 2133 1730">
     <span class='ocr_line' id='line_1_16' title="bbox 542 1655 2133 1730; baseline -0.003 -16"><span class='ocrx_word' id='word_1_98' title='bbox 542 1660 652 1730; x_wconf 76' lang='lat' dir='ltr'><strong>iam</strong></span> <span class='ocrx_word' id='word_1_99' title='bbox 680 1657 1016 1721; x_wconf 89' lang='lat' dir='ltr'><strong>defunctum;</strong></span> <span class='ocrx_word' id='word_1_100' title='bbox 1050 1668 1150 1710; x_wconf 90' lang='lat' dir='ltr'><strong>nec</strong></span> <span class='ocrx_word' id='word_1_101' title='bbox 1178 1666 1467 1724; x_wconf 84' lang='lat' dir='ltr'><strong>superesse</strong></span> <span class='ocrx_word' id='word_1_102' title='bbox 1490 1658 1580 1725; x_wconf 88' lang='lat' dir='ltr'><strong>qui</strong></span> <span class='ocrx_word' id='word_1_103' title='bbox 1613 1656 1723 1709; x_wconf 89' lang='lat' dir='ltr'><strong>illis</strong></span> <span class='ocrx_word' id='word_1_104' title='bbox 1746 1669 1906 1724; x_wconf 85' lang='lat' dir='ltr'><strong>quem</strong></span> <span class='ocrx_word' id='word_1_105' title='bbox 1932 1655 2133 1709; x_wconf 85' lang='lat' dir='ltr'><strong>hahea-</strong></span> 
     </span>
    </p>
   </div>
   <div class='ocr_carea' id='block_1_17' title="bbox 542 1748 2133 1819">
    <p class='ocr_par' dir='ltr' id='par_1_17' title="bbox 542 1748 2133 1819">
     <span class='ocr_line' id='line_1_17' title="bbox 542 1748 2133 1819; baseline -0.004 -10"><span class='ocrx_word' id='word_1_106' title='bbox 542 1767 666 1809; x_wconf 85' lang='lat' dir='ltr'><strong>mus</strong></span> <span class='ocrx_word' id='word_1_107' title='bbox 695 1752 993 1817; x_wconf 90' lang='lat' dir='ltr'><strong>dominum,</strong></span> <span class='ocrx_word' id='word_1_108' title='bbox 1018 1759 1374 1804; x_wconf 77' lang='lat' dir='ltr'><strong>consueverat</strong></span> <span class='ocrx_word' id='word_1_109' title='bbox 1406 1748 1641 1804; x_wconf 85' lang='lat' dir='ltr'><strong>indicare</strong></span> <span class='ocrx_word' id='word_1_110' title='bbox 1672 1768 1685 1802; x_wconf 89' lang='lat'>:</span> <span class='ocrx_word' id='word_1_111' title='bbox 1715 1759 1805 1803; x_wconf 88' lang='lat' dir='ltr'><strong>aut</strong></span> <span class='ocrx_word' id='word_1_112' title='bbox 1837 1749 1972 1804; x_wconf 85' lang='lat' dir='ltr'><strong>forte</strong></span> <span class='ocrx_word' id='word_1_113' title='bbox 2001 1764 2133 1819; x_wconf 84' lang='lat' dir='ltr'><strong>gen-</strong></span> 
     </span>
    </p>
   </div>
   <div class='ocr_carea' id='block_1_18' title="bbox 504 1843 2127 1912">
    <p class='ocr_par' dir='ltr' id='par_1_18' title="bbox 504 1843 2127 1912">
     <span class='ocr_line' id='line_1_18' title="bbox 504 1843 2127 1912; baseline -0.002 -13"><span class='ocrx_word' id='word_1_114' title='bbox 504 1882 513 1892; x_wconf 77' lang='lat'><strong>.</strong></span> <span class='ocrx_word' id='word_1_115' title='bbox 542 1852 655 1899; x_wconf 88' lang='lat' dir='ltr'><strong>tem</strong></span> <span class='ocrx_word' id='word_1_116' title='bbox 694 1851 933 1898; x_wconf 87' lang='lat' dir='ltr'><strong>nostram</strong></span> <span class='ocrx_word' id='word_1_117' title='bbox 964 1843 1320 1912; x_wconf 83' lang='lat' dir='ltr'><strong>dedignantur</strong></span> <span class='ocrx_word' id='word_1_118' title='bbox 1358 1843 1626 1897; x_wconf 86' lang='lat' dir='ltr'><strong>aestimare</strong></span> <span class='ocrx_word' id='word_1_119' title='bbox 1654 1843 1721 1897; x_wconf 89' lang='lat' dir='ltr'><strong>de</strong></span> <span class='ocrx_word' id='word_1_120' title='bbox 1750 1844 2007 1911; x_wconf 87' lang='lat' dir='ltr'><strong>principe.</strong></span> <span class='ocrx_word' id='word_1_121' title='bbox 2043 1843 2127 1896; x_wconf 88' lang='lat' dir='ltr'><strong>In-</strong></span> 
     </span>
    </p>
   </div>
   <div class='ocr_carea' id='block_1_19' title="bbox 2237 625 3831 703">
    <p class='ocr_par' dir='ltr' id='par_1_19' title="bbox 2237 625 3831 703">
     <span class='ocr_line' id='line_1_19' title="bbox 2237 625 3831 703; baseline 0.003 -21"><span class='ocrx_word' id='word_1_122' title='bbox 2237 627 2432 683; x_wconf 88' lang='lat' dir='ltr'><strong>sibus:</strong></span> <span class='ocrx_word' id='word_1_123' title='bbox 2463 627 2534 683; x_wconf 90' lang='lat' dir='ltr'><strong>de</strong></span> <span class='ocrx_word' id='word_1_124' title='bbox 2571 628 2684 682; x_wconf 85' lang='lat' dir='ltr'><strong>suis</strong></span> <span class='ocrx_word' id='word_1_125' title='bbox 2729 640 2826 697; x_wconf 87' lang='lat' dir='ltr'><strong>per</strong></span> <span class='ocrx_word' id='word_1_126' title='bbox 2865 625 3195 683; x_wconf 84' lang='lat' dir='ltr'><strong>vicinitatem</strong></span> <span class='ocrx_word' id='word_1_127' title='bbox 3238 634 3386 684; x_wconf 86' lang='lat' dir='ltr'><strong>tuam</strong></span> <span class='ocrx_word' id='word_1_128' title='bbox 3431 627 3699 699; x_wconf 86' lang='lat' dir='ltr'><strong>dubitant,</strong></span> <span class='ocrx_word' id='word_1_129' title='bbox 3739 632 3831 703; x_wconf 89' lang='lat' dir='ltr'><strong>qui</strong></span> 
     </span>
    </p>
   </div>
   <div class='ocr_carea' id='block_1_20' title="bbox 2237 721 3046 777">
    <p class='ocr_par' dir='ltr' id='par_1_20' title="bbox 2237 721 3046 777">
     <span class='ocr_line' id='line_1_20' title="bbox 2237 721 3046 777; baseline -0.001 0"><span class='ocrx_word' id='word_1_130' title='bbox 2237 721 2497 777; x_wconf 86' lang='lat' dir='ltr'><strong>hactenus</strong></span> <span class='ocrx_word' id='word_1_131' title='bbox 2522 730 2706 776; x_wconf 87' lang='lat' dir='ltr'><strong>nostra</strong></span> <span class='ocrx_word' id='word_1_132' title='bbox 2735 728 3046 777; x_wconf 85' lang='lat' dir='ltr'><strong>tenuerunt.</strong></span> 
     </span>
    </p>
   </div>
   <div class='ocr_carea' id='block_1_21' title="bbox 2236 810 3830 885">
    <p class='ocr_par' dir='ltr' id='par_1_21' title="bbox 2236 810 3830 885">
     <span class='ocr_line' id='line_1_21' title="bbox 2236 810 3830 885; baseline 0.006 -22"><span class='ocrx_word' id='word_1_133' title='bbox 2236 832 2247 863; x_wconf 60' lang='grc' dir='ltr'>ς</span> <span class='ocrx_word' id='word_1_134' title='bbox 2306 812 2444 878; x_wconf 84' lang='lat' dir='ltr'><strong>Quid</strong></span> <span class='ocrx_word' id='word_1_135' title='bbox 2486 813 2504 843; x_wconf 73' lang='grc' dir='ltr'><strong><em>ι</em></strong></span> <span class='ocrx_word' id='word_1_136' title='bbox 2552 810 2841 880; x_wconf 87' lang='lat' dir='ltr'><strong>castigatas</strong></span> <span class='ocrx_word' id='word_1_137' title='bbox 2883 811 3252 869; x_wconf 75' lang='lat' dir='ltr'><strong>Vandalorum</strong></span> <span class='ocrx_word' id='word_1_138' title='bbox 3298 815 3473 870; x_wconf 89' lang='lat' dir='ltr'><strong>ventis</strong></span> <span class='ocrx_word' id='word_1_139' title='bbox 3517 816 3830 885; x_wconf 84' lang='lat' dir='ltr'><strong>parentibus</strong></span> 
     </span>
    </p>
   </div>
   <div class='ocr_carea' id='block_1_22' title="bbox 2235 902 3829 978">
    <p class='ocr_par' dir='ltr' id='par_1_22' title="bbox 2235 902 3829 978">
     <span class='ocr_line' id='line_1_22' title="bbox 2235 902 3829 978; baseline 0.003 -17"><span class='ocrx_word' id='word_1_140' title='bbox 2235 904 2462 972; x_wconf 88' lang='lat' dir='ltr'><strong>eloquar</strong></span> <span class='ocrx_word' id='word_1_141' title='bbox 2497 902 2949 973; x_wconf 78' lang='lat' dir='ltr'><strong>deprtedatioues,</strong></span> <span class='ocrx_word' id='word_1_142' title='bbox 2984 904 3176 973; x_wconf 84' lang='lat' dir='ltr'><strong>quibus</strong></span> <span class='ocrx_word' id='word_1_143' title='bbox 3214 919 3312 975; x_wconf 89' lang='lat' dir='ltr'><strong>pro</strong></span> <span class='ocrx_word' id='word_1_144' title='bbox 3355 919 3532 961; x_wconf 89' lang='lat' dir='ltr'><strong>annua</strong></span> <span class='ocrx_word' id='word_1_145' title='bbox 3569 909 3829 978; x_wconf 82' lang='lat' dir='ltr'><strong>pensione</strong></span> 
     </span>
    </p>
   </div>
   <div class='ocr_carea' id='block_1_23' title="bbox 2235 996 3826 1069">
    <p class='ocr_par' dir='ltr' id='par_1_23' title="bbox 2235 996 3826 1069">
     <span class='ocr_line' id='line_1_23' title="bbox 2235 996 3826 1069; baseline 0.001 -14"><span class='ocrx_word' id='word_1_146' title='bbox 2235 999 2365 1055; x_wconf 80' lang='lat' dir='ltr'><strong>satis</strong></span> <span class='ocrx_word' id='word_1_147' title='bbox 2412 1004 2497 1054; x_wconf 88' lang='lat' dir='ltr'><strong>est</strong></span> <span class='ocrx_word' id='word_1_148' title='bbox 2540 996 2773 1053; x_wconf 87' lang='lat' dir='ltr'><strong>amicitia</strong></span> <span class='ocrx_word' id='word_1_149' title='bbox 2824 998 2946 1051; x_wconf 80' lang='lat' dir='ltr'><strong>tua?</strong></span> <span class='ocrx_word' id='word_1_150' title='bbox 2995 996 3222 1067; x_wconf 86' lang='lat' dir='ltr'><strong>Evagari</strong></span> <span class='ocrx_word' id='word_1_151' title='bbox 3250 998 3387 1054; x_wconf 87' lang='lat' dir='ltr'><strong>ultra</strong></span> <span class='ocrx_word' id='word_1_152' title='bbox 3420 998 3826 1069; x_wconf 83' lang='lat' dir='ltr'><strong>possibilitatem</strong></span> 
     </span>
    </p>
   </div>
   <div class='ocr_carea' id='block_1_24' title="bbox 2235 1071 3820 1165">
    <p class='ocr_par' dir='ltr' id='par_1_24' title="bbox 2235 1071 3820 1165">
     <span class='ocr_line' id='line_1_24' title="bbox 2235 1071 3820 1165; baseline 0.003 -19"><span class='ocrx_word' id='word_1_153' title='bbox 2235 1091 2504 1155; x_wconf 87' lang='lat' dir='ltr'><strong>nesciunt,</strong></span> <span class='ocrx_word' id='word_1_154' title='bbox 2534 1089 2671 1145; x_wconf 88' lang='lat' dir='ltr'><strong>duce</strong></span> <span class='ocrx_word' id='word_1_155' title='bbox 2703 1071 2975 1159; x_wconf 75' lang='lat' dir='ltr'><strong>sapientia</strong></span> <span class='ocrx_word' id='word_1_156' title='bbox 3008 1092 3067 1143; x_wconf 69' lang='grc' dir='ltr'><strong>ε’</strong></span> <span class='ocrx_word' id='word_1_157' title='bbox 3092 1089 3284 1148; x_wconf 82' lang='lat' dir='ltr'><strong>affines</strong></span> <span class='ocrx_word' id='word_1_158' title='bbox 3323 1104 3446 1149; x_wconf 85' lang='lat' dir='ltr'><strong>esse</strong></span> <span class='ocrx_word' id='word_1_159' title='bbox 3482 1103 3820 1165; x_wconf 88' lang='lat' dir='ltr'><strong>meruerunt,</strong></span> 
     </span>
    </p>
   </div>
   <div class='ocr_carea' id='block_1_25' title="bbox 2234 1183 3547 1255">
    <p class='ocr_par' dir='ltr' id='par_1_25' title="bbox 2234 1183 3547 1255">
     <span class='ocr_line' id='line_1_25' title="bbox 2234 1183 3547 1255; baseline -0.001 -17"><span class='ocrx_word' id='word_1_160' title='bbox 2234 1186 2360 1255; x_wconf 88' lang='lat' dir='ltr'><strong>quia</strong></span> <span class='ocrx_word' id='word_1_161' title='bbox 2386 1183 2607 1239; x_wconf 87' lang='lat' dir='ltr'><strong>obedire</strong></span> <span class='ocrx_word' id='word_1_162' title='bbox 2632 1196 2741 1238; x_wconf 90' lang='lat' dir='ltr'><strong>non</strong></span> <span class='ocrx_word' id='word_1_163' title='bbox 2767 1184 3031 1239; x_wconf 65' lang='lat' dir='ltr'><strong>abnuuntt</strong></span> <span class='ocrx_word' id='word_1_164' title='bbox 3374 1221 3377 1223; x_wconf 88' lang='lat'><em>-</em></span> <span class='ocrx_word' id='word_1_165' title='bbox 3534 1198 3547 1211; x_wconf 79' lang='lat'>&#39;</span> 
     </span>
    </p>
   </div>
   <div class='ocr_carea' id='block_1_26' title="bbox 2264 1277 3825 1352">
    <p class='ocr_par' dir='ltr' id='par_1_26' title="bbox 2264 1277 3825 1352">
     <span class='ocr_line' id='line_1_26' title="bbox 2264 1277 3825 1352; baseline 0.005 -21"><span class='ocrx_word' id='word_1_166' title='bbox 2264 1286 2269 1291; x_wconf 89' lang='lat'><strong><em>&#39;</em></strong></span> <span class='ocrx_word' id='word_1_167' title='bbox 2307 1277 2432 1332; x_wconf 86' lang='lat' dir='ltr'><strong>Haec</strong></span> <span class='ocrx_word' id='word_1_168' title='bbox 2452 1277 2517 1332; x_wconf 83' lang='lat' dir='ltr'><strong>de</strong></span> <span class='ocrx_word' id='word_1_169' title='bbox 2535 1285 2807 1347; x_wconf 89' lang='lat' dir='ltr'><strong>gestorum</strong></span> <span class='ocrx_word' id='word_1_170' title='bbox 2828 1284 3041 1331; x_wconf 90' lang='lat' dir='ltr'><strong>tuorum</strong></span> <span class='ocrx_word' id='word_1_171' title='bbox 3061 1277 3311 1346; x_wconf 90' lang='lat' dir='ltr'><strong>cumulis,</strong></span> <span class='ocrx_word' id='word_1_172' title='bbox 3330 1277 3502 1349; x_wconf 81' lang='lat' dir='ltr'><strong>major</strong></span> <span class='ocrx_word' id='word_1_173' title='bbox 3517 1286 3645 1337; x_wconf 83' lang='lat' dir='ltr'><strong>voto</strong></span> <span class='ocrx_word' id='word_1_174' title='bbox 3663 1296 3825 1352; x_wconf 89' lang='lat' dir='ltr'><strong>quam</strong></span> 
     </span>
    </p>
   </div>
   <div class='ocr_carea' id='block_1_27' title="bbox 2234 1369 3824 1441">
    <p class='ocr_par' dir='ltr' id='par_1_27' title="bbox 2234 1369 3824 1441">
     <span class='ocr_line' id='line_1_27' title="bbox 2234 1369 3824 1441; baseline 0.003 -16"><span class='ocrx_word' id='word_1_175' title='bbox 2234 1371 2558 1441; x_wconf 82' lang='lat' dir='ltr'><strong>eloquentia,</strong></span> <span class='ocrx_word' id='word_1_176' title='bbox 2588 1370 2814 1426; x_wconf 88' lang='lat' dir='ltr'><strong>strictim</strong></span> <span class='ocrx_word' id='word_1_177' title='bbox 2856 1369 3061 1440; x_wconf 87' lang='lat' dir='ltr'><strong>digesta</strong></span> <span class='ocrx_word' id='word_1_178' title='bbox 3090 1370 3368 1439; x_wconf 86' lang='lat' dir='ltr'><strong>replicavi,</strong></span> <span class='ocrx_word' id='word_1_179' title='bbox 3402 1372 3716 1429; x_wconf 89' lang='lat' dir='ltr'><strong>melioribus</strong></span> <span class='ocrx_word' id='word_1_180' title='bbox 3742 1374 3824 1430; x_wconf 83' lang='lat' dir='ltr'><strong>in-</strong></span> 
     </span>
    </p>
   </div>
   <div class='ocr_carea' id='block_1_28' title="bbox 2237 1464 3823 1539">
    <p class='ocr_par' dir='ltr' id='par_1_28' title="bbox 2237 1464 3823 1539">
     <span class='ocr_line' id='line_1_28' title="bbox 2237 1464 3823 1539; baseline 0.003 -19"><span class='ocrx_word' id='word_1_181' title='bbox 2237 1475 2375 1521; x_wconf 89' lang='lat' dir='ltr'><strong>tacta</strong></span> <span class='ocrx_word' id='word_1_182' title='bbox 2405 1465 2809 1536; x_wconf 86' lang='lat' dir='ltr'><strong>derelinquens.</strong></span> <span class='ocrx_word' id='word_1_183' title='bbox 2860 1464 3056 1520; x_wconf 81' lang='lat' dir='ltr'><strong>Videro</strong></span> <span class='ocrx_word' id='word_1_184' title='bbox 3082 1466 3204 1536; x_wconf 89' lang='lat' dir='ltr'><strong>quis</strong></span> <span class='ocrx_word' id='word_1_185' title='bbox 3233 1480 3321 1521; x_wconf 89' lang='lat' dir='ltr'><strong>me</strong></span> <span class='ocrx_word' id='word_1_186' title='bbox 3347 1466 3525 1523; x_wconf 83' lang='lat' dir='ltr'><strong>vincat</strong></span> <span class='ocrx_word' id='word_1_187' title='bbox 3553 1466 3823 1539; x_wconf 79' lang='lat' dir='ltr'><strong>facundia,</strong></span> 
     </span>
    </p>
   </div>
   <div class='ocr_carea' id='block_1_29' title="bbox 2236 1556 3825 1620">
    <p class='ocr_par' dir='ltr' id='par_1_29' title="bbox 2236 1556 3825 1620">
     <span class='ocr_line' id='line_1_29' title="bbox 2236 1556 3825 1620; baseline 0.004 -7"><span class='ocrx_word' id='word_1_188' title='bbox 2236 1573 2393 1613; x_wconf 89' lang='lat' dir='ltr'><strong>nemo</strong></span> <span class='ocrx_word' id='word_1_189' title='bbox 2436 1557 2579 1612; x_wconf 89' lang='lat' dir='ltr'><strong>circa</strong></span> <span class='ocrx_word' id='word_1_190' title='bbox 2627 1565 2679 1612; x_wconf 90' lang='lat' dir='ltr'><strong>te</strong></span> <span class='ocrx_word' id='word_1_191' title='bbox 2729 1556 3109 1613; x_wconf 86' lang='lat' dir='ltr'><strong>transcendere</strong></span> <span class='ocrx_word' id='word_1_192' title='bbox 3161 1557 3361 1615; x_wconf 89' lang='lat' dir='ltr'><strong>valebit</strong></span> <span class='ocrx_word' id='word_1_193' title='bbox 3399 1558 3615 1617; x_wconf 71' lang='lat' dir='ltr'><strong>affectu.</strong></span> <span class='ocrx_word' id='word_1_194' title='bbox 3648 1561 3825 1620; x_wconf 79' lang='lat' dir='ltr'><strong>Ilabes</strong></span> 
     </span>
    </p>
   </div>
   <div class='ocr_carea' id='block_1_30' title="bbox 2236 1649 3824 1724">
    <p class='ocr_par' dir='ltr' id='par_1_30' title="bbox 2236 1649 3824 1724">
     <span class='ocr_line' id='line_1_30' title="bbox 2236 1649 3824 1724; baseline 0.004 -20"><span class='ocrx_word' id='word_1_195' title='bbox 2236 1650 2392 1717; x_wconf 89' lang='lat' dir='ltr'><strong>hanc,</strong></span> <span class='ocrx_word' id='word_1_196' title='bbox 2421 1649 2532 1704; x_wconf 92' lang='lat' dir='ltr'><strong>Deo</strong></span> <span class='ocrx_word' id='word_1_197' title='bbox 2552 1649 2869 1719; x_wconf 88' lang='lat' dir='ltr'><strong>inspirante,</strong></span> <span class='ocrx_word' id='word_1_198' title='bbox 2894 1650 3379 1720; x_wconf 86' lang='lat' dir='ltr'><strong>mansuetudinem,</strong></span> <span class='ocrx_word' id='word_1_199' title='bbox 3402 1661 3462 1707; x_wconf 90' lang='lat' dir='ltr'><strong>ut</strong></span> <span class='ocrx_word' id='word_1_200' title='bbox 3489 1661 3541 1709; x_wconf 88' lang='lat' dir='ltr'><strong>te</strong></span> <span class='ocrx_word' id='word_1_201' title='bbox 3566 1654 3688 1724; x_wconf 90' lang='lat' dir='ltr'><strong>plus</strong></span> <span class='ocrx_word' id='word_1_202' title='bbox 3706 1670 3824 1711; x_wconf 81' lang='lat' dir='ltr'><strong>cre-</strong></span> 
     </span>
    </p>
   </div>
   <div class='ocr_carea' id='block_1_31' title="bbox 2234 1743 3823 1814">
    <p class='ocr_par' dir='ltr' id='par_1_31' title="bbox 2234 1743 3823 1814">
     <span class='ocr_line' id='line_1_31' title="bbox 2234 1743 3823 1814; baseline 0.005 -16"><span class='ocrx_word' id='word_1_203' title='bbox 2234 1744 2330 1799; x_wconf 87' lang='lat' dir='ltr'><strong>das</strong></span> <span class='ocrx_word' id='word_1_204' title='bbox 2360 1758 2515 1813; x_wconf 85' lang='lat' dir='ltr'><strong>posse</strong></span> <span class='ocrx_word' id='word_1_205' title='bbox 2552 1743 2825 1814; x_wconf 82' lang='lat' dir='ltr'><strong>diligentia</strong></span> <span class='ocrx_word' id='word_1_206' title='bbox 2855 1759 3015 1814; x_wconf 87' lang='lat' dir='ltr'><strong>quam</strong></span> <span class='ocrx_word' id='word_1_207' title='bbox 3049 1744 3263 1801; x_wconf 89' lang='lat' dir='ltr'><strong>timore.</strong></span> <span class='ocrx_word' id='word_1_208' title='bbox 3300 1744 3635 1803; x_wconf 77' lang='lat' dir='ltr'><strong>Excellentia</strong></span> <span class='ocrx_word' id='word_1_209' title='bbox 3687 1749 3823 1807; x_wconf 84' lang='lat' dir='ltr'><strong>bona</strong></span> 
     </span>
    </p>
   </div>
   <div class='ocr_carea' id='block_1_32' title="bbox 2232 1833 3822 1910">
    <p class='ocr_par' dir='ltr' id='par_1_32' title="bbox 2232 1833 3822 1910">
     <span class='ocr_line' id='line_1_32' title="bbox 2232 1833 3822 1910; baseline 0.004 -20"><span class='ocrx_word' id='word_1_210' title='bbox 2232 1842 2358 1890; x_wconf 90' lang='lat' dir='ltr'><strong>sunt</strong></span> <span class='ocrx_word' id='word_1_211' title='bbox 2383 1833 2570 1904; x_wconf 69' lang='lat' dir='ltr'><strong>gloria:</strong></span> <span class='ocrx_word' id='word_1_212' title='bbox 2598 1843 2702 1890; x_wconf 88' lang='lat' dir='ltr'><strong>tuae</strong></span> <span class='ocrx_word' id='word_1_213' title='bbox 2726 1835 2924 1890; x_wconf 89' lang='lat' dir='ltr'><strong>inserta</strong></span> <span class='ocrx_word' id='word_1_214' title='bbox 2948 1836 3330 1906; x_wconf 86' lang='lat' dir='ltr'><strong>monumentis,</strong></span> <span class='ocrx_word' id='word_1_215' title='bbox 3351 1846 3409 1891; x_wconf 90' lang='lat' dir='ltr'><strong>ut</strong></span> <span class='ocrx_word' id='word_1_216' title='bbox 3434 1852 3559 1893; x_wconf 87' lang='lat' dir='ltr'><strong>cum</strong></span> <span class='ocrx_word' id='word_1_217' title='bbox 3585 1847 3639 1894; x_wconf 90' lang='lat' dir='ltr'><strong>te</strong></span> <span class='ocrx_word' id='word_1_218' title='bbox 3664 1850 3822 1910; x_wconf 77' lang='lat' dir='ltr'><strong>reges</strong></span> 
     </span>
    </p>
   </div>
   <div class='ocr_carea' id='block_1_33' title="bbox 541 1926 3821 2005">
    <p class='ocr_par' dir='ltr' id='par_1_33' title="bbox 541 1926 3821 2005">
     <span class='ocr_line' id='line_1_33' title="bbox 541 1926 3821 2005; baseline -0.001 -16"><span class='ocrx_word' id='word_1_219' title='bbox 541 1936 785 2005; x_wconf 83' lang='lat' dir='ltr'><strong>telligant</strong></span> <span class='ocrx_word' id='word_1_220' title='bbox 811 1935 875 1989; x_wconf 89' lang='lat' dir='ltr'><strong>ab</strong></span> <span class='ocrx_word' id='word_1_221' title='bbox 902 1949 965 1989; x_wconf 92' lang='lat' dir='ltr'><strong>eo</strong></span> <span class='ocrx_word' id='word_1_222' title='bbox 984 1935 1204 1988; x_wconf 83' lang='lat' dir='ltr'><strong>fluxisse</strong></span> <span class='ocrx_word' id='word_1_223' title='bbox 1232 1935 1372 2004; x_wconf 85' lang='lat' dir='ltr'><strong>quod</strong></span> <span class='ocrx_word' id='word_1_224' title='bbox 1393 1934 1631 2003; x_wconf 89' lang='lat' dir='ltr'><strong>gerimus</strong></span> <span class='ocrx_word' id='word_1_225' title='bbox 1658 1952 1669 1987; x_wconf 92' lang='lat'><strong>:</strong></span> <span class='ocrx_word' id='word_1_226' title='bbox 1694 1946 1794 1989; x_wconf 84' lang='lat' dir='ltr'><strong>nec</strong></span> <span class='ocrx_word' id='word_1_227' title='bbox 1823 1935 1983 1988; x_wconf 86' lang='lat' dir='ltr'><strong>liceat</strong></span> <span class='ocrx_word' id='word_1_228' title='bbox 2004 1935 2127 2000; x_wconf 87' lang='lat' dir='ltr'><strong>illis,</strong></span> <span class='ocrx_word' id='word_1_229' title='bbox 2158 1926 2207 1996; x_wconf 70' lang='grc' dir='ltr'><strong>Β</strong></span> <span class='ocrx_word' id='word_1_230' title='bbox 2235 1936 2495 1995; x_wconf 72' lang='lat' dir='ltr'><strong>metuant,</strong></span> <span class='ocrx_word' id='word_1_231' title='bbox 2523 1927 2703 1982; x_wconf 71' lang='lat' dir='ltr'><strong>famuli</strong></span> <span class='ocrx_word' id='word_1_232' title='bbox 2727 1936 2910 1983; x_wconf 76' lang='lat' dir='ltr'><strong>ament</strong></span> <span class='ocrx_word' id='word_1_233' title='bbox 2934 1945 2951 1981; x_wconf 85' lang='lat'><strong><em>:</em></strong></span> <span class='ocrx_word' id='word_1_234' title='bbox 2974 1943 3095 1983; x_wconf 82' lang='lat' dir='ltr'><strong>nam</strong></span> <span class='ocrx_word' id='word_1_235' title='bbox 3123 1942 3453 2000; x_wconf 63' lang='lat' dir='ltr'><strong>quaecunque</strong></span> <span class='ocrx_word' id='word_1_236' title='bbox 3480 1931 3596 1999; x_wconf 88' lang='lat' dir='ltr'><strong>tibi,</strong></span> <span class='ocrx_word' id='word_1_237' title='bbox 3622 1933 3821 1989; x_wconf 85' lang='lat' dir='ltr'><strong>metitis</strong></span> 
     </span>
    </p>
   </div>
   <div class='ocr_carea' id='block_1_34' title="bbox 543 2028 2129 2101">
    <p class='ocr_par' dir='ltr' id='par_1_34' title="bbox 543 2028 2129 2101">
     <span class='ocr_line' id='line_1_34' title="bbox 543 2028 2129 2101; baseline 0 -17"><span class='ocrx_word' id='word_1_238' title='bbox 543 2030 687 2101; x_wconf 89' lang='lat' dir='ltr'><strong>quod</strong></span> <span class='ocrx_word' id='word_1_239' title='bbox 712 2039 889 2084; x_wconf 89' lang='lat' dir='ltr'><strong>rector</strong></span> <span class='ocrx_word' id='word_1_240' title='bbox 912 2038 1092 2084; x_wconf 88' lang='lat' dir='ltr'><strong>noster</strong></span> <span class='ocrx_word' id='word_1_241' title='bbox 1109 2030 1407 2083; x_wconf 84' lang='lat' dir='ltr'><strong>transmisit</strong></span> <span class='ocrx_word' id='word_1_242' title='bbox 1425 2029 1489 2083; x_wconf 85' lang='lat' dir='ltr'><strong>ad</strong></span> <span class='ocrx_word' id='word_1_243' title='bbox 1507 2028 1788 2099; x_wconf 83' lang='lat' dir='ltr'><strong>originem,</strong></span> <span class='ocrx_word' id='word_1_244' title='bbox 1814 2030 1903 2083; x_wconf 89' lang='lat' dir='ltr'><strong>uni</strong></span> <span class='ocrx_word' id='word_1_245' title='bbox 1926 2039 2129 2084; x_wconf 85' lang='lat' dir='ltr'><strong>tantum</strong></span> 
     </span>
    </p>
   </div>
   <div class='ocr_carea' id='block_1_35' title="bbox 542 2121 2130 2191">
    <p class='ocr_par' dir='ltr' id='par_1_35' title="bbox 542 2121 2130 2191">
     <span class='ocr_line' id='line_1_35' title="bbox 542 2121 2130 2191; baseline -0.001 -13"><span class='ocrx_word' id='word_1_246' title='bbox 542 2122 743 2179; x_wconf 86' lang='lat' dir='ltr'><strong>debere</strong></span> <span class='ocrx_word' id='word_1_247' title='bbox 775 2134 1041 2189; x_wconf 62' lang='lat' dir='ltr'><strong>personae.</strong></span> <span class='ocrx_word' id='word_1_248' title='bbox 1084 2140 1101 2172; x_wconf 73' lang='grc' dir='ltr'><strong><em>ι</em></strong></span> <span class='ocrx_word' id='word_1_249' title='bbox 1130 2121 1255 2175; x_wconf 76' lang='lat' dir='ltr'><strong>Ilaec</strong></span> <span class='ocrx_word' id='word_1_250' title='bbox 1290 2122 1501 2191; x_wconf 90' lang='lat' dir='ltr'><strong>eloquia</strong></span> <span class='ocrx_word' id='word_1_251' title='bbox 1547 2121 1694 2176; x_wconf 88' lang='lat' dir='ltr'><strong>lituis</strong></span> <span class='ocrx_word' id='word_1_252' title='bbox 1732 2123 2082 2177; x_wconf 89' lang='lat' dir='ltr'><strong>commutavit</strong></span> <span class='ocrx_word' id='word_1_253' title='bbox 2116 2138 2130 2176; x_wconf 85' lang='lat'><strong>:</strong></span> 
     </span>
    </p>
   </div>
   <div class='ocr_carea' id='block_1_36' title="bbox 540 2218 2130 2288">
    <p class='ocr_par' dir='ltr' id='par_1_36' title="bbox 540 2218 2130 2288">
     <span class='ocr_line' id='line_1_36' title="bbox 540 2218 2130 2288; baseline 0 -13"><span class='ocrx_word' id='word_1_254' title='bbox 540 2218 801 2275; x_wconf 92' lang='lat' dir='ltr'><strong>continuo</strong></span> <span class='ocrx_word' id='word_1_255' title='bbox 823 2229 881 2274; x_wconf 91' lang='lat' dir='ltr'><strong>ut</strong></span> <span class='ocrx_word' id='word_1_256' title='bbox 912 2218 1116 2272; x_wconf 87' lang='lat' dir='ltr'><strong>assolet</strong></span> <span class='ocrx_word' id='word_1_257' title='bbox 1160 2228 1274 2271; x_wconf 91' lang='lat' dir='ltr'><strong>ater</strong></span> <span class='ocrx_word' id='word_1_258' title='bbox 1319 2218 1529 2273; x_wconf 89' lang='lat' dir='ltr'><strong>nimbus</strong></span> <span class='ocrx_word' id='word_1_259' title='bbox 1561 2218 1717 2273; x_wconf 86' lang='lat' dir='ltr'><strong>tectis</strong></span> <span class='ocrx_word' id='word_1_260' title='bbox 1743 2219 2130 2288; x_wconf 87' lang='lat' dir='ltr'><strong>crepitantibus</strong></span> 
     </span>
    </p>
   </div>
   <div class='ocr_carea' id='block_1_37' title="bbox 540 2311 2128 2382">
    <p class='ocr_par' dir='ltr' id='par_1_37' title="bbox 540 2311 2128 2382">
     <span class='ocr_line' id='line_1_37' title="bbox 540 2311 2128 2382; baseline 0 -14"><span class='ocrx_word' id='word_1_261' title='bbox 540 2312 900 2382; x_wconf 85' lang='lat' dir='ltr'><strong>procellarum</strong></span> <span class='ocrx_word' id='word_1_262' title='bbox 951 2313 1158 2380; x_wconf 82' lang='lat' dir='ltr'><strong>mugire</strong></span> <span class='ocrx_word' id='word_1_263' title='bbox 1207 2311 1507 2366; x_wconf 85' lang='lat' dir='ltr'><strong>discursum</strong></span> <span class='ocrx_word' id='word_1_264' title='bbox 1543 2330 1557 2367; x_wconf 90' lang='lat'><strong>:</strong></span> <span class='ocrx_word' id='word_1_265' title='bbox 1592 2312 1669 2365; x_wconf 91' lang='lat' dir='ltr'><strong>sic</strong></span> <span class='ocrx_word' id='word_1_266' title='bbox 1703 2323 1761 2367; x_wconf 91' lang='lat' dir='ltr'><strong>se</strong></span> <span class='ocrx_word' id='word_1_267' title='bbox 1801 2314 2128 2382; x_wconf 58' lang='lat' dir='ltr'><strong>praecipitem</strong></span> 
     </span>
    </p>
   </div>
   <div class='ocr_carea' id='block_1_38' title="bbox 539 2404 2130 2473">
    <p class='ocr_par' dir='ltr' id='par_1_38' title="bbox 539 2404 2130 2473">
     <span class='ocr_line' id='line_1_38' title="bbox 539 2404 2130 2473; baseline 0.001 -15"><span class='ocrx_word' id='word_1_268' title='bbox 539 2404 694 2473; x_wconf 88' lang='lat' dir='ltr'><strong>plebs</strong></span> <span class='ocrx_word' id='word_1_269' title='bbox 725 2404 907 2459; x_wconf 82' lang='lat' dir='ltr'><strong>Martis</strong></span> <span class='ocrx_word' id='word_1_270' title='bbox 937 2405 1248 2459; x_wconf 90' lang='lat' dir='ltr'><strong>immiscuit.</strong></span> <span class='ocrx_word' id='word_1_271' title='bbox 1282 2406 1487 2458; x_wconf 83' lang='lat' dir='ltr'><strong>Incerta</strong></span> <span class='ocrx_word' id='word_1_272' title='bbox 1518 2404 1608 2458; x_wconf 86' lang='lat' dir='ltr'><strong>diu</strong></span> <span class='ocrx_word' id='word_1_273' title='bbox 1650 2405 1933 2460; x_wconf 80' lang='lat' dir='ltr'><strong>conﬂictus</strong></span> <span class='ocrx_word' id='word_1_274' title='bbox 1977 2405 2130 2461; x_wconf 87' lang='lat' dir='ltr'><strong>lance</strong></span> 
     </span>
    </p>
   </div>
   <div class='ocr_carea' id='block_1_39' title="bbox 538 2495 2129 2568">
    <p class='ocr_par' dir='ltr' id='par_1_39' title="bbox 538 2495 2129 2568">
     <span class='ocr_line' id='line_1_39' title="bbox 538 2495 2129 2568; baseline 0.003 -19"><span class='ocrx_word' id='word_1_275' title='bbox 538 2495 788 2549; x_wconf 83' lang='lat' dir='ltr'><strong>titubavit</strong></span> <span class='ocrx_word' id='word_1_276' title='bbox 823 2513 835 2548; x_wconf 93' lang='lat'>:</span> <span class='ocrx_word' id='word_1_277' title='bbox 865 2496 991 2549; x_wconf 90' lang='lat' dir='ltr'><strong>dum</strong></span> <span class='ocrx_word' id='word_1_278' title='bbox 1022 2511 1116 2564; x_wconf 89' lang='lat' dir='ltr'><strong>par</strong></span> <span class='ocrx_word' id='word_1_279' title='bbox 1144 2510 1213 2550; x_wconf 84' lang='lat' dir='ltr'><strong>ex</strong></span> <span class='ocrx_word' id='word_1_280' title='bbox 1246 2506 1472 2565; x_wconf 85' lang='lat' dir='ltr'><strong>utroque</strong></span> <span class='ocrx_word' id='word_1_281' title='bbox 1498 2497 1665 2551; x_wconf 89' lang='lat' dir='ltr'><strong>latere</strong></span> <span class='ocrx_word' id='word_1_282' title='bbox 1697 2498 1965 2568; x_wconf 81' lang='lat' dir='ltr'><strong>pugnandi</strong></span> <span class='ocrx_word' id='word_1_283' title='bbox 2012 2514 2129 2553; x_wconf 92' lang='lat' dir='ltr'><strong>sur-</strong></span> 
     </span>
    </p>
   </div>
   <div class='ocr_carea' id='block_1_40' title="bbox 536 2586 2129 2660">
    <p class='ocr_par' dir='ltr' id='par_1_40' title="bbox 536 2586 2129 2660">
     <span class='ocr_line' id='line_1_40' title="bbox 536 2586 2129 2660; baseline 0.001 -19"><span class='ocrx_word' id='word_1_284' title='bbox 536 2587 771 2642; x_wconf 82' lang='lat' dir='ltr'><strong>rexisset</strong></span> <span class='ocrx_word' id='word_1_285' title='bbox 797 2588 1080 2657; x_wconf 88' lang='lat' dir='ltr'><strong>asperitas.</strong></span> <span class='ocrx_word' id='word_1_286' title='bbox 1112 2586 1519 2643; x_wconf 84' lang='lat' dir='ltr'><strong>Coucurrebant</strong></span> <span class='ocrx_word' id='word_1_287' title='bbox 1554 2588 1675 2643; x_wconf 79' lang='lat' dir='ltr'><strong>dute</strong></span> <span class='ocrx_word' id='word_1_288' title='bbox 1713 2590 1979 2655; x_wconf 84' lang='lat' dir='ltr'><strong>nationes,</strong></span> <span class='ocrx_word' id='word_1_289' title='bbox 2012 2592 2129 2660; x_wconf 79' lang='lat' dir='ltr'><strong>qui—</strong></span> 
     </span>
    </p>
   </div>
   <div class='ocr_carea' id='block_1_41' title="bbox 536 2678 2128 2751">
    <p class='ocr_par' dir='ltr' id='par_1_41' title="bbox 536 2678 2128 2751">
     <span class='ocr_line' id='line_1_41' title="bbox 536 2678 2128 2751; baseline 0.003 -18"><span class='ocrx_word' id='word_1_290' title='bbox 536 2678 641 2733; x_wconf 88' lang='lat' dir='ltr'><strong>bus</strong></span> <span class='ocrx_word' id='word_1_291' title='bbox 671 2694 944 2749; x_wconf 83' lang='lat' dir='ltr'><strong>nunquam</strong></span> <span class='ocrx_word' id='word_1_292' title='bbox 976 2680 1116 2734; x_wconf 90' lang='lat' dir='ltr'><strong>inter</strong></span> <span class='ocrx_word' id='word_1_293' title='bbox 1146 2681 1353 2750; x_wconf 82' lang='lat' dir='ltr'><strong>gladios</strong></span> <span class='ocrx_word' id='word_1_294' title='bbox 1384 2681 1501 2751; x_wconf 87' lang='lat' dir='ltr'><strong>fuga</strong></span> <span class='ocrx_word' id='word_1_295' title='bbox 1534 2680 1855 2736; x_wconf 83' lang='lat' dir='ltr'><strong>subvenerat</strong></span> <span class='ocrx_word' id='word_1_296' title='bbox 1882 2696 1896 2738; x_wconf 87' lang='lat'><strong>:</strong></span> <span class='ocrx_word' id='word_1_297' title='bbox 1922 2682 2128 2738; x_wconf 71' lang='lat' dir='ltr'><strong>mirata:</strong></span> 
     </span>
    </p>
   </div>
   <div class='ocr_carea' id='block_1_42' title="bbox 537 2770 2129 2843">
    <p class='ocr_par' dir='ltr' id='par_1_42' title="bbox 537 2770 2129 2843">
     <span class='ocr_line' id='line_1_42' title="bbox 537 2770 2129 2843; baseline 0.004 -20"><span class='ocrx_word' id='word_1_298' title='bbox 537 2778 662 2823; x_wconf 89' lang='lat' dir='ltr'><strong>sunt</strong></span> <span class='ocrx_word' id='word_1_299' title='bbox 685 2778 871 2823; x_wconf 88' lang='lat' dir='ltr'><strong>mutuo</strong></span> <span class='ocrx_word' id='word_1_300' title='bbox 893 2770 973 2823; x_wconf 92' lang='lat' dir='ltr'><strong>sui</strong></span> <span class='ocrx_word' id='word_1_301' title='bbox 1005 2770 1209 2825; x_wconf 88' lang='lat' dir='ltr'><strong>similes</strong></span> <span class='ocrx_word' id='word_1_302' title='bbox 1240 2772 1495 2840; x_wconf 88' lang='lat' dir='ltr'><strong>inveniri,</strong></span> <span class='ocrx_word' id='word_1_303' title='bbox 1521 2774 1648 2826; x_wconf 90' lang='lat' dir='ltr'><strong>etin</strong></span> <span class='ocrx_word' id='word_1_304' title='bbox 1675 2774 1908 2827; x_wconf 90' lang='lat' dir='ltr'><strong>humano</strong></span> <span class='ocrx_word' id='word_1_305' title='bbox 1928 2784 2129 2843; x_wconf 86' lang='lat' dir='ltr'><strong>genere</strong></span> 
     </span>
    </p>
   </div>
   <div class='ocr_carea' id='block_1_43' title="bbox 536 2860 2125 2939">
    <p class='ocr_par' dir='ltr' id='par_1_43' title="bbox 536 2860 2125 2939">
     <span class='ocr_line' id='line_1_43' title="bbox 536 2860 2125 2939; baseline 0.006 -25"><span class='ocrx_word' id='word_1_306' title='bbox 536 2861 623 2916; x_wconf 91' lang='lat' dir='ltr'><strong>vel</strong></span> <span class='ocrx_word' id='word_1_307' title='bbox 651 2860 856 2916; x_wconf 86' lang='lat' dir='ltr'><strong>Gothus</strong></span> <span class='ocrx_word' id='word_1_308' title='bbox 888 2864 1226 2919; x_wconf 88' lang='lat' dir='ltr'><strong>resistentem</strong></span> <span class='ocrx_word' id='word_1_309' title='bbox 1254 2866 1475 2933; x_wconf 88' lang='lat' dir='ltr'><strong>audere,</strong></span> <span class='ocrx_word' id='word_1_310' title='bbox 1500 2868 1583 2922; x_wconf 90' lang='lat' dir='ltr'><strong>vel</strong></span> <span class='ocrx_word' id='word_1_311' title='bbox 1612 2868 1885 2939; x_wconf 87' lang='lat' dir='ltr'><strong>Bulgares.</strong></span> <span class='ocrx_word' id='word_1_312' title='bbox 1921 2868 2125 2925; x_wconf 88' lang='lat' dir='ltr'><strong>Interea</strong></span> 
     </span>
    </p>
   </div>
   <div class='ocr_carea' id='block_1_44' title="bbox 536 2955 2128 3034">
    <p class='ocr_par' dir='ltr' id='par_1_44' title="bbox 536 2955 2128 3034">
     <span class='ocr_line' id='line_1_44' title="bbox 536 2955 2128 3034; baseline 0.006 -24"><span class='ocrx_word' id='word_1_313' title='bbox 536 2955 667 3010; x_wconf 89' lang='lat' dir='ltr'><strong>dum</strong></span> <span class='ocrx_word' id='word_1_314' title='bbox 704 2970 903 3026; x_wconf 89' lang='lat' dir='ltr'><strong>anceps</strong></span> <span class='ocrx_word' id='word_1_315' title='bbox 948 2965 1095 3013; x_wconf 88' lang='lat' dir='ltr'><strong>esset</strong></span> <span class='ocrx_word' id='word_1_316' title='bbox 1142 2958 1355 3014; x_wconf 79' lang='lat' dir='ltr'><strong>fortuna</strong></span> <span class='ocrx_word' id='word_1_317' title='bbox 1402 2962 1733 3030; x_wconf 86' lang='lat' dir='ltr'><strong>certaminis,</strong></span> <span class='ocrx_word' id='word_1_318' title='bbox 1778 2971 1831 3018; x_wconf 88' lang='lat' dir='ltr'><strong>et</strong></span> <span class='ocrx_word' id='word_1_319' title='bbox 1881 2975 2128 3034; x_wconf 72' lang='lat' dir='ltr'><strong>pennatte</strong></span> 
     </span>
    </p>
   </div>
   <div class='ocr_carea' id='block_1_45' title="bbox 526 3050 2127 3125">
    <p class='ocr_par' dir='ltr' id='par_1_45' title="bbox 526 3050 2127 3125">
     <span class='ocr_line' id='line_1_45' title="bbox 526 3050 2127 3125; baseline 0.006 -22"><span class='ocrx_word' id='word_1_320' title='bbox 526 3056 742 3113; x_wconf 36' lang='lat' dir='ltr'><strong>.mortes</strong></span> <span class='ocrx_word' id='word_1_321' title='bbox 771 3050 871 3106; x_wconf 90' lang='lat' dir='ltr'><strong>sibi</strong></span> <span class='ocrx_word' id='word_1_322' title='bbox 904 3051 1107 3106; x_wconf 73' lang='lat' dir='ltr'><strong>aethera</strong></span> <span class='ocrx_word' id='word_1_323' title='bbox 1134 3052 1489 3122; x_wconf 87' lang='lat' dir='ltr'><strong>vindicarent,</strong></span> <span class='ocrx_word' id='word_1_324' title='bbox 1514 3056 1789 3125; x_wconf 88' lang='lat' dir='ltr'><strong>superavit</strong></span> <span class='ocrx_word' id='word_1_325' title='bbox 1817 3058 1985 3112; x_wconf 87' lang='lat' dir='ltr'><strong>nostri</strong></span> <span class='ocrx_word' id='word_1_326' title='bbox 2015 3071 2127 3113; x_wconf 90' lang='lat' dir='ltr'><strong>me-</strong></span> 
     </span>
    </p>
   </div>
   <div class='ocr_carea' id='block_1_46' title="bbox 534 3145 2125 3231">
    <p class='ocr_par' dir='ltr' id='par_1_46' title="bbox 534 3145 2125 3231">
     <span class='ocr_line' id='line_1_46' title="bbox 534 3145 2125 3231; baseline 0.006 -33"><span class='ocrx_word' id='word_1_327' title='bbox 534 3146 709 3199; x_wconf 88' lang='lat' dir='ltr'><strong>moria</strong></span> <span class='ocrx_word' id='word_1_328' title='bbox 749 3145 1029 3215; x_wconf 88' lang='lat' dir='ltr'><strong>principis,</strong></span> <span class='ocrx_word' id='word_1_329' title='bbox 1072 3145 1199 3202; x_wconf 92' lang='lat' dir='ltr'><strong>dum</strong></span> <span class='ocrx_word' id='word_1_330' title='bbox 1245 3158 1490 3218; x_wconf 86' lang='lat' dir='ltr'><strong>agerent,</strong></span> <span class='ocrx_word' id='word_1_331' title='bbox 1520 3158 1578 3205; x_wconf 93' lang='lat' dir='ltr'><strong>ut</strong></span> <span class='ocrx_word' id='word_1_332' title='bbox 1614 3150 1943 3231; x_wconf 82' lang='lat' dir='ltr'><strong>singulorum</strong></span> <span class='ocrx_word' id='word_1_333' title='bbox 1982 3151 2125 3223; x_wconf 89' lang='lat' dir='ltr'><strong>apud</strong></span> 
     </span>
    </p>
   </div>
   <div class='ocr_carea' id='block_1_47' title="bbox 535 3236 2121 3314">
    <p class='ocr_par' dir='ltr' id='par_1_47' title="bbox 535 3236 2121 3314">
     <span class='ocr_line' id='line_1_47' title="bbox 535 3236 2121 3314; baseline 0.006 -25"><span class='ocrx_word' id='word_1_334' title='bbox 535 3251 659 3289; x_wconf 89' lang='lat' dir='ltr'><strong>eum</strong></span> <span class='ocrx_word' id='word_1_335' title='bbox 705 3236 896 3291; x_wconf 88' lang='lat' dir='ltr'><strong>merita</strong></span> <span class='ocrx_word' id='word_1_336' title='bbox 940 3252 1162 3305; x_wconf 89' lang='lat' dir='ltr'><strong>campus</strong></span> <span class='ocrx_word' id='word_1_337' title='bbox 1206 3250 1492 3295; x_wconf 87' lang='lat' dir='ltr'><strong>assereret.</strong></span> <span class='ocrx_word' id='word_1_338' title='bbox 1524 3242 1691 3297; x_wconf 87' lang='lat' dir='ltr'><strong>Versa</strong></span> <span class='ocrx_word' id='word_1_339' title='bbox 1724 3253 1807 3298; x_wconf 90' lang='lat' dir='ltr'><strong>est</strong></span> <span class='ocrx_word' id='word_1_340' title='bbox 1848 3245 1903 3298; x_wconf 89' lang='lat' dir='ltr'><strong>in</strong></span> <span class='ocrx_word' id='word_1_341' title='bbox 1945 3244 2121 3314; x_wconf 80' lang='lat' dir='ltr'><strong>fugam</strong></span> 
     </span>
    </p>
   </div>
   <div class='ocr_carea' id='block_1_48' title="bbox 2237 2020 3819 2093">
    <p class='ocr_par' dir='ltr' id='par_1_48' title="bbox 2237 2020 3819 2093">
     <span class='ocr_line' id='line_1_48' title="bbox 2237 2020 3819 2093; baseline 0.003 -18"><span class='ocrx_word' id='word_1_342' title='bbox 2237 2020 2599 2089; x_wconf 88' lang='lat' dir='ltr'><strong>subjectorum</strong></span> <span class='ocrx_word' id='word_1_343' title='bbox 2631 2020 2855 2087; x_wconf 89' lang='lat' dir='ltr'><strong>viribus,</strong></span> <span class='ocrx_word' id='word_1_344' title='bbox 2888 2020 3007 2076; x_wconf 88' lang='lat' dir='ltr'><strong>dari</strong></span> <span class='ocrx_word' id='word_1_345' title='bbox 3038 2021 3289 2090; x_wconf 90' lang='lat' dir='ltr'><strong>imperas,</strong></span> <span class='ocrx_word' id='word_1_346' title='bbox 3319 2022 3496 2078; x_wconf 88' lang='lat' dir='ltr'><strong>credis</strong></span> <span class='ocrx_word' id='word_1_347' title='bbox 3542 2038 3697 2093; x_wconf 89' lang='lat' dir='ltr'><strong>posse</strong></span> <span class='ocrx_word' id='word_1_348' title='bbox 3719 2025 3819 2081; x_wconf 89' lang='lat' dir='ltr'><strong>de-</strong></span> 
     </span>
    </p>
   </div>
   <div class='ocr_carea' id='block_1_49' title="bbox 2236 2111 3821 2188">
    <p class='ocr_par' dir='ltr' id='par_1_49' title="bbox 2236 2111 3821 2188">
     <span class='ocr_line' id='line_1_49' title="bbox 2236 2111 3821 2188; baseline 0.004 -21"><span class='ocrx_word' id='word_1_349' title='bbox 2236 2112 2442 2182; x_wconf 88' lang='lat' dir='ltr'><strong>negari.</strong></span> <span class='ocrx_word' id='word_1_350' title='bbox 2470 2111 2515 2166; x_wconf 88' lang='grc' dir='ltr'>Ο</span> <span class='ocrx_word' id='word_1_351' title='bbox 2534 2126 2715 2182; x_wconf 87' lang='lat' dir='ltr'><strong>regem</strong></span> <span class='ocrx_word' id='word_1_352' title='bbox 2742 2112 2888 2167; x_wconf 87' lang='lat' dir='ltr'><strong>omni</strong></span> <span class='ocrx_word' id='word_1_353' title='bbox 2918 2114 3305 2184; x_wconf 88' lang='lat' dir='ltr'><strong>tranquillitate</strong></span> <span class='ocrx_word' id='word_1_354' title='bbox 3332 2117 3707 2186; x_wconf 87' lang='lat' dir='ltr'><strong>compositum,</strong></span> <span class='ocrx_word' id='word_1_355' title='bbox 3730 2119 3821 2188; x_wconf 86' lang='lat' dir='ltr'><strong>qui</strong></span> 
     </span>
    </p>
   </div>
   <div class='ocr_carea' id='block_1_50' title="bbox 2234 2205 3820 2279">
    <p class='ocr_par' dir='ltr' id='par_1_50' title="bbox 2234 2205 3820 2279">
     <span class='ocr_line' id='line_1_50' title="bbox 2234 2205 3820 2279; baseline 0.005 -19"><span class='ocrx_word' id='word_1_356' title='bbox 2234 2205 2505 2262; x_wconf 88' lang='lat' dir='ltr'><strong>dev0tioni</strong></span> <span class='ocrx_word' id='word_1_357' title='bbox 2552 2217 2752 2262; x_wconf 68' lang='lat' dir='ltr'><strong>nostra:</strong></span> <span class='ocrx_word' id='word_1_358' title='bbox 2798 2208 3043 2277; x_wconf 85' lang='lat' dir='ltr'><strong>imputat,</strong></span> <span class='ocrx_word' id='word_1_359' title='bbox 3073 2209 3217 2279; x_wconf 87' lang='lat' dir='ltr'><strong>quod</strong></span> <span class='ocrx_word' id='word_1_360' title='bbox 3257 2209 3619 2279; x_wconf 83' lang='lat' dir='ltr'><strong>impendimus</strong></span> <span class='ocrx_word' id='word_1_361' title='bbox 3647 2212 3820 2268; x_wconf 86' lang='lat' dir='ltr'><strong>servi-</strong></span> 
     </span>
    </p>
   </div>
   <div class='ocr_carea' id='block_1_51' title="bbox 2237 2300 2368 2354">
    <p class='ocr_par' dir='ltr' id='par_1_51' title="bbox 2237 2300 2368 2354">
     <span class='ocr_line' id='line_1_51' title="bbox 2237 2300 2368 2354; baseline 0.008 -1"><span class='ocrx_word' id='word_1_362' title='bbox 2237 2300 2334 2354; x_wconf 86' lang='lat' dir='ltr'><strong>tuti</strong></span> <span class='ocrx_word' id='word_1_363' title='bbox 2355 2302 2368 2354; x_wconf 81' lang='lat' dir='ltr'><strong>I</strong></span> 
     </span>
    </p>
   </div>
   <div class='ocr_carea' id='block_1_52' title="bbox 2307 2390 3818 2464">
    <p class='ocr_par' dir='ltr' id='par_1_52' title="bbox 2307 2390 3818 2464">
     <span class='ocr_line' id='line_1_52' title="bbox 2307 2390 3818 2464; baseline 0.007 -21"><span class='ocrx_word' id='word_1_364' title='bbox 2307 2390 2447 2459; x_wconf 85' lang='lat' dir='ltr'><strong>Quid</strong></span> <span class='ocrx_word' id='word_1_365' title='bbox 2472 2390 2614 2461; x_wconf 86' lang='lat' dir='ltr'><strong>quod</strong></span> <span class='ocrx_word' id='word_1_366' title='bbox 2653 2403 2681 2445; x_wconf 87' lang='lat' dir='ltr'><strong>a</strong></span> <span class='ocrx_word' id='word_1_367' title='bbox 2714 2400 2765 2447; x_wconf 90' lang='lat' dir='ltr'><strong>te</strong></span> <span class='ocrx_word' id='word_1_368' title='bbox 2793 2391 2814 2422; x_wconf 83' lang='grc'>³</span> <span class='ocrx_word' id='word_1_369' title='bbox 2844 2392 3175 2449; x_wconf 70' lang='lat' dir='ltr'><strong>Alamanniae</strong></span> <span class='ocrx_word' id='word_1_370' title='bbox 3199 2395 3522 2464; x_wconf 84' lang='lat' dir='ltr'><strong>generalitas</strong></span> <span class='ocrx_word' id='word_1_371' title='bbox 3552 2397 3688 2451; x_wconf 89' lang='lat' dir='ltr'><strong>intra</strong></span> <span class='ocrx_word' id='word_1_372' title='bbox 3718 2397 3818 2453; x_wconf 61' lang='lat' dir='ltr'><strong>Itao</strong></span> 
     </span>
    </p>
   </div>
   <div class='ocr_carea' id='block_1_53' title="bbox 2233 2484 3816 2558">
    <p class='ocr_par' dir='ltr' id='par_1_53' title="bbox 2233 2484 3816 2558">
     <span class='ocr_line' id='line_1_53' title="bbox 2233 2484 3816 2558; baseline 0.004 -18"><span class='ocrx_word' id='word_1_373' title='bbox 2233 2485 2318 2540; x_wconf 84' lang='lat' dir='ltr'><strong>liae</strong></span> <span class='ocrx_word' id='word_1_374' title='bbox 2350 2486 2607 2541; x_wconf 81' lang='lat' dir='ltr'><strong>terminos</strong></span> <span class='ocrx_word' id='word_1_375' title='bbox 2645 2484 2763 2540; x_wconf 89' lang='lat' dir='ltr'><strong>sine</strong></span> <span class='ocrx_word' id='word_1_376' title='bbox 2802 2485 3126 2542; x_wconf 86' lang='lat' dir='ltr'><strong>detrimento</strong></span> <span class='ocrx_word' id='word_1_377' title='bbox 3171 2488 3426 2543; x_wconf 75' lang='lat' dir='ltr'><strong>Romanae</strong></span> <span class='ocrx_word' id='word_1_378' title='bbox 3456 2492 3816 2558; x_wconf 86' lang='lat' dir='ltr'><strong>possessionis</strong></span> 
     </span>
    </p>
   </div>
   <div class='ocr_carea' id='block_1_54' title="bbox 2232 2575 3817 2652">
    <p class='ocr_par' dir='ltr' id='par_1_54' title="bbox 2232 2575 3817 2652">
     <span class='ocr_line' id='line_1_54' title="bbox 2232 2575 3817 2652; baseline 0.005 -22"><span class='ocrx_word' id='word_1_379' title='bbox 2232 2575 2437 2631; x_wconf 86' lang='lat' dir='ltr'><strong>inclusa</strong></span> <span class='ocrx_word' id='word_1_380' title='bbox 2462 2578 2581 2632; x_wconf 87' lang='lat' dir='ltr'><strong>est?</strong></span> <span class='ocrx_word' id='word_1_381' title='bbox 2608 2578 2693 2631; x_wconf 87' lang='lat' dir='ltr'><strong>cui</strong></span> <span class='ocrx_word' id='word_1_382' title='bbox 2720 2579 2900 2633; x_wconf 84' lang='lat' dir='ltr'><strong>evenit</strong></span> <span class='ocrx_word' id='word_1_383' title='bbox 2925 2578 3128 2634; x_wconf 88' lang='lat' dir='ltr'><strong>habere</strong></span> <span class='ocrx_word' id='word_1_384' title='bbox 3162 2592 3364 2650; x_wconf 71' lang='lat' dir='ltr'><strong>regem,</strong></span> <span class='ocrx_word' id='word_1_385' title='bbox 3396 2591 3673 2652; x_wconf 88' lang='lat' dir='ltr'><strong>postquam</strong></span> <span class='ocrx_word' id='word_1_386' title='bbox 3705 2598 3817 2638; x_wconf 89' lang='lat' dir='ltr'><strong>me-</strong></span> 
     </span>
    </p>
   </div>
   <div class='ocr_carea' id='block_1_55' title="bbox 2232 2668 3816 2742">
    <p class='ocr_par' dir='ltr' id='par_1_55' title="bbox 2232 2668 3816 2742">
     <span class='ocr_line' id='line_1_55' title="bbox 2232 2668 3816 2742; baseline 0.004 -19"><span class='ocrx_word' id='word_1_387' title='bbox 2232 2668 2339 2724; x_wconf 89' lang='lat' dir='ltr'><strong>ruit</strong></span> <span class='ocrx_word' id='word_1_388' title='bbox 2360 2669 2678 2738; x_wconf 86' lang='lat' dir='ltr'><strong>perdidisse.</strong></span> <span class='ocrx_word' id='word_1_389' title='bbox 2708 2670 2867 2725; x_wconf 83' lang='lat' dir='ltr'><strong>Facta</strong></span> <span class='ocrx_word' id='word_1_390' title='bbox 2892 2679 2974 2725; x_wconf 87' lang='lat' dir='ltr'><strong>est</strong></span> <span class='ocrx_word' id='word_1_391' title='bbox 2995 2671 3222 2726; x_wconf 84' lang='lat' dir='ltr'><strong>Latiaris</strong></span> <span class='ocrx_word' id='word_1_392' title='bbox 3242 2681 3423 2727; x_wconf 86' lang='lat' dir='ltr'><strong>custos</strong></span> <span class='ocrx_word' id='word_1_393' title='bbox 3444 2673 3656 2742; x_wconf 86' lang='lat' dir='ltr'><strong>imperii</strong></span> <span class='ocrx_word' id='word_1_394' title='bbox 3677 2688 3816 2730; x_wconf 61' lang='lat' dir='ltr'><strong>sema</strong></span> 
     </span>
    </p>
   </div>
   <div class='ocr_carea' id='block_1_56' title="bbox 2230 2762 3832 2833">
    <p class='ocr_par' dir='ltr' id='par_1_56' title="bbox 2230 2762 3832 2833">
     <span class='ocr_line' id='line_1_56' title="bbox 2230 2762 3832 2833; baseline 0.002 -16"><span class='ocrx_word' id='word_1_395' title='bbox 2230 2776 2326 2831; x_wconf 86' lang='lat' dir='ltr'><strong>per</strong></span> <span class='ocrx_word' id='word_1_396' title='bbox 2371 2772 2679 2817; x_wconf 90' lang='lat' dir='ltr'><strong>nostrorum</strong></span> <span class='ocrx_word' id='word_1_397' title='bbox 2734 2762 3077 2833; x_wconf 83' lang='lat' dir='ltr'><strong>populatione</strong></span> <span class='ocrx_word' id='word_1_398' title='bbox 3128 2774 3393 2832; x_wconf 82' lang='lat' dir='ltr'><strong>grassata.</strong></span> <span class='ocrx_word' id='word_1_399' title='bbox 3442 2764 3539 2820; x_wconf 88' lang='lat' dir='ltr'><strong>Cui</strong></span> <span class='ocrx_word' id='word_1_400' title='bbox 3589 2766 3832 2831; x_wconf 17' lang='lat' dir='ltr'><strong>feliciter,</strong></span> 
     </span>
    </p>
   </div>
   <div class='ocr_carea' id='block_1_57' title="bbox 2229 2855 3816 2929">
    <p class='ocr_par' dir='ltr' id='par_1_57' title="bbox 2229 2855 3816 2929">
     <span class='ocr_line' id='line_1_57' title="bbox 2229 2855 3816 2929; baseline 0.003 -19"><span class='ocrx_word' id='word_1_401' title='bbox 2229 2856 2396 2910; x_wconf 87' lang='lat' dir='ltr'><strong>cessit</strong></span> <span class='ocrx_word' id='word_1_402' title='bbox 2426 2855 2625 2925; x_wconf 77' lang='lat' dir='ltr'><strong>fugisse</strong></span> <span class='ocrx_word' id='word_1_403' title='bbox 2649 2856 2877 2925; x_wconf 87' lang='lat' dir='ltr'><strong>patriam</strong></span> <span class='ocrx_word' id='word_1_404' title='bbox 2900 2870 3053 2911; x_wconf 80' lang='lat' dir='ltr'><strong>suam</strong></span> <span class='ocrx_word' id='word_1_405' title='bbox 3090 2875 3102 2910; x_wconf 89' lang='lat'>:</span> <span class='ocrx_word' id='word_1_406' title='bbox 3133 2872 3255 2911; x_wconf 91' lang='lat' dir='ltr'><strong>nam</strong></span> <span class='ocrx_word' id='word_1_407' title='bbox 3285 2858 3364 2913; x_wconf 91' lang='lat' dir='ltr'><strong>sic</strong></span> <span class='ocrx_word' id='word_1_408' title='bbox 3387 2858 3577 2929; x_wconf 87' lang='lat' dir='ltr'><strong>adepta</strong></span> <span class='ocrx_word' id='word_1_409' title='bbox 3607 2868 3690 2915; x_wconf 86' lang='lat' dir='ltr'><strong>est</strong></span> <span class='ocrx_word' id='word_1_410' title='bbox 3715 2859 3816 2916; x_wconf 90' lang='lat' dir='ltr'><strong>soli</strong></span> 
     </span>
    </p>
   </div>
   <div class='ocr_carea' id='block_1_58' title="bbox 2230 2930 3819 3024">
    <p class='ocr_par' dir='ltr' id='par_1_58' title="bbox 2230 2930 3819 3024">
     <span class='ocr_line' id='line_1_58' title="bbox 2230 2930 3819 3024; baseline 0.007 -24"><span class='ocrx_word' id='word_1_411' title='bbox 2230 2930 2400 3001; x_wconf 88' lang='lat' dir='ltr'><strong>nostri</strong></span> <span class='ocrx_word' id='word_1_412' title='bbox 2429 2948 2782 3017; x_wconf 89' lang='lat' dir='ltr'><strong>opulentiam.</strong></span> <span class='ocrx_word' id='word_1_413' title='bbox 2823 2950 3141 3019; x_wconf 72' lang='lat' dir='ltr'><strong>Acquisistis</strong></span> <span class='ocrx_word' id='word_1_414' title='bbox 3166 2965 3288 3021; x_wconf 67' lang='lat' dir='ltr'><strong>qua:</strong></span> <span class='ocrx_word' id='word_1_415' title='bbox 3314 2953 3526 3008; x_wconf 82' lang='lat' dir='ltr'><strong>noverit</strong></span> <span class='ocrx_word' id='word_1_416' title='bbox 3551 2952 3819 3024; x_wconf 82' lang='lat' dir='ltr'><strong>ligonibus</strong></span> 
     </span>
    </p>
   </div>
   <div class='ocr_carea' id='block_1_59' title="bbox 2228 3039 3817 3113">
    <p class='ocr_par' dir='ltr' id='par_1_59' title="bbox 2228 3039 3817 3113">
     <span class='ocr_line' id='line_1_59' title="bbox 2228 3039 3817 3113; baseline 0.007 -21"><span class='ocrx_word' id='word_1_417' title='bbox 2228 3039 2388 3093; x_wconf 90' lang='lat' dir='ltr'><strong>tellus</strong></span> <span class='ocrx_word' id='word_1_418' title='bbox 2415 3040 2782 3109; x_wconf 87' lang='lat' dir='ltr'><strong>acquiescere,</strong></span> <span class='ocrx_word' id='word_1_419' title='bbox 2807 3042 3049 3111; x_wconf 88' lang='lat' dir='ltr'><strong>quamvis</strong></span> <span class='ocrx_word' id='word_1_420' title='bbox 3070 3057 3175 3097; x_wconf 88' lang='lat' dir='ltr'><strong>non</strong></span> <span class='ocrx_word' id='word_1_421' title='bbox 3198 3045 3483 3113; x_wconf 89' lang='lat' dir='ltr'><strong>contigerit</strong></span> <span class='ocrx_word' id='word_1_422' title='bbox 3502 3045 3695 3102; x_wconf 89' lang='lat' dir='ltr'><strong>damna</strong></span> <span class='ocrx_word' id='word_1_423' title='bbox 3722 3060 3817 3103; x_wconf 54' lang='lat' dir='ltr'><strong>nee</strong></span> 
     </span>
    </p>
   </div>
   <div class='ocr_carea' id='block_1_60' title="bbox 2228 3131 3808 3204">
    <p class='ocr_par' dir='ltr' id='par_1_60' title="bbox 2228 3131 3808 3204">
     <span class='ocr_line' id='line_1_60' title="bbox 2228 3131 3808 3204; baseline 0.008 -20"><span class='ocrx_word' id='word_1_424' title='bbox 2228 3131 2387 3187; x_wconf 84' lang='lat' dir='ltr'><strong>scire.</strong></span> <span class='ocrx_word' id='word_1_425' title='bbox 2419 3131 2529 3189; x_wconf 90' lang='lat' dir='ltr'><strong>Sub</strong></span> <span class='ocrx_word' id='word_1_426' title='bbox 2563 3142 2613 3187; x_wconf 92' lang='lat' dir='ltr'><strong>te</strong></span> <span class='ocrx_word' id='word_1_427' title='bbox 2643 3132 2872 3189; x_wconf 89' lang='lat' dir='ltr'><strong>vidimus</strong></span> <span class='ocrx_word' id='word_1_428' title='bbox 2901 3144 3127 3190; x_wconf 90' lang='lat' dir='ltr'><strong>eventus</strong></span> <span class='ocrx_word' id='word_1_429' title='bbox 3147 3138 3377 3204; x_wconf 88' lang='lat' dir='ltr'><strong>optimos</strong></span> <span class='ocrx_word' id='word_1_430' title='bbox 3398 3138 3466 3193; x_wconf 86' lang='lat' dir='ltr'><strong>de</strong></span> <span class='ocrx_word' id='word_1_431' title='bbox 3486 3138 3808 3197; x_wconf 80' lang='lat' dir='ltr'><strong>adversitato</strong></span> 
     </span>
    </p>
   </div>
   <div class='ocr_carea' id='block_1_61' title="bbox 2227 3225 3813 3297">
    <p class='ocr_par' dir='ltr' id='par_1_61' title="bbox 2227 3225 3813 3297">
     <span class='ocr_line' id='line_1_61' title="bbox 2227 3225 3813 3297; baseline 0.006 -17"><span class='ocrx_word' id='word_1_432' title='bbox 2227 3225 2504 3293; x_wconf 82' lang='lat' dir='ltr'><strong>generari;</strong></span> <span class='ocrx_word' id='word_1_433' title='bbox 2551 3232 2610 3279; x_wconf 88' lang='lat' dir='ltr'><strong>et</strong></span> <span class='ocrx_word' id='word_1_434' title='bbox 2645 3225 2760 3281; x_wconf 82' lang='lat' dir='ltr'><strong>fieri</strong></span> <span class='ocrx_word' id='word_1_435' title='bbox 2805 3226 3166 3283; x_wconf 87' lang='lat' dir='ltr'><strong>secundorum</strong></span> <span class='ocrx_word' id='word_1_436' title='bbox 3197 3238 3443 3297; x_wconf 81' lang='lat' dir='ltr'><strong>matrem,</strong></span> <span class='ocrx_word' id='word_1_437' title='bbox 3475 3232 3813 3289; x_wconf 87' lang='lat' dir='ltr'><strong>occasionem</strong></span> 
     </span>
    </p>
   </div>
   <div class='ocr_carea' id='block_1_62' title="bbox 540 3315 3813 3401">
    <p class='ocr_par' dir='ltr' id='par_1_62' title="bbox 540 3315 3813 3401">
     <span class='ocr_line' id='line_1_62' title="bbox 540 3315 3813 3401; baseline 0.01 -18"><span class='ocrx_word' id='word_1_438' title='bbox 540 3330 691 3383; x_wconf 83' lang='lat' dir='ltr'><strong>natio</strong></span> <span class='ocrx_word' id='word_1_439' title='bbox 718 3332 900 3398; x_wconf 90' lang='lat' dir='ltr'><strong>punita</strong></span> <span class='ocrx_word' id='word_1_440' title='bbox 939 3332 1175 3398; x_wconf 85' lang='lat' dir='ltr'><strong>gravius,</strong></span> <span class='ocrx_word' id='word_1_441' title='bbox 1208 3333 1351 3401; x_wconf 90' lang='lat' dir='ltr'><strong>quod</strong></span> <span class='ocrx_word' id='word_1_442' title='bbox 1378 3334 1549 3389; x_wconf 87' lang='lat' dir='ltr'><strong>evasit</strong></span> <span class='ocrx_word' id='word_1_443' title='bbox 1582 3353 1595 3387; x_wconf 90' lang='lat'><strong>:</strong></span> <span class='ocrx_word' id='word_1_444' title='bbox 1630 3334 1786 3392; x_wconf 91' lang='lat' dir='ltr'><strong>tellus</strong></span> <span class='ocrx_word' id='word_1_445' title='bbox 1815 3340 1986 3393; x_wconf 78' lang='lat' dir='ltr'><strong>excita</strong></span> <span class='ocrx_word' id='word_1_446' title='bbox 2017 3346 2125 3395; x_wconf 88' lang='lat' dir='ltr'><strong>tre-</strong></span> <span class='ocrx_word' id='word_1_447' title='bbox 2149 3330 2195 3393; x_wconf 87' lang='lat' dir='ltr'>C</span> <span class='ocrx_word' id='word_1_448' title='bbox 2229 3316 2473 3386; x_wconf 69' lang='grc' dir='ltr'><strong>Ρθτίουίίο</strong></span> <span class='ocrx_word' id='word_1_449' title='bbox 2507 3315 2655 3372; x_wconf 56' lang='lat' dir='ltr'><strong>um“</strong></span> <span class='ocrx_word' id='word_1_450' title='bbox 2703 3317 2925 3374; x_wconf 58' lang='lat' dir='ltr'><strong>liberata</strong></span> <span class='ocrx_word' id='word_1_451' title='bbox 2972 3321 3289 3390; x_wconf 47' lang='lat' dir='ltr'><strong>sumam“</strong></span> <span class='ocrx_word' id='word_1_452' title='bbox 3329 3330 3527 3378; x_wconf 63' lang='lat' dir='ltr'><strong>&quot;mam</strong></span> <span class='ocrx_word' id='word_1_453' title='bbox 3575 3325 3813 3382; x_wconf 56' lang='lat' dir='ltr'><strong>meme“</strong></span> 
     </span>
    </p>
   </div>
   <div class='ocr_carea' id='block_1_63' title="bbox 535 3419 2126 3498">
    <p class='ocr_par' dir='ltr' id='par_1_63' title="bbox 535 3419 2126 3498">
     <span class='ocr_line' id='line_1_63' title="bbox 535 3419 2126 3498; baseline 0.009 -25"><span class='ocrx_word' id='word_1_454' title='bbox 535 3419 674 3474; x_wconf 89' lang='lat' dir='ltr'><strong>muit</strong></span> <span class='ocrx_word' id='word_1_455' title='bbox 708 3422 1063 3475; x_wconf 89' lang='lat' dir='ltr'><strong>concussione</strong></span> <span class='ocrx_word' id='word_1_456' title='bbox 1104 3422 1455 3491; x_wconf 90' lang='lat' dir='ltr'><strong>cornipedum</strong></span> <span class='ocrx_word' id='word_1_457' title='bbox 1492 3442 1505 3477; x_wconf 91' lang='lat'><strong>:</strong></span> <span class='ocrx_word' id='word_1_458' title='bbox 1536 3439 1657 3481; x_wconf 90' lang='lat' dir='ltr'><strong>cum</strong></span> <span class='ocrx_word' id='word_1_459' title='bbox 1688 3427 1887 3498; x_wconf 90' lang='lat' dir='ltr'><strong>ingenti</strong></span> <span class='ocrx_word' id='word_1_460' title='bbox 1920 3431 2126 3487; x_wconf 88' lang='lat' dir='ltr'><strong>lamen-</strong></span> 
     </span>
    </p>
   </div>
   <div class='ocr_carea' id='block_1_64' title="bbox 536 3512 2125 3586">
    <p class='ocr_par' dir='ltr' id='par_1_64' title="bbox 536 3512 2125 3586">
     <span class='ocr_line' id='line_1_64' title="bbox 536 3512 2125 3586; baseline 0.009 -21"><span class='ocrx_word' id='word_1_461' title='bbox 536 3512 741 3567; x_wconf 87' lang='lat' dir='ltr'><strong>tatione</strong></span> <span class='ocrx_word' id='word_1_462' title='bbox 768 3512 1151 3582; x_wconf 87' lang='lat' dir='ltr'><strong>properabant,</strong></span> <span class='ocrx_word' id='word_1_463' title='bbox 1181 3525 1466 3586; x_wconf 84' lang='lat' dir='ltr'><strong>postquam</strong></span> <span class='ocrx_word' id='word_1_464' title='bbox 1501 3517 1749 3573; x_wconf 90' lang='lat' dir='ltr'><strong>viderunt</strong></span> <span class='ocrx_word' id='word_1_465' title='bbox 1783 3533 1889 3576; x_wconf 90' lang='lat' dir='ltr'><strong>non</strong></span> <span class='ocrx_word' id='word_1_466' title='bbox 1919 3537 2041 3579; x_wconf 89' lang='lat' dir='ltr'><strong>esse</strong></span> <span class='ocrx_word' id='word_1_467' title='bbox 2065 3537 2125 3580; x_wconf 91' lang='lat' dir='ltr'><strong>se</strong></span> 
     </span>
    </p>
   </div>
   <div class='ocr_carea' id='block_1_65' title="bbox 536 3603 2124 3679">
    <p class='ocr_par' dir='ltr' id='par_1_65' title="bbox 536 3603 2124 3679">
     <span class='ocr_line' id='line_1_65' title="bbox 536 3603 2124 3679; baseline 0.008 -20"><span class='ocrx_word' id='word_1_468' title='bbox 536 3603 730 3660; x_wconf 89' lang='lat' dir='ltr'><strong>dubios</strong></span> <span class='ocrx_word' id='word_1_469' title='bbox 760 3605 826 3660; x_wconf 90' lang='lat' dir='ltr'><strong>de</strong></span> <span class='ocrx_word' id='word_1_470' title='bbox 855 3605 1049 3661; x_wconf 92' lang='lat' dir='ltr'><strong>salute.</strong></span> <span class='ocrx_word' id='word_1_471' title='bbox 1081 3604 1215 3662; x_wconf 70' lang='grc' dir='ltr'><strong>ϐωιὶ</strong></span> <span class='ocrx_word' id='word_1_472' title='bbox 1246 3609 1448 3664; x_wconf 89' lang='lat' dir='ltr'><strong>arbiter</strong></span> <span class='ocrx_word' id='word_1_473' title='bbox 1478 3611 1640 3679; x_wconf 89' lang='lat' dir='ltr'><strong>Deus,</strong></span> <span class='ocrx_word' id='word_1_474' title='bbox 1672 3626 1897 3669; x_wconf 88' lang='lat' dir='ltr'><strong>munera</strong></span> <span class='ocrx_word' id='word_1_475' title='bbox 1931 3613 2124 3672; x_wconf 88' lang='lat' dir='ltr'><strong>collata</strong></span> 
     </span>
    </p>
   </div>
   <div class='ocr_carea' id='block_1_66' title="bbox 532 3696 2123 3779">
    <p class='ocr_par' dir='ltr' id='par_1_66' title="bbox 532 3696 2123 3779">
     <span class='ocr_line' id='line_1_66' title="bbox 532 3696 2123 3779; baseline 0.008 -27"><span class='ocrx_word' id='word_1_476' title='bbox 532 3696 854 3765; x_wconf 90' lang='lat' dir='ltr'><strong>multiplica.</strong></span> <span class='ocrx_word' id='word_1_477' title='bbox 881 3696 962 3751; x_wconf 92' lang='lat' dir='ltr'><strong>Illi</strong></span> <span class='ocrx_word' id='word_1_478' title='bbox 986 3713 1255 3769; x_wconf 84' lang='lat' dir='ltr'><strong>nunquam</strong></span> <span class='ocrx_word' id='word_1_479' title='bbox 1282 3700 1430 3757; x_wconf 91' lang='lat' dir='ltr'><strong>dubii</strong></span> <span class='ocrx_word' id='word_1_480' title='bbox 1453 3700 1520 3758; x_wconf 91' lang='lat' dir='ltr'><strong>de</strong></span> <span class='ocrx_word' id='word_1_481' title='bbox 1543 3704 1827 3774; x_wconf 84' lang='lat' dir='ltr'><strong>triumphis</strong></span> <span class='ocrx_word' id='word_1_482' title='bbox 1851 3722 1863 3759; x_wconf 88' lang='lat'>:</span> <span class='ocrx_word' id='word_1_483' title='bbox 1893 3706 1967 3762; x_wconf 91' lang='lat' dir='ltr'><strong>illi</strong></span> <span class='ocrx_word' id='word_1_484' title='bbox 1989 3722 2123 3779; x_wconf 87' lang='lat' dir='ltr'><strong>quos</strong></span> 
     </span>
    </p>
   </div>
   <div class='ocr_carea' id='block_1_67' title="bbox 532 3788 2123 3870">
    <p class='ocr_par' dir='ltr' id='par_1_67' title="bbox 532 3788 2123 3870">
     <span class='ocr_line' id='line_1_67' title="bbox 532 3788 2123 3870; baseline 0.009 -29"><span class='ocrx_word' id='word_1_485' title='bbox 532 3788 778 3856; x_wconf 77' lang='lat' dir='ltr'><strong>suspexit</strong></span> <span class='ocrx_word' id='word_1_486' title='bbox 806 3788 1148 3870; x_wconf 84' lang='lat' dir='ltr'><strong>universitas,</strong></span> <span class='ocrx_word' id='word_1_487' title='bbox 1175 3792 1399 3859; x_wconf 90' lang='lat' dir='ltr'><strong>perditis</strong></span> <span class='ocrx_word' id='word_1_488' title='bbox 1426 3793 1686 3851; x_wconf 91' lang='lat' dir='ltr'><strong>bellorum</strong></span> <span class='ocrx_word' id='word_1_489' title='bbox 1716 3798 1902 3868; x_wconf 87' lang='lat' dir='ltr'><strong>signis,</strong></span> <span class='ocrx_word' id='word_1_490' title='bbox 1928 3807 1982 3854; x_wconf 92' lang='lat' dir='ltr'><strong>et</strong></span> <span class='ocrx_word' id='word_1_491' title='bbox 2002 3812 2123 3870; x_wconf 85' lang='lat' dir='ltr'><strong>per-</strong></span> 
     </span>
    </p>
   </div>
   <div class='ocr_carea' id='block_1_68' title="bbox 534 3866 2123 3959">
    <p class='ocr_par' dir='ltr' id='par_1_68' title="bbox 534 3866 2123 3959">
     <span class='ocr_line' id='line_1_68' title="bbox 534 3866 2123 3959; baseline 0.006 -24"><span class='ocrx_word' id='word_1_492' title='bbox 534 3881 673 3935; x_wconf 90' lang='lat' dir='ltr'><strong>culsi</strong></span> <span class='ocrx_word' id='word_1_493' title='bbox 697 3866 1067 3938; x_wconf 76' lang='lat' dir='ltr'><strong>incolumitate</strong></span> <span class='ocrx_word' id='word_1_494' title='bbox 1095 3882 1406 3953; x_wconf 89' lang='lat' dir='ltr'><strong>discedunt;</strong></span> <span class='ocrx_word' id='word_1_495' title='bbox 1437 3896 1623 3959; x_wconf 91' lang='lat' dir='ltr'><strong>terque</strong></span> <span class='ocrx_word' id='word_1_496' title='bbox 1650 3866 1835 3946; x_wconf 81' lang='lat' dir='ltr'><strong>beatos</strong></span> <span class='ocrx_word' id='word_1_497' title='bbox 1864 3904 1985 3948; x_wconf 89' lang='lat' dir='ltr'><strong>esse</strong></span> <span class='ocrx_word' id='word_1_498' title='bbox 2004 3866 2123 3948; x_wconf 68' lang='lat' dir='ltr'><strong>cla-</strong></span> 
     </span>
    </p>
   </div>
   <div class='ocr_carea' id='block_1_69' title="bbox 530 3974 2118 4058">
    <p class='ocr_par' dir='ltr' id='par_1_69' title="bbox 530 3974 2118 4058">
     <span class='ocr_line' id='line_1_69' title="bbox 530 3974 2118 4058; baseline 0.009 -30"><span class='ocrx_word' id='word_1_499' title='bbox 530 3974 809 4041; x_wconf 87' lang='lat' dir='ltr'><strong>mitantes,</strong></span> <span class='ocrx_word' id='word_1_500' title='bbox 855 3990 988 4044; x_wconf 90' lang='lat' dir='ltr'><strong>quos</strong></span> <span class='ocrx_word' id='word_1_501' title='bbox 1038 3986 1297 4047; x_wconf 85' lang='lat' dir='ltr'><strong>cppetere</strong></span> <span class='ocrx_word' id='word_1_502' title='bbox 1344 3982 1677 4052; x_wconf 88' lang='lat' dir='ltr'><strong>contigisset.</strong></span> <span class='ocrx_word' id='word_1_503' title='bbox 1724 3984 1862 4053; x_wconf 85' lang='lat' dir='ltr'><strong>Quid</strong></span> <span class='ocrx_word' id='word_1_504' title='bbox 1910 3997 2118 4058; x_wconf 87' lang='lat' dir='ltr'><strong>strages</strong></span> 
     </span>
    </p>
   </div>
   <div class='ocr_carea' id='block_1_70' title="bbox 529 4067 2120 4137">
    <p class='ocr_par' dir='ltr' id='par_1_70' title="bbox 529 4067 2120 4137">
     <span class='ocr_line' id='line_1_70' title="bbox 529 4067 2120 4137; baseline 0.011 -17"><span class='ocrx_word' id='word_1_505' title='bbox 529 4067 761 4122; x_wconf 90' lang='lat' dir='ltr'><strong>militum</strong></span> <span class='ocrx_word' id='word_1_506' title='bbox 792 4069 1087 4137; x_wconf 86' lang='lat' dir='ltr'><strong>revolvam,</strong></span> <span class='ocrx_word' id='word_1_507' title='bbox 1122 4079 1177 4125; x_wconf 91' lang='lat' dir='ltr'><strong>et</strong></span> <span class='ocrx_word' id='word_1_508' title='bbox 1202 4071 1477 4129; x_wconf 88' lang='lat' dir='ltr'><strong>Sabiniani</strong></span> <span class='ocrx_word' id='word_1_509' title='bbox 1508 4073 1658 4132; x_wconf 93' lang='lat' dir='ltr'><strong>ducis</strong></span> <span class='ocrx_word' id='word_1_510' title='bbox 1685 4077 1974 4136; x_wconf 89' lang='lat' dir='ltr'><strong>abitionem</strong></span> <span class='ocrx_word' id='word_1_511' title='bbox 2007 4091 2120 4136; x_wconf 84' lang='lat' dir='ltr'><strong>tur-</strong></span> 
     </span>
    </p>
   </div>
   <div class='ocr_carea' id='block_1_71' title="bbox 528 4160 2114 4239">
    <p class='ocr_par' dir='ltr' id='par_1_71' title="bbox 528 4160 2114 4239">
     <span class='ocr_line' id='line_1_71' title="bbox 528 4160 2114 4239; baseline 0.012 -25"><span class='ocrx_word' id='word_1_512' title='bbox 528 4160 846 4233; x_wconf 82' lang='lat' dir='ltr'><strong>pissimam&#39;t</strong></span> <span class='ocrx_word' id='word_1_513' title='bbox 882 4178 1002 4217; x_wconf 90' lang='lat' dir='ltr'><strong>cum</strong></span> <span class='ocrx_word' id='word_1_514' title='bbox 1032 4181 1063 4218; x_wconf 87' lang='lat' dir='ltr'><strong>a</strong></span> <span class='ocrx_word' id='word_1_515' title='bbox 1092 4166 1301 4222; x_wconf 89' lang='lat' dir='ltr'><strong>ratione</strong></span> <span class='ocrx_word' id='word_1_516' title='bbox 1331 4168 1619 4239; x_wconf 90' lang='lat' dir='ltr'><strong>dividatur,</strong></span> <span class='ocrx_word' id='word_1_517' title='bbox 1653 4183 1900 4231; x_wconf 80' lang='lat' dir='ltr'><strong>retexere</strong></span> <span class='ocrx_word' id='word_1_518' title='bbox 1935 4185 2114 4233; x_wconf 81' lang='lat' dir='ltr'><strong>exter-</strong></span> 
     </span>
    </p>
   </div>
   <div class='ocr_carea' id='block_1_72' title="bbox 528 4255 2116 4330">
    <p class='ocr_par' dir='ltr' id='par_1_72' title="bbox 528 4255 2116 4330">
     <span class='ocr_line' id='line_1_72' title="bbox 528 4255 2116 4330; baseline 0.013 -21"><span class='ocrx_word' id='word_1_519' title='bbox 528 4255 749 4309; x_wconf 84' lang='lat' dir='ltr'><strong>minatis</strong></span> <span class='ocrx_word' id='word_1_520' title='bbox 776 4257 1088 4325; x_wconf 89' lang='lat' dir='ltr'><strong>patrociniis</strong></span> <span class='ocrx_word' id='word_1_521' title='bbox 1114 4260 1242 4330; x_wconf 89' lang='lat' dir='ltr'><strong>quid</strong></span> <span class='ocrx_word' id='word_1_522' title='bbox 1271 4265 1511 4319; x_wconf 91' lang='lat' dir='ltr'><strong>evenerit</strong></span> <span class='ocrx_word' id='word_1_523' title='bbox 1546 4265 1844 4324; x_wconf 88' lang='lat' dir='ltr'><strong>indefenso.</strong></span> <span class='ocrx_word' id='word_1_524' title='bbox 1875 4270 2023 4327; x_wconf 87' lang='lat' dir='ltr'><strong>Tunc</strong></span> <span class='ocrx_word' id='word_1_525' title='bbox 2050 4287 2116 4329; x_wconf 87' lang='lat' dir='ltr'><strong>ne</strong></span> 
     </span>
    </p>
   </div>
   <div class='ocr_carea' id='block_1_73' title="bbox 528 4348 2113 4421">
    <p class='ocr_par' dir='ltr' id='par_1_73' title="bbox 528 4348 2113 4421">
     <span class='ocr_line' id='line_1_73' title="bbox 528 4348 2113 4421; baseline 0.012 -18"><span class='ocrx_word' id='word_1_526' title='bbox 528 4348 804 4404; x_wconf 90' lang='lat' dir='ltr'><strong>videretur</strong></span> <span class='ocrx_word' id='word_1_527' title='bbox 832 4350 1182 4408; x_wconf 78' lang='lat' dir='ltr'><strong>celebrandas</strong></span> <span class='ocrx_word' id='word_1_528' title='bbox 1215 4356 1426 4412; x_wconf 67' lang='lat' dir='ltr'><strong>saeculis</strong></span> <span class='ocrx_word' id='word_1_529' title='bbox 1470 4357 1637 4415; x_wconf 87' lang='lat' dir='ltr'><strong>Pitzia</strong></span> <span class='ocrx_word' id='word_1_530' title='bbox 1678 4374 1782 4416; x_wconf 92' lang='lat' dir='ltr'><strong>non</strong></span> <span class='ocrx_word' id='word_1_531' title='bbox 1827 4372 1934 4421; x_wconf 89' lang='lat' dir='ltr'><strong>tam</strong></span> <span class='ocrx_word' id='word_1_532' title='bbox 1966 4366 2113 4421; x_wconf 87' lang='lat' dir='ltr'><strong>mili-</strong></span> 
     </span>
    </p>
   </div>
   <div class='ocr_carea' id='block_1_74' title="bbox 449 4440 2112 4521">
    <p class='ocr_par' dir='ltr' id='par_1_74' title="bbox 449 4440 2112 4521">
     <span class='ocr_line' id='line_1_74' title="bbox 449 4440 2112 4521; baseline 0.014 -29"><span class='ocrx_word' id='word_1_533' title='bbox 449 4500 455 4507; x_wconf 29' lang='grc' dir='ltr'>ι</span> <span class='ocrx_word' id='word_1_534' title='bbox 523 4446 671 4494; x_wconf 86' lang='lat' dir='ltr'><strong>tasse</strong></span> <span class='ocrx_word' id='word_1_535' title='bbox 721 4440 907 4508; x_wconf 78' lang='lat' dir='ltr'><strong>gloria:</strong></span> <span class='ocrx_word' id='word_1_536' title='bbox 932 4458 1090 4513; x_wconf 89' lang='lat' dir='ltr'><strong>quam</strong></span> <span class='ocrx_word' id='word_1_537' title='bbox 1121 4445 1420 4515; x_wconf 90' lang='lat' dir='ltr'><strong>cupiditati,</strong></span> <span class='ocrx_word' id='word_1_538' title='bbox 1450 4448 1606 4521; x_wconf 90' lang='lat' dir='ltr'><strong>liquit</strong></span> <span class='ocrx_word' id='word_1_539' title='bbox 1640 4451 1770 4510; x_wconf 85' lang='lat' dir='ltr'><strong>feris</strong></span> <span class='ocrx_word' id='word_1_540' title='bbox 1798 4466 1889 4510; x_wconf 88' lang='lat' dir='ltr'><strong>aut</strong></span> <span class='ocrx_word' id='word_1_541' title='bbox 1923 4458 2112 4516; x_wconf 91' lang='lat' dir='ltr'><strong>avibus</strong></span> 
     </span>
    </p>
   </div>
   <div class='ocr_carea' id='block_1_75' title="bbox 523 4532 2113 4618">
    <p class='ocr_par' dir='ltr' id='par_1_75' title="bbox 523 4532 2113 4618">
     <span class='ocr_line' id='line_1_75' title="bbox 523 4532 2113 4618; baseline 0.015 -33"><span class='ocrx_word' id='word_1_542' title='bbox 523 4532 700 4602; x_wconf 89' lang='lat' dir='ltr'><strong>campi</strong></span> <span class='ocrx_word' id='word_1_543' title='bbox 730 4532 993 4600; x_wconf 90' lang='lat' dir='ltr'><strong>laborem,</strong></span> <span class='ocrx_word' id='word_1_544' title='bbox 1024 4552 1146 4592; x_wconf 93' lang='lat' dir='ltr'><strong>cum</strong></span> <span class='ocrx_word' id='word_1_545' title='bbox 1172 4539 1417 4609; x_wconf 89' lang='lat' dir='ltr'><strong>jejunum</strong></span> <span class='ocrx_word' id='word_1_546' title='bbox 1458 4544 1681 4601; x_wconf 91' lang='lat' dir='ltr'><strong>militem</strong></span> <span class='ocrx_word' id='word_1_547' title='bbox 1711 4549 1978 4618; x_wconf 90' lang='lat' dir='ltr'><strong>opulentis</strong></span> <span class='ocrx_word' id='word_1_548' title='bbox 2016 4553 2113 4609; x_wconf 88' lang='lat' dir='ltr'><strong>de-</strong></span> 
     </span>
    </p>
   </div>
   <div class='ocr_carea' id='block_1_76' title="bbox 521 4625 2109 4718">
    <p class='ocr_par' dir='ltr' id='par_1_76' title="bbox 521 4625 2109 4718">
     <span class='ocr_line' id='line_1_76' title="bbox 521 4625 2109 4718; baseline 0.018 -41"><span class='ocrx_word' id='word_1_549' title='bbox 521 4625 741 4680; x_wconf 88' lang='lat' dir='ltr'><strong>trahere</strong></span> <span class='ocrx_word' id='word_1_550' title='bbox 768 4627 1121 4685; x_wconf 87' lang='lat' dir='ltr'><strong>cadaveribus</strong></span> <span class='ocrx_word' id='word_1_551' title='bbox 1158 4632 1290 4687; x_wconf 89' lang='lat' dir='ltr'><strong>nihil</strong></span> <span class='ocrx_word' id='word_1_552' title='bbox 1328 4634 1559 4702; x_wconf 87' lang='lat' dir='ltr'><strong>juberet.</strong></span> <span class='ocrx_word' id='word_1_553' title='bbox 1612 4642 1718 4697; x_wconf 90' lang='lat' dir='ltr'><strong>Sed</strong></span> <span class='ocrx_word' id='word_1_554' title='bbox 1757 4643 1874 4700; x_wconf 67' lang='lat' dir='ltr'><strong>hmo</strong></span> <span class='ocrx_word' id='word_1_555' title='bbox 1918 4648 2109 4718; x_wconf 89' lang='lat' dir='ltr'><strong>quibus</strong></span> 
     </span>
    </p>
   </div>
   <div class='ocr_carea' id='block_1_77' title="bbox 2226 3411 3815 3482">
    <p class='ocr_par' dir='ltr' id='par_1_77' title="bbox 2226 3411 3815 3482">
     <span class='ocr_line' id='line_1_77' title="bbox 2226 3411 3815 3482; baseline 0.006 -16"><span class='ocrx_word' id='word_1_556' title='bbox 2226 3426 2346 3482; x_wconf 72' lang='lat' dir='ltr'><strong>qua:</strong></span> <span class='ocrx_word' id='word_1_557' title='bbox 2366 3411 2623 3468; x_wconf 88' lang='lat' dir='ltr'><strong>hactenus</strong></span> <span class='ocrx_word' id='word_1_558' title='bbox 2649 3411 3050 3471; x_wconf 86' lang='lat' dir='ltr'><strong>dehiscentibus</strong></span> <span class='ocrx_word' id='word_1_559' title='bbox 3072 3415 3357 3473; x_wconf 88' lang='lat' dir='ltr'><strong>domiciliis</strong></span> <span class='ocrx_word' id='word_1_560' title='bbox 3376 3418 3615 3474; x_wconf 88' lang='lat' dir='ltr'><strong>solidiori</strong></span> <span class='ocrx_word' id='word_1_561' title='bbox 3635 3419 3659 3450; x_wconf 75' lang='grc'><strong>’⁸</strong></span> <span class='ocrx_word' id='word_1_562' title='bbox 3672 3419 3815 3481; x_wconf 74' lang='lat' dir='ltr'><strong>chae-</strong></span> 
     </span>
    </p>
   </div>
   <div class='ocr_carea' id='block_1_78' title="bbox 2225 3504 3015 3575">
    <p class='ocr_par' dir='ltr' id='par_1_78' title="bbox 2225 3504 3015 3575">
     <span class='ocr_line' id='line_1_78' title="bbox 2225 3504 3015 3575; baseline 0.006 -15"><span class='ocrx_word' id='word_1_563' title='bbox 2225 3504 2401 3561; x_wconf 88' lang='lat' dir='ltr'><strong>nicem</strong></span> <span class='ocrx_word' id='word_1_564' title='bbox 2427 3506 2705 3575; x_wconf 88' lang='lat' dir='ltr'><strong>mergebat</strong></span> <span class='ocrx_word' id='word_1_565' title='bbox 2734 3507 3015 3566; x_wconf 71' lang='lat' dir='ltr'><strong>beneflbio.</strong></span> 
     </span>
    </p>
   </div>
   <div class='ocr_carea' id='block_1_79' title="bbox 2296 3595 3813 3674">
    <p class='ocr_par' dir='ltr' id='par_1_79' title="bbox 2296 3595 3813 3674">
     <span class='ocr_line' id='line_1_79' title="bbox 2296 3595 3813 3674; baseline 0.009 -24"><span class='ocrx_word' id='word_1_566' title='bbox 2296 3596 2401 3651; x_wconf 81' lang='lat' dir='ltr'><strong>Par</strong></span> <span class='ocrx_word' id='word_1_567' title='bbox 2423 3595 2521 3652; x_wconf 89' lang='lat' dir='ltr'><strong>fuit</strong></span> <span class='ocrx_word' id='word_1_568' title='bbox 2538 3597 2723 3667; x_wconf 88' lang='lat' dir='ltr'><strong>etiam,</strong></span> <span class='ocrx_word' id='word_1_569' title='bbox 2748 3607 2806 3653; x_wconf 93' lang='lat' dir='ltr'><strong>ut</strong></span> <span class='ocrx_word' id='word_1_570' title='bbox 2826 3598 3191 3671; x_wconf 86' lang='lat' dir='ltr'><strong>eloquentiam</strong></span> <span class='ocrx_word' id='word_1_571' title='bbox 3220 3601 3393 3659; x_wconf 89' lang='lat' dir='ltr'><strong>laudis</strong></span> <span class='ocrx_word' id='word_1_572' title='bbox 3418 3604 3654 3674; x_wconf 62' lang='lat' dir='ltr'><strong>praemiis</strong></span> <span class='ocrx_word' id='word_1_573' title='bbox 3679 3606 3813 3663; x_wconf 88' lang='lat' dir='ltr'><strong>inci-</strong></span> 
     </span>
    </p>
   </div>
   <div class='ocr_carea' id='block_1_80' title="bbox 2225 3688 3806 3766">
    <p class='ocr_par' dir='ltr' id='par_1_80' title="bbox 2225 3688 3806 3766">
     <span class='ocr_line' id='line_1_80' title="bbox 2225 3688 3806 3766; baseline 0.006 -22"><span class='ocrx_word' id='word_1_574' title='bbox 2225 3698 2401 3757; x_wconf 87' lang='lat' dir='ltr'><strong>tares;</strong></span> <span class='ocrx_word' id='word_1_575' title='bbox 2440 3704 2509 3745; x_wconf 91' lang='lat' dir='ltr'><strong>ne</strong></span> <span class='ocrx_word' id='word_1_576' title='bbox 2543 3688 2768 3747; x_wconf 88' lang='lat' dir='ltr'><strong>adoreas</strong></span> <span class='ocrx_word' id='word_1_577' title='bbox 2806 3702 2926 3748; x_wconf 88' lang='lat' dir='ltr'><strong>tuas</strong></span> <span class='ocrx_word' id='word_1_578' title='bbox 2967 3694 3184 3751; x_wconf 87' lang='lat' dir='ltr'><strong>silentio</strong></span> <span class='ocrx_word' id='word_1_579' title='bbox 3226 3696 3589 3766; x_wconf 90' lang='lat' dir='ltr'><strong>perderemus.</strong></span> <span class='ocrx_word' id='word_1_580' title='bbox 3620 3696 3806 3753; x_wconf 84' lang='lat' dir='ltr'><strong>Nulla-</strong></span> 
     </span>
    </p>
   </div>
   <div class='ocr_carea' id='block_1_81' title="bbox 2225 3784 3809 3863">
    <p class='ocr_par' dir='ltr' id='par_1_81' title="bbox 2225 3784 3809 3863">
     <span class='ocr_line' id='line_1_81' title="bbox 2225 3784 3809 3863; baseline 0.009 -27"><span class='ocrx_word' id='word_1_581' title='bbox 2225 3797 2341 3837; x_wconf 92' lang='lat' dir='ltr'><strong>rum</strong></span> <span class='ocrx_word' id='word_1_582' title='bbox 2366 3784 2562 3839; x_wconf 87' lang='lat' dir='ltr'><strong>artium</strong></span> <span class='ocrx_word' id='word_1_583' title='bbox 2582 3794 2758 3841; x_wconf 87' lang='lat' dir='ltr'><strong>cessat</strong></span> <span class='ocrx_word' id='word_1_584' title='bbox 2784 3786 3045 3843; x_wconf 86' lang='lat' dir='ltr'><strong>industria</strong></span> <span class='ocrx_word' id='word_1_585' title='bbox 3073 3788 3283 3846; x_wconf 87' lang='lat' dir='ltr'><strong>:solers</strong></span> <span class='ocrx_word' id='word_1_586' title='bbox 3327 3790 3632 3863; x_wconf 89' lang='lat' dir='ltr'><strong>ubicunque</strong></span> <span class='ocrx_word' id='word_1_587' title='bbox 3681 3792 3809 3851; x_wconf 79' lang='lat' dir='ltr'><strong>latet</strong></span> 
     </span>
    </p>
   </div>
   <div class='ocr_carea' id='block_1_82' title="bbox 2223 3875 3810 3957">
    <p class='ocr_par' dir='ltr' id='par_1_82' title="bbox 2223 3875 3810 3957">
     <span class='ocr_line' id='line_1_82' title="bbox 2223 3875 3810 3957; baseline 0.008 -26"><span class='ocrx_word' id='word_1_588' title='bbox 2223 3875 2507 3947; x_wconf 87' lang='lat' dir='ltr'><strong>inquiritur</strong></span> <span class='ocrx_word' id='word_1_589' title='bbox 2535 3894 2548 3932; x_wconf 90' lang='lat'><strong>:</strong></span> <span class='ocrx_word' id='word_1_590' title='bbox 2580 3879 2999 3950; x_wconf 82' lang='lat' dir='ltr'><strong>magistratum,</strong></span> <span class='ocrx_word' id='word_1_591' title='bbox 3026 3883 3192 3939; x_wconf 90' lang='lat' dir='ltr'><strong>etiam</strong></span> <span class='ocrx_word' id='word_1_592' title='bbox 3239 3884 3285 3938; x_wconf 92' lang='lat' dir='ltr'><strong>si</strong></span> <span class='ocrx_word' id='word_1_593' title='bbox 3334 3884 3491 3955; x_wconf 89' lang='lat' dir='ltr'><strong>longe</strong></span> <span class='ocrx_word' id='word_1_594' title='bbox 3528 3886 3810 3957; x_wconf 86' lang='lat' dir='ltr'><strong>deguerit,</strong></span> 
     </span>
    </p>
   </div>
   <div class='ocr_carea' id='block_1_83' title="bbox 2220 3972 3808 4053">
    <p class='ocr_par' dir='ltr' id='par_1_83' title="bbox 2220 3972 3808 4053">
     <span class='ocr_line' id='line_1_83' title="bbox 2220 3972 3808 4053; baseline 0.008 -27"><span class='ocrx_word' id='word_1_595' title='bbox 2220 3972 2397 4042; x_wconf 78' lang='lat' dir='ltr'><strong>exiget</strong></span> <span class='ocrx_word' id='word_1_596' title='bbox 2437 3974 2529 4043; x_wconf 91' lang='lat' dir='ltr'><strong>qui</strong></span> <span class='ocrx_word' id='word_1_597' title='bbox 2577 3983 2818 4032; x_wconf 88' lang='lat' dir='ltr'><strong>meretur</strong></span> <span class='ocrx_word' id='word_1_598' title='bbox 2857 3992 2870 4030; x_wconf 87' lang='lat'><strong>:</strong></span> <span class='ocrx_word' id='word_1_599' title='bbox 2912 3990 3181 4049; x_wconf 83' lang='lat' dir='ltr'><strong>nunquam</strong></span> <span class='ocrx_word' id='word_1_600' title='bbox 3228 3979 3601 4045; x_wconf 87' lang='lat' dir='ltr'><strong>absconditur,</strong></span> <span class='ocrx_word' id='word_1_601' title='bbox 3647 3992 3808 4053; x_wconf 87' lang='lat' dir='ltr'><strong>quem</strong></span> 
     </span>
    </p>
   </div>
   <div class='ocr_carea' id='block_1_84' title="bbox 2224 4062 3808 4145">
    <p class='ocr_par' dir='ltr' id='par_1_84' title="bbox 2224 4062 3808 4145">
     <span class='ocr_line' id='line_1_84' title="bbox 2224 4062 3808 4145; baseline 0.008 -28"><span class='ocrx_word' id='word_1_602' title='bbox 2224 4062 2517 4132; x_wconf 88' lang='lat' dir='ltr'><strong>prodiderit</strong></span> <span class='ocrx_word' id='word_1_603' title='bbox 2546 4066 2853 4124; x_wconf 84' lang='lat' dir='ltr'><strong>innocentia</strong></span> <span class='ocrx_word' id='word_1_604' title='bbox 2884 4086 2897 4123; x_wconf 89' lang='lat'><strong>:</strong></span> <span class='ocrx_word' id='word_1_605' title='bbox 2924 4070 3050 4125; x_wconf 88' lang='lat' dir='ltr'><strong>dum</strong></span> <span class='ocrx_word' id='word_1_606' title='bbox 3081 4071 3294 4127; x_wconf 84' lang='lat' dir='ltr'><strong>subtilis</strong></span> <span class='ocrx_word' id='word_1_607' title='bbox 3328 4072 3529 4128; x_wconf 89' lang='lat' dir='ltr'><strong>arbiter</strong></span> <span class='ocrx_word' id='word_1_608' title='bbox 3554 4086 3659 4129; x_wconf 90' lang='lat' dir='ltr'><strong>non</strong></span> <span class='ocrx_word' id='word_1_609' title='bbox 3689 4075 3808 4145; x_wconf 83' lang='lat' dir='ltr'><strong>pla-</strong></span> 
     </span>
    </p>
   </div>
   <div class='ocr_carea' id='block_1_85' title="bbox 2220 4158 3806 4237">
    <p class='ocr_par' dir='ltr' id='par_1_85' title="bbox 2220 4158 3806 4237">
     <span class='ocr_line' id='line_1_85' title="bbox 2220 4158 3806 4237; baseline 0.008 -26"><span class='ocrx_word' id='word_1_610' title='bbox 2220 4158 2362 4213; x_wconf 90' lang='lat' dir='ltr'><strong>caris</strong></span> <span class='ocrx_word' id='word_1_611' title='bbox 2406 4174 2573 4225; x_wconf 92' lang='lat' dir='ltr'><strong>voce,</strong></span> <span class='ocrx_word' id='word_1_612' title='bbox 2613 4161 2709 4217; x_wconf 91' lang='lat' dir='ltr'><strong>sed</strong></span> <span class='ocrx_word' id='word_1_613' title='bbox 2753 4163 2983 4218; x_wconf 89' lang='lat' dir='ltr'><strong>actibus.</strong></span> <span class='ocrx_word' id='word_1_614' title='bbox 3029 4163 3318 4220; x_wconf 88' lang='lat' dir='ltr'><strong>Parentum</strong></span> <span class='ocrx_word' id='word_1_615' title='bbox 3367 4176 3671 4223; x_wconf 88' lang='lat' dir='ltr'><strong>nostrorum</strong></span> <span class='ocrx_word' id='word_1_616' title='bbox 3718 4167 3806 4237; x_wconf 87' lang='lat' dir='ltr'><strong>qui</strong></span> 
     </span>
    </p>
   </div>
   <div class='ocr_carea' id='block_1_86' title="bbox 2217 4250 3806 4331">
    <p class='ocr_par' dir='ltr' id='par_1_86' title="bbox 2217 4250 3806 4331">
     <span class='ocr_line' id='line_1_86' title="bbox 2217 4250 3806 4331; baseline 0.007 -25"><span class='ocrx_word' id='word_1_617' title='bbox 2217 4250 2609 4322; x_wconf 78' lang='lat' dir='ltr'><strong>occubuerunt,</strong></span> <span class='ocrx_word' id='word_1_618' title='bbox 2658 4256 2798 4326; x_wconf 91' lang='lat' dir='ltr'><strong>apud</strong></span> <span class='ocrx_word' id='word_1_619' title='bbox 2847 4266 2901 4312; x_wconf 90' lang='lat' dir='ltr'><strong>te</strong></span> <span class='ocrx_word' id='word_1_620' title='bbox 2948 4257 3086 4314; x_wconf 89' lang='lat' dir='ltr'><strong>bene</strong></span> <span class='ocrx_word' id='word_1_621' title='bbox 3130 4269 3251 4314; x_wconf 89' lang='lat' dir='ltr'><strong>acta</strong></span> <span class='ocrx_word' id='word_1_622' title='bbox 3300 4270 3625 4316; x_wconf 88' lang='lat' dir='ltr'><strong>servantur:</strong></span> <span class='ocrx_word' id='word_1_623' title='bbox 3655 4262 3806 4331; x_wconf 85' lang='lat' dir='ltr'><strong>cujus</strong></span> 
     </span>
    </p>
   </div>
   <div class='ocr_carea' id='block_1_87' title="bbox 2216 4346 3806 4422">
    <p class='ocr_par' dir='ltr' id='par_1_87' title="bbox 2216 4346 3806 4422">
     <span class='ocr_line' id='line_1_87' title="bbox 2216 4346 3806 4422; baseline 0.009 -25"><span class='ocrx_word' id='word_1_624' title='bbox 2216 4346 2617 4401; x_wconf 89' lang='lat' dir='ltr'><strong>mansuetudini</strong></span> <span class='ocrx_word' id='word_1_625' title='bbox 2658 4357 2764 4404; x_wconf 68' lang='lat' dir='ltr'><strong>tua:</strong></span> <span class='ocrx_word' id='word_1_626' title='bbox 2801 4348 2934 4405; x_wconf 83' lang='lat' dir='ltr'><strong>fides</strong></span> <span class='ocrx_word' id='word_1_627' title='bbox 2977 4351 3292 4418; x_wconf 88' lang='lat' dir='ltr'><strong>innotuerit,</strong></span> <span class='ocrx_word' id='word_1_628' title='bbox 3325 4352 3649 4409; x_wconf 52' lang='lat' dir='ltr'><strong>hereditatis</strong></span> <span class='ocrx_word' id='word_1_629' title='bbox 3685 4353 3806 4422; x_wconf 83' lang='lat' dir='ltr'><strong>jure</strong></span> 
     </span>
    </p>
   </div>
   <div class='ocr_carea' id='block_1_88' title="bbox 2214 4438 3805 4510">
    <p class='ocr_par' dir='ltr' id='par_1_88' title="bbox 2214 4438 3805 4510">
     <span class='ocr_line' id='line_1_88' title="bbox 2214 4438 3805 4510; baseline 0.009 -22"><span class='ocrx_word' id='word_1_630' title='bbox 2214 4438 2357 4507; x_wconf 90' lang='lat' dir='ltr'><strong>quod</strong></span> <span class='ocrx_word' id='word_1_631' title='bbox 2400 4440 2600 4494; x_wconf 90' lang='lat' dir='ltr'><strong>auctori</strong></span> <span class='ocrx_word' id='word_1_632' title='bbox 2640 4440 2919 4510; x_wconf 89' lang='lat' dir='ltr'><strong>debueris,</strong></span> <span class='ocrx_word' id='word_1_633' title='bbox 2954 4444 3127 4500; x_wconf 91' lang='lat' dir='ltr'><strong>soboli</strong></span> <span class='ocrx_word' id='word_1_634' title='bbox 3164 4459 3289 4500; x_wconf 84' lang='lat' dir='ltr'><strong>mox</strong></span> <span class='ocrx_word' id='word_1_635' title='bbox 3322 4446 3592 4502; x_wconf 88' lang='lat' dir='ltr'><strong>refundes.</strong></span> <span class='ocrx_word' id='word_1_636' title='bbox 3623 4446 3805 4501; x_wconf 80' lang='lat' dir='ltr'><strong>[Iabe-</strong></span> 
     </span>
    </p>
   </div>
   <div class='ocr_carea' id='block_1_89' title="bbox 2214 4528 3805 4604">
    <p class='ocr_par' dir='ltr' id='par_1_89' title="bbox 2214 4528 3805 4604">
     <span class='ocr_line' id='line_1_89' title="bbox 2214 4528 3805 4604; baseline 0.008 -21"><span class='ocrx_word' id='word_1_637' title='bbox 2214 4542 2333 4583; x_wconf 89' lang='lat' dir='ltr'><strong>mus</strong></span> <span class='ocrx_word' id='word_1_638' title='bbox 2355 4528 2424 4586; x_wconf 92' lang='lat' dir='ltr'><strong>de</strong></span> <span class='ocrx_word' id='word_1_639' title='bbox 2449 4531 2713 4601; x_wconf 90' lang='lat' dir='ltr'><strong>majorum</strong></span> <span class='ocrx_word' id='word_1_640' title='bbox 2750 4533 3023 4604; x_wconf 89' lang='lat' dir='ltr'><strong>obsequiis</strong></span> <span class='ocrx_word' id='word_1_641' title='bbox 3055 4538 3313 4601; x_wconf 86' lang='lat' dir='ltr'><strong>fructum;</strong></span> <span class='ocrx_word' id='word_1_642' title='bbox 3341 4547 3394 4593; x_wconf 92' lang='lat' dir='ltr'><strong>et</strong></span> <span class='ocrx_word' id='word_1_643' title='bbox 3422 4549 3596 4594; x_wconf 88' lang='lat' dir='ltr'><strong>tamen</strong></span> <span class='ocrx_word' id='word_1_644' title='bbox 3618 4537 3686 4595; x_wconf 90' lang='lat' dir='ltr'><strong>de</strong></span> <span class='ocrx_word' id='word_1_645' title='bbox 3710 4555 3805 4594; x_wconf 84' lang='lat' dir='ltr'><strong>ex-</strong></span> 
     </span>
    </p>
   </div>
   <div class='ocr_carea' id='block_1_90' title="bbox 2213 4623 3805 4703">
    <p class='ocr_par' dir='ltr' id='par_1_90' title="bbox 2213 4623 3805 4703">
     <span class='ocr_line' id='line_1_90' title="bbox 2213 4623 3805 4703; baseline 0.008 -26"><span class='ocrx_word' id='word_1_646' title='bbox 2213 4623 2454 4678; x_wconf 89' lang='lat' dir='ltr'><strong>cessibus</strong></span> <span class='ocrx_word' id='word_1_647' title='bbox 2484 4626 2749 4695; x_wconf 87' lang='lat' dir='ltr'><strong>supplicia</strong></span> <span class='ocrx_word' id='word_1_648' title='bbox 2794 4644 2900 4683; x_wconf 92' lang='lat' dir='ltr'><strong>non</strong></span> <span class='ocrx_word' id='word_1_649' title='bbox 2945 4630 3214 4687; x_wconf 89' lang='lat' dir='ltr'><strong>timemus.</strong></span> <span class='ocrx_word' id='word_1_650' title='bbox 3265 4632 3473 4688; x_wconf 86' lang='lat' dir='ltr'><strong>Finitur</strong></span> <span class='ocrx_word' id='word_1_651' title='bbox 3510 4632 3805 4703; x_wconf 88' lang='lat' dir='ltr'><strong>indignatio</strong></span> 
     </span>
    </p>
   </div>
   <div class='ocr_carea' id='block_1_91' title="bbox 520 4713 2119 4809">
    <p class='ocr_par' dir='ltr' id='par_1_91' title="bbox 520 4713 2106 4809">
     <span class='ocr_line' id='line_1_91' title="bbox 520 4713 2106 4809; baseline 0.019 -41"><span class='ocrx_word' id='word_1_652' title='bbox 520 4713 719 4784; x_wconf 90' lang='lat' dir='ltr'><strong>linguis</strong></span> <span class='ocrx_word' id='word_1_653' title='bbox 758 4716 1087 4776; x_wconf 80' lang='lat' dir='ltr'><strong>sufficienter</strong></span> <span class='ocrx_word' id='word_1_654' title='bbox 1136 4724 1449 4793; x_wconf 85' lang='lat' dir='ltr'><strong>explicanda</strong></span> <span class='ocrx_word' id='word_1_655' title='bbox 1498 4733 1659 4787; x_wconf 88' lang='lat' dir='ltr'><strong>sunt?</strong></span> <span class='ocrx_word' id='word_1_656' title='bbox 1708 4751 1812 4807; x_wconf 90' lang='lat' dir='ltr'><strong>qua</strong></span> <span class='ocrx_word' id='word_1_657' title='bbox 1854 4713 2106 4809; x_wconf 77' lang='lat' dir='ltr'><strong>poterunt</strong></span> 
     </span>
    </p>
   </div>
   <div class='ocr_carea' id='block_1_92' title="bbox 2222 4713 3803 4809">
    <p class='ocr_par' dir='ltr' id='par_1_92' title="bbox 2222 4714 3803 4795">
     <span class='ocr_line' id='line_1_92' title="bbox 2222 4714 3803 4795; baseline 0.009 -27"><span class='ocrx_word' id='word_1_658' title='bbox 2222 4714 2484 4771; x_wconf 87' lang='lat' dir='ltr'><strong>moderata</strong></span> <span class='ocrx_word' id='word_1_659' title='bbox 2531 4731 2651 4772; x_wconf 90' lang='lat' dir='ltr'><strong>cum</strong></span> <span class='ocrx_word' id='word_1_660' title='bbox 2697 4718 2944 4787; x_wconf 87' lang='lat' dir='ltr'><strong>homine;</strong></span> <span class='ocrx_word' id='word_1_661' title='bbox 2986 4736 3105 4777; x_wconf 92' lang='lat' dir='ltr'><strong>cum</strong></span> <span class='ocrx_word' id='word_1_662' title='bbox 3147 4734 3366 4795; x_wconf 90' lang='lat' dir='ltr'><strong>propter</strong></span> <span class='ocrx_word' id='word_1_663' title='bbox 3394 4726 3803 4783; x_wconf 89' lang='lat' dir='ltr'><strong>retributionem</strong></span> 
     </span>
    </p>
   </div>
   <div class='ocr_carea' id='block_1_93' title="bbox 519 4803 2104 4892">
    <p class='ocr_par' dir='ltr' id='par_1_93' title="bbox 519 4803 2104 4892">
     <span class='ocr_line' id='line_1_93' title="bbox 519 4803 2104 4892; baseline 0.021 -34"><span class='ocrx_word' id='word_1_664' title='bbox 519 4803 785 4862; x_wconf 66' lang='lat' dir='ltr'><strong>facundiae</strong></span> <span class='ocrx_word' id='word_1_665' title='bbox 813 4808 940 4865; x_wconf 92' lang='lat' dir='ltr'><strong>dote</strong></span> <span class='ocrx_word' id='word_1_666' title='bbox 975 4816 1239 4870; x_wconf 89' lang='lat' dir='ltr'><strong>reserari?</strong></span> <span class='ocrx_word' id='word_1_667' title='bbox 1282 4818 1377 4873; x_wconf 92' lang='lat' dir='ltr'><strong>Diu</strong></span> <span class='ocrx_word' id='word_1_668' title='bbox 1422 4829 1481 4875; x_wconf 86' lang='lat' dir='ltr'><strong>tu</strong></span> <span class='ocrx_word' id='word_1_669' title='bbox 1518 4824 1694 4882; x_wconf 90' lang='lat' dir='ltr'><strong>vicisti</strong></span> <span class='ocrx_word' id='word_1_670' title='bbox 1714 4803 1790 4884; x_wconf 28' lang='lat' dir='ltr'><strong>‘vin</strong></span> <span class='ocrx_word' id='word_1_671' title='bbox 1840 4803 2104 4892; x_wconf 79' lang='lat' dir='ltr'><strong>universis</strong></span> 
     </span>
    </p>
   </div>
   <div class='ocr_carea' id='block_1_94' title="bbox 519 4899 2103 4993">
    <p class='ocr_par' dir='ltr' id='par_1_94' title="bbox 519 4899 2103 4993">
     <span class='ocr_line' id='line_1_94' title="bbox 519 4899 2103 4993; baseline 0.021 -42"><span class='ocrx_word' id='word_1_672' title='bbox 519 4899 899 4965; x_wconf 88' lang='lat' dir='ltr'><strong>congressibus</strong></span> <span class='ocrx_word' id='word_1_673' title='bbox 929 4902 1055 4968; x_wconf 90' lang='lat' dir='ltr'><strong>tuis,</strong></span> <span class='ocrx_word' id='word_1_674' title='bbox 1086 4922 1229 4962; x_wconf 92' lang='lat' dir='ltr'><strong>nunc</strong></span> <span class='ocrx_word' id='word_1_675' title='bbox 1260 4910 1519 4980; x_wconf 91' lang='lat' dir='ltr'><strong>incipiens</strong></span> <span class='ocrx_word' id='word_1_676' title='bbox 1542 4918 1595 4971; x_wconf 91' lang='lat' dir='ltr'><strong>in</strong></span> <span class='ocrx_word' id='word_1_677' title='bbox 1621 4919 1880 4993; x_wconf 88' lang='lat' dir='ltr'><strong>obsequio</strong></span> <span class='ocrx_word' id='word_1_678' title='bbox 1902 4925 2103 4984; x_wconf 88' lang='lat' dir='ltr'><strong>habere</strong></span> 
     </span>
    </p>
   </div>
   <div class='ocr_carea' id='block_1_95' title="bbox 517 4990 2101 5093">
    <p class='ocr_par' dir='ltr' id='par_1_95' title="bbox 517 4990 2101 5093">
     <span class='ocr_line' id='line_1_95' title="bbox 517 4990 2101 5093; baseline 0.024 -51"><span class='ocrx_word' id='word_1_679' title='bbox 517 4990 767 5047; x_wconf 88' lang='lat' dir='ltr'><strong>victores.</strong></span> <span class='ocrx_word' id='word_1_680' title='bbox 814 4994 1022 5054; x_wconf 89' lang='lat' dir='ltr'><strong>Interea</strong></span> <span class='ocrx_word' id='word_1_681' title='bbox 1072 5001 1138 5056; x_wconf 90' lang='lat' dir='ltr'><strong>ad</strong></span> <span class='ocrx_word' id='word_1_682' title='bbox 1180 5004 1405 5063; x_wconf 91' lang='lat' dir='ltr'><strong>limitem</strong></span> <span class='ocrx_word' id='word_1_683' title='bbox 1453 5026 1605 5068; x_wconf 92' lang='lat' dir='ltr'><strong>suum</strong></span> <span class='ocrx_word' id='word_1_684' title='bbox 1651 4990 1889 5075; x_wconf 79' lang='lat' dir='ltr'><strong>Romana</strong></span> <span class='ocrx_word' id='word_1_685' title='bbox 1938 5041 2101 5093; x_wconf 88' lang='lat' dir='ltr'><strong>regna</strong></span> 
     </span>
    </p>
   </div>
   <div class='ocr_carea' id='block_1_96' title="bbox 592 5100 2097 5199">
    <p class='ocr_par' dir='ltr' id='par_1_96' title="bbox 592 5100 2097 5199">
     <span class='ocr_line' id='line_1_96' title="bbox 592 5100 2097 5199; baseline 0.027 -47"><span class='ocrx_word' id='word_1_686' title='bbox 592 5102 607 5199; x_wconf 48' lang='grc' dir='ltr'><em>ς</em></span> <span class='ocrx_word' id='word_1_687' title='bbox 964 5108 1325 5199; x_wconf 13' lang='grc' dir='ltr'><strong>ννᾳῃάαιοζιινη</strong></span> <span class='ocrx_word' id='word_1_688' title='bbox 1358 5122 1783 5199; x_wconf 58' lang='lat' dir='ltr'><strong>deprwdgtiones]</strong></span> <span class='ocrx_word' id='word_1_689' title='bbox 1814 5132 2097 5193; x_wconf 81' lang='lat' dir='ltr'><strong>Cassiodo-</strong></span> 
     </span>
    </p>
   </div>
   <div class='ocr_carea' id='block_1_97' title="bbox 513 5174 2098 5279">
    <p class='ocr_par' dir='ltr' id='par_1_97' title="bbox 513 5174 2098 5279">
     <span class='ocr_line' id='line_1_97' title="bbox 513 5174 2098 5279; baseline 0.025 -55"><span class='ocrx_word' id='word_1_690' title='bbox 1029 5198 1143 5241; x_wconf 90' lang='lat' dir='ltr'><strong>cos.</strong></span> <span class='ocrx_word' id='word_1_691' title='bbox 1212 5187 1347 5279; x_wconf 40' lang='lat' dir='ltr'><strong>&#39;Tgm</strong></span> 
     </span>
    </p>
   </div>
   <div class='ocr_carea' id='block_1_98' title="bbox 513 5243 2097 5336">
    <p class='ocr_par' dir='ltr' id='par_1_98' title="bbox 513 5243 2097 5336">
     <span class='ocr_line' id='line_1_98' title="bbox 513 5243 2097 5336; baseline 0.026 -42"><span class='ocrx_word' id='word_1_692' title='bbox 513 5243 737 5336; x_wconf 30' lang='lat' dir='ltr'><strong>pliciter‘</strong></span> <span class='ocrx_word' id='word_1_693' title='bbox 753 5253 1069 5336; x_wconf 39' lang='lat' dir='ltr'><strong>postulata,“</strong></span> <span class='ocrx_word' id='word_1_694' title='bbox 1080 5274 1119 5336; x_wconf 83' lang='lat' dir='ltr'><strong>_a</strong></span> <span class='ocrx_word' id='word_1_695' title='bbox 1132 5258 1356 5336; x_wconf 48' lang='lat' dir='ltr'><strong>“Sicilire</strong></span> <span class='ocrx_word' id='word_1_696' title='bbox 1374 5243 1801 5336; x_wconf 36' lang='lat' dir='ltr'><strong>fdépﬁiiié‘i’é’</strong></span> 
     </span>
    </p>
   </div>
   <div class='ocr_carea' id='block_1_99' title="bbox 510 5314 2099 5421">
    <p class='ocr_par' dir='ltr' id='par_1_99' title="bbox 510 5314 2099 5421">
     <span class='ocr_line' id='line_1_99' title="bbox 510 5314 2099 5421; baseline 0.026 -53"><span class='ocrx_word' id='word_1_697' title='bbox 510 5314 701 5421; x_wconf 33' lang='grc' dir='ltr'><strong>ἑληέῗὶ</strong></span> <span class='ocrx_word' id='word_1_698' title='bbox 882 5338 1012 5421; x_wconf 67' lang='grc' dir='ltr'><strong>Ιρει·⁸</strong></span> <span class='ocrx_word' id='word_1_699' title='bbox 1028 5314 1271 5421; x_wconf 75' lang='lat' dir='ltr'><strong>Siciliam</strong></span> <span class='ocrx_word' id='word_1_700' title='bbox 1297 5314 1358 5390; x_wconf 69' lang='lat' dir='ltr'><strong>et</strong></span> <span class='ocrx_word' id='word_1_701' title='bbox 1387 5314 1552 5421; x_wconf 69' lang='lat' dir='ltr'><strong>ltaIiae</strong></span> 
     </span>
    </p>
   </div>
   <div class='ocr_carea' id='block_1_100' title="bbox 510 5394 1751 5473">
    <p class='ocr_par' dir='ltr' id='par_1_100' title="bbox 510 5394 1751 5473">
     <span class='ocr_line' id='line_1_100' title="bbox 510 5394 1751 5473; baseline 0.027 -38"><span class='ocrx_word' id='word_1_702' title='bbox 510 5396 723 5473; x_wconf 37' lang='lat' dir='ltr'><strong>ventus”</strong></span> <span class='ocrx_word' id='word_1_703' title='bbox 733 5394 1036 5464; x_wconf 89' lang='lat' dir='ltr'><strong>impulerat,</strong></span> <span class='ocrx_word' id='word_1_704' title='bbox 1068 5402 1323 5457; x_wconf 89' lang='lat' dir='ltr'><strong>continuo</strong></span> <span class='ocrx_word' id='word_1_705' title='bbox 1356 5394 1751 5473; x_wconf 61' lang='lat' dir='ltr'><strong>praedabantur.</strong></span> 
     </span>
    </p>
   </div>
   <div class='ocr_carea' id='block_1_101' title="bbox 540 5458 2096 5549">
    <p class='ocr_par' dir='ltr' id='par_1_101' title="bbox 540 5458 2096 5549">
     <span class='ocr_line' id='line_1_101' title="bbox 540 5458 2096 5549; baseline 0.02 -32"><span class='ocrx_word' id='word_1_706' title='bbox 540 5458 602 5549; x_wconf 42' lang='lat' dir='ltr'><strong>:A’:</strong></span> <span class='ocrx_word' id='word_1_707' title='bbox 630 5458 821 5549; x_wconf 42' lang='lat' dir='ltr'><strong>illinet!</strong></span> <span class='ocrx_word' id='word_1_708' title='bbox 836 5482 944 5520; x_wconf 80' lang='lat' dir='ltr'><strong>esse</strong></span> <span class='ocrx_word' id='word_1_709' title='bbox 972 5458 1283 5549; x_wconf 57' lang='lat' dir='ltr'><strong>merget-unt]</strong></span> <span class='ocrx_word' id='word_1_710' title='bbox 1306 5458 1409 5530; x_wconf 75' lang='lat' dir='ltr'><strong>Per</strong></span> <span class='ocrx_word' id='word_1_711' title='bbox 1426 5458 1826 5542; x_wconf 46' lang='lat' dir='ltr'><strong>‘Aiﬁiiéii‘éhiim</strong></span> <span class='ocrx_word' id='word_1_712' title='bbox 1852 5490 2096 5549; x_wconf 78' lang='lat' dir='ltr'><strong>Theode-</strong></span> 
     </span>
    </p>
   </div>
   <div class='ocr_carea' id='block_1_102' title="bbox 508 5539 2094 5626">
    <p class='ocr_par' dir='ltr' id='par_1_102' title="bbox 508 5539 2094 5626">
     <span class='ocr_line' id='line_1_102' title="bbox 508 5539 2094 5626; baseline 0.025 -46"><span class='ocrx_word' id='word_1_713' title='bbox 631 5542 903 5626; x_wconf 51' lang='lat' dir='ltr'><strong>sogorem,‘</strong></span> <span class='ocrx_word' id='word_1_714' title='bbox 928 5554 1045 5626; x_wconf 67' lang='lat' dir='ltr'><strong>qua:</strong></span> <span class='ocrx_word' id='word_1_715' title='bbox 1076 5539 1480 5626; x_wconf 78' lang='lat' dir='ltr'><strong>Thrasamundo</strong></span> <span class='ocrx_word' id='word_1_716' title='bbox 1505 5555 1617 5622; x_wconf 91' lang='lat' dir='ltr'><strong>regi</strong></span> <span class='ocrx_word' id='word_1_717' title='bbox 1645 5539 1841 5626; x_wconf 77' lang='lat' dir='ltr'><strong>nupsit.</strong></span> <span class='ocrx_word' id='word_1_718' title='bbox 1864 5539 2094 5619; x_wconf 50' lang='grc' dir='ltr'><strong>36ἶῖίῖιῖ-</strong></span> 
     </span>
    </p>
   </div>
   <div class='ocr_carea' id='block_1_103' title="bbox 506 5594 2093 5698">
    <p class='ocr_par' dir='ltr' id='par_1_103' title="bbox 506 5594 2093 5698">
     <span class='ocr_line' id='line_1_103' title="bbox 880 5594 2093 5626; baseline 0.026 -38"><span class='ocrx_word' id='word_1_719' title='bbox 880 5594 891 5600; x_wconf 82' lang='lat'>_</span> <span class='ocrx_word' id='word_1_720' title='bbox 944 5594 959 5607; x_wconf 49' lang='grc' dir='ltr'><strong><em>ι</em></strong></span> <span class='ocrx_word' id='word_1_721' title='bbox 1128 5594 1477 5603; x_wconf 26' lang='grc' dir='ltr'><strong>κέρα----νην</strong></span> <span class='ocrx_word' id='word_1_722' title='bbox 1506 5594 1617 5622; x_wconf 71' lang='grc' dir='ltr'>,νδι</span> <span class='ocrx_word' id='word_1_723' title='bbox 1645 5594 1841 5626; x_wconf 73' lang='grc' dir='ltr'><strong>ιιυγοιι.</strong></span> <span class='ocrx_word' id='word_1_724' title='bbox 1867 5594 2093 5619; x_wconf 61' lang='grc' dir='ltr'><strong>θυιιιαιι-</strong></span> 
     </span>
     <span class='ocr_line' id='line_1_104' title="bbox 506 5594 2093 5698; baseline 0.026 -49"><span class='ocrx_word' id='word_1_725' title='bbox 506 5594 903 5698; x_wconf 37' lang='lat' dir='ltr'><strong>(ﬁgulari</strong></span> <span class='ocrx_word' id='word_1_726' title='bbox 925 5610 1131 5698; x_wconf 70' lang='lat' dir='ltr'><strong>plenum</strong></span> <span class='ocrx_word' id='word_1_727' title='bbox 1158 5619 1446 5687; x_wconf 81' lang='lat' dir='ltr'><strong>progeniem</strong></span> <span class='ocrx_word' id='word_1_728' title='bbox 1471 5638 1621 5676; x_wconf 81' lang='lat' dir='ltr'><strong>suam</strong></span> <span class='ocrx_word' id='word_1_729' title='bbox 1648 5628 1910 5698; x_wconf 58' lang='lat' dir='ltr'><strong>dilataret,</strong></span> <span class='ocrx_word' id='word_1_730' title='bbox 1938 5637 2093 5689; x_wconf 79' lang='lat' dir='ltr'><strong>Ama-</strong></span> 
     </span>
    </p>
   </div>
   <div class='ocr_carea' id='block_1_104' title="bbox 509 5663 2095 5777">
    <p class='ocr_par' dir='ltr' id='par_1_104' title="bbox 509 5663 2095 5777">
     <span class='ocr_line' id='line_1_105' title="bbox 928 5663 2093 5698; baseline 0.002 -11"><span class='ocrx_word' id='word_1_731' title='bbox 928 5663 938 5678; x_wconf 82' lang='grc' dir='ltr'>ι</span> <span class='ocrx_word' id='word_1_732' title='bbox 1158 5663 1205 5683; x_wconf 83' lang='lat' dir='ltr'><strong>r&#39;</strong></span> <span class='ocrx_word' id='word_1_733' title='bbox 1225 5663 1445 5687; x_wconf 59' lang='grc' dir='ltr'><strong>νυν-’νη-</strong></span> <span class='ocrx_word' id='word_1_734' title='bbox 1471 5663 1621 5676; x_wconf 70' lang='grc' dir='ltr'><strong>νιιιπη</strong></span> <span class='ocrx_word' id='word_1_735' title='bbox 1648 5663 1910 5698; x_wconf 71' lang='grc' dir='ltr'><strong>ωεσυιιυω,</strong></span> <span class='ocrx_word' id='word_1_736' title='bbox 1938 5663 2093 5689; x_wconf 69' lang='lat' dir='ltr'><strong>Alitu-</strong></span> 
     </span>
     <span class='ocr_line' id='line_1_106' title="bbox 509 5663 2095 5777; baseline 0 0"><span class='ocrx_word' id='word_1_737' title='bbox 509 5663 1127 5777; x_wconf 60' lang='lat' dir='ltr'><strong>£1£2i§“3:.9::?wa</strong></span> <span class='ocrx_word' id='word_1_738' title='bbox 1156 5702 1338 5766; x_wconf 64' lang='grc' dir='ltr'><strong>ξιιαιην</strong></span> <span class='ocrx_word' id='word_1_739' title='bbox 1384 5698 1601 5777; x_wconf 63' lang='grc' dir='ltr'><strong>ηπίξενεηξ</strong></span> <span class='ocrx_word' id='word_1_740' title='bbox 1644 5696 1962 5777; x_wconf 57' lang='grc' dir='ltr'><strong>Τιιεοάαιιαιε</strong></span> <span class='ocrx_word' id='word_1_741' title='bbox 2005 5710 2095 5777; x_wconf 68' lang='grc' dir='ltr'><strong>ηυξ</strong></span> 
     </span>
    </p>
   </div>
   <div class='ocr_carea' id='block_1_105' title="bbox 508 5744 2088 5861">
    <p class='ocr_par' dir='ltr' id='par_1_105' title="bbox 508 5744 2088 5861">
     <span class='ocr_line' id='line_1_107' title="bbox 508 5744 2088 5861; baseline 0.015 -56"><span class='ocrx_word' id='word_1_742' title='bbox 508 5744 682 5861; x_wconf 53' lang='lat' dir='ltr'><strong>gestae</strong></span> <span class='ocrx_word' id='word_1_743' title='bbox 712 5758 801 5795; x_wconf 71' lang='lat' dir='ltr'><strong>rex</strong></span> <span class='ocrx_word' id='word_1_744' title='bbox 831 5750 949 5813; x_wconf 68' lang='lat' dir='ltr'><strong>ruit,</strong></span> <span class='ocrx_word' id='word_1_745' title='bbox 975 5753 1029 5804; x_wconf 85' lang='lat' dir='ltr'><strong>in</strong></span> <span class='ocrx_word' id='word_1_746' title='bbox 1054 5755 1279 5821; x_wconf 79' lang='lat' dir='ltr'><strong>Africam</strong></span> <span class='ocrx_word' id='word_1_747' title='bbox 1306 5744 1415 5832; x_wconf 61' lang='lat' dir='ltr'><strong>{egi</strong></span> <span class='ocrx_word' id='word_1_748' title='bbox 1450 5744 2088 5850; x_wconf 57' lang='grc' dir='ltr'><strong>γάήὰαιόἷᾶἷιιῒᾶνῖᾖιρέἴιέ</strong></span> 
     </span>
     <span class='ocr_line' id='line_1_108' title="bbox 546 5810 1113 5861; baseline 0.002 -1"><span class='ocrx_word' id='word_1_749' title='bbox 546 5818 685 5861; x_wconf 71' lang='grc' dir='ltr'><strong>ινιιηι</strong></span> <span class='ocrx_word' id='word_1_750' title='bbox 712 5810 953 5861; x_wconf 63' lang='lat' dir='ltr'><strong>Thracam</strong></span> <span class='ocrx_word' id='word_1_751' title='bbox 960 5838 990 5861; x_wconf 76' lang='lat' dir='ltr'><strong>al</strong></span> <span class='ocrx_word' id='word_1_752' title='bbox 998 5824 1113 5861; x_wconf 67' lang='lat' dir='ltr'><strong>ndn,</strong></span> 
     </span>
    </p>
   </div>
   <div class='ocr_carea' id='block_1_106' title="bbox 528 5810 1206 5879">
    <p class='ocr_par' dir='ltr' id='par_1_106' title="bbox 528 5810 1206 5879">
     <span class='ocr_line' id='line_1_109' title="bbox 528 5810 1206 5879; baseline 0.032 -22"><span class='ocrx_word' id='word_1_753' title='bbox 528 5810 1117 5879; x_wconf 51' lang='lat' dir='ltr'><strong>lirigitT/trasemundo&#39;.</strong></span> <span class='ocrx_word' id='word_1_754' title='bbox 1202 5870 1206 5876; x_wconf 94' lang='lat'><strong>.</strong></span> 
     </span>
    </p>
   </div>
   <div class='ocr_carea' id='block_1_107' title="bbox 578 5879 2086 5990">
    <p class='ocr_par' dir='ltr' id='par_1_107' title="bbox 578 5879 2086 5990">
     <span class='ocr_line' id='line_1_110' title="bbox 578 5879 2086 5990; baseline 0.032 -60"><span class='ocrx_word' id='word_1_755' title='bbox 978 5899 1284 5990; x_wconf 56' lang='lat' dir='ltr'><strong>generalitas</strong></span> <span class='ocrx_word' id='word_1_756' title='bbox 1310 5902 1641 5990; x_wconf 50' lang='lat' dir='ltr'><strong>intrajtaliae</strong></span> <span class='ocrx_word' id='word_1_757' title='bbox 1666 5918 1926 5990; x_wconf 82' lang='lat' dir='ltr'><strong>terminos]</strong></span> <span class='ocrx_word' id='word_1_758' title='bbox 1957 5920 2086 5977; x_wconf 83' lang='lat' dir='ltr'><strong>Ala-</strong></span> 
     </span>
    </p>
   </div>
   <div class='ocr_carea' id='block_1_108' title="bbox 501 5955 2085 6050">
    <p class='ocr_par' dir='ltr' id='par_1_108' title="bbox 501 5955 2085 6050">
     <span class='ocr_line' id='line_1_111' title="bbox 501 5955 2085 6050; baseline 0.029 -46"><span class='ocrx_word' id='word_1_759' title='bbox 501 5955 686 6010; x_wconf 86' lang='lat' dir='ltr'><strong>manni</strong></span> <span class='ocrx_word' id='word_1_760' title='bbox 714 5955 901 6017; x_wconf 88' lang='lat' dir='ltr'><strong>Suevis</strong></span> <span class='ocrx_word' id='word_1_761' title='bbox 931 5955 998 6018; x_wconf 62' lang='lat' dir='ltr'><strong>in&quot;</strong></span> <span class='ocrx_word' id='word_1_762' title='bbox 1017 5962 1301 6028; x_wconf 88' lang='lat' dir='ltr'><strong>Germania</strong></span> <span class='ocrx_word' id='word_1_763' title='bbox 1327 5955 2085 6050; x_wconf 48' lang='lat' dir='ltr'><strong>cuneiféhii&#39;{8635255</strong></span> 
     </span>
    </p>
   </div>
   <div class='ocr_carea' id='block_1_109' title="bbox 2211 4812 3805 4881">
    <p class='ocr_par' dir='ltr' id='par_1_109' title="bbox 2211 4812 3805 4881">
     <span class='ocr_line' id='line_1_112' title="bbox 2211 4812 3805 4881; baseline 0.011 -19"><span class='ocrx_word' id='word_1_764' title='bbox 2211 4820 2415 4879; x_wconf 81' lang='lat' dir='ltr'><strong>quaerat</strong></span> <span class='ocrx_word' id='word_1_765' title='bbox 2444 4819 2528 4864; x_wconf 90' lang='lat' dir='ltr'><strong>tua</strong></span> <span class='ocrx_word' id='word_1_766' title='bbox 2562 4812 2733 4881; x_wconf 87' lang='lat' dir='ltr'><strong>pietas</strong></span> <span class='ocrx_word' id='word_1_767' title='bbox 2759 4829 3147 4874; x_wconf 86' lang='lat' dir='ltr'><strong>successorem.</strong></span> <span class='ocrx_word' id='word_1_768' title='bbox 3182 4819 3402 4875; x_wconf 81' lang='lat' dir='ltr'><strong>BeStant</strong></span> <span class='ocrx_word' id='word_1_769' title='bbox 3432 4819 3605 4876; x_wconf 91' lang='lat' dir='ltr'><strong>adhuc</strong></span> <span class='ocrx_word' id='word_1_770' title='bbox 3634 4824 3805 4879; x_wconf 91' lang='lat' dir='ltr'><strong>multa</strong></span> 
     </span>
    </p>
   </div>
   <div class='ocr_carea' id='block_1_110' title="bbox 2210 4902 3804 4986">
    <p class='ocr_par' dir='ltr' id='par_1_110' title="bbox 2210 4902 3804 4986">
     <span class='ocr_line' id='line_1_113' title="bbox 2210 4902 3804 4986; baseline 0.011 -31"><span class='ocrx_word' id='word_1_771' title='bbox 2210 4918 2327 4972; x_wconf 86' lang='lat' dir='ltr'><strong>quae</strong></span> <span class='ocrx_word' id='word_1_772' title='bbox 2353 4902 2620 4970; x_wconf 89' lang='lat' dir='ltr'><strong>dicerem;</strong></span> <span class='ocrx_word' id='word_1_773' title='bbox 2651 4908 2744 4962; x_wconf 86' lang='lat' dir='ltr'><strong>sed</strong></span> <span class='ocrx_word' id='word_1_774' title='bbox 2776 4909 2917 4964; x_wconf 91' lang='lat' dir='ltr'><strong>inter</strong></span> <span class='ocrx_word' id='word_1_775' title='bbox 2946 4911 3122 4979; x_wconf 83' lang='lat' dir='ltr'><strong>plures</strong></span> <span class='ocrx_word' id='word_1_776' title='bbox 3152 4923 3365 4968; x_wconf 90' lang='lat' dir='ltr'><strong>actuum</strong></span> <span class='ocrx_word' id='word_1_777' title='bbox 3409 4925 3619 4970; x_wconf 90' lang='lat' dir='ltr'><strong>tuorum</strong></span> <span class='ocrx_word' id='word_1_778' title='bbox 3663 4934 3804 4986; x_wconf 67' lang='lat' dir='ltr'><strong>prae-</strong></span> 
     </span>
    </p>
   </div>
   <div class='ocr_carea' id='block_1_111' title="bbox 2211 5000 3803 5074">
    <p class='ocr_par' dir='ltr' id='par_1_111' title="bbox 2211 5000 3803 5074">
     <span class='ocr_line' id='line_1_114' title="bbox 2211 5000 3803 5074; baseline 0.011 -26"><span class='ocrx_word' id='word_1_779' title='bbox 2211 5009 2372 5050; x_wconf 88' lang='lat' dir='ltr'><strong>cones</strong></span> <span class='ocrx_word' id='word_1_780' title='bbox 2413 5000 2665 5053; x_wconf 90' lang='lat' dir='ltr'><strong>convenit</strong></span> <span class='ocrx_word' id='word_1_781' title='bbox 2712 5000 2976 5058; x_wconf 87' lang='lat' dir='ltr'><strong>illibatum</strong></span> <span class='ocrx_word' id='word_1_782' title='bbox 3019 5004 3217 5074; x_wconf 86' lang='lat' dir='ltr'><strong>aliquid</strong></span> <span class='ocrx_word' id='word_1_783' title='bbox 3270 5009 3550 5061; x_wconf 83' lang='lat' dir='ltr'><strong>reservari.</strong></span> <span class='ocrx_word' id='word_1_784' title='bbox 3596 5009 3803 5065; x_wconf 87' lang='lat' dir='ltr'><strong>Debent</strong></span> 
     </span>
    </p>
   </div>
   <div class='ocr_carea' id='block_1_112' title="bbox 2210 5114 3800 5187">
    <p class='ocr_par' dir='ltr' id='par_1_112' title="bbox 2210 5114 3800 5187">
     <span class='ocr_line' id='line_1_115' title="bbox 2210 5114 3800 5187; baseline 0.009 -24"><span class='ocrx_word' id='word_1_785' title='bbox 2210 5124 2336 5187; x_wconf 71' lang='lat' dir='ltr'><strong>rege</strong></span> <span class='ocrx_word' id='word_1_786' title='bbox 2368 5120 2552 5166; x_wconf 91' lang='lat' dir='ltr'><strong>nostro</strong></span> <span class='ocrx_word' id='word_1_787' title='bbox 2595 5114 2798 5168; x_wconf 90' lang='lat' dir='ltr'><strong>subacti</strong></span> <span class='ocrx_word' id='word_1_788' title='bbox 2840 5116 3085 5183; x_wconf 89' lang='lat' dir='ltr'><strong>fuissent,</strong></span> <span class='ocrx_word' id='word_1_789' title='bbox 3114 5135 3240 5187; x_wconf 79' lang='lat' dir='ltr'><strong>rege</strong></span> <span class='ocrx_word' id='word_1_790' title='bbox 3269 5122 3486 5183; x_wconf 89' lang='lat' dir='ltr'><strong>amisso,</strong></span> <span class='ocrx_word' id='word_1_791' title='bbox 3521 5122 3585 5175; x_wconf 89' lang='lat' dir='ltr'><strong>ad</strong></span> <span class='ocrx_word' id='word_1_792' title='bbox 3618 5123 3800 5178; x_wconf 84' lang='lat' dir='ltr'><strong>Tlieo-</strong></span> 
     </span>
    </p>
   </div>
   <div class='ocr_carea' id='block_1_113' title="bbox 2212 5180 3795 5260">
    <p class='ocr_par' dir='ltr' id='par_1_113' title="bbox 2212 5180 3795 5260">
     <span class='ocr_line' id='line_1_116' title="bbox 2212 5180 3795 5260; baseline 0.009 -26"><span class='ocrx_word' id='word_1_793' title='bbox 2212 5180 2865 5260; x_wconf 33' lang='lat' dir='ltr'><strong>dericunl.confugerunt.</strong></span> <span class='ocrx_word' id='word_1_794' title='bbox 2912 5188 3001 5243; x_wconf 89' lang='lat' dir='ltr'><strong>Sic</strong></span> <span class='ocrx_word' id='word_1_795' title='bbox 3047 5180 3202 5243; x_wconf 68' lang='lat' dir='ltr'><strong>enini</strong></span> <span class='ocrx_word' id='word_1_796' title='bbox 3238 5192 3377 5260; x_wconf 84' lang='lat' dir='ltr'><strong>apud</strong></span> <span class='ocrx_word' id='word_1_797' title='bbox 3415 5180 3795 5249; x_wconf 76' lang='lat' dir='ltr'><strong>cassiodorum</strong></span> 
     </span>
    </p>
   </div>
   <div class='ocr_carea' id='block_1_114' title="bbox 2210 5252 3794 5332">
    <p class='ocr_par' dir='ltr' id='par_1_114' title="bbox 2210 5252 3794 5332">
     <span class='ocr_line' id='line_1_117' title="bbox 2210 5252 3794 5332; baseline 0.01 -28"><span class='ocrx_word' id='word_1_798' title='bbox 2210 5252 2399 5332; x_wconf 74' lang='lat' dir='ltr'><strong>scribit</strong></span> <span class='ocrx_word' id='word_1_799' title='bbox 2428 5252 2788 5332; x_wconf 76' lang='lat' dir='ltr'><strong>Theodericus</strong></span> <span class='ocrx_word' id='word_1_800' title='bbox 2832 5258 2943 5325; x_wconf 87' lang='lat' dir='ltr'><strong>ipse</strong></span> <span class='ocrx_word' id='word_1_801' title='bbox 2972 5252 3379 5317; x_wconf 59' lang='lat' dir='ltr'><strong>Clodovzeo&#39;lih.</strong></span> <span class='ocrx_word' id='word_1_802' title='bbox 3418 5280 3473 5329; x_wconf 84' lang='grc' dir='ltr'><strong>ιι,</strong></span> <span class='ocrx_word' id='word_1_803' title='bbox 3499 5265 3656 5332; x_wconf 84' lang='lat' dir='ltr'><strong>epist.</strong></span> <span class='ocrx_word' id='word_1_804' title='bbox 3682 5266 3746 5320; x_wconf 76' lang='grc' dir='ltr'><strong>«Η</strong></span> <span class='ocrx_word' id='word_1_805' title='bbox 3780 5285 3794 5320; x_wconf 88' lang='lat'>:</span> 
     </span>
    </p>
   </div>
   <div class='ocr_carea' id='block_1_115' title="bbox 2208 5322 3793 5401">
    <p class='ocr_par' dir='ltr' id='par_1_115' title="bbox 2208 5322 3793 5401">
     <span class='ocr_line' id='line_1_118' title="bbox 2208 5322 3793 5401; baseline 0.011 -28"><span class='ocrx_word' id='word_1_806' title='bbox 2208 5322 2570 5401; x_wconf 74' lang='lat' dir='ltr'><strong>Alamannicos</strong></span> <span class='ocrx_word' id='word_1_807' title='bbox 2616 5322 2865 5401; x_wconf 45' lang='lat' dir='ltr'><strong>populos;</strong></span> <span class='ocrx_word' id='word_1_808' title='bbox 2879 5332 3045 5383; x_wconf 83' lang='lat' dir='ltr'><strong>causis</strong></span> <span class='ocrx_word' id='word_1_809' title='bbox 3076 5333 3369 5401; x_wconf 79' lang='lat' dir='ltr'><strong>fortioribus</strong></span> <span class='ocrx_word' id='word_1_810' title='bbox 3400 5322 3689 5400; x_wconf 70' lang='lat' dir='ltr'><strong>inclinatos,</strong></span> <span class='ocrx_word' id='word_1_811' title='bbox 3718 5340 3793 5390; x_wconf 77' lang='lat' dir='ltr'><strong>vi-</strong></span> 
     </span>
    </p>
   </div>
   <div class='ocr_carea' id='block_1_116' title="bbox 2208 5394 3799 5477">
    <p class='ocr_par' dir='ltr' id='par_1_116' title="bbox 2208 5394 3799 5477">
     <span class='ocr_line' id='line_1_119' title="bbox 2208 5394 3799 5477; baseline 0.011 -32"><span class='ocrx_word' id='word_1_812' title='bbox 2208 5394 2350 5477; x_wconf 68' lang='lat' dir='ltr'><strong>ctrici</strong></span> <span class='ocrx_word' id='word_1_813' title='bbox 2378 5395 2556 5475; x_wconf 64' lang='lat' dir='ltr'><strong>dextra</strong></span> <span class='ocrx_word' id='word_1_814' title='bbox 2593 5394 2907 5477; x_wconf 30' lang='lat' dir='ltr'><strong>sub&#39;didistis.</strong></span> <span class='ocrx_word' id='word_1_815' title='bbox 2952 5394 3267 5477; x_wconf 54' lang='lat' dir='ltr'><strong>_Sed&#39;motns</strong></span> <span class='ocrx_word' id='word_1_816' title='bbox 3307 5416 3496 5459; x_wconf 74' lang='lat' dir='ltr'><strong>vestros</strong></span> <span class='ocrx_word' id='word_1_817' title='bbox 3538 5409 3589 5459; x_wconf 90' lang='lat' dir='ltr'><strong>in</strong></span> <span class='ocrx_word' id='word_1_818' title='bbox 3634 5394 3799 5477; x_wconf 67' lang='lat' dir='ltr'><strong>fessas</strong></span> 
     </span>
    </p>
   </div>
   <div class='ocr_carea' id='block_1_117' title="bbox 2206 5465 3792 5542">
    <p class='ocr_par' dir='ltr' id='par_1_117' title="bbox 2206 5465 3792 5542">
     <span class='ocr_line' id='line_1_120' title="bbox 2206 5465 3792 5542; baseline 0.01 -28"><span class='ocrx_word' id='word_1_819' title='bbox 2206 5465 2446 5542; x_wconf 83' lang='lat' dir='ltr'><strong>reliquias</strong></span> <span class='ocrx_word' id='word_1_820' title='bbox 2469 5474 2738 5537; x_wconf 86' lang='lat' dir='ltr'><strong>temperate</strong></span> <span class='ocrx_word' id='word_1_821' title='bbox 2763 5486 2779 5522; x_wconf 90' lang='lat'><strong><em>:</em></strong></span> <span class='ocrx_word' id='word_1_822' title='bbox 2802 5469 2923 5539; x_wconf 83' lang='lat' dir='ltr'><strong>quia</strong></span> <span class='ocrx_word' id='word_1_823' title='bbox 2933 5473 3055 5541; x_wconf 86' lang='lat' dir='ltr'><strong>jure</strong></span> <span class='ocrx_word' id='word_1_824' title='bbox 3079 5478 3258 5542; x_wconf 76' lang='lat' dir='ltr'><strong>gratia:</strong></span> <span class='ocrx_word' id='word_1_825' title='bbox 3278 5487 3537 5530; x_wconf 79' lang='lat' dir='ltr'><strong>merentur</strong></span> <span class='ocrx_word' id='word_1_826' title='bbox 3559 5465 3792 5541; x_wconf 67' lang='lat' dir='ltr'><strong>evadere,</strong></span> 
     </span>
    </p>
   </div>
   <div class='ocr_carea' id='block_1_118' title="bbox 2203 5537 3797 5617">
    <p class='ocr_par' dir='ltr' id='par_1_118' title="bbox 2203 5537 3797 5617">
     <span class='ocr_line' id='line_1_121' title="bbox 2203 5537 3797 5617; baseline 0.011 -31"><span class='ocrx_word' id='word_1_827' title='bbox 2203 5551 2329 5617; x_wconf 66' lang='lat' dir='ltr'><strong>quos</strong></span> <span class='ocrx_word' id='word_1_828' title='bbox 2348 5537 2416 5588; x_wconf 87' lang='lat' dir='ltr'><strong>ad</strong></span> <span class='ocrx_word' id='word_1_829' title='bbox 2437 5537 3003 5617; x_wconf 52' lang='lat' dir='ltr'><strong>p&#39;arentunrvestrornm</strong></span> <span class='ocrx_word' id='word_1_830' title='bbox 3031 5537 3375 5615; x_wconf 66' lang='lat' dir='ltr'><strong>défenaionem</strong></span> <span class='ocrx_word' id='word_1_831' title='bbox 3404 5549 3652 5617; x_wconf 79' lang='lat' dir='ltr'><strong>respicitis</strong></span> <span class='ocrx_word' id='word_1_832' title='bbox 3674 5537 3797 5602; x_wconf 52' lang='lat' dir='ltr'><strong>con:-</strong></span> 
     </span>
    </p>
   </div>
   <div class='ocr_carea' id='block_1_119' title="bbox 2204 5604 3796 5685">
    <p class='ocr_par' dir='ltr' id='par_1_119' title="bbox 2204 5604 3796 5685">
     <span class='ocr_line' id='line_1_122' title="bbox 2204 5604 3796 5685; baseline 0.011 -29"><span class='ocrx_word' id='word_1_833' title='bbox 2204 5606 2424 5685; x_wconf 46' lang='lat' dir='ltr'><strong>fugisse.</strong></span> <span class='ocrx_word' id='word_1_834' title='bbox 2448 5604 2621 5685; x_wconf 60' lang='lat' dir='ltr'><strong>Estote</strong></span> <span class='ocrx_word' id='word_1_835' title='bbox 2648 5611 2746 5663; x_wconf 83' lang='lat' dir='ltr'><strong>illis</strong></span> <span class='ocrx_word' id='word_1_836' title='bbox 2778 5613 2995 5685; x_wconf 80' lang='lat' dir='ltr'><strong>remissi,</strong></span> <span class='ocrx_word' id='word_1_837' title='bbox 3026 5604 3112 5685; x_wconf 79' lang='lat' dir='ltr'><strong>qui</strong></span> <span class='ocrx_word' id='word_1_838' title='bbox 3138 5619 3321 5670; x_wconf 82' lang='lat' dir='ltr'><strong>nostris</strong></span> <span class='ocrx_word' id='word_1_839' title='bbox 3345 5604 3533 5685; x_wconf 64' lang='lat' dir='ltr'><strong>ﬁnibus</strong></span> <span class='ocrx_word' id='word_1_840' title='bbox 3564 5619 3796 5673; x_wconf 80' lang='lat' dir='ltr'><strong>celantur</strong></span> 
     </span>
    </p>
   </div>
   <div class='ocr_carea' id='block_1_120' title="bbox 2198 5678 3793 5753">
    <p class='ocr_par' dir='ltr' id='par_1_120' title="bbox 2198 5678 3793 5753">
     <span class='ocr_line' id='line_1_123' title="bbox 2198 5678 3793 5753; baseline 0.01 -24"><span class='ocrx_word' id='word_1_841' title='bbox 2198 5678 2443 5753; x_wconf 67' lang='lat' dir='ltr'><strong>exterriti.</strong></span> <span class='ocrx_word' id='word_1_842' title='bbox 2484 5678 2576 5753; x_wconf 83' lang='lat' dir='ltr'><strong>His</strong></span> <span class='ocrx_word' id='word_1_843' title='bbox 2601 5696 2728 5751; x_wconf 88' lang='lat' dir='ltr'><strong>ergo</strong></span> <span class='ocrx_word' id='word_1_844' title='bbox 2770 5678 3486 5753; x_wconf 77' lang='lat' dir='ltr'><strong>profligatiAlamannorum</strong></span> <span class='ocrx_word' id='word_1_845' title='bbox 3519 5691 3793 5747; x_wconf 87' lang='lat' dir='ltr'><strong>exercitus</strong></span> 
     </span>
    </p>
   </div>
   <div class='ocr_carea' id='block_1_121' title="bbox 2196 5746 3793 5873">
    <p class='ocr_par' dir='ltr' id='par_1_121' title="bbox 2196 5746 3793 5873">
     <span class='ocr_line' id='line_1_124' title="bbox 2196 5746 3793 5873; baseline 0.014 -75"><span class='ocrx_word' id='word_1_846' title='bbox 2196 5746 2639 5873; x_wconf 42' lang='lat' dir='ltr'><strong>Eegiqoudiilslssedcs</strong></span> <span class='ocrx_word' id='word_1_847' title='bbox 2666 5746 2733 5807; x_wconf 74' lang='lat' dir='ltr'><strong>in</strong></span> <span class='ocrx_word' id='word_1_848' title='bbox 2770 5746 2953 5809; x_wconf 44' lang='lat' dir='ltr'><strong>Italia&quot;</strong></span> <span class='ocrx_word' id='word_1_849' title='bbox 2970 5755 3122 5815; x_wconf 90' lang='lat' dir='ltr'><strong>datas</strong></span> <span class='ocrx_word' id='word_1_850' title='bbox 3165 5774 3194 5813; x_wconf 89' lang='lat' dir='ltr'><strong>a</strong></span> <span class='ocrx_word' id='word_1_851' title='bbox 3234 5759 3592 5831; x_wconf 87' lang='lat' dir='ltr'><strong>Theoderico,</strong></span> <span class='ocrx_word' id='word_1_852' title='bbox 3633 5746 3793 5820; x_wconf 70' lang='lat' dir='ltr'><strong>docet</strong></span> 
     </span>
     <span class='ocr_line' id='line_1_125' title="bbox 2394 5837 2492 5873; baseline 0 0"><span class='ocrx_word' id='word_1_853' title='bbox 2394 5837 2404 5873; x_wconf 95' lang='lat' dir='ltr'><strong>l</strong></span> <span class='ocrx_word' id='word_1_854' title='bbox 2480 5860 2492 5873; x_wconf 90' lang='lat'><strong>.</strong></span> 
     </span>
    </p>
   </div>
   <div class='ocr_carea' id='block_1_122' title="bbox 2246 5834 2492 5875">
    <p class='ocr_par' dir='ltr' id='par_1_122' title="bbox 2246 5834 2492 5875">
     <span class='ocr_line' id='line_1_126' title="bbox 2246 5834 2492 5875; baseline 0.012 -5"><span class='ocrx_word' id='word_1_855' title='bbox 2246 5834 2492 5875; x_wconf 76' lang='grc' dir='ltr'><strong>ηηοαιιιε.</strong></span> 
     </span>
    </p>
   </div>
   <div class='ocr_carea' id='block_1_123' title="bbox 2268 5888 3786 5974">
    <p class='ocr_par' dir='ltr' id='par_1_123' title="bbox 2268 5888 3786 5974">
     <span class='ocr_line' id='line_1_127' title="bbox 2268 5888 3786 5974; baseline 0.011 -31"><span class='ocrx_word' id='word_1_856' title='bbox 2268 5888 2287 5919; x_wconf 57' lang='grc'><strong>⁸</strong></span> <span class='ocrx_word' id='word_1_857' title='bbox 2317 5890 2626 5974; x_wconf 66' lang='lat' dir='ltr'><strong>Clueniccml</strong></span> <span class='ocrx_word' id='word_1_858' title='bbox 2655 5895 2820 5974; x_wconf 77' lang='lat' dir='ltr'><strong>Unus,</strong></span> <span class='ocrx_word' id='word_1_859' title='bbox 2856 5895 3123 5956; x_wconf 65' lang='lat' dir='ltr'><strong>Srlieniem</strong></span> <span class='ocrx_word' id='word_1_860' title='bbox 3148 5917 3164 5955; x_wconf 89' lang='lat'><strong><em>:</em></strong></span> <span class='ocrx_word' id='word_1_861' title='bbox 3190 5916 3255 5959; x_wconf 79' lang='lat' dir='ltr'><strong>ex</strong></span> <span class='ocrx_word' id='word_1_862' title='bbox 3285 5902 3511 5961; x_wconf 88' lang='lat' dir='ltr'><strong>aliorum</strong></span> <span class='ocrx_word' id='word_1_863' title='bbox 3544 5906 3786 5974; x_wconf 77' lang='lat' dir='ltr'><strong>vestigiis</strong></span> 
     </span>
    </p>
   </div>
   <div class='ocr_carea' id='block_1_124' title="bbox 2194 5959 3021 6038">
    <p class='ocr_par' dir='ltr' id='par_1_124' title="bbox 2194 5959 3021 6038">
     <span class='ocr_line' id='line_1_128' title="bbox 2194 5959 3021 6038; baseline 0.016 -26"><span class='ocrx_word' id='word_1_864' title='bbox 2194 5959 2483 6019; x_wconf 79' lang='lat' dir='ltr'><strong>chamicem</strong></span> <span class='ocrx_word' id='word_1_865' title='bbox 2527 5959 2853 6038; x_wconf 80' lang='lat' dir='ltr'><strong>collegimus.</strong></span> <span class='ocrx_word' id='word_1_866' title='bbox 3016 5994 3021 6001; x_wconf 92' lang='lat'><strong><em>-</em></strong></span> 
     </span>
    </p>
   </div>
  </div>
