4192 6260
1106 305 1157 325 ﬂ

302 417 405 474 181

1212 411 1690 471 PANEGYRICUS
1728 409 2169 469 THEODERICO
2209 412 2369 470 REGI
2398 414 2662 472 DICTUS.

3480 417 3583 472 182

302 532 397 588 tibi
424 528 735 586 veneranda
766 527 973 593 studia.
1021 525 1165 597 quod
1216 526 1524 597 loquuntur.
1568 529 1900 582 Amaverunt
1924 528 1980 587 Α
2002 536 2056 581 et
2086 527 2310 596 implent
2355 529 2623 584 actionem
2656 527 2897 594 fortium,
2930 531 3056 585 dum
3094 530 3379 599 jocantur:
3412 527 3586 598 agitur

300 634 669 695 praecessores
722 621 799 674 tui
844 618 1134 685 inscitiam,
1162 618 1283 689 quia
1324 633 1595 688 nunquam
1637 618 1899 673 Iandanda

296 722 611 788 gesserunt.
663 711 929 768 Sordebat
970 710 1111 765 inter
1158 720 1332 764 aratra
1375 709 1812 774 facundissimus,
1845 719 1901 764 et

302 809 445 878 quod
488 805 682 877 peritia
721 805 959 869 dederat,
998 805 1078 859 vis
1119 804 1346 875 negabat
1378 823 1390 857 :
1420 813 1568 858 muto
1602 804 1902 860 mmrebant

301 908 528 954 auctore
558 897 870 961 tribunalia;
903 911 1002 951 nec
1043 896 1148 951 ulla
1190 894 1585 950 concedebatur
1610 896 1783 963 palma
1813 895 1901 949 di-

302 993 470 1049 centi.
498 990 555 1045 lu
581 1006 767 1046 casum
799 990 1136 1061 negotiorum
1168 989 1388 1044 nutabat
1413 996 1658 1054 eventus,
1688 988 1902 1057 quando

305 1084 501 1139 litteris
551 1081 743 1155 genius
784 1097 893 1137 non
942 1081 1170 1136 dabatur
1212 1099 1224 1133 :
1266 1096 1401 1135 unus
1448 1080 1639 1150 ubique
1688 1080 1903 1149 ingenia

308 1194 510 1235 maeror
539 1184 910 1247 oppresserat;
939 1174 1063 1244 quia
1090 1173 1391 1228 atterebant
1416 1174 1523 1227 otia
1540 1172 1904 1239 eloquentium

307 1271 590 1328 facultates
622 1286 635 1322 :
662 1282 911 1338 pompam
952 1266 1223 1321 seniorum
1256 1265 1390 1321 edax
1421 1265 1745 1335 negligentia
1778 1280 1903 1333 pos-

310 1364 549 1427 sitiebat;
580 1376 679 1417 nec
706 1359 1100 1415 accendebatur
1129 1359 1231 1413 tiro
1259 1358 1599 1412 aemulatione
1629 1358 1901 1412 sectanda.

315 1456 447 1510 Vide
474 1455 690 1509 divitias
721 1451 907 1507 szecuii
940 1453 1013 1505 tui
1044 1469 1055 1503 ε
1093 1460 1217 1506 tunc
1248 1451 1337 1503 vix
1376 1450 1487 1504 fora
1520 1449 1757 1505 habuere
1786 1466 1907 1520 per-

316 1549 485 1604 fectos
516 1566 527 1600 :
561 1563 697 1602 nunc
727 1546 965 1602 Ecclesia
994 1544 1173 1615 dirigit
1199 1545 1557 1601 laudatorem.

386 1643 483 1695 Eat
514 1650 678 1705 nunc,
707 1648 763 1695 et
797 1636 1130 1693 cothurnatis
1157 1637 1507 1693 relationibus
1544 1638 1908 1695 Alexandrum

316 1738 477 1808 iactet
522 1734 834 1804 antiquitas,
882 1733 968 1787 cui
1016 1732 1171 1787 fama:
1208 1731 1535 1800 opulentiam
1576 1734 1783 1802 peperit
1814 1734 1909 1790 dos

320 1830 679 1901 loquentium;
719 1837 779 1882 ut
822 1842 919 1896 per
957 1826 1275 1895 adjutricem
1320 1825 1625 1880 facundiam
1666 1826 1908 1881 videatur

2004 619 2119 675 vice
2147 621 2456 690 spectaculi,
2485 622 2628 692 quod
2658 625 2904 694 sequenti
2955 633 3195 694 tempore
3235 624 3430 693 poterit
3455 622 3587 677 satis

2005 728 2126 769 esse
2151 713 2355 769 virtuti.
2405 715 2539 769 Dum
2570 717 2803 772 amentis
2852 718 3145 787 puerilibus
3187 718 3393 771 hastilia
3445 718 3587 771 lenta

2004 816 2363 878 torquentur:
2387 810 2515 864 dum
2540 825 2698 866 arcus
2725 813 3052 882 quotidianae
3079 813 3308 882 capitum
3336 807 3588 865 necesdi-

2005 903 2206 972 rigant.
2233 899 2393 959 Urbis
2424 918 2583 961 omne
2611 907 2911 976 pomerium
2943 908 3233 962 simulacro
3256 904 3589 975 congressio-
3672 892 3678 955 ἕ

2006 996 2089 1050 nis
2112 998 2395 1052 atteritur:
2428 997 2538 1067 agit
2579 999 2745 1069 figura
2774 1001 3162 1065 certaminum,
3193 1015 3260 1054 ne
3285 1012 3405 1053 cum
3448 997 3590 1066 peric

2007 1088 2128 1143 culo
2170 1104 2299 1144 vero
2326 1100 2637 1145 nascantur.
2668 1091 2749 1146 Ad
2797 1093 2913 1147 btet:
2941 1093 3058 1163 quis
3086 1092 3272 1146 credat
3310 1104 3474 1145 unum
3501 1103 3591 1158 pe~

2007 1196 2126 1238 ctus
2173 1196 2331 1253 posse
2377 1185 2667 1251 sufficere,
2716 1192 2775 1241 ut
2821 1201 2919 1256 per
2967 1184 3271 1255 procinctus
3302 1184 3593 1240 indomitos

2009 1275 2266 1332 vincat’in
2294 1279 2511 1347 prmliis,
2533 1290 2586 1334 et
2606 1291 2727 1350 agat
2752 1282 2996 1349 consilio,
3028 1297 3093 1335 ne
3113 1280 3401 1335 dimicandi
3433 1290 3595 1333 causa

2008 1371 2326 1439 contingat?
2356 1371 2613 1426 Rutilium
2637 1382 2697 1426 ‘et
2725 1373 2978 1427 Manlium
3007 1374 3366 1441 comperimus
3392 1370 3595 1440 gladia-

2012 1463 2206 1517 torium
2253 1464 2560 1518 conflictum
2608 1467 2953 1534 magistrante
3005 1465 3214 1533 populis
3262 1462 3597 1531 providentia

2008 1556 2326 1621 contulisse,
2357 1564 2415 1609 ut
2441 1556 2583 1611 inter
2613 1556 2902 1610 theatrales
2933 1570 3124 1609 caveas
3155 1555 3304 1624 plebs
3344 1553 3597 1611 diuturna

2013 1662 2144 1715 pace
2168 1661 2433 1715 possessa,
2460 1646 2583 1715 quid
2605 1646 2657 1700 in
2674 1648 2786 1701 acie
2809 1655 3109 1716 gereretur,
3137 1653 3469 1715 agnosceret.
3489 1641 3600 1699 Sed

2014 1750 2141 1795 tunc
2164 1740 2367 1796 feriatis
2390 1740 2638 1795 manibus
2662 1740 2858 1794 frustra
2878 1740 3038 1793 sociae
3056 1748 3257 1793 mortes
3278 1736 3599 1807 ingereban-

2015 1844 2101 1889 tur
2130 1835 2390 1903 aspectui.
2422 1836 2703 1903 Nunquam
2737 1834 2875 1887 bona
2900 1843 3043 1900 sunt,
3077 1847 3195 1901 qua}
3222 1848 3247 1885 a
3280 1830 3599 1885 crudelitate

316 1936 562 1978 crescere
586 1922 748 1976 rebus
771 1919 1014 1975 mendica
1040 1918 1296 1973 laudatio.
1330 1918 1489 1989 Regis
1518 1919 1689 1974 nostri
1712 1921 1906 1975 merita
1933 1915 1983 1975 Β
2015 1925 2236 1980 veniunt
2285 1925 2529 1980 instituta
2559 1944 2570 1977 :
2619 1936 2673 1979 ut
2724 1933 3061 1980 armarentur
3117 1932 3301 1978 contra
3354 1922 3601 1977 inimicos

316 2016 568 2071 solatium
602 2030 709 2068 nou
742 2012 1011 2083 postulant
1038 2012 1333 2066 asserentis
1362 2029 1375 2064 :
1406 2012 1612 2067 minora
1643 2020 1769 2066 sunt
1790 2012 1909 2081 ejus

320 2110 466 2165 veris
485 2108 715 2171 actibus,
738 2105 979 2175 quamvis
1008 2113 1164 2161 aucta
1187 2106 1292 2160 sint
1319 2115 1559 2160 veterum
1587 2116 1735 2176 gesta
1757 2120 1911 2162 men-

325 2199 513 2256 daciis.
566 2196 888 2263 Simulastis,
926 2207 1140 2267 poeta},
1184 2197 1438 2267 grandia;
1483 2196 1574 2252 sed
1622 2196 1775 2251 fateri
1815 2211 1909 2253 vos

322 2291 577 2348 convenit
604 2298 925 2359 praesentem
957 2288 1229 2344 dominum
1266 2289 1495 2359 gessisse
1526 2288 1754 2359 potiora.
1785 2290 1909 2345 Pet-

319 2385 449 2440 larus
474 2383 671 2439 ductor
701 2382 1089 2451 praeconiorum
1128 2395 1349 2435 suorum
1395 2396 1657 2436 summam
1687 2380 1911 2437 Choerili

321 2477 486 2533 voluit
513 2484 772 2532 constare
797 2474 1059 2531 beneﬁcio
1087 2492 1098 2527 :
1124 2490 1192 2529 ne
1223 2474 1438 2529 fallendi
1470 2486 1649 2530 votum
1673 2476 1914 2531 multitu-

321 2570 389 2625 do
426 2567 895 2639 deprehenderet;
936 2576 989 2621 et
1034 2566 1183 2623 ﬁeret
1225 2569 1375 2623 testis
1416 2569 1779 2639 impudentiae,
1825 2570 1913 2640 qui

325 2664 727 2719 adsciscebatur
749 2664 804 2715 in
832 2662 1209 2731 estipuiatione
1231 2662 1492 2718 victoriae.
1517 2663 1661 2718 Nihil
1689 2664 1915 2720 detraho

329 2756 653 2819 senioribus,
674 2770 809 2826 quos
835 2742 1135 2824 praecipuos
1162 2754 1439 2811 habuisset
1468 2757 1779 2827 antiquitas,
1811 2758 1915 2813 nisi

335 2850 563 2905 Romani
594 2849 822 2904 nominis
848 2850 1049 2905 erectio
1074 2858 1124 2905 te
1152 2849 1405 2907 dedisset.
1438 2852 1593 2907 illum
1618 2868 1761 2908 verae
1793 2855 1919 2909 reli-

327 2946 514 3016 gionis
556 2946 791 3015 ignarum
835 2945 1066 3002 obtinuit
1113 2948 1313 3003 erroris
1358 2958 1526 3004 mater
1576 2951 1786 3006 inscitia
1819 2970 1831 3005 :
1864 2961 1918 3007 te

326 3036 527 3091 summi
557 3036 653 3091 Dei
680 3037 937 3092 cultorem
968 3038 1034 3093 ab
1077 3038 1193 3108 ipso
1232 3038 1365 3095 lucis
1404 3042 1604 3097 lumine
1636 3043 1917 3099 instructio

329 3129 507 3184 vitalis
554 3130 804 3185 instituit.
855 3129 1134 3200 Nunquam
1177 3132 1416 3202 applicas
1464 3134 1735 3190 laboribus
1782 3138 1914 3204 tuis,

330 3225 471 3294 quod
499 3235 724 3280 eventus
746 3224 933 3281 dexter
954 3225 1229 3281 obtulerit.
1251 3226 1372 3282 Scis
1396 3228 1446 3282 in
1472 3236 1523 3282 te
1544 3243 1727 3284 curam
1757 3246 1918 3299 penes

336 3315 503 3371 Deum
546 3316 892 3387 perfectionis
935 3332 1053 3373 esse
1099 3318 1449 3374 substantiam
1494 3339 1506 3373 :
1546 3322 1658 3390 agis
1698 3332 1754 3376 ut
1795 3339 1921 3394 pro-

339 3424 490 3480 spera
516 3412 775 3466 merearis
800 3410 1024 3481 adipisci
1054 3428 1065 3464 :
1091 3412 1183 3467 sed
1206 3412 1405 3481 potitus
1426 3414 1675 3469 universa
1699 3416 1921 3471 ascri'bis

337 3503 542 3556 auctori
589 3521 600 3555 :
652 3502 879 3558 exhibes
928 3503 1154 3570 robore,
1202 3504 1510 3574 vigilantia,
1566 3508 1922 3577 prosperitate

345 3596 656 3666 principem,
683 3596 1101 3652 mansuetudine
1146 3597 1501 3653 sacerdotem.
1547 3597 1682 3665 Quid
1724 3589 1923 3655 frustra

345 3690 569 3758 majores
608 3692 774 3746 nostri
818 3690 970 3745 divos
1002 3699 1057 3745 et
1100 3691 1382 3761 pontifices
1421 3701 1700 3759 vocarunt,
1731 3693 1923 3762 quibus

338 3792 546 3852 sceptra
577 3782 769 3838 collata
804 3783 964 3838 sunt?
1002 3783 1285 3853 Singulare
1316 3792 1418 3849 est,
1450 3784 1659 3839 actibus
1700 3784 1925 3852 implere

334 3875 757 3944 sanctissimum,
779 3887 828 3930 et
854 3876 1153 3931 veneranda
1186 3878 1401 3932 nomina
1429 3892 1533 3931 non
1563 3877 1781 3933 habere.
1808 3878 1923 3933 Rex

337 3985 492 4025 meus
523 3970 593 4024 sit
616 3972 737 4039 jure
764 3968 1180 4035 Alamannicus;
1205 3969 1412 4026 dicatur
1433 3970 1657 4025 alienus.
1683 3970 1752 4026 Ut
1772 3971 1928 4026 divus

338 4064 503 4115 vitam
534 4070 656 4130 agat
688 4076 751 4116 ex
780 4061 951 4116 fructu
978 4061 1324 4116 conscientia:
1353 4078 1363 4113 :
1388 4076 1489 4116 nec
1516 4060 1753 4131 requirat
1778 4075 1929 4131 pom-

336 4170 486 4223 posee
526 4154 787 4210 vocabula
822 4155 962 4209 nuda
996 4154 1283 4222 jactantite,
1314 4155 1367 4209 in
1397 4153 1550 4222 cujus
1574 4153 1813 4210 moribus
1838 4167 1929 4209 ve-

338 4248 487 4302 ritati
520 4247 753 4302 militant
784 4246 1148 4302 blandimenta
1186 4246 1469 4316 majorum.

410 4337 656 4403 Vellem,
712 4330 923 4406 fateor,
964 4340 1029 4393 ad
1076 4337 1332 4394 orationis
1387 4339 1711 4405 terminum,
1762 4338 1933 4395 victus

336 4440 615 4500 gestorum
643 4439 851 4485 tuorum
880 4432 1219 4494 cnormitate,
1248 4431 1599 4496 descendere,
1621 4440 1678 4487 et
1699 4432 1933 4487 novellas

336 4522 574 4576 adoreas
618 4521 902 4577 hebetatus
952 4525 1254 4593 priscorum
1293 4524 1410 4580 luce
1453 4524 1703 4580 transire.
1737 4524 1936 4591 Quem-

335 4613 633 4667 admodum
664 4614 708 4668 si
736 4614 938 4670 tetherii
970 4616 1083 4668 axis
1114 4616 1166 4670 in
1199 4631 1478 4671 numerum
1506 4616 1749 4687 redigere
1774 4632 1933 4673 orna-

336 4716 523 4762 menta
553 4706 865 4777 voluissem,
899 4718 953 4763 et
991 4708 1243 4765 Trionum
1283 4709 1487 4781 fulgore
1516 4712 1928 4781 comprehenso,

334 4798 465 4855 mali
491 4801 741 4856 decorem
786 4800 1065 4869 impotenti
1095 4803 1273 4872 lingua
1297 4802 1686 4869 deseriberem,
1718 4805 1933 4861 cederet

338 4890 528 4946 divino
550 4891 822 4960 Splendori
846 4893 1085 4947 mortalis
1113 4893 1441 4959 obscuritas;
1471 4895 1673 4963 jubaris
1702 4895 1933 4967 lampadi

337 4998 450 5037 non
478 4984 751 5039 sufficeret
776 4984 1054 5039 humilium
1080 4986 1305 5041 scintilla
1329 5002 1632 5044 sermonum
1663 5005 1674 5040 :
1708 4987 1822 5044 haec
1846 5004 1932 5046 me

340 5074 582 5129 conditio
626 5075 865 5145 resignat
906 5076 1196 5147 imparem,
1243 5094 1364 5150 qua:
1416 5088 1605 5137 testata
1644 5090 1726 5136 est
1768 5081 1930 5138 obse-

343 5180 621 5239 quentem.

419 5258 552 5313 Nam
598 5259 729 5315 illud
762 5276 869 5330 quo
895 5277 991 5318 ore
1016 5264 1399 5320 celebrandum
1446 5275 1555 5333 est,
1592 5266 1732 5336 quod
1764 5262 1935 5323 Getici

348 5352 709 5408 instrumenta
739 5355 972 5422 roboris,
992 5357 1116 5411 dum
1149 5359 1400 5428 provides
1428 5375 1495 5414 ne
1524 5361 1934 5429 interpellentur

351 5444 455 5495 otia
480 5454 687 5512 nostra,
706 5447 973 5512 custodis;
999 5456 1052 5503 et
1083 5450 1274 5517 pubem
1306 5451 1616 5521 indomitam
1645 5454 1742 5505 sub
1769 5452 1937 5506 oculis

358 5539 459 5592 tuis
488 5539 627 5595 inter
654 5541 797 5596 bona
844 5544 1246 5612 tranquillitatis
1275 5544 1405 5599 facis
1437 5543 1571 5599 bella
1605 5545 1891 5615 proludere
1916 5543 1939 5597 ἲ

356 5632 541 5689 Adhuc
568 5644 796 5690 manent
825 5634 879 5690 in
911 5636 1182 5692 soliditate
1216 5638 1410 5692 virium
1437 5637 1675 5692 victricia
1704 5637 1937 5707 agmina,

354 5734 413 5778 et
440 5724 537 5781 alia
571 5727 685 5799 jam
733 5738 1059 5785 creverunt:
1089 5730 1348 5785 durantur
1395 5729 1578 5785 lacerti
1628 5729 1940 5794 missilibus,

1944 3265 1991 3329 C

2013 2017 2214 2083 animi,
2243 2016 2390 2086 prius
2419 2017 2603 2072 videre
2634 2016 2796 2071 exitia
2841 2030 3081 2070 suorum.
3113 2014 3321 2069 interea
3352 2014 3440 2067 illa
3473 2027 3600 2066 con-

2014 2108 2219 2179 gressio
2250 2107 2414 2178 (quod
2457 2107 2638 2163 docuit
2668 2106 2868 2177 exitus)
2903 2122 3006 2161 non
3039 2116 3143 2159 tam
3187 2105 3391 2174 peperit
3426 2106 3601 2158 incre-

2014 2213 2193 2257 menta
2217 2202 2396 2257 robori
2420 2216 2579 2270 quam
2600 2198 2781 2271 pavori
2808 2220 2819 2254 :
2848 2200 2987 2254 inter
3013 2198 3279 2254 secundas
3300 2211 3388 2252 res
3418 2194 3604 2251 didicit

2016 2286 2310 2349 imbellium
2336 2292 2567 2359 animus,
2591 2293 2716 2361 quid
2748 2294 2979 2348 timeret.
3004 2291 3139 2347 Vide
3159 2289 3604 2347 adinventionum

2015 2387 2355 2443 diversitates
2390 2388 2549 2457 pleno
2590 2386 2724 2442 calle
2767 2387 3054 2442 distantes:
3089 2385 3192 2441 illis
3236 2400 3364 2441 vera
3393 2384 3604 2441 cruoris

2018 2477 2205 2535 effusio
2233 2479 2442 2534 animos
2471 2495 2501 2533 a
2542 2478 2884 2534 dimicatione
2939 2477 3241 2533 submovit:
3284 2477 3372 2531 hic
3413 2475 3596 2531 adole-

2020 2575 2283 2627 scentium
2303 2572 2451 2642 vigor
2470 2570 2538 2627 de
2560 2572 2789 2641 imagine
2812 2571 3052 2629 mentitae
3073 2570 3489 2627 concertationis
3518 2569 3602 2624 in-

2022 2663 2265 2722 canduit:
2282 2678 2415 2734 Quos
2437 2678 2647 2732 praecox
2687 2673 2816 2720 aetas
2840 2674 2915 2718 tot
2942 2673 3142 2719 mortes
3163 2662 3598 2719 adversariorum

2022 2757 2289 2827 repositas
2330 2756 2510 2810 docuit
2559 2754 2757 2811 habere
2782 2798 2796 2823 ,
2846 2767 2976 2827 quot
3030 2757 3271 2827 spicula:
3305 2757 3322 2787 ¹
3360 2772 3466 2811 non
3515 2772 3608 2825 per

2025 2850 2269 2905 cxoticos
2326 2848 2600 2903 discursus
2654 2849 2854 2905 assueti
2897 2850 3272 2919 pbaretrarum
3326 2848 3608 2919 dispendia

2025 2944 2356 3025 negligenter
2384 2942 2660 3000 effundere
2688 2961 2702 3009 ;
2732 2959 2831 3001 nec
2876 2943 2929 2999 in
2973 2959 3131 2999 auras
3166 2941 3607 3023 exitia.manife-

2026 3052 2105 3095 sta
2158 3050 2407 3109 torquere
2429 3080 2441 3103 ,
2478 3047 2554 3092 tot
2580 3038 2822 3093 exacturi
2872 3039 3111 3103 animas,
3141 3044 3273 3107 quot
3300 3036 3403 3090 tela
3433 3035 3607 3089 vibra-

2025 3134 2225 3189 verint.
3622 3120 3623 3123 “

2100 3226 2204 3282 Sed
2233 3223 2373 3279 inter
2404 3223 2677 3293 praeiiares
2713 3221 2849 3278 forte
2898 3218 3211 3287 successus,
3256 3217 3449 3290 quibus
3486 3232 3603 3273 om-

2028 3335 2124 3375 nes
2172 3317 2421 3382 ins‘truis,
2454 3325 2507 3371 et
2535 3312 2792 3370 concilias
2821 3313 2999 3368 omina
3054 3308 3277 3368 fecunda
3325 3308 3607 3378 vincendi,

2025 3414 2299 3470 civilitatis
2326 3409 2595 3467 dulcedini
2642 3408 2713 3464 nil
2743 3422 3011 3465 reservas.
3041 3405 3171 3474 Quis
3200 3404 3385 3460 credat
3412 3404 3608 3459 heroas

1987 3540 1990 3543 -
2027 3520 2148 3566 tuos
2170 3507 2508 3579 peregrinam
2535 3520 2642 3560 non
2674 3518 2952 3573 respuere,
2987 3499 3115 3556 dum
3147 3499 3255 3555 sint
3295 3498 3604 3567 tranquilla,

2028 3601 2409 3661 formidinem?
2434 3601 2567 3655 Nam
2614 3599 2874 3655 indomita
2923 3598 3063 3652 inter
3092 3596 3235 3650 acies
3264 3593 3474 3663 ingenia
3519 3590 3610 3647 lex

2028 3706 2242 3753 coercet
2268 3714 2279 3750 :
2307 3695 2626 3751 submittunt
2650 3690 2935 3762 prreceptis
2966 3690 3099 3745 colla
3130 3696 3251 3758 post
3276 3686 3522 3749 laureas;
3556 3693 3612 3738 et

2029 3790 2248 3847 calcatis
2277 3788 2511 3843 hostium
2542 3786 2748 3852 cuneis,
2782 3784 2976 3854 quibus
3025 3797 3174 3837 arma
3201 3779 3488 3845 cesserint,
3519 3777 3614 3831 de-

2030 3894 2177 3940 creta
2200 3881 2563 3939 dominantur.
2589 3880 2748 3936 Solus
2780 3894 2839 3932 es
2861 3876 3067 3932 meritis
3096 3885 3148 3931 et
3174 3884 3365 3929 natura
3392 3887 3614 3942 compo-

2034 3978 2191 4044 situs,
2215 3974 2368 4045 cujus
2392 3972 2712 4045 magnanimi
2741 3971 2885 4042 iussa
2909 3978 3199 4025 sectentur.
3235 3966 3397 4035 Origo
3426 3974 3477 4020 te
3507 3966 3619 4033 qui-

2033 4070 2153 4125 dem
2186 4068 2334 4125 dedit
2361 4067 2657 4132 dominum,
2684 4064 2779 4120 sed
2804 4064 2972 4119 virtus
2994 4061 3245 4117 asseruit.
3268 4060 3492 4128 Sceptra
3522 4057 3618 4112 tibi

2033 4164 2337 4222 conciliavit
2376 4162 2630 4233 splendor
2656 4159 2870 4231 generis
2910 4177 2922 4212 :
2955 4157 3109 4227 cujus
3139 4156 3183 4211 si
3211 4155 3463 4210 deessent
3490 4151 3619 4206 insi-

2033 4258 2178 4328 gnia,
2210 4254 2333 4324 eligi
2368 4263 2418 4308 te
2444 4253 2495 4307 iu
2522 4251 2817 4321 principem
2850 4264 3001 4303 mens
3024 4248 3259 4303 fecisset.

2107 4346 2214 4402 Sed
2258 4359 2357 4399 nec
2387 4341 2573 4397 forma:
2618 4351 2721 4395 tuas
2758 4340 2920 4393 decus
2966 4338 3107 4393 inter
3135 4344 3403 4405 postrema
3432 4351 3620 4392 nume-

2036 4439 2265 4495 randum
2302 4443 2405 4497 est,
2441 4431 2655 4503 quando
2685 4431 2816 4501 regii
2847 4430 3023 4483 vultus
3054 4442 3283 4497 purpura
3309 4438 3515 4481 ostrum
3540 4428 3621 4480 di-

2040 4529 2262 4603 gnitatis
2296 4526 2539 4583 irradiat.
2577 4524 2865 4589 Exhibete,
2897 4521 3089 4585 Seres,
3121 4520 3428 4575 indumenta
3449 4559 3465 4584 ,
3499 4532 3622 4587 pre-

1957 4654 2013 4717 D
2040 4627 2177 4681 tioso
2208 4623 2412 4678 murice
2441 4635 2557 4691 quae
2589 4619 2801 4682 fucatis,
2834 4625 2888 4671 et
2913 4630 3017 4669 non
3048 4629 3153 4667 uno
3178 4612 3355 4667 aheno
3382 4610 3623 4666 bibentia

2038 4718 2367 4774 nobilitatem
2402 4713 2635 4783 tegmina
2661 4718 2943 4780 prorogate
2970 4726 2981 4760 :
3012 4705 3370 4761 discoloribus
3393 4704 3624 4774 gemmis

2040 4820 2243 4867 svrtum
2278 4816 2522 4869 taxatur;
2551 4811 2607 4858 et
2633 4818 2789 4872 quem
2825 4798 3194 4855 vehementior
3220 4798 3403 4867 vipera
3435 4805 3622 4851 custo-

2041 4902 2154 4966 dit,
2187 4900 2321 4969 lapis
2368 4897 2638 4951 adveniat.
2696 4892 3038 4961 Quaecunque
3067 4900 3380 4945 ornamenta
3420 4890 3625 4945 mundo

2041 4992 2373 5061 obsequente
2425 4987 2737 5043 tran‘smissa
2771 4983 2995 5050 fuerint,
3031 4982 3281 5039 deciirata
3334 4983 3625 5039 venerandi

2041 5087 2201 5157 genio
2227 5084 2473 5153 corporis
2505 5083 2624 5151 plus
2654 5079 2930 5135 lucebunt.
2962 5078 3173 5134 Statuta
3199 5087 3299 5143 est,
3336 5094 3456 5149 qum
3486 5078 3624 5133 resi-

2042 5189 2171 5251 gnet
2197 5179 2504 5247 prolixitate
2534 5182 2876 5242 regnantem:
2906 5170 2994 5224 nix
3026 5185 3285 5240 genarum
3310 5171 3468 5224 habet
3498 5185 3628 5222 con-

2045 5271 2280 5327 cordiam
2334 5283 2452 5322 cmn
2509 5266 2757 5319 rubore:
2804 5271 3027 5316 vernant
3084 5262 3282 5317 lumina
3337 5260 3627 5314 serenitate

2045 5346 2351 5415 continua:
2384 5356 2559 5427 digna:
2597 5369 2787 5409 manus
2831 5370 2952 5423 qum
3000 5354 3163 5409 exitia
3210 5351 3497 5407 rebellibus
3534 5349 3629 5401 tri-

2044 5453 2238 5512 buant,
2276 5451 2535 5503 bonorum
2565 5455 2684 5501 vota
2734 5445 3003 5514 subjectis.
3037 5445 3220 5498 Nullus
3249 5440 3623 5506 intempestive

2046 5542 2271 5614 positum
2295 5541 2487 5611 jactet:
2518 5542 2639 5608 quia
2671 5539 2809 5608 quod
2844 5545 3002 5607 agunt
3036 5538 3086 5589 in
3115 5535 3233 5588 aliis
3261 5531 3490 5586 dominis
3519 5526 3632 5587 dia-

2047 5635 2277 5697 demata,
2308 5630 2407 5685 hoc
2436 5631 2485 5684 in
2513 5646 2635 5699 rege
2662 5646 2783 5685 tneo
2804 5638 3019 5696 cperata
3042 5635 3143 5691 est,
3174 5622 3281 5679 Deo
3312 5623 3625 5691 fabricantc,

2047 5738 2252 5784 natura.
2284 5726 2406 5779 Illos
2454 5724 2651 5779 faciunt
2678 5733 2754 5777 tot
2802 5720 3108 5775 divitiarum
3136 5716 3445 5788 adjumenta
3493 5734 3628 5775 con-

424 5891 442 5925 ’
474 5888 589 5949 Non
618 5906 710 5959 per
732 5888 985 5959 exoticos]
1016 5889 1159 5947 Libri
1190 5905 1418 5956 omnes,
1446 5906 1546 5944 non
1576 5900 1624 5945 te
1663 5889 1935 5955 rexoticus,
1964 5901 2029 5946 ex
2059 5898 2163 5956 quo
2188 5896 2522 5954 germanam,
2554 5892 2609 5937 ut
2640 5894 2783 5945 reor,
2818 5878 3101 5936 lectionem
3130 5877 3388 5939 eruimus.
