4192 6260
604 420 707 475 183

1747 418 2022 476 ENNODII
2063 420 2366 481 EPISCOPI
2404 425 2781 485 TlCINENSlS

3770 432 3867 487 ΜΝ

599 537 812 637 ξβίευοε
840 554 852 588 ε
1024 536 1357 637 hunc—edidit
1384 536 1634 637 simplex,
1681 544 1735 590 et
1778 535 2183 637 indemutabilis
2211 544 2265 603 Α
2290 545 2415 600 bula
2440 544 2739 637 perfectos.
2770 542 2876 600 Sed
2908 545 3110 599 utinam
3133 544 3280 599 aurei
3306 544 3445 600 bona
3472 543 3655 600 saeculi
3682 558 3870 616 purpu-

599 627 768 698 ﬁgura
817 628 1115 684 meliorem.
1146 628 1282 695 Quid
1325 629 1471 682 cultu
1516 628 1788 695 laborent,
1820 628 1912 697 qui
1964 626 2185 697 cupiunt

603 720 943 789 peregrinam
992 722 1232 776 obtinere
1264 720 1708 790 pulchritudinem
1744 721 1767 774 ἲ
1798 719 1963 774 Italia:
2009 728 2187 774 rector

600 809 657 863 in
688 808 976 863 amicitiam
1022 811 1221 880 colligit
1247 811 1352 865 duo
1381 811 1778 875 diversissima;
1808 819 1868 864 ut
1912 809 1982 863 sit
2022 808 2076 863 in
2108 809 2184 863 ira

600 899 719 954 sine
747 900 1147 970 comparatione
1197 901 1518 981 fulmineus,
1552 904 1604 956 in
1666 901 1847 955 lzetitia
1884 899 2001 956 sine
2045 900 2187 955 nube

599 990 891 1047 formosus.
932 993 1144 1048 Feriato
1172 1010 1283 1055 ore
1309 995 1498 1065 legatis
1552 995 1823 1065 gentium,
1856 1003 1949 1049 aut
1994 1007 2182 1063 pacem

599 1083 795 1139 blanda
826 1088 1089 1156 promittit
1135 1088 1358 1159 efﬁgies,
1387 1098 1478 1144 aut
1516 1090 1652 1146 bella
1685 1089 1964 1145 terribilis.
2000 1087 2185 1143 Tantis

600 1187 854 1233 constans
901 1179 1218 1250 insignibus,
1252 1191 1447 1252 quanta
1490 1182 1727 1238 facerent
1774 1182 1977 1237 viritim
2008 1181 2187 1237 distri-

2291 647 2467 695 ratum
2491 654 2555 694 ex
2587 648 2640 695 te
2665 653 2884 709 germen
2916 637 3245 707 ampliﬁcet!
3280 639 3481 694 utinam
3523 638 3699 695 haeres
3730 643 3871 712 regni

2292 731 2345 785 in
2375 732 2480 785 tuis
2506 729 2712 784 sinibus
2740 728 2920 783 ludat!
2954 738 3013 783 ut
3043 728 3159 783 haec
3187 744 3305 798 quae
3336 728 3430 783 tibi
3458 728 3733 785 oﬁ'erimus
3756 745 3874 787 ver-

2292 821 2479 877 borum
2510 820 2785 888 libamina,
2815 835 2969 875 sacer
2996 821 3251 890 parvulus
3278 835 3307 874 a
3344 821 3497 876 nobis
3521 823 3699 893 exigat
3729 823 3874 879 simi-

2292 914 2420 969 lium
2444 914 2792 969 attestatione
2808 913 3142 982 gaudiorum.
3174 913 3314 969 Ecce
3338 914 3671 972 satisfaciens
3698 916 3875 974 debito

2293 1014 2347 1061 et
2388 990 2676 1060 obsecutus
2706 1004 2879 1059 ofﬁcio
2904 1045 2919 1071 ,
2951 1005 3249 1059 orationem
3279 1020 3452 1061 meam
3482 1007 3723 1065 oratione
3749 1023 3876 1065 con-

2294 1097 2449 1153 clusi.

625 1302 3866 1328 ’ΜΝ

1531 1410 2266 1495 OPUSCULUM
2305 1410 2998 1494 SECUNDUM.

804 1568 1153 1623 LIBELLUB
1177 1574 1556 1625 ADVERBUB
1585 1576 1722 1626 808
1745 1577 1870 1643 QUI
1893 1573 1910 1603 ¹
1934 1576 2231 1626 CONTRA
2257 1577 2609 1629 BYNODUM
2632 1576 2996 1629 SCRIBEBE
3016 1578 3678 1634 PRESUMPSEBUNT.

1194 1792 1584 1849 PREFATIO.

669 1881 823 1939 Solet
868 1884 1080 1940 dicendi
1133 1884 1379 1941 aﬁ'ectum
1430 1901 1613 1942 rerum
1664 1885 1825 1941 ardor
1852 1884 2109 1955 exigere:
2142 1881 2188 1936 si

600 1960 796 2030 avarus
826 1975 998 2031 laudis
1017 1986 1099 2032 est
1121 1978 1329 2032 animus
1355 1987 1411 2033 et
1437 1979 1673 2034 favorem
1698 1978 1970 2033 desiderat
1992 1974 2192 2032 sudore

599 2067 862 2131 mercari;
895 2078 949 2124 et
982 2085 1075 2139 per
1106 2070 1468 2127 blandimenta
1501 2072 1687 2142 gloriae
1715 2086 1933 2127 crucem
1965 2084 2191 2125 narran-

600 2161 671 2214 tis
704 2162 908 2231 ignorat
942 2180 953 2212 :
988 2170 1079 2215 aut
1129 2162 1261 2217 lucri
1311 2164 1698 2233 compedibus,
1754 2163 1949 2233 linguae
2006 2161 2193 2215 vendit

600 2252 918 2323 obsequium
942 2293 958 2318 ,
982 2263 1039 2307 ut
1066 2254 1192 2309 dum
1224 2257 1433 2311 animus
1456 2256 1686 2311 habendi
1729 2256 1978 2325 cupidine
2009 2255 2193 2325 subju-

602 2355 758 2417 gatus
784 2355 1165 2417 praesumptum
1189 2348 1417 2403 aestimat
1439 2350 1548 2419 jam
1577 2357 1761 2405 tenere
1790 2347 2189 2418 compendium,

599 2438 678 2491 sic
713 2436 1015 2507 ingruentia
1046 2454 1140 2509 per
1167 2441 1292 2512 styli
1312 2442 1627 2496 exercitium
1659 2441 1827 2497 nescit
1859 2438 2048 2495 timere
2080 2437 2192 2493 dis-

601 2530 825 2584 crimina
866 2549 877 2581 :
930 2539 1022 2585 aut
1074 2534 1396 2587 necessitate
1449 2532 1766 2599 conclusus,
1816 2530 2023 2601 profert
2079 2531 2193 2586 elo-

600 2623 784 2692 quium
818 2623 934 2678 sine
978 2640 1295 2695 quacunque
1341 2624 1468 2679 lima
1499 2625 1772 2694 captivum
1800 2665 1816 2691 ,
1857 2632 1911 2679 et
1952 2623 2189 2678 nesciam

596 2713 824 2784 pudoris
852 2716 1081 2772 frontem
1106 2726 1371 2772 monstrat
1402 2718 1456 2772 in
1485 2718 1744 2782 medium,
1770 2727 1827 2771 ut
1856 2702 1982 2772 dum
2011 2718 2189 2771 inten-

598 2808 734 2863 tioni
786 2807 1106 2876 famulatur,
1158 2811 1489 2882 diligentiam
1532 2811 1744 2867 decoris
1786 2810 2035 2881 abjuret:
2067 2810 2189 2879 quia

600 2900 813 2956 dicendi
857 2913 1173 2958 ornamenta
1226 2919 1330 2957 non
1390 2912 1514 2958 sunt
1564 2902 1796 2973 negotii,
1825 2901 1920 2956 sed
1953 2900 2187 2971 quietis;

598 3010 703 3049 nec
733 2996 937 3051 militia:
968 3006 1094 3052 sunt
1139 2998 1277 3067 picta
1308 2998 1503 3065 verba,
1537 2996 1631 3051 sed
1659 2996 1753 3051 otii
1779 3014 1793 3049 :
1835 3008 2056 3063 campus
2085 2992 2193 3047 for-

599 3098 709 3143 tem
742 3091 975 3160 postulat
1004 3134 1017 3158 ,
1054 3106 1155 3162 pax
1194 3092 1455 3161 profunda
1508 3090 1859 3146 redimitum:
1893 3090 1982 3161 qui
2010 3087 2192 3160 profu—

600 3192 720 3236 tura
748 3186 965 3250 asserit,
1002 3184 1271 3255 loquelam
1304 3199 1424 3254 quae
1454 3184 1739 3253 penniculo
1771 3183 1900 3237 artis
1929 3190 2011 3238 est
2040 3181 2189 3237 colo-

598 3284 739 3341 rata,
775 3278 1092 3332 contemnit.
1124 3278 1215 3333 liis
1245 3292 1373 3347 ergo
1413 3277 1484 3330 ita
1512 3290 1570 3331 se
1599 3275 1939 3347 habentibus,
1971 3286 2188 3327 causam

596 3370 925 3426 narrationis
980 3370 1215 3434 insinuo,
1268 3378 1322 3425 et
1372 3362 1611 3423 coacta'm
1664 3382 1850 3423 vocem
1904 3344 2190 3437 pravorum

601 3463 801 3518 latratu
828 3462 1096 3533 religiosis
1115 3462 1387 3516 mentibus
1406 3460 1758 3516 commendo:
1789 3459 2043 3528 scriptum
2072 3472 2192 3513 esse

598 3556 978 3619 reminiscens,
1003 3555 1224 3625 Tempus
1250 3553 1474 3620 tacendi,
1506 3562 1701 3624 tempus
1732 3552 1977 3623 loquendi
2001 3549 2189 3620 (Eccli.

600 3666 683 3715 nt,
717 3650 801 3718 8):
838 3648 923 3701 vel
956 3658 1075 3715 post
1105 3646 1265 3701 ﬁdem
1295 3646 1595 3717 prophetici
1636 3643 1841 3699 oraculi
1862 3646 1883 3674 ²
1910 3642 2191 3711 cujusdam

599 3744 833 3800 oratoris
865 3741 1210 3811 exemplum,
1249 3742 1337 3813 qui
1386 3742 1571 3805 refert,
1620 3739 1723 3794 nisi
1772 3753 1896 3793 cum
1941 3751 2194 3793 necessa-

601 3836 763 3899 riam,
798 3834 1010 3890 dicendi
1042 3834 1201 3888 nimis
1234 3833 1470 3904 ineptam
1501 3847 1621 3888 esse
1651 3829 2033 3886 conditionem.
2068 3827 2191 3884 Oris

603 3942 732 3997 ergo
757 3927 1119 3982 ministerium
1147 3940 1245 3996 pro
1273 3926 1471 3997 ingenii
1499 3924 1793 3979 valitudine
1820 3921 2191 3978 sacerdotibus

602 4018 773 4087 dedo,
800 4020 1059 4074 adversus
1085 4033 1219 4088 quos
1250 4017 1578 4072 sibilantium
1630 4016 1798 4072 effusa
1829 4024 1955 4069 sunt
1985 4028 2189 4069 venena

599 4105 903 4179 linguarum
933 4128 943 4161 :
980 4109 1107 4164 licet
1137 4121 1288 4164 scuto
1334 4108 1538 4163 munita
1572 4107 1697 4162 ﬁdei
1733 4107 2058 4175 Spiculorum
2092 4107 2190 4160 im-

598 4202 754 4259 brem
804 4203 1060 4272 patientia
1084 4203 1331 4273 religiosa
1364 4217 1470 4257 non
1500 4202 1706 4266 timeat,
1740 4210 1795 4255 et
1818 4200 1884 4255 ad
1918 4208 2187 4255 auctorem

600 4299 827 4355 redeant
859 4299 963 4354 tela
994 4313 1114 4369 quae
1147 4299 1263 4353 sine
1293 4298 1529 4353 bellandi
1559 4307 1674 4352 arte
1705 4294 2029 4364 diriguntur.
2062 4292 2191 4360 Qui-

598 4390 702 4448 bus
722 4392 864 4447 enim
899 4407 994 4460 pro
1027 4391 1193 4446 lorica
1225 4390 1470 4446 Christus
1498 4398 1601 4455 est,
1639 4388 1747 4442 vim
1780 4402 1884 4441 non
1914 4393 2185 4454 metuunt,

602 4491 657 4539 et
700 4484 945 4538 inimicos
979 4483 1136 4553 longa
1174 4481 1576 4552 exspectatione
1608 4487 1979 4549 prosternunt.
2030 4478 2187 4545 Quis-

602 4590 833 4645 quamne
862 4584 1040 4629 tamen
1073 4576 1124 4628 in
1162 4576 1261 4629 hac
1290 4575 1404 4629 acie
1446 4572 1684 4643 praelium
1740 4580 1887 4642 putet
1933 4584 2054 4624 esse
2082 4568 2192 4623 lor-

601 4668 814 4735 midini,
848 4667 899 4721 in
927 4682 1028 4736 qua
1069 4665 1180 4720 Deo
1225 4673 1280 4721 et
1319 4665 1659 4734 pontiﬁcibus
1690 4664 1919 4718 infertur
1961 4663 2079 4716 sine
2109 4658 2188 4714 vi.

601 4760 741 4813 rium
798 4758 1152 4813 aestimatione
1180 4756 1493 4813 certamen?
1541 4755 1895 4826 quisquamne
1921 4753 2119 4807 fluxum
2141 4760 2196 4806 et

603 4850 968 4906 lacessentem
1021 4852 1230 4907 hostem
1284 4852 1502 4919 videat,
1552 4860 1606 4905 et
1660 4850 1962 4921 praeliorum
2018 4845 2193 4900 causis

679 4966 693 4993 ¹
724 4962 1191 5040 Contrasgnodum
1210 4967 1439 5040 scribere
1460 4960 1917 5040 praesumpserant]
1946 4958 2193 5040 Synpdus

606 5050 767 5100 quam
808 5035 907 5088 hoc
933 5035 1112 5089 libello
1134 5036 1372 5089 defendit
1403 5036 1677 5090 Ennodius
1706 5048 1770 5087 ea
1803 5042 1883 5087 est
1904 5046 2023 5100 qua:
2052 5035 2193 5083 inter

605 5104 875 5175 Romanas
923 5106 1231 5175 Symmachi
1279 5121 1426 5175 papte
1459 5118 1646 5173 quarta
1674 5101 1960 5175 'numerari
1992 5100 2189 5165 debet,

602 5192 636 5231 x
667 5177 766 5228 cal.
813 5174 1127 5231 Novembris
1161 5174 1320 5231 Rufio
1352 5174 1552 5245 Magno
1584 5176 1781 5230 Fausto
1819 5174 2024 5229 Avieno
2053 5185 2104 5223 ν.
2136 5185 2187 5225 ι’.

606 5247 830 5301 consule
858 5258 1091 5315 peracta,
1125 5263 1243 5316 qua:
1291 5258 1344 5301 et
1384 5248 1637 5315 palmaris
1663 5246 2032 5316 cognominata
2069 5249 2182 5316 est.

604 5315 662 5371 ln
682 5334 783 5387 qua
802 5312 920 5371 eum
945 5312 1217 5371 absolutus
1240 5312 1429 5389 fuisset
1450 5312 1804 5389 Symmachus
1822 5312 2188 5389 aicsiminibus

606 5385 799 5456 quibus
830 5390 1183 5457 impetebatur
1205 5389 1271 5442 ab
1302 5385 1640 5451 adversariis,
1666 5388 1865 5456 reperti
1900 5395 2023 5438 sunt
2047 5385 2188 5457 inter

608 5455 999 5523 schismaticos,
1031 5460 1121 5527 qui
1148 5468 1329 5513 contra
1354 5458 1497 5512 illam
1523 5455 1760 5514 scribere
1785 5458 2044 5511 auderent
2067 5496 2082 5521 ,
2113 5455 2185 5508 ti-

608 5530 881 5599 tulumque
906 5531 1053 5599 operi
1084 5545 1181 5591 suo
1202 5530 1383 5584 indere
1410 5571 1425 5594 ,
1457 5544 1732 5584 anvensuu
1766 5542 2000 5584 svaonun
2026 5539 2185 5599 ηερ-ς

608 5595 845 5655 umonis
892 5595 1222 5657 ιΝὸοκριιωε,
1270 5601 1470 5669 Quibus
1522 5600 1817 5665 Ennodius,
1875 5614 1939 5653 ex
1992 5595 2184 5667 synodi

608 5672 860 5742 mandato
888 5686 1048 5742 atque
1084 5673 1420 5735 auctoritate,
1456 5672 1557 5725 hoc
1576 5670 1934 5737 -Apolqgetico
1960 5682 2187 5742 respon-

608 5739 706 5803 dit,
739 5751 792 5813 et
824 5739 1032 5807 singula
1076 5760 1264 5798 eorum
1297 5752 1612 5813 argumenta
1655 5742 1937 5813 refellens,
1973 5739 2187 5791 univer-

608 5824 719 5863 sam
750 5812 1056 5881 Symmachi
1091 5812 1385 5885 synodique
1406 5829 1622 5869 causam
1655 5812 1937 5885 diligenter
1966 5821 2186 5885 accura-

608 5878 984 5957 tequeiutatus
1007 5894 1106 5957 est.
1121 5878 1240 5953 Quo
1258 5878 1473 5942 nomine
1494 5886 1628 5945 adeo
1644 5878 1916 5957 episcopis
1936 5878 2183 5937 omnibus

607 5955 863 6024 prebatns
899 5967 979 6010 est
1009 5955 1163 6022 liber,
1198 5965 1255 6007 ut
1280 5971 1399 6011 eum
1447 5957 1682 6025 synodus
1713 5955 1879 6009 altera
1920 5964 2037 6019 qua:
2066 5958 2183 6018 post

2296 1812 2657 1869 adversarium
2709 1814 2939 1870 debilem
2993 1817 3596 1885 expavescat?lnvidet
3638 1821 3737 1876 sibi
3769 1822 3883 1893 ipse

2222 1944 2270 2005 B
2303 1906 2605 1971 victoriam,
2633 1907 2722 1975 qui
2748 1908 3077 1962 conscientia
3110 1909 3444 1965 vulneratum
3469 1913 3681 1983 aggredi
3703 1923 3884 1973 cessat

2295 1998 2596 2053 inimicum.
2623 1998 2705 2053 Ad
2732 1999 2940 2054 lucrum
2971 1999 3143 2055 hostis
3166 2002 3245 2055 sui
3274 2003 3542 2071 procedit,
3564 2004 3651 2073 qui
3675 2007 3727 2059 in
3754 2021 3885 2061 con-

2295 2090 2531 2147 ﬂictibus
2563 2106 2667 2145 non
2698 2091 2846 2161 prius
2874 2106 3084 2160 causas,
3112 2109 3269 2164 quam
3301 2096 3445 2150 aliud
3478 2098 3769 2168 expendit:
3795 2099 3885 2159 dat

2296 2184 2439 2238 vires
2480 2184 2674 2253 jaculis
2722 2185 3027 2239 innocentia
3054 2227 3070 2249 ,
3115 2194 3169 2241 et
3220 2202 3531 2244 mucronem
3588 2200 3783 2246 acuunt
3821 2207 3883 2248 ex

2298 2292 2451 2347 aequo
2480 2278 2748 2333 venientia
2780 2287 2904 2333 vota
2934 2279 3175 2335 bellandi
3206 2298 3220 2337 :
3249 2282 3582 2350 pcrcutiendi
3625 2284 3885 2355 impetum

2297 2371 2416 2440 plus
2442 2370 2639 2439 justum
2669 2372 2911 2427 dolorem
2941 2373 3143 2428 scimus
3166 2374 3377 2429 dedisse
3419 2391 3579 2446 quam
3642 2376 3883 2435 brachia.

2297 2459 2425 2515 lnde
2452 2476 2741 2530 paucorum
2774 2464 2895 2519 telis
2927 2464 3214 2520 multitudo
3237 2481 3344 2521 non
3373 2468 3632 2524 substitit.
3662 2467 3887 2528 Dicente

2298 2567 2427 2619 ergo
2459 2568 2666 2608 mecum
2710 2556 2972 2625 propheta
2991 2574 3019 2615 :.
3040 2556 3229 2613 Plures
3258 2560 3521 2614 nobiscum
3550 2572 3689 2629 sunt,
3730 2582 3887 2635 quam

2296 2662 2412 2699 eum
2441 2645 2547 2701 illis
2570 2638 2675 2714 (IV
2711 2646 2839 2720 Reg.
2876 2664 2950 2714 vi,
2982 2647 3105 2717 16):
3139 2650 3459 2720 placiturum
3493 2653 3682 2723 bonis,
3709 2671 3887 2727 quan-

2298 2748 2408 2794 tum
2438 2741 2668 2807 aestimo,
2707 2756 2842 2809 opus
2872 2742 3147 2812 incipiam.

2369 2852 2647 2908 Sufﬁceret
2662 2854 2875 2924 quidem
2896 2856 3289 2912 schismaticam
3308 2860 3626 2929 imperitiam
3644 2866 3887 2933 proposi-

2297 2945 2441 3001 tione
2467 2947 2765 3003 cecidissc:
2800 2950 3030 3005 maxime
3052 2966 3172 3006 cum
3201 2967 3384 3008 secum
3410 2954 3644 3011 habeant
3670 2958 3885 3028 objecta

2295 3055 2636 3111 responsum,
2672 3051 2726 3097 et
2754 3052 3025 3098 mereatur
3057 3045 3242 3100 titulus
3270 3047 3387 3102 sine
3415 3047 3657 3104 lectionis
3683 3051 3886 3109 discus-

2294 3133 2448 3188 sione
2478 3148 2600 3189 cum
2632 3144 2852 3191 auctore
2894 3136 3137 3191 damnari
3173 3156 3183 3190 :
3225 3154 3344 3193 cum
3396 3140 3448 3194 in
3498 3145 3886 3211 prtenotatione

2295 3226 2410 3296 ipsa
2439 3228 2798 3298 signiﬁcantia
2829 3232 3009 3300 opcris
3040 3232 3342 3288 innotescat
3382 3234 3663 3301 immundi,
3696 3238 3885 3294 dicen-

2218 3328 2264 3393 α
2295 3320 2426 3375 tium
2456 3338 2721 3377 anvensus
2743 3338 2981 3379 svsonuu
3008 3330 3380 3380 Ausonurtoms’
3409 3341 3739 3383 mcoxonwc.
3768 3332 3886 3402 Ego

2294 3421 2473 3467 tamen
2507 3430 2648 3469 nunc
2692 3415 2737 3468 si
2780 3430 2957 3485 agam,
2988 3417 3143 3486 quasi
3170 3432 3304 3487 opus
3332 3419 3400 3472 sit
3425 3418 3600 3475 alieno
3624 3435 3752 3476 ense
3784 3438 3885 3492 pe-

2295 3505 2404 3559 rire
2432 3506 2572 3559 mala
2618 3515 3031 3574 proponentem.
3087 3507 3235 3563 Istud
3266 3512 3619 3579 prmloquium
3665 3523 3883 3582 potest,

2294 3596 2685 3653 dementissimi
2718 3598 2993 3655 hominum
3015 3642 3030 3665 ,
3064 3610 3269 3656 tantum
3318 3602 3610 3658 inscientiae
3638 3606 3884 3661 ascribi?

2296 3692 2461 3747 Estne
2511 3692 2701 3761 aliquis
2734 3701 2925 3762 praeter
2970 3707 3089 3758 vos,
3138 3696 3215 3749 sic
3267 3696 3403 3749 inter
3434 3710 3559 3749 oves
3604 3696 3883 3754 ulcerosas

2294 3784 2631 3854 deputandns
2653 3793 2708 3841 et
2724 3787 3001 3853 erraticas,
3026 3788 3114 3856 qui
3140 3802 3389 3857 magnum
3414 3803 3593 3858 regem
3611 3789 3885 3857 potuisset

2296 3878 2563 3934 lacessere
2592 3889 2868 3949 pastorum
2892 3881 2915 3934 ?
2936 3880 3150 3936 dicente
3181 3884 3442 3950 propheta
3469 3900 3481 3937 ε
3510 3882 3674 3936 Filios
3693 3885 3885 3939 nutrivi

2296 3984 2341 4029 et
2371 3974 2613 4037 exaltavi,
2645 3975 2745 4042 ipsi
2775 3983 2945 4041 autem
2996 3983 3293 4043 spreverunt
3334 3990 3412 4028 me
3441 3974 3595 4046 (lsai.
3639 3991 3676 4040 ι,
3709 3974 3799 4045 2):
3830 3987 3885 4033 et

2296 4066 2523 4121 Domino
2566 4066 2633 4121 de
2681 4068 2970 4136 apostolis,
3018 4068 3117 4133 Qui
3142 4084 3230 4122 vos
3275 4070 3505 4136 spernit,
3556 4086 3636 4123 me
3684 4070 3883 4137 spernit

2295 4155 2447 4229 (Luc.
2473 4174 2528 4222 ι,
2564 4158 2652 4225 lti)
2680 4176 2693 4210 :
2728 4172 2862 4224 quos
2889 4158 3173 4226 episcOpos
3225 4157 3389 4213 fuisse
3422 4160 3681 4229 propheta
3711 4169 3886 4215 testa-

2298 4260 2405 4316 tur,
2440 4251 2506 4305 de
2531 4250 2664 4305 Juda
2713 4249 2978 4306 dicendo:
3025 4247 3092 4304 Et
3130 4251 3482 4321 episcOpatum
3528 4255 3637 4323 ejus
3662 4254 3886 4321 accipiat

2295 4344 2424 4398 alter
2451 4342 2620 4417 (Psat.
2663 4358 2811 4409 cvm,
2856 4343 2933 4411 8).
2963 4342 3224 4411 Apostolo
3267 4358 3418 4412 a-que
3466 4343 3631 4399 Paulo
3671 4346 3885 4414 proclaa

2296 4445 2497 4502 mante,
2532 4434 2750 4490 Obedite
2778 4436 3063 4505 praepositis
3084 4436 3281 4502 vestris,
3308 4436 3548 4504 quoniam
3572 4438 3673 4506 ipsi
3698 4454 3882 4491 exora-

2297 4526 2421 4580 bunt
2448 4544 2539 4597 pro
2559 4526 2696 4580 vobis
2723 4526 2911 4595 (Hebr.
2944 4542 3057 4590 xm,
3092 4527 3201 4595 17).

2369 4637 2475 4694 Sed
2514 4638 2798 4693 redeamus
2832 4637 2897 4691 ad
2925 4652 3145 4706 gravem
3177 4646 3230 4694 et
3257 4639 3618 4694 venerabilem
3652 4655 3757 4694 non
3790 4656 3882 4695 so-

2300 4738 2411 4793 lum
2434 4738 2535 4793 1|cit
2557 4739 2640 4793 ala
2664 4738 2999 4809 productam,
3024 4739 3115 4793 sed
3134 4741 3414 4809 mysticam
3442 4742 3884 4810 prepositionem.

2304 4859 2323 4893 ι
2371 4839 2486 4895 Νοη
2518 4854 2726 4906 omnes,
2772 4839 3037 4910 inquiunt,
3083 4839 3389 4894 sacerdotes
3430 4842 3572 4910 regis
3596 4842 3661 4897 ad
3702 4844 3883 4900 conci-

2296 4954 2634 5008 consulatum
2664 4952 2851 5008 Avieni
2895 4951 3075 5005 habita
3105 4954 3217 5014 es’t,
3247 4950 3499 5021 suffragio
3528 4967 3626 5007 suo
3676 4954 3881 5010 conﬁr-

2300 5026 2477 5097 marit,
2509 5033 2668 5092 atque
2696 5025 2836 5097 inter
2857 5031 3098 5097 quartam
3128 5033 3180 5097 e_t
3203 5021 3440 5097 quintam
3472 5024 3705 5097 synodos
3731 5024 3882 5097 Sym.

2301 5096 2619 5150 machianas
2667 5094 2941 5157 collocari,
2975 5094 3281 5161 decretique
3311 5096 3415 5146 vim
3448 5094 3689 5164 obtinere
3715 5094 3881 5164 jusse-

2298 5167 2390 5221 rit.
2434 5164 2602 5219 Hodie
2654 5173 2830 5219 tamen
2885 5179 3161 5232 perperam
3201 5173 3321 5232 post
3370 5163 3631 5234 synoddm
3674 5163 3881 5221 Avieno

2294 5235 2510 5306 juniore
2536 5244 2774 5289 coactam
2816 5234 3262 5306 poniturlibellus
3290 5233 3541 5306 Enn'odii,
3572 5250 3691 5288 cum
3719 5238 3878 5292 alteri

2297 5304 2418 5375 quae
2450 5306 2648 5361 Fausto
2677 5307 2899 5365 Avieno,
2932 5314 2987 5357 ut
3009 5304 3141 5370 dixi,
3173 5305 3396 5359 consule
3418 5304 3597 5359 habita
3620 5318 3725 5371 est,
3746 5311 3875 5361 sub-

2292 5378 2383 5445 jici
2416 5378 2626 5431 debeat.
2663 5376 2785 5429 Haec
2814 5377 2978 5439 enim,
3004 5389 3109 5429 non
3139 5375 3249 5442 illa,
3278 5375 3516 5445 synodus
3547 5376 3644 5429 fuit
3665 5377 3877 5433 absolu-

2294 5449 2482 5507 tionis.
2512 5456 2568 5502 et
2594 5458 2813 5517 quarta,
2856 5457 2909 5499 et
2937 5446 3223 5513 palmaris,
3251 5461 3278 5498 a
3311 5445 3616 5516 Symmachi
3667 5450 3876 5504 aemulis

2294 5513 2625 5588 Oppugnata,
2652 5520 2717 5571 ab
2752 5518 2996 5588 Ennodin
3023 5517 3262 5588 defensa.
3437 5586 3447 5588 _
3596 5532 3625 5588 _'
3669 5586 3678 5588 _
3753 5587 3771 5588 ﬂ
3946 5513 3955 5561 ἲ

2364 5585 2384 5620 ί
2410 5588 2690 5661 Cujusdam
2734 5585 2991 5709 oratoris}
3019 5586 3295 5641 Ciceronis
3344 5585 3555 5657 dialogo
3588 5585 3617 5642 Ι
3649 5586 3716 5640 de
3741 5587 3874 5640 Ora-

2364 5676 2425 5709 Ὢ.
2458 5661 2547 5709 ubi
2578 5660 2827 5709 Crassum
2860 5658 2934 5709 sic
2988 5668 3271 5709 onuentem
3306 5656 3543 5709 inducit:
3580 5656 3718 5709 Nam
3749 5660 3872 5709 quid

2292 5670 2426 5723 tore,
2458 5656 2547 5713 tibi
2578 5660 2827 5714 Crassum
2860 5658 2934 5711 sic
2968 5656 3271 5726 loquentem
3306 5656 3543 5711 inducit:
3580 5656 3718 5709 Nam
3749 5660 3872 5725 quid

2291 5740 2363 5785 est
2387 5732 2608 5799 ineptius
2637 5745 2788 5799 quam
2814 5730 2876 5779 de
2896 5728 3112 5781 dicendo
3134 5729 3339 5799 dicere,
3362 5744 3476 5779 cum
3504 5726 3561 5779 id
3580 5730 3747 5795 ipsum
3789 5730 3870 5779 di.

2288 5820 2401 5857 cerc
2427 5798 2684 5871 nunquam
2714 5801 2778 5853 sit
2829 5815 2929 5853 non
2962 5800 3185 5869 ineptum
3204 5844 3216 5868 ,
3247 5798 3342 5850 nisi
3383 5814 3494 5850 cum
3533 5807 3605 5850 est
3636 5814 3868 5853 necessa~

2290 5876 2421 5934 rium
2441 5874 2463 5926 ?
3406 5928 3409 5931 ,

2362 5946 2379 5977 ³
2415 5944 2493 5999 F1
2518 5945 2601 5997 ala
2643 5942 2974 6016 productam]
3016 5941 3107 5997 Sic
3136 5940 3256 5997 libri
3286 5954 3494 6011 omnes,
3524 5954 3629 6011 quo
3668 5953 3861 6005 sensu.
