4184 6260
277 459 384 517 183

1226 451 1553 511 LIBELLUS
1589 446 2112 509 APOLOGETICUS
2154 450 2286 505 PRO
2326 449 2616 505 SYNODO.

281 584 407 641 lium
438 573 667 633 adscivit
695 570 1020 631 auctoritas:
1054 572 1071 602 ¹
1103 584 1200 627 nec
1225 583 1412 626 omnes
1442 570 1495 623 in
1528 566 1856 645 iudicatione
1883 568 1937 629 Α
1959 563 2043 619 (ιω
2083 562 2310 633 loquelae
2340 562 2467 617 fecit
2496 570 2779 626 auctores;
2807 558 2998 629 quibus
3037 558 3169 613 'anni
3200 562 3411 613 veteres
3454 572 3541 613 re-

281 679 591 732 senserunt.
631 687 651 721 ι
706 666 967 736 Mancipia
1015 663 1254 729 Tartari,
1301 672 1356 717 et
1401 661 1603 741 liquido
1645 660 1859 716 Satanae

283 765 542 829 ministri,
575 774 923 833 quoscunque
948 771 1057 813 non
1088 757 1331 813 evocavit
1357 756 1611 824 scriptum
1658 753 1863 823 princi-

286 862 391 930 pis,
414 856 566 913 novis
590 853 839 919 nexibus,
873 852 1164 907 et‘actuum
1187 858 1489 906 vestrorum
1518 847 1677 917 spiris
1703 860 1863 902 causa

282 953 567 1024 pertraxit.
600 948 737 1003 Nolo
758 947 937 1001 dicere
966 944 1018 1000 in
1044 961 1149 1015 quo
1175 944 1369 999 fuerint
1395 952 1540 1011 voto,
1572 945 1623 998 in
1642 957 1744 1013 qua
1775 942 1867 997 de-

287 1044 609 1102 liberatione
634 1040 1004 1098 discedentes:
1036 1040 1230 1110 quibus
1276 1038 1490 1094 taedium
1524 1037 1610 1091 illa
1658 1036 1869 1107 peperit

287 1135 641 1207 exspectatio,
665 1149 786 1190 cum
808 1132 1054 1187 viderent
1074 1130 1433 1186 venerabilem
1458 1144 1647 1200 papam
1680 1129 1868 1197 longas

286 1230 342 1285 in
371 1229 475 1283 vita
505 1235 692 1284 contra
725 1225 806 1281 fas
827 1240 983 1280 suum
1011 1223 1252 1279 inducias
1279 1223 1569 1292 accepisse.
1602 1222 1869 1283 Videbam

286 1322 459 1377 ather
488 1329 693 1374 tantum
723 1318 946 1374 directis
974 1333 1001 1371 a
1047 1331 1107 1372 se
1131 1316 1323 1386 iaculis
1352 1317 1649 1371 verberari.
1680 1316 1775 1371 His
1802 1332 1869 1373 ne

288 1414 479 1470 liceret
516 1412 816 1468 infelicibus
840 1412 897 1466 in
927 1410 1190 1467 malorum
1236 1418 1450 1465 actuum
1499 1411 1870 1467 consolatione

289 1518 507 1563 secreto
532 1507 882 1571 delitescere,
916 1505 1064 1560 libris
1107 1504 1301 1561 vestris
1332 1506 1599 1560 nudantdr
1644 1508 1871 1561 abscon-

291 1599 415 1665 diti,
443 1609 496 1654 et
518 1614 614 1669 per
639 1613 734 1653 vos
762 1599 815 1652 in
839 1598 980 1667 turpi
1012 1597 1153 1653 facto
1170 1597 1368 1653 habere
1397 1598 1735 1654 solitudinem
1762 1615 1869 1654 non

291 1692 574 1756 sinuntur;
604 1691 817 1746 dicente
845 1690 1069 1746 Domino
1096 1690 1149 1745 in
1181 1689 1482 1761 Evangeliis
1509 1709 1519 1743 :
1558 1690 1737 1745 Omnis
1762 1707 1871 1745 ma-

297 1785 381 1837 lus
407 1784 511 1837 odit
539 1783 699 1836 lucem
728 1779 906 1852 (Joan.
936 1797 1014 1845 tu,
1042 1779 1157 1852 20).

298 1894 301 1895 ⁷
376 1914 394 1947 σ
440 1895 567 1950 Post
614 1894 730 1947 haec
758 1893 1019 1959 asseritis,
1048 1895 1067 1924 ²
1097 1892 1437 1948 adversarios
1465 1906 1615 1963 papa:
1645 1892 1871 1948 Romani

292 1985 398 2040 dici
428 2000 530 2038 non
558 1984 825 2049 debuisse,
857 1984 945 2053 qui
978 1983 1289 2053 praedictum
1338 1985 1567 2054 prolatis
1596 1985 1865 2055 petitioni-

287 2076 394 2132 bus
419 2076 765 2131 accusabant.
803 2093 822 2127 ι
858 2075 877 2105 ³
912 2074 1103 2130 Dolnse
1128 2074 1375 2132 videlicet
1400 2077 1505 2132 hoc
1532 2087 1773 2147 agentes,
1807 2093 1872 2135 eo

292 2168 444 2237 quod
468 2167 795 2221 adversarios
817 2176 1220 2238 suspectosque,
1243 2170 1498 2225 canonica
1524 2172 1873 2242 synodalibus

294 2258 566 2311 clamante
594 2259 645 2311 in
671 2257 894 2313 decretis
915 2259 1251 2322 auctoritate,
1278 2261 1329 2313 in
1355 2275 1505 2315 suam
1529 2263 1695 2331 recipi
1718 2279 1875 2320 accu-

288 2350 559 2403 sationem
592 2350 869 2418 episcopos
901 2351 1119 2406 miuime
1162 2353 1493 2421 oportuisse,
1528 2368 1623 2408 vos
1668 2371 1773 2410 non
1798 2357 1877 2411 la-

289 2440 483 2494 tuisset
517 2456 530 2491 :
571 2458 588 2490 ι
621 2439 687 2493 ad
717 2441 1031 2495 assertionis
1064 2442 1223 2497 fidem
1259 2443 1564 2513 jungenles,
1597 2447 1738 2516 quod
1780 2462 1874 2503 eos

294 2533 403 2587 ista
432 2534 649 2587 nomine
697 2545 960 2603 praecepta
992 2536 1135 2605 regia
1184 2552 1290 2590 non
1319 2550 1621 2595 vocassent.
1660 2560 1677 2592 ›
1705 2542 1749 2595 0
1778 2542 1875 2598 ho-

285 2629 462 2683 mines
479 2628 623 2681 omni
655 2628 785 2682 artis
806 2628 931 2682 lima
960 2630 1305 2699 compositos,
1326 2643 1379 2686 et
1409 2633 1633 2688 caminis
1660 2634 1864 2690 fabrili-

284 2719 390 2773 bus
411 2725 688 2785 excoctos,
712 2718 803 2788 qui
827 2718 893 2774 ad
913 2720 1311 2790 stipulationem
1338 2722 1601 2779 dictorum
1618 2724 1877 2784 desudata

290 2812 550 2865 invenere
592 2811 934 2865 testimonia!
968 2814 1224 2869 Amamus
1247 2855 1261 2879 ,
1292 2816 1572 2871 reverendi
1597 2819 1721 2883 viri,
1752 2832 1878 2874 sen-

290 2904 521 2957 tentiam
549 2915 800 2971 vestram,
828 2915 879 2958 et
904 2915 957 2957 ut
980 2905 1148 2972 aiunt,
1182 2906 1429 2976 in'ipsam
1453 2909 1677 2979 pedibus
1706 2913 1874 2967 imus:

289 2995 669 3065 cognoscimus
696 3005 895 3061 errata,
922 3010 1040 3064 qua:
1069 2997 1264 3052 dicitis.
1293 2998 1567 3055 Inimicum
1591 3013 1745 3057 vocet
1766 3005 1874 3071 ali-

287 3088 411 3158 quis
440 3098 809 3152 accusantem,
838 3097 893 3143 et
933 3090 1137 3159 tragico
1166 3092 1378 3146 nomine
1424 3095 1655 3163 appellet
1685 3106 1873 3151 contu-

286 3181 506 3237 meliam
541 3196 648 3237 non
672 3181 1004 3237 merentem?
1034 3182 1239 3238 Dehinc
1262 3185 1600 3254 subjunctam
1629 3191 1879 3256 quaestio-

289 3293 407 3332 nem
440 3277 710 3331 rhetorica
753 3276 912 3330 fibula
944 3276 1327 3347 momordistis,
1360 3280 1639 3349 allegando
1667 3300 1678 3333 :
1717 3299 1735 3333 ‹
1770 3282 1869 3337 Te-

292 3372 390 3425 stis
426 3358 505 3424 est
537 3370 781 3423 Romana
804 3370 1016 3433 civitas.
1050 3370 1094 3422 si
1124 3383 1312 3424 omnes
1358 3372 1595 3441 episcopi
1637 3387 1793 3429 senes
1823 3383 1878 3431 et

293 3464 497 3519 debile‘s
544 3474 937 3518 convenerunt.
979 3482 996 3516 ι
1054 3464 1190 3518 Ecce
1220 3465 1519 3519 orationem
1573 3468 1670 3521 viri
1703 3470 1880 3525 nervis

291 3555 582 3619 nitentem,
623 3563 678 3609 et
707 3553 728 3584 ’⁵
762 3555 862 3623 ipsi
886 3553 1110 3624 Cepasio
1136 3555 1524 3625 praeferendam
1570 3559 1741 3614 nitore
1767 3575 1879 3615 ser-

300 3660 542 3699 monum.
575 3645 713 3714 Ergo
742 3645 864 3714 quia
890 3660 947 3698 se
987 3654 1145 3700 (etate
1169 3647 1405 3702 valentes
1445 3657 1498 3703 et
1525 3663 1751 3719 corpore
1774 3650 1878 3705 im-

292 3740 517 3795 becilles
563 3754 683 3795 esse
710 3740 985 3805 dixerunt,
1038 3740 1137 3809 ipsi
1169 3755 1229 3795 se
1261 3741 1470 3811 ineptos
1511 3743 1716 3813 judicio
1760 3759 1881 3802 esse

288 3839 603 3899 testantur,
660 3832 909 3899 quoniam
958 3833 1322 3888 membrorum
1377 3851 1434 3889 se
1482 3837 1731 3892 dixerunt
1768 3839 1877 3908 jam

293 3924 574 3977 sustinere
594 3921 866 3990 dispendia
891 3939 903 3973 :
928 3924 1165 3978 maxime
1192 3924 1237 3978 si
1265 3924 1365 3979 hoc
1389 3927 1631 3997 ingerere
1653 3930 1882 3985 clemen-

289 4015 486 4069 tissimi
530 4013 737 4067 domini
766 4013 982 4068 auribus
1011 4029 1487 4086 praesumpserunt.
1522 4020 1630 4074 Vos
1658 4024 1875 4091 putatis,

286 4106 353 4161 ab
388 4106 668 4163 universis
714 4107 809 4161 Dei
840 4110 1218 4175 conspectibus
1250 4113 1422 4180 pulsi,
1455 4113 1546 4167 illo
1575 4122 1879 4171 vestrorum

282 4213 438 4254 more
490 4213 876 4268 congressuum
929 4201 1123 4271 ubique
1170 4205 1436 4258 narranda
1464 4206 1778 4289 .confundi,
1828 4216 1882 4262 et

281 4299 426 4368 apud
461 4300 757 4370 principem
789 4300 855 4355 de
882 4302 1197 4359 colIeCtione
1238 4305 1543 4373 pontificum
1575 4306 1711 4362 alios
1761 4324 1883 4378 pro-

282 4402 482 4456 tulisse
503 4416 833 4469 sermonem,
864 4404 962 4459 nisi
996 4419 1129 4475 quos
1164 4409 1337 4461 aetatis
1360 4411 1640 4466 maturitas
1670 4412 1882 4468 ordien-

277 4549 393 4589 non
423 4544 677 4602 apparet.
702 4535 807 4591 Sed
834 4538 1014 4593 allusit
1040 4538 1319 4596 Ennodius
1350 4544 1415 4598 ad
1452 4545 1627 4600 locum
1657 4547 1879 4603 alterum

278 4604 575 4686 Ciceronis
600 4606 651 4658 in
683 4604 931 4686 Pisonem
959 4626 973 4663 :
1007 4608 1197 4679 Confer
1222 4629 1412 4686 inunc,_
1441 4615 1666 4684 Epicure
1686 4629 1873 4686 noster,

1939 2325 1953 2335 ·
2047 2305 2149 2362 Sed
2184 2322 2342 2370 nunc,
2375 2316 2432 2359 ut
2466 2306 2680 2376 quidam
2725 2305 2891 2362 fertur
2918 2320 3137 2372 antisse,

1966 655 2262 712 verentiam
2318 654 2701 716 contulerunt,
2757 651 2847 721 qui
2882 650 3222 721 putabantur
3275 649 3541 704 bonorum

1963 749 2279 804 meritorum
2312 745 2565 815 suffragio
2607 745 2661 798 in
2690 744 2905 813 longum
2944 741 3107 797 fuisse
3130 740 3325 797 servati
3351 759 3365 795 :
3395 742 3542 810 ipsos

1965 854 2093 908 ergo
2119 839 2186 893 de
2215 837 2453 907 gravidae
2496 835 2668 889 aetatis
2712 834 3106 904 fatigatiouibus
3134 833 3282 904 queri
3317 831 3537 899 decuit,

1966 944 2101 1000 quos
2127 929 2517 998 :etasjusserat
2565 926 2819 995 allegare.
2859 943 2877 977 ‹
2924 924 3037 980 Viri
3083 924 3310 992 optimi,
3359 923 3542 978 subdi-

1968 1022 2144 1088 distis,
2172 1037 2237 1077 ex
2269 1019 2548 1090 praeceptis
2579 1017 2739 1088 regiis
2776 1017 3104 1073 evocationis
3131 1029 3345 1069 causam
3378 1014 3542 1069 fuisse

1968 1115 2077 1184 jam
2112 1114 2411 1182 cognitam,
2464 1119 2519 1165 et
2559 1108 2724 1163 Italiae
2772 1123 2978 1163 summa
3024 1107 3389 1163 moderantem
3434 1120 3541 1160 non

1972 1205 2177 1270 fuisse,
2223 1205 2372 1273 quasi
2403 1202 2470 1257 de
2500 1216 2639 1257 novo
2688 1202 2901 1269 negotio
2943 1199 3326 1256 consulendum
3368 1216 3384 1252 :
3424 1198 3557 1268 plus

1971 1296 2169 1350 chartae
2200 1304 2253 1350 et
2279 1294 2558 1364 scriptioni
2611 1293 2882 1363 religionis
2930 1293 3187 1356 debitum,
3220 1304 3374 1360 quam
3407 1302 3545 1360 prae;

1970 1388 2155 1443 sentiae
2186 1386 2488 1457 principali.
2542 1404 2560 1436 ι
2587 1385 2774 1441 Nullus
2812 1400 2939 1456 ergo
2968 1386 3022 1439 in
3050 1385 3305 1455 praedicto
3334 1384 3544 1454 negotio

1974 1479 2160 1533 titulus
2189 1486 2540 1543 remanserat,
2573 1477 2639 1532 ad
2665 1478 2817 1547 cujus
2842 1477 3232 1547 inquisitionem
3265 1487 3546 1547 pergentes

1972 1570 2103 1624 illud
2135 1571 2252 1640 jure
2289 1571 2746 1640 praeloquerentur
2789 1572 3086 1625 exordium.
3134 1588 3152 1619 ‹
3190 1568 3269 1623 Ex
3310 1568 3433 1624 hinc
3462 1568 3548 1623 di-

1971 1662 2142 1731 gressi
2186 1662 2443 1715 bonarum
2485 1676 2661 1715 rerum
2711 1662 2762 1715 in
2787 1675 2914 1731 rege
2944 1660 3170 1715 laudatis
3198 1659 3467 1727 affectum,
3497 1667 3547 1714 et

1978 1752 2155 1806 colitis
2187 1752 2364 1807 verbis
2392 1751 2772 1815 innocentiam,
2798 1766 2954 1821 quam
2977 1752 3182 1806 actibus
3214 1753 3487 1822 ignoratis.
3524 1744 3561 1803 ι’

1979 1840 2037 1896 Si
2066 1851 2241 1897 tamen
2281 1843 2453 1897 cultus
2492 1852 2576 1897 est
2605 1844 2656 1897 in
2697 1842 2903 1911 loquela
2929 1851 3103 1898 vestra
3131 1862 3143 1897 :
3172 1858 3331 1913 quam
3360 1843 3547 1897 scabra

1900 1953 1946 2013 Β
1978 1948 2213 2003 vomere,
2263 1935 2407 1988 velut
2427 1940 2648 2004 agentes
2677 1949 2771 2003 per
2801 1936 3013 1989 devium
3061 1945 3237 1989 aratra
3258 1976 3272 2001 ,
3304 1936 3548 2005 proscin-

1978 2030 2125 2096 ditis,
2160 2030 2417 2084 marcenti
2466 2029 2581 2084 solo
2608 2029 2729 2084 lolia
2777 2028 3213 2084 commendantes
3234 2072 3247 2095 ,
3280 2032 3546 2097 recepturi

1977 2139 2073 2194 pro
2105 2122 2195 2176 tali
2243 2122 2513 2191 impendio
2542 2121 2738 2192 paleas,
2775 2122 2966 2192 quibus
2994 2122 3253 2190 gehennae
3292 2122 3344 2177 in
3374 2123 3548 2191 perni-

1976 2216 2111 2271 ciem
2140 2224 2371 2277 vestram
2405 2214 2541 2284 ignis
2571 2214 2860 2268 animetur.

3223 2322 3335 2376 quae
3368 2306 3547 2376 quibus

1976 2398 2295 2467 anteferam?
2331 2414 2349 2447 ‹
2374 2396 2576 2450 Contra
2604 2397 2913 2467 Apostolum
2950 2397 3128 2452 dicitis
3154 2397 3549 2469 impugnatores

1977 2490 2169 2545 summi
2205 2487 2469 2558 pontificis
2510 2504 2615 2544 non
2663 2490 2892 2557 auditos,
2925 2490 3012 2559 qui
3044 2490 3279 2545 caelestis
3312 2489 3549 2544 mandati

1976 2597 2246 2638 memores
2277 2592 2480 2652 partem
2516 2598 2665 2639 suam
2698 2584 2720 2615 ⁸
2745 2600 2774 2639 a
2805 2586 3077 2640 consortio
3104 2585 3329 2640 adulteri
3361 2584 3551 2639 subdu-

1980 2688 2197 2743 xerunt,
2239 2697 2257 2728 ι
2302 2676 2396 2730 Hic
2441 2690 2545 2731 non
2590 2676 2798 2731 incesso
2851 2676 3249 2747 ignorantiam:
3295 2676 3550 2732 rimosam

1979 2767 2291 2822 memoriam
2328 2783 2432 2821 non
2475 2780 2689 2822 accuso.
2721 2766 2855 2822 Nolo
2889 2768 3071 2823 dicere
3108 2768 3247 2837 quod
3281 2768 3551 2838 prophetas

1979 2858 2141 2916 verba
2168 2858 2425 2929 Apostolo
2452 2860 2788 2915 contulistis:
2814 2859 2901 2928 qui
2926 2860 3049 2915 novi
3076 2867 3131 2914 et
3164 2861 3306 2929 ipsos
3336 2869 3554 2928 aposto‘

1982 2951 2063 3007 los
2094 2961 2243 3008 recte
2266 2952 2513 3022 vocitari,
2545 2968 2681 3023 quos
2713 2953 2906 3006 missos
2935 2968 3056 3008 esse
3082 2968 3186 3007 non
3219 2953 3422 3009 nescio.
3452 2954 3555 3007 Da-

1981 3043 2069 3097 vid
2098 3044 2240 3099 enim
2272 3043 2429 3098 dicit:
2464 3042 2657 3098 Furem
2686 3044 2884 3097 videbas
2904 3052 2952 3097 et
2984 3044 3223 3098 currebas
3252 3060 3369 3097 cum
3398 3060 3475 3107 eo,
3508 3051 3553 3096 et

1980 3151 2095 3188 cum
2116 3134 2361 3187 adulteris
2383 3135 2665 3204 portionem
2685 3144 2821 3187 tuam
2840 3134 3059 3201 ponebas
3080 3132 3252 3205 (Psal.
3274 3149 3418 3197 χιιι,
3438 3133 3555 3203 i8).

1987 3246 2006 3279 ι
2047 3225 2247 3282 Deinde
2276 3226 2394 3295 quis
2424 3240 2483 3281 se
2512 3226 2579 3281 de
2618 3226 2705 3280 illa
2745 3237 2921 3280 vestra
2957 3225 3184 3282 enodem
3216 3225 3369 3280 faciat
3410 3240 3553 3296 qua:-

1902 3319 1949 3384 C
1982 3318 2178 3382 stione,
2218 3332 2320 3387 qua
2342 3317 2550 3372 dicitis:
2581 3318 2635 3371 In
2658 3318 2970 3373 criminibus
3000 3318 3245 3389 objectis,
3274 3319 3412 3388 quod
3449 3332 3553 3374 non

1981 3410 2304 3478 excluditur,
2336 3412 2696 3480 approbatur?
2726 3431 2745 3465 ι
2779 3413 2857 3467 Εη
2887 3427 3069 3469 vocem
3098 3413 3353 3467 Romanae
3375 3412 3556 3468 Eccle-

1982 3504 2075 3559 siae
2114 3504 2373 3559 militibus
2413 3515 2817 3575 congruentem,
2877 3506 2930 3560 in
2972 3520 3074 3574 qua
3123 3508 3332 3561 nescias
3378 3514 3577 3560 utrum.

1982 3594 2128 3667 prius
2159 3592 2385 3653 nitorem
2423 3598 2698 3667 praedices,
2746 3614 2813 3653 an
2846 3614 3115 3669 saporem.
3163 3598 3417 3663 Putasne,
3463 3614 3558 3652 au-

1983 3686 2138 3741 distis
2168 3687 2272 3758 legi
2300 3705 2309 3739 :
2347 3687 2498 3753 Quod
2527 3690 2717 3757 iustum
2746 3698 2841 3754 est,
2873 3693 3018 3761 juste
3055 3691 3340 3760 exsequeris
3379 3688 3555 3761 (Deut.

1982 3793 2095 3844 xu,
2124 3779 2254 3850 20)?
2280 3779 2520 3834 Audistis
2561 3780 2627 3834 de
2663 3780 2955 3835 malefactis
2987 3780 3285 3849 hominum,
3314 3783 3357 3836 si
3386 3792 3558 3838 tamen

1983 3870 2268 3940 aliquando
2308 3872 2644 3926 conversatio
2687 3870 2917 3927 humana
2956 3886 3053 3926 vos
3092 3874 3282 3939 tenuit,
3307 3873 3559 3943 quidquid

1985 3978 2089 4020 non
2110 3965 2222 4018 suis
2244 3963 2523 4019 ordinibus
2543 3965 2887 4034 approbatur,
2917 3964 3181 4037 excludi?»
3196 3966 3294 4022 Ubi
3320 3976 3403 4022 est
3432 3966 3560 4023 illud

1983 4055 2301 4125 prophetat:
2346 4056 2594 4111 Dominus
2620 4058 2688 4110 ad
2723 4060 2979 4129 judicium
3008 4061 3169 4114 veniet
3207 4076 3322 4114 cum
3362 4060 3559 4113 senibus

1982 4149 2161 4217 pepuli
2181 4152 2259 4201 sui
2283 4146 2434 4219 (1εαὶ.
2464 4164 2539 4215 Ill,
2568 4148 2673 4220 14).
2702 4148 2850 4205 Etde
2870 4151 3022 4206 vobis
3041 4150 3239 4207 dictum
3258 4166 3273 4205 :
3292 4148 3559 4205 Peccatum

1983 4257 2132 4294 suum
2153 4241 2299 4309 quasi
2322 4240 2550 4295 Sodoma
2570 4242 2967 4311 praedicaverunt
2985 4259 3001 4296 :
3020 4259 3095 4299 vat
3109 4244 3376 4298 animabus
3391 4259 3560 4297 eorum

1985 4329 2171 4399 (lbid.,
2197 4331 2294 4398 9)?
2324 4330 2429 4386 Sed
2474 4331 2599 4398 quid
2629 4330 2771 4385 facto
2812 4346 2947 4401 Opus
2993 4341 3098 4399 est,
3139 4336 3387 4403 quotiens
3419 4334 3559 4389 nulia

1983 4420 2282 4489 desperatis
2322 4419 2528 4474 medela
2573 4422 2861 4489 succurrit,
2921 4422 3022 4477 nisi
3065 4423 3430 4491 implorandus
3479 4431 3560 4477 est

1984 4556 2351 4622 ceronianum,
2380 4566 2544 4627 atque
2575 4558 2856 4614 ironicum.
2897 4558 3101 4628 Cepasii
3144 4561 3283 4616 enim
3315 4560 3421 4614 duo
3452 4560 3558 4614 fra-

1986 4636 2094 4683 tres
2125 4628 2370 4693 fnerunt,
2421 4638 2667 4701 oratores
2708 4630 2984 4685 deterrimi
3012 4640 3170 4701 atque
3193 4630 3512 4699 ineptissimi
3543 4649 3557 4686 :

278 4676 1002 4773 fin-producteunon
1052 4676 1555 4773 ex'scltola.'Quare
1596 4676 1873 4771 legendum

1987 4715 2214 4773 quorum
2236 4676 2481 4764 alterius,
2515 4700 2611 4773 hoc
2634 4710 2715 4755 est
2738 4702 2953 4770 majoris
2976 4676 3212 4771 Cep'asii,
3234 4676 3392 4756 ve'rba
3416 4718 3560 4773 quae-

279 4761 490 4828 censeo
519 4762 585 4799 ea:
626 4748 752 4828 hara
781 4750 1100 4828 productam.
1135 4751 1249 4828 Non
1296 4748 1493 4828 solum,
1539 4748 1735 4828 inquit,
1772 4778 1875 4816 non

280 4830 349 4896 ex
376 4818 519 4896 hara
536 4820 871 4896 productam,
898 4820 990 4875 sed
1014 4823 1290 4896 mysticam
1316 4835 1368 4878 et
1388 4818 1641 4883 divinam.
1672 4818 1874 4887 Dictum

280 4890 523 4966 ironice,
555 4895 609 4941 et
637 4904 738 4942 non
760 4890 926 4944 solum
955 4890 1183 4959 positum
1218 4909 1315 4962 pro
1342 4912 1442 4966 non
1472 4901 1621 4952 modo
1651 4918 1748 4954 non
1773 4919 1792 4958 :
1822 4913 1878 4957 ut

281 4956 424 5010 alias
460 4971 625 5025 sape.
956 4956 963 4959 ⁷
1220 4956 1231 4962 ’
1411 4960 1416 4966 ’

368 5030 384 5106 ξ
416 5025 473 5079 Ν
478 5044 534 5109 ες
557 5040 728 5082 omnes
749 5031 799 5083 in
819 5032 1134 5109 iudicatione
1159 5038 1449 5109 senserunt]
1472 5040 1603 5105 Quia
1634 5045 1875 5099 nonnulli

283 5098 533 5173 episcopi
578 5113 745 5153 morae
786 5102 981 5165 ttedio,
1030 5116 1149 5169 post
1190 5098 1557 5173 primunt'aitt
1586 5098 1875 5170 secundum

285 5168 494 5235 synodi
520 5181 843 5224 conventum
874 5173 941 5225 ab
974 5168 1117 5230 Urbe
1143 5168 1518 5233 discesserant.

362 5239 385 5267 ³
416 5238 755 5317 4dversarios
774 5242 877 5317 dici
903 5260 1003 5317 non
1032 5246 1293 5317 debuisse]
1323 5249 1459 5303 Male
1490 5251 1719 5307 habebat
1747 5258 1875 5311 schi-

287 5310 583 5394 smaticos,
606 5310 756 5394 quod
785 5311 1156 5394 Theodericus
1179 5310 1484 5387 Symmachi
1516 5310 1874 5394 accusatores,

290 5389 554 5461 tanquam
599 5380 1282 5461 adve_rsarios,_ejudicu'm
1331 5405 1553 5461 numero
1586 5380 1875 5461 rettulerat:

287 5448 471 5501 Infra:
507 5448 575 5531 In
609 5451 861 5505 electione
887 5448 1061 5531 lenim'
1083 5460 1485 5531 venerandorunt
1520 5448 1879 5531 iudiéumiipse

286 5530 596 5605 accusantes
628 5535 773 5573 extra
805 5525 1035 5578 ordinent
1084 5529 1307 5595 repulit,
1339 5539 1387 5584 et
1434 5537 1501 5586 ad
1520 5525 1678 5605 spem
1708 5525 1878 5593 retulit

286 5598 586 5641 accusatum
593 5627 609 5643 ο

369 5658 403 5738 ⁸.
426 5658 615 5713 Dolose
640 5661 911 5738 videlicet]
944 5664 1087 5738 [lange
1131 5669 1427 5735 periodum,
1461 5676 1667 5729 tametsi
1695 5693 1879 5732 neces-

282 5734 516 5815 sariam,
546 5746 648 5812 nec
677 5734 1183 5815 ignotam_Stttia131:
1222 5739 1443 5815 editioni
1490 5747 1871 5815 conciliorum,

284 5800 1040 5883 nusquamimmanusc‘riptis
1066 5807 1285 5873 offendi,
1329 5822 1675 5883 praeterquam
1706 5800 1767 5870 in
1782 5800 1875 5873 e61

280 5870 419 5923 dice
449 5870 787 5930 bibliothecae
818 5870 1058 5931 Tiliantn.

367 5940 388 5966 "
426 5937 532 6005 Ipsi
566 5942 784 6011 Cepasio
825 5948 1218 6023 prmferemlam]
1252 5951 1314 6007 Et
1356 5953 1453 6010 hoc
1482 5954 1640 6008 etiam
1665 5932 1737 6011 est
1784 5959 1869 6014 Ci-

1970 4770 2106 4895 ‘g'iun
2155 4772 2376 4893 tprofert
2428 4786 2491 4827 ac
2545 4772 2751 4827 deridet
2805 4772 2990 4828 Cicero
3047 4775 3100 4828 in
3152 4774 3395 4828 oratione
3435 4770 3583 4845 'pro

2047 4857 2147 4894 uen
2181 4858 2249 4893 ιο.

2047 4857 2249 4894 uentto.

2054 4912 2074 4941 ⁸
2105 4912 2246 4980 Virg.
2276 4926 2326 4965 tv
2352 4910 2588 4977 Aineid.,
2621 4927 2761 4967 vers.
2794 4913 2919 4969 57f.

2057 4981 2077 5011 ⁸
2116 4981 2158 5034 Α
2188 4983 2442 5058 consortio
2470 4982 2713 5058 adulteri]
2736 4984 3061 5058 Symmachi.
3098 4985 3237 5042 Satis
3260 4996 3449 5058 aperte
3470 4988 3562 5044 de-

1981 5050 2153 5127 clarat
2189 5050 2712 5127 quodnamAcrimen'
2742 5050 2922 5127 fuerit,
2957 5058 3108 5127 cujus
3153 5050 3561 5114 insimulabatur

1981 5122 2049 5197 ab
2073 5123 2413 5177 adversariis.
2447 5125 2551 5178 Sed
2576 5135 2629 5178 et
2659 5126 2711 5179 in
2745 5122 3115 5197 Prmcepto'de
3140 5127 3438 5185 Cellulanis
3468 5146 3560 5186 eo-

1985 5192 2122 5265 dem‘
2155 5203 2376 5262 Spectat,
2408 5198 2545 5263 quod
2580 5198 2780 5251 recenti
2814 5192 3079 5263 perstricti
3112 5196 3337 5254 Romani
3386 5200 3563 5265 ponti-

1986 5263 2099 5340 ficis
2123 5266 2667 5340 exemplov‘itandam
2710 5267 2924 5340 clericis
2966 5269 3120 5325 docet
3152 5263 3397 5340 flagitiosi
3429 5285 3562 5323 con-

1988 5333 2213 5409 tnbernii
2245 5335 2636 5409 suspicionem:
2664 5349 2718 5392 et
2750 5339 2849 5393 hoc
2877 5339 2993 5408 ipso
3024 5342 3159 5394 libro
3201 5333 3251 5394 in
3296 5354 3563 5409 prosopo-

1984 5405 2118 5470 pazia
2144 5405 2279 5457 beati
2313 5405 2495 5481 Pauli:
2532 5405 2752 5474 Docctis,
2780 5405 2967 5481 inquit,
3002 5405 3369 5481 [emicantibus
3392 5405 3559 5460 nenti-

1984 5488 2096 5525 nem
2128 5490 2231 5526 esse
2258 5476 2594 5545 miscendum,
2624 5476 3142 5533 adulteri'Laurentii
3171 5491 3260 5532 aut
3298 5493 3561 5545 sequaces,

1984 5552 2073 5594 aut
2103 5546 2299 5612 prwvii.
2333 5544 2514 5614 itaque
2545 5550 2684 5615 quod
2714 5550 2880 5617 Xystu
2908 5550 2973 5603 lll
3005 5558 3125 5603 ante
3158 5561 3326 5601 annos
3358 5548 3467 5600 fere
3493 5551 3561 5605 70

1984 5623 2298 5684 contigerat,
2349 5624 2404 5668 ut
2454 5617 2577 5671 laedi
2623 5622 2861 5675 criminis
2903 5620 3115 5672 infamia
3176 5619 3476 5684 pulsatetur
3526 5635 3555 5673 a

1984 5682 2495 5764 Bassopexconsule,
2523 5690 2774 5764 id_ipsuut
2811 5689 3147 5764 Symmacho,
3176 5682 3317 5743 Festi
3339 5704 3558 5764 excon-

1982 5752 2111 5833 stilis
2152 5756 2273 5833 item
2294 5770 2377 5833 _ac
2421 5752 2671 5833 principis
2701 5752 2915 5815 senatus
2944 5752 3281 5827 potissimum
3337 5761 3561 5831 instiga-

1982 5826 2124 5904 tiqne
2146 5826 2372 5904 accidit,
2407 5826 2747 5904 DecidiSp‘are
2798 5826 3032 5904 eventu:
3065 5844 3185 5885 nam
3219 5840 3445 5904 uterque
3470 5826 3557 5888 'ab

1980 5893 2158 5976 infami
2190 5896 2305 5950 labe
2340 5902 2549 5976 synodi,
2574 5893 2723 5967 cujus
2749 5914 2805 5953 se
2832 5900 3033 5967 judicio
3062 5917 3157 5958 sua
3204 5893 3394 5976 sponte
3424 5909 3555 5969 suits

1977 5963 2242 6033 dideraut,
2278 5963 2542 6025 sententia
2567 5963 2952 6040 purgatns'est.

3438 444 3539 501 186
3612 481 3619 490 -
