4192 6260
547 468 555 477 ,
612 408 712 465 187

1771 410 2038 467 εΝΝουιι
2080 409 2383 483 EPISGOPl
2414 411 2781 473 TlClNENSIS

3438 364 3484 373 ...ο

3776 423 3876 481 I88

610 520 882 589 Dominus,
910 522 999 592 qui
1024 523 1271 593 promisit
1298 538 1395 594 per
1427 525 1737 595 prophetam
1783 528 1938 596 (lsai.
1974 545 2034 594 ιι,
2070 530 2182 599 t2),
2213 531 2267 592 Α
2294 530 2413 599 quis
2444 530 2622 597 alteri,
2650 532 2795 603 quod
2823 531 2941 602 ipse
2962 532 3073 603 jam
3093 536 3347 606 perdidit.
3376 538 3528 594 Nunc
3552 549 3699 598 recte
3724 544 3878 601 vobis

608 614 835 670 futurum
864 630 923 671 se
953 630 1116 686 super
1144 632 1359 673 onmem
1386 620 1676 689 superbum
1719 633 1771 676 et
1802 624 2100 690 excelsum,
2124 632 2183 679 et

606 723 768 778 super
796 724 1007 765 omnem
1046 723 1406 782 arrogantem,
1439 723 1498 768 ut
1535 714 1874 770 humilictur?
1910 717 2017 772 Sed
2058 717 2175 774 feti-

606 801 731 856 dum
757 817 891 870 opus
914 804 1151 873 vestigiis
1182 805 1430 876 insequar
1450 815 1506 862 et
1527 806 1749 875 ferrata,
1771 810 1816 863 si
1839 810 2014 877 valeo,
2033 812 2183 868 calce

604 893 945 948 contundam.
979 894 1049 952 Ut
1079 912 1206 953 vere
1246 898 1442 967 dicam,
1485 915 1570 955 res
1601 917 1720 956 cum
1752 919 1828 969 re,
1861 892 2031 960 causa
2060 920 2181 961 eum

604 999 782 1053 causa,
818 990 955 1044 ratio
981 1005 1103 1046 cum
1128 1009 1189 1047 ea
1229 1010 1387 1063 quam
1422 1005 1627 1065 putant,
1664 1000 1874 1056 ratione
1906 1002 2178 1071 pugnabit.

602 1078 892 1137 Oblocutos
922 1086 1231 1142 sacerdotes
1259 1092 1702 1159 praecetuionibus
1731 1095 1892 1163 regiis
1918 1096 2179 1166 allegatis,

602 1183 653 1226 et
682 1174 951 1241 quoddam
982 1179 1319 1249 sacrilegium
1351 1184 1596 1250 creditis,
1634 1186 1754 1239 mali
1786 1188 2010 1256 aliquid,
2056 1204 2179 1249 cum

602 1263 875 1320 caelestem
900 1270 1167 1335 nesciatis,
1202 1272 1270 1325 de
1294 1275 1490 1327 terreni
1528 1275 1733 1330 domini
1778 1277 2023 1346 jussione
2056 1294 2182 1335 sen-

602 1354 688 1409 tiri
720 1373 733 1407 :
778 1358 1119 1428 opponendo,
1168 1364 1289 1431 quis
1330 1366 1442 1433 regi
1474 1366 1653 1420 debuit
1692 1368 1904 1434 dicere;
1941 1374 1956 1402 ¹
1990 1382 2180 1443 papam

602 1448 904 1517 oportuisse
947 1452 1209 1521 synodum
1240 1460 1573 1512 convocare?
1614 1468 1759 1515 certe
1798 1464 1937 1531 quod
1990 1466 2039 1518 in
2082 1466 2183 1521 hac

602 1551 751 1609 parte
776 1552 989 1598 constat
1016 1548 1365 1616 exemplum?
1394 1550 1545 1605 Illum
1576 1555 1865 1623 pmipue,
1890 1558 1977 1627 qtti
2002 1558 2184 1613 crimi»

603 1634 750 1688 nosis
791 1638 1081 1693 multorum
1123 1645 1573 1709 propositionibus
1604 1647 1714 1715 jam
1756 1648 1989 1716 jacebat,
2021 1666 2181 1718 quem

601 1724 702 1780 hoc
734 1725 905 1783 fuerat
943 1730 1223 1799 damnare,
1251 1736 1613 1806 quodargni;
1652 1740 1739 1793 cui
1773 1743 2181 1812 praerogativam

600 1820 808 1876 ctelitus
838 1824 1123 1892 ascriptum
1148 1826 1380 1882 hostium
1409 1845 1626 1883 suorum
1657 1831 1930 1887 oblocutio
1960 1835 2063 1902 iam
2094 1844 2180 1890 tu—

2289 637 2407 677 cum
2432 624 2691 694 propheta
2717 625 2891 681 dicam
2920 645 2933 681 :
2962 627 3149 683 Omnia
3169 646 3283 698 quis
3300 631 3526 701 eloquitur
3549 637 3879 705 popularis“

2286 718 2574 784 conjuratio
2610 728 2710 788 est,
2742 728 2791 775 et
2830 722 3064 777 timorem
3093 726 3204 794 ejus
3237 740 3299 779 ne
3328 726 3549 781 timentis
3579 744 3668 783 nec
3694 729 3876 798 formi-

2286 808 2417 863 detis
2439 809 2594 880 (lsai.
2617 827 2731 879 vm,
2759 812 2869 883 12).
2895 813 3147 870 Facessat
3166 830 3195 870 a
3217 816 3391 883 nobis,
3415 819 3502 888 qui
3526 820 3578 874 in
3601 820 3752 876 vobis
3770 830 3874 889 est,

2285 901 2524 969 pruritus
2568 902 2670 957 iste
2699 902 3002 973 linguarum
3035 923 3049 960 :
3084 920 3219 976 quos
3258 922 3385 963 vere
3427 908 3568 964 idem
3616 911 3875 983 propheta

2287 994 2462 1062 arguit
2498 1012 2513 1048 :
2563 994 2851 1051 Scribeiites
2875 999 3183 1069 injustitiam
3223 1002 3496 1073 scripsistis
3521 1003 3678 1075 (Isai.
3702 1022 3759 1071 χ,
3795 1008 3872 1076 1).

2292 1105 2311 1137 ‹
2342 1086 2457 1141 Νοη
2500 1102 2600 1143 nos
2646 1088 2859 1145 beatum
2902 1082 3141 1159 Petrum,
3183 1094 3324 1149 sicut
3360 1094 3558 1163 dicitis,
3590 1113 3619 1151 a
3647 1098 3873 1155 Domino

2286 1192 2407 1232 cum
2444 1178 2589 1233 sedis
2616 1180 2927 1251 privilegiis,
2956 1184 3041 1238 vel
3078 1198 3423 1244 successores
3447 1188 3585 1258 ejus,
3618 1190 3876 1259 peccandi

2283 1268 2588 1339 iudicamus
2634 1272 2904 1329 licentiam
2954 1278 3275 1346 suscepisse.
3322 1300 3340 1331 ι
3393 1279 3415 1311 θ
3452 1281 3544 1336 Ille
3587 1296 3876 1352 perennem

2288 1364 2602 1418 meritorum
2638 1366 2817 1421 dotem
2854 1383 2977 1423 cum
3018 1370 3332 1428 haereditate
3378 1374 3698 1431 innocentia:
3735 1379 3876 1441 misit

2287 1456 2351 1509 ad
2381 1464 2657 1525 posteros:
2683 1460 2825 1528 quod
2843 1461 2921 1516 illi
2937 1476 3251 1519 concessum
3275 1477 3358 1522 est
3378 1484 3474 1538 pro
3496 1480 3709 1525 actuum
3732 1473 3875 1542 luce,

2286 1545 2352 1600 ad
2400 1547 2521 1602 illos
2572 1551 2805 1618 pertinet
2841 1568 2977 1622 quos
3024 1569 3121 1624 par
3161 1560 3588 1617 conversationis
3623 1562 3875 1631 splendor

2287 1637 2569 1695 illuminat.
2598 1641 2729 1708 Quis
2749 1645 2892 1700 enim
2914 1659 3157 1704 sanctum
3179 1665 3300 1707 esse
3312 1652 3543 1720 dubitet,
3567 1671 3726 1725 quem
3744 1673 3877 1727 apex

2285 1738 2447 1786 tantae
2473 1732 2749 1803 dignitatis
2776 1738 3012 1806 attollit;
3040 1741 3092 1795 in
3116 1758 3223 1811 quo
3252 1745 3297 1798 si
3324 1745 3501 1802 desint
3531 1747 3670 1804 bona
3698 1752 3878 1820 acqui-
3908 1782 3918 1790 -

2287 1823 2387 1877 sita
2430 1840 2525 1894 per
2569 1829 2841 1893 meritum,
2880 1831 3152 1887 sufficiunt
3199 1850 3319 1904 qua:
3368 1852 3397 1891 a
3441 1839 3546 1894 loci
3595 1840 3879 1898 decessore

600 1913 782 1969 lisset?
812 1916 891 1969 Ad
923 1917 1059 1972 hanc
1085 1934 1179 1974 vos
1200 1920 1527 1977 dementiam
1554 1925 1814 1979 malorum
1843 1936 2054 1982 actuum
2087 1944 2181 1999 per
2208 1916 2259 1979 Β
2286 1918 2650 1984 Drmiam“?
2680 1929 2772 1974 al”
2798 1921 2938 1976 enim
2978 1922 3152 1981 Claros
3191 1926 3258 1981 ad
3303 1928 3417 1984 “330
3456 1928 3667 2001 fastigia
3698 1935 3879 2003 θτῖείί.

600 2004 795 2071 gradus
824 2020 950 2061 suos
991 2009 1316 2065 incrementa
1362 2022 1657 2082 traxerunt,
1702 2026 1758 2070 tit
1808 2018 1908 2074 hoc
1946 2020 2180 2075 credatis

599 2111 719 2151 esse
751 2098 1034 2168 lacessere,
1068 2104 1208 2172 quod
1236 2107 1591 2166 convincere?
1634 2125 1731 2163 nec
1772 2110 1912 2175 apud
1954 2127 2048 2167 vos
2090 2113 2183 2167 ha-

600 2188 763 2243 beant
801 2206 830 2244 a
871 2194 1096 2250 veritate
1135 2196 1492 2253 differentiam
1523 2199 1663 2266 odia,
1712 2216 1835 2271 quae
1868 2203 2183 2273 plerumque

598 2291 782 2336 contra
815 2286 1060 2341 meritum
1090 2288 1338 2357 itnpetiti,
1382 2292 1597 2359 studiis,
1638 2309 1744 2348 non
1795 2296 1989 2350 rationi
2022 2298 2178 2353 obse-
2216 2310 2229 2321 ‘

599 2377 814 2444 quentia
857 2389 978 2432 vota
1019 2382 1378 2437 concinnant?
1406 2384 1504 2440 Ubi
1542 2396 1625 2441 est
1677 2388 1832 2454 illud,
1869 2386 2183 2461 Priusquam

599 2484 864 2538 agnoscas,
921 2487 983 2525 ne
1043 2473 1313 2546 adjudices
1363 2492 1665 2548 quemquam
1731 2478 1920 2551 (Eccli.
1980 2500 2055 2538 χι.
2126 2487 2180 2552 7,

598 2575 699 2614 sec.
734 2560 938 2633 LXX)?
963 2563 1100 2618 Olim
1142 2580 1235 2621 vos
1267 2570 1470 2638 accepit
1496 2586 1620 2639 grex
1655 2572 1859 2641 positus
1884 2576 1935 2628 in
1965 2576 2181 2631 sinistra

598 2652 861 2722 collegas:
892 2655 1031 2723 apud
1062 2671 1196 2726 quos
1218 2674 1287 2713 ex
1324 2659 1634 2729 praeiudicio
1659 2666 1936 2734 excepisse
1966 2678 2183 2723 sentcn-

598 2746 725 2800 tiam
748 2746 1005 2815 creditur,
1038 2749 1125 2818 qui
1158 2752 1350 2805 meruit
1387 2752 1451 2805 ad
1493 2768 1716 2810 examen
1757 2757 1969 2825 adduci,
1997 2768 2051 2814 et
2078 2760 2182 2817 hoc

597 2851 678 2895 est
699 2856 847 2895 reum
866 2844 1117 2910 existere,
1137 2846 1278 2915 quod
1308 2847 1496 2902 libram
1520 2850 1934 2920 disceptationis
1958 2856 2177 2912 intrare.

666 2934 1046 2991 Praelecutioni
1105 2946 1281 2994 tamen
1327 2940 1528 3010 optimo
1569 2944 1809 3000 divinum
1862 2947 2180 3005 subdidistis

595 3029 935 3099 exemplum:
964 3033 1109 3100 quod
1153 3032 1224 3087 ita
1254 3034 1533 3104 quadratis
1561 3049 1771 3093 constat
1817 3038 2087 3112 alloquiis,
2120 3051 2181 3099 ut

594 3119 768 3191 ipsum
796 3124 851 3178 in
875 3139 945 3179 eo
974 3126 995 3156 ³
1017 3125 1393 3197 Archisippum
1418 3138 1602 3186 tenere
1628 3132 1825 3189 lineam
1848 3145 2022 3204 putes.
2049 3136 2181 3193 Pec-

594 3215 760 3268 catori
802 3215 931 3269 dicit
968 3216 1147 3271 Deus:
1188 3218 1363 3285 Quare
1400 3232 1452 3273 tu
1496 3238 1710 3277 ennrras
1759 3227 1989 3295 justitias
2034 3245 2176 3284 meas

2285 2020 2375 2063 aut
2404 2011 2497 2081 qui
2523 2012 2799 2083 eriguntur
2831 2016 3086 2072 illustrat.
3119 2017 3415 2077 Prmnoscit
3448 2024 3590 2078 enim
3618 2026 3745 2095 quid
3775 2024 3880 2082 Ec-

2286 2102 2573 2158 clesiarum
2619 2104 2972 2164 fundamento
3000 2112 3086 2165 ‘sit
3133 2112 3330 2180 habile,
3374 2131 3536 2187 super
3565 2134 3723 2188 quem
3765 2121 3878 2190 ipsa

2286 2193 2457 2249 moles
2495 2195 2759 2253 innititur.
2798 2218 2817 2250 ‹
2849 2200 2955 2255 Sed
2990 2201 3114 2259 hinc
3154 2207 3361 2264 actibus
3385 2211 3576 2265 vestris
3605 2213 3877 2268 caelestem

2285 2287 2576 2354 potentiam
2603 2291 2801 2359 putatis
2828 2306 2949 2347 esse
2978 2294 3256 2366 suffragio,
3290 2301 3433 2368 quod
3467 2302 3531 2355 ad
3566 2305 3877 2372 praesidium
3918 2347 3927 2359 .

2286 2376 2426 2432 beati
2455 2382 2679 2449 apostoli
2719 2383 3062 2453 adiutricem,
3090 2397 3149 2441 ut
3190 2387 3388 2459 dicitis,
3423 2392 3698 2449 dexteram
3728 2411 3877 2450 com-

2286 2472 2536 2528 moilatis.
2563 2492 2583 2526 ι
2612 2474 2864 2546 Nescitis,
2897 2478 3097 2543 stolidi,
3122 2482 3291 2537 solem
3320 2485 3523 2540 facibus
3554 2501 3659 2542 non
3674 2489 3877 2558 juvari,

2286 2578 2385 2619 nec
2402 2562 2466 2621 ad
2495 2568 2799 2635 prtesidium
2822 2570 3030 2627 diurnae
3053 2571 3186 2628 lucis
3204 2575 3430 2646 lychnos
3459 2579 3716 2635 accendi?
3737 2581 3876 2637 Scri«

2286 2654 2434 2724 ptum
2467 2658 2613 2713 enim
2644 2667 2759 2715 est:
2794 2660 3066 2718 Scrutatur
3088 2665 3247 2722 corda
3276 2675 3325 2721 et
3347 2683 3490 2724 renes
3529 2668 3670 2725 Deus
3698 2670 3876 2743 (Psal.

2283 2764 2376 2817 vn,
2402 2744 2500 2816 IO;
2530 2749 2642 2806 Jer.
2681 2770 2812 2821 xvn,
2844 2754 2956 2824 10).

2354 2836 2461 2898 Sed
2502 2840 2553 2898 in
2596 2844 2683 2899 illa
2731 2856 2882 2915 parte
2910 2848 3033 2919 quis
3082 2850 3274 2908 audeat
3302 2854 3630 2924 argumentis
3674 2858 3872 2913 vestris

2285 2930 2641 3005 respOndere,
2685 2939 2789 2993 nisi
2840 2941 2962 3010 quia
3012 2943 3131 2998 sine
3170 2954 3287 2999 arte
3331 2938 3531 3001 dicitur
3572 2962 3784 3017 verum,
3820 2960 3875 3010 et

2283 3028 2421 3085 fides
2444 3031 2721 3088 mendacio
2743 3048 3052 3091 sermonum
3078 3038 3287 3093 technis
3308 3042 3579 3097 assuitur?
3603 3044 3766 3110 «Cur,
3794 3044 3873 3100 in-

2282 3122 2495 3191 quiunt,
2516 3124 2583 3178 ad
2602 3126 2899 3196 principem
2920 3120 3271 3198 convenistis,
3296 3132 3339 3187 si
3362 3134 3533 3189 audiri
3550 3150 3655 3191 non
3676 3136 3874 3195 licebat

2282 3210 2621 3285 impctitum?
2651 3237 2670 3270 ι
2707 3219 2792 3275 Sic
2821 3235 2917 3277 vos
2945 3220 2997 3277 in
3029 3231 3303 3294 stuporem
3343 3228 3622 3297 pecualem
3659 3234 3871 3301 peccati

597 3300 767 3370 (Paul.
796 3320 937 3372 ειυς,
967 3305 1093 3376 I6)?
1122 3307 1256 3363 Huic
1289 3311 1435 3366 dicto
1482 3326 1855 3384 conserentcs,
1898 3321 2053 3389 quasi
2106 3321 2171 3377 ad

2282 3305 2475 3361 nebula
2518 3319 2611 3363 aut
2655 3310 2871 3368 divinus
2913 3315 3106 3371 horror
3136 3317 3379 3385 oblimat,
3422 3329 3478 3375 ut
3513 3324 3872 3382 verecundam

592 3397 900 3453 sacerdotes
925 3402 1313 3470 apostrophen,
1345 3405 1466 3472 quia
1490 3402 1630 3461 beati
1666 3407 1810 3463 Petri
1839 3413 2066 3479 apostoli
2100 3416 2178 3469 vi~

589 3488 768 3543 carius
814 3490 1133 3547 aestimatur.
1192 3514 1209 3544 ι
1256 3494 1277 3525 ³
1326 3495 1630 3552 Prohibetis
1678 3500 2002 3557 archiatru‘m
2057 3507 2174 3575 ejus

587 3582 802 3651 Corpori
829 3582 1024 3638 ail'erie
1047 3585 1365 3642 medicinam
1393 3607 1404 3642 :
1436 3591 1704 3660 quomodo
1722 3608 1820 3650 vos
1842 3597 2036 3653 anima:
2056 3580 2174 3670 eius

588 3675 918 3729 curatioiiem
954 3676 1214 3733 exhibere
1257 3684 1533 3737 renuetis?
1565 3684 1809 3753 Magnum
1862 3696 1955 3758 per
1991 3691 2173 3749 divina

586 3765 889 3835 ridiculum,
941 3783 1010 3824 an
1062 3772 1291 3828 maxima
1344 3775 1572 3832 lamenta
1618 3779 1725 3834 sint
1769 3784 2020 3839 nescio.)
2066 3787 2171 3843 Vos

585 3858 772 3914 aliena:
814 3861 949 3917 febri
978 3878 1162 3919 curam
1210 3870 1470 3937 quaeritis,
1523 3887 1617 3927 vos
1658 3871 1925 3931 Ihtlsccnti
1978 3878 2169 3937 animm

583 3950 845 4006 medelam
874 3954 1117 4010 adhiberi
1146 3960 1362 4028 cupitis,
1381 3970 1437 4016 et
1462 3963 1514 4016 in
1538 3964 1665 4019 lethi
1692 3960 2037 4035 proximitate
2069 3986 2167 4043 po-

583 4042 691 4108 siti,
730 4050 893 4099 vestri
945 4050 1291 4106 immemores
1322 4053 1391 4107 de
1430 4054 1656 4113 alterius
1693 4060 1865 4117 salute
1903 4042 2164 4122 tractatis.

583 4135 719 4203 Quid
744 4139 790 4191 si
814 4136 945 4192 illud
978 4155 1103 4196 vere
1123 4143 1275 4199 vobis
1304 4160 1333 4198 a
1362 4146 1622 4215 propheta
1644 4148 1844 4207 dictum
1873 4171 1883 4206 :
1915 4138 2167 4227 Nunquid

581 4245 763 4300 parum
795 4242 869 4285 est
894 4234 1030 4301 quod
1060 4238 1260 4290 molesti
1283 4241 1402 4295 estis
1425 4241 1731 4311 hominibus,
1759 4246 1956 4303 molesti
1977 4250 2094 4304 estis
2121 4261 2167 4306 et

580 4319 690 4375 Dee
717 4339 828 4377 meo
859 4323 1015 4396 (Iani.
1044 4343 1135 4394 vn,
1171 4331 1282 4400 I5).
1310 4332 1378 4387 Et
1422 4334 1615 4391 iterbm
1654 4354 1667 4391 :
1715 4334 1932 4409 Medica,
1965 4356 2091 4397 cura
2119 4354 2167 4400 te

579 4415 744 4484 ipsum
774 4414 928 4488 (Luc.
970 4435 1044 4489 tv,
1076 4418 1208 4492 ρων
1244 4423 1351 4479 Sed
1384 4426 1509 4483 hinc
1542 4429 1698 4486 alias.
1732 4429 2007 4501 Novimus,
2042 4438 2164 4507 quia

577 4507 755 4561 sanari
808 4524 914 4565 non
956 4521 1130 4580 potest
1179 4520 1565 4587 conclamatus,
1603 4530 1659 4576 et
1694 4521 1876 4594 (Prov.
1910 4542 2063 4592 xvnt,
2105 4528 2162 4599 5)

576 4600 850 4672 improbus
898 4604 954 4659 in
997 4606 1316 4674 profundum
1342 4612 1637 4669 deveniens
1681 4618 1815 4672 mira
1860 4622 2163 4678 temeritate

2282 3402 2682 3459 excusationem
2727 3414 2819 3459 aut
2856 3405 3044 3464 fraude
3085 3423 3240 3465 mens
3267 3421 3446 3467 vestra
3478 3422 3736 3485 transeat,
3777 3427 3870 3474 ant

2283 3492 2580 3549 belluarum
2606 3511 2791 3565 pressa
2820 3497 3145 3556 hebetudine
3166 3518 3272 3557 non
3303 3508 3594 3574 agnoscat?
3623 3509 3705 3564 An
3730 3508 3872 3566 forte

2279 3580 2423 3639 aliud
2456 3587 2654 3657 putatis
2678 3586 2862 3655 fuisse,
2888 3589 3033 3661 quod
3057 3591 3257 3650 dictum
3285 3605 3387 3662 est,
3419 3597 3593 3667 ipsum
3621 3600 3876 3662 debuisse

2277 3668 2541 3749 synodum
2576 3694 2894 3746 convocare.
2933 3684 3087 3752 cujus
3116 3699 3252 3755 opus
3283 3695 3399 3743 erat
3426 3688 3639 3745 ofﬁcio?
3676 3700 3733 3745 ut
3771 3707 3877 3750 vos

2277 3770 2529 3830 videlicet
2548 3790 2641 3844 per
2657 3778 2966 3846 pontificale
2989 3794 3217 3837 examen
3239 3786 3503 3840 sententia
3526 3787 3876 3857 percelleret,

2275 3872 2410 3933 quos
2438 3880 2467 3920 a
2488 3868 2680 3937 capitis
2710 3870 2794 3925 sui
2819 3886 3075 3944 compage
3115 3876 3168 3929 in
3200 3876 3389 3933 salutis
3427 3878 3751 3937 detrimento
3779 3881 3875 3939 in-

2274 3971 2439 4012 sanus
2465 3958 2644 4015 fervor
2673 3958 3001 4021 absciderat.

2350 4048 2494 4116 Post,
2524 4052 2663 4108 Esau
2691 4057 3021 4115 mentionem
3051 4059 3201 4129 operi
3223 4069 3429 4130 vestro,
3450 4063 3637 4119 nescio
3666 4066 3873 4133 verbis,

2270 4158 2337 4199 an
2379 4144 2663 4203 latratibus
2710 4147 3003 4219 indidistis,
3035 4152 3056 4183 ⁵
3081 4163 3451 4223 comparantes
3483 4156 3533 4210 ei
3573 4157 3874 4216 antistitem

2272 4244 2539 4305 nostrum,
2571 4241 2663 4310 qui
2704 4241 2936 4297 senioris
2968 4252 3175 4300 naturae
3214 4246 3532 4302 beneficium
3573 4249 3733 4303 unius
3762 4249 3872 4308 cibi

2268 4324 2694 4387 commutatione
2741 4328 3054 4403 perdiderit,
3088 4345 3143 4391 et
3184 4336 3529 4409 primogeniti
3572 4354 3761 4394 canam
3791 4340 3869 4396 di-

2267 4423 2528 4492 gnitatem
2562 4427 2803 4483 amiserit
2846 4427 3088 4485 faucibus
3138 4431 3484 4502 obsequendo
3515 4431 3669 4502 (Gen.
3706 4435 3865 4506 xxv).

2267 4517 2348 4572 Ad
2378 4518 2476 4573 ista
2503 4520 2629 4589 quid
2665 4520 2914 4589 referam,
2945 4524 3034 4593 qui
3058 4538 3128 4580 ex
3159 4525 3304 4579 omni
3339 4525 3673 4595 obiectorum
3709 4535 3866 4595 parte

2267 4609 2588 4665 concludori
2598 4612 2751 4680 Quis,
2771 4626 2921 4683 rogo,
2937 4622 3175 4670 veStrnm
3199 4616 3520 4687 Symmacho
3538 4615 3864 4673 benedictio-

575 4697 892 4751 contemnit.
924 4697 1032 4753 Sed
1060 4700 1226 4755 credo
1251 4703 1377 4757 vivit
1406 4704 1457 4758 in
1498 4694 1635 4774 istis,
1669 4716 1722 4763 et
1756 4709 1808 4764 in
1841 4710 1995 4768 malae
2031 4729 2159 4769 con-

2276 4714 2411 4767 nem,
2441 4702 2565 4758 dum
2604 4705 2739 4773 patri
2783 4706 2900 4777 plus
2927 4707 3187 4776 deservit,
3216 4710 3445 4781 eripuit?
3470 4712 3554 4767 cui
3587 4720 3862 4766 tantorum

576 4788 890 4844 versationis
927 4798 1038 4844 sna:
1084 4801 1278 4863 morte,
1311 4794 1621 4863 consilium;
1652 4808 1706 4854 et
1759 4811 1932 4868 potest
1970 4814 2158 4875 optare

647 4918 897 5006 ’.Ραηξιηι
920 4926 1202 4991 oportuisse
1223 4931 1477 5006 synodum
1505 4932 1803 5006 convocare]
1836 4936 1948 4993 Hoc
1971 4941 2148 4996 Theo-

575 4987 755 5043 derico
791 4987 1079 5081 Ravennae,
1113 5004 1169 5048 nt
1198 4987 1288 5079 est
1333 5000 1386 5054 in
1430 5004 1563 5081 actis
1600 4987 2144 5081 synodiisniia'ln-ta'rvis,

574 5070 929 5141 apposueram
976 5066 1233 5141 episcopi,
1272 5083 1391 5125 cum
1441 5073 1604 5141 ipsius
1631 5066 1897 5133 'mandato
1947 5066 2155 5139 evocati

575 5130 794 5183 Romam
826 5130 1177 5221 adnsyn'oduni
1209 5130 1999 5221 proficiscerentur.__Sedhanc
2018 5130 2145 5221 cui:

574 5214 852 5287 scaporum
880 5202 1195 5287 libertatem,
1212 5202 1477 5287 tanquam
1504 5219 1611 5287 regi
1641 5202 1843 5274 scilicet
1867 5202 2145 5280 contunie-

572 5273 779 5360 lissam,
804 5280 1049 5358 taxarant
1080 5273 1535 5360 scitismatici._At
1563 5273 1682 5341 υηοη
1713 5290 1888 5360 iniqua
1910 5273 2144 5351 visa-cst

572 5329 923 5432 'Irhcoderico,
957 5350 1043 5414 qui
1075 5329 1300 5405 notiabs
1323 5368 1380 5407 re
1408 5355 1457 5432 id
1486 5329 1692 5432 causali-"ui

572 5414 727 5504 tiens,
758 5417 931 5484 ipsum
965 5432 1382 5504 quoquepapam
1414 5425 1464 5477 in
1490 5414 2029 5504 colligendasvnrodo
2050 5414 2142 5494 vii-

570 5484 997 5564 lnnta‘tcins‘nam
1031 5484 1218 5564 litteris
1247 5484 1643 5554 demonstrasse
1676 5484 2029 5564 ieéisiiis'éét'.

637 5556 1065 5647 ζὲνειιὶδὶρρῑςηιΙ
1090 5562 1424 5621 Coloniensis
1456 5569 1637 5635 editio,
1673 5556 2030 5647 chriam};

638 5624 659 5699 ξ
682 5627 840 5699 Ij‘orte
872 5624 1110 5699 probetis.

636 5694 657 5725 ⁴
688 5695 785 5788 life
814 5694 1420 5788 pet-ennemuinerilorum
1448 5710 1635 5788 dotem]
1667 5714 1915 5788 Synodus
1946 5721 2147 5786 palma-

565 5766 659 5822 ris.
680 5765 921 5848 .Maxime
944 5790 1055 5848 cum
1077 5776 1170 5829 illa
1191 5795 1301 5846 qua:
1329 5765 1820 5848 prsemisimrisiitter
1838 5765 2035 5845 aliarde
2053 5765 2143 5846 tit:-

814 5839 1240 5932 Σςᾼεςὶίξιοςλςιανιυηὶ,
1265 5839 1396 5932 quia.
1413 5857 1559 5932 quod
1571 5839 1961 5932 possessor

564 5912 686 5967 dum
715 5912 889 5968 beatus
920 5912 1108 5972 Petrus
1134 5912 1336 5990 meruit,
1363 5912 1434 5984 ,ξιξ
1474 5912 1783 5983 nobilitatem

2262 4810 2545 4852 munerum
2582 4798 2761 4869 .Jacob
2796 4801 2913 4857 vice
2951 4810 3037 4857 est
3080 4803 3275 4859 collata
3316 4804 3602 4861 nobilitas?
3627 4806 3749 4877 quis
3789 4821 3860 4863 ex

2262 4955 2494 5019 accessit,
2526 4965 2572 5008 et
2600 4958 2887 5013 claritatem
2915 4968 3127 5015 veterem
3157 4963 3300 5017 novis
3326 4964 3415 5018 dat
3434 4965 3498 5019 de
3522 4962 3712 5019 Christi
3736 4965 3859 5020 dote

2265 5026 2582 5105 recterilrus._
2620 5027 2710 5083 Sic
2751 5030 2890 5105 enim
2936 5040 3204 5105 postrema
3250 5033 3366 5089 htec
3413 5033 3577 5091 verba
3626 5036 3856 5105 legenda

2264 5104 2408 5178 sunt.
2433 5097 2583 5178 Quod
2612 5102 2834 5178 ergone
2859 5097 3002 5178 sedis
3026 5105 3343 5160 auctoritate
3364 5105 3613 5178 dictuma
3644 5097 3854 5178 sfnodo

2260 5164 2458 5245 fuerat,
2491 5169 2562 5245 ad
2589 5164 2994 5245 sanctimoniam
3021 5186 3232 5245 queque
3272 5177 3543 5231 transtulit
3573 5164 3853 5245 Eniindius

2257 5238 2410 5305 cujus
2440 5254 2505 5292 ex
2549 5238 2648 5291 hoc
2677 5239 2793 5295 loco
2831 5238 3158 5299 sententiain
3197 5246 3418 5303 laudant
3456 5246 3689 5303 Joannes
3728 5244 3849 5304 VIII

2258 5307 2310 5388 in
2344 5308 2567 5430 talistola
2591 5310 2657 5364 ad
2690 5311 2997 5369 Bercarium
3039 5317 3309 5386 abbatem,
3342 5329 3396 5375 et
3426 5318 3715 5391 Gregorius
3754 5318 3847 5374 VII

2258 5392 2307 5430 in
2395 5388 2577 5430 tctatu.

2254 5376 2307 5431 in
2349 5378 2577 5434 Dictatu.

2326 5449 2345 5480 ⁵
2371 5448 2735 5533 Comparantes
2746 5455 3076 5533 eiqntistilem
3100 5460 3349 5533 nostrum]
3368 5459 3616 5533 Plerique
3630 5471 3848 5533 vestrum

2250 5518 2467 5602 legunt;
2493 5518 2705 5602 sedres
2747 5529 2911 5602 exigit
2937 5537 3002 5602 _ut
3030 5536 3256 5585 nostrum
3289 5518 3547 5601 legamus:
3581 5530 3846 5602 quod.se-—

2253 5592 2470 5675 quentia
2502 5592 3162 5675 declar.:nt._Schismatici
3183 5592 3483 5675 enimfcum
3513 5592 3654 5675 Esau
3684 5592 3848 5675 Sim-

2252 5664 2500 5744 machum
2538 5668 3099 5744 comparabanttcum
3137 5672 3300 5728 Jacob
3343 5664 3844 5744 Laurentiumfper

2250 5747 2409 5802 quem
2440 5737 2765 5816 Symmacho
2788 5741 3183 5816 pontificatum,
3218 5753 3470 5816 tanquam
3508 5737 3843 5816 benedictio-

2253 5820 2373 5886 nem
2405 5808 2614 5876 eripere
2647 5808 2998 5886 conabantur.
3030 5808 3198 5869 Paulo
3224 5808 3367 5886 posi,
3400 5816 3455 5871 in
3498 5812 3607 5873 illis
3631 5814 3835 5884 Verbis,

2251 5873 2507 5933 Prmtereit
2540 5890 2659 5936 tunc
2687 5882 2866 5950 Jacob,
2903 5884 3047 5941 Isaac
3072 5873 3367 5957 legendum.
3389 5886 3618 5948 videtur.
