4192 6260
201 419 305 476 189

1170 410 1501 468 LlBELLUS
1538 410 2065 472 APOLOGETICUS
2105 416 2240 474 PRO
2274 417 2559 477 SYNODO.

3385 382 3574 481 Μ’

202 536 356 593 vobis
398 535 528 587 orci
579 530 817 598 parentis
852 526 1136 582 desideriis
1186 527 1457 596 pariturus
1511 527 1785 584 occurrit?
1818 528 1872 589 Α
1899 532 2046 586 libus
2082 548 2186 587 non
2215 534 2578 598 credendum;
2612 535 2669 589 in
2700 536 2896 605 quibus
2922 534 3046 591 odio
3073 547 3331 591 succensa
3364 535 3491 590 vici-
3590 554 3595 561 ν

204 631 321 701 quis
350 634 593 680 vestrum
625 620 914 676 devotione
954 633 1047 673 sua
1088 619 1391 688 genitorem
1433 619 1795 676 venerabilem

204 735 420 793 captum
450 718 622 773 oculis
647 716 791 771 nulla
818 714 941 770 fecit
970 714 1103 768 lucis
1126 714 1323 768 damna
1352 714 1800 769 sentire?Nonne

204 814 493 873 collatione
522 809 873 865 tenebrarum
894 815 1194 861 vestrarum
1225 820 1329 859 nox
1361 815 1575 872 putatur
1596 821 1690 874 per
1713 821 1801 859 su-

205 910 334 965 dum
364 905 592 961 rutilans
631 902 789 971 jubar
812 897 1123 964 ostendere,
1162 905 1219 952 et
1266 898 1443 951 omnis
1474 898 1796 967 obseuritas,

206 1003 421 1059 actibus
447 998 640 1053 vestris
671 994 888 1061 collata,
914 991 1164 1045 decorem
1196 990 1328 1045 solis
1373 991 1631 1046 assumit?
1659 991 1802 1045 Prae-

207 1107 357 1152 terea
409 1106 533 1146 tunc
586 1087 772 1154 Jacob,
822 1084 1068 1154 quamvis
1120 1092 1506 1151 congruentem
1559 1082 1801 1137 moribus

207 1190 328 1254 filii,
361 1182 788 1242 benedictionem
824 1188 1002 1233 tamen
1056 1175 1285 1231 contulit
1324 1174 1436 1244 jam
1478 1174 1797 1243 promissam

208 1281 363 1352 (Gen.
411 1282 621 1343 sum).
671 1272 823 1328 Nunc
861 1268 987 1341 quid
1037 1266 1123 1323 bis
1163 1266 1373 1335 longius
1424 1267 1799 1331 immoramur,

210 1393 333 1434 cum
353 1372 581 1430 docendi
612 1384 723 1424 non
753 1366 881 1433 sint,
906 1365 997 1435 qui
1025 1363 1201 1419 calces
1222 1362 1453 1418 stimulis
1475 1361 1803 1416 intulerunt?

210 1469 433 1526 Credite
454 1464 605 1529 mihi,
638 1460 785 1531 pacis
813 1458 1030 1512 inimica
1079 1465 1223 1521 sunt,
1260 1454 1650 1526 impngnationi
1696 1469 1801 1507 non

210 1571 343 1619 sunt
368 1560 575 1618 idonea.
608 1569 727 1624 qua
756 1549 1033 1621 profertis.

283 1653 391 1710 Sed
420 1651 657 1720 sequitur
682 1644 953 1700 vinculum
982 1658 1102 1697 cum
1126 1642 1427 1711 aenigmate,
1453 1640 1594 1710 quod
1624 1638 1803 1694 nescio

212 1764 322 1822 qua
354 1744 712 1817 replicationis
741 1751 856 1795 arte
888 1737 1178 1792 solvamus.
1212 1735 1472 1789 Tullianae
1498 1733 1642 1788 enim
1676 1748 1802 1800 pro-

214 1840 495 1898 funditatis
529 1837 745 1908 pelagus
779 1830 1008 1902 ingressi
1048 1827 1358 1898 cymbulam
1388 1834 1627 1879 nostram
1658 1838 1803 1892 quaa-

213 1936 450 1991 stionum
493 1928 704 1983 ﬂatibus
735 1940 830 1995 per
866 1922 1106 1977 littorum
1156 1920 1360 1974 incerta
1407 1916 1790 1972 transmittunt.
1826 1907 1876 1968 B

213 2029 272 2085 In
303 2043 405 2097 qua
448 2036 650 2085 tamen,
681 2018 898 2075 Christo
935 2015 1150 2071 clavum
1182 2020 1417 2073 tenente,
1466 2018 1678 2079 portum
1722 2009 1804 2062 in-

212 2120 453 2193 grediar,
485 2127 541 2171 et
580 2110 844 2183 sigillatim
871 2109 940 2164 de
974 2104 1276 2161 turbinibus
1316 2102 1510 2158 vestris
1555 2101 1805 2155 universa

213 2210 530 2278 discutiam,
560 2205 829 2261 habiturus
851 2202 903 2256 in
934 2201 1098 2255 ductu
1126 2197 1343 2252 illorum
1368 2193 1675 2248 facultatem
1699 2206 1805 2247 non

213 2318 419 2363 meum.
448 2296 807 2357 Aiuntenim:
838 2314 855 2345 ι
889 2291 1027 2347 Vera
1053 2300 1135 2345 est
1155 2290 1530 2358 episcoporum
1556 2285 1804 2349 assertio,

216 2398 359 2455 sedis
390 2391 700 2464 apostolicae
724 2386 1009 2458 prmsulem
1033 2384 1299 2439 minorum
1330 2394 1601 2449 nunquam
1634 2379 1807 2446 subia-

216 2494 391 2550 cuisse
419 2484 735 2547 sententizc;
766 2496 861 2537 cur
891 2481 955 2533 ad
991 2477 1254 2549 judicium
1291 2473 1534 2529 districta
1574 2486 1809 2528 conven-
1854 2504 1857 2509 ν

217 2587 364 2642 tione
383 2580 675 2653 productus
703 2576 829 2631 est?
859 2596 878 2627 ι
914 2572 1132 2627 Multum
1163 2569 1377 2641 quidem
1410 2581 1614 2623 annosa
1645 2566 1733 2621 hic
1757 2566 1808 2621 in

219 2679 375 2739 nobis
412 2674 623 2729 laborat
664 2669 923 2725 infantia:
957 2666 1044 2721 cui
1083 2664 1176 2719 ille
1207 2660 1555 2717 advocandus
1583 2668 1686 2722 est,
1717 2659 1807 2729 qui

216 2771 529 2827 iueluctatze
573 2762 855 2817 nobiscum
900 2772 1112 2827 semper
1163 2753 1369 2825 pondus
1426 2752 1809 2821 propositionis

216 2866 554 2930 exsuperat:
577 2870 696 2910 cum
722 2850 1005 2907 manifeste
1036 2864 1132 2920 pro
1153 2846 1522 2902 sacerdotibus
1542 2858 1663 2899 cum
1688 2860 1811 2914 pro-

215 2952 387 3026 pheta
436 2947 745 3004 clamitem:
777 2942 1027 3012 Nunquid
1057 2938 1360 3010 gloriabitur
1400 2937 1595 2991 securis
1629 2945 1809 2990 contra

218 3060 338 3099 eum
364 3042 456 3112 qui
480 3045 617 3092 secat
641 3040 693 3090 in
723 3035 820 3089 ea?
847 3044 938 3088 aut
967 3030 1277 3088 cxaltabitur
1303 3045 1448 3095 serra
1483 3038 1658 3081 contra
1694 3044 1810 3081 eum

220 3138 309 3209 qui
327 3134 481 3189 trahit
510 3148 622 3186 eam
653 3128 803 3198 (Isai.
834 3143 889 3191 ι.
922 3127 1115 3196 15)?ut
1145 3123 1213 3177 sit
1245 3122 1371 3176 mihi
1400 3121 1531 3175 illud
1559 3120 1810 3189 suifragio

224 3230 464 3285 divinum
491 3223 800 3279 oraculum:
840 3219 1107 3286 Quomodo
1135 3217 1180 3270 si
1204 3216 1415 3271 cessavit
1442 3224 1669 3280 exactor,
1713 3213 1808 3265 tri-

1906 623 2048 679 nitas
2100 639 2195 694 per
2236 625 2563 680 nutrimenta
2597 626 2753 682 arida
2800 627 3067 683 flammam
3104 612 3495 699 persecutionis

1901 720 2215 785 exsuscitat,
2262 728 2318 773 et
2366 720 2670 774 universam
2717 720 2824 775 doli
2867 721 3122 778 fabricam
3167 732 3383 792 sumptu
3438 731 3492 778 et

1903 809 2167 864 machinis
2204 810 2601 865 cohaerentibus
2639 822 2849 867 secreta
2890 812 3242 881 dispositione
3270 829 3491 884 compo-

1904 903 2013 968 nit;
2043 903 2175 957 istos
2212 918 2331 973 quae
2362 903 2554 959 donius
2585 914 2878 971 evumeret,
2912 907 3001 972 qui
3047 906 3187 961 scire
3234 908 3493 975 potuisset

1904 1006 2093 1051 nostra
2138 997 2406 1061 collectio,
2454 997 2558 1052 nisi
2617 998 2951 1067 praesentes?
2980 1007 3036 1053 et
3078 999 3492 1068 impugnationis

1905 1089 2215 1158 qualitatem
2249 1089 2390 1144 unde
2420 1088 2524 1143 nisi
2552 1105 2624 1145 ex
2652 1090 2848 1160 scripta
2883 1090 3249 1159 propositione
3276 1090 3493 1144 didicis-

1906 1181 2022 1237 set?
2054 1181 2105 1234 in
2136 1180 2329 1251 quibus
2368 1182 2693 1236 sententiam
2732 1180 3037 1247 criminum,
3077 1182 3203 1237 dum
3247 1181 3493 1236 simulato

1906 1277 2083 1333 ferunt
2097 1276 2524 1345 persecutionem
2544 1291 2601 1330 se
2619 1276 2814 1331 debere
2832 1276 3164 1338 criminibus,
3188 1275 3492 1345 agnovisse?

1980 1370 2109 1425 Post
2140 1372 2227 1425 illa
2258 1386 2378 1438 qua:
2408 1371 2474 1423 de
2502 1371 2904 1425 accusatoribus
2932 1370 3137 1437 prolata
3166 1380 3312 1434 sunt,
3343 1370 3465 1424 addi

1907 1463 2089 1518 distis:
2129 1481 2146 1513 ι
2188 1464 2206 1492 ²
2239 1461 2347 1514 Cur
2372 1474 2619 1530 personae
2648 1461 2811 1529 iussa:
2842 1462 2949 1514 sint
2979 1461 3316 1529 prmsentari,
3350 1477 3491 1530 quas

1908 1571 2050 1626 saepe
2076 1553 2368 1623 imperialis
2402 1554 2691 1622 ﬂagitasset
2739 1553 3052 1617 auctoritas,
3099 1553 3165 1608 ad
3199 1552 3488 1608 defrauda—

1909 1651 2107 1705 tionem
2136 1648 2279 1718 genii
2308 1648 2579 1715 pertinere
2600 1646 2739 1714 ejus,
2768 1647 2856 1715 qui
2876 1660 3015 1699 nunc
3046 1648 3095 1698 in
3126 1646 3257 1700 sede
3276 1655 3493 1714 aposto-

1910 1742 2030 1808 lica,
2064 1740 2219 1809 quasi
2243 1741 2293 1794 in
2318 1739 2546 1809 quadam
2577 1752 2700 1792 arce
2722 1738 2985 1791 consistit.
3020 1756 3037 1789 ι
3072 1732 3209 1791 Vere
3241 1736 3391 1791 vobis
3415 1738 3494 1792 di-

1910 1836 1983 1889 cit
2007 1833 2277 1903 Sapientia
2307 1849 2318 1885 :
2348 1830 2517 1884 Homo
2562 1830 2795 1896 inﬁrmus
2840 1838 2887 1882 et
2929 1829 3099 1898 exigui
3150 1830 3389 1897 temporis
3429 1830 3494 1883 ad

1911 1928 2224 1982 intellectum
2246 1941 2344 1977 non
2374 1923 2647 1993 perueniet,
2672 1922 2759 1975 sed
2786 1921 2999 1987 laboret,
3028 1931 3081 1973 ut
3110 1922 3236 1974 sciat
3265 1922 3388 1989 quid
3415 1938 3494 1974 ac-

1911 2032 2106 2094 ceptum
2130 2020 2195 2073 sit
2221 2018 2362 2089 apud
2395 2014 2669 2068 Dominum
2699 2013 2853 2085 (Sap.
2889 2029 2965 2078 Ix,
2997 2012 3073 2083 5).
3109 2010 3177 2065 Et
3203 2012 3393 2066 iterum
3416 2011 3496 2065 di-

1911 2127 2037 2182 cunt
2065 2112 2351 2168 Proverbia
2375 2129 2386 2163 :
2424 2110 2544 2164 Odit
2569 2108 2588 2138 ³
2606 2124 2659 2162 se
2687 2108 2773 2177 qui
2795 2106 3003 2177 ncgligit
3032 2106 3226 2171 studia,
3249 2104 3496 2171 imperitis

1911 2210 2045 2265 enim
2070 2207 2236 2261 obviat
2266 2219 2402 2257 mors
2431 2201 2615 2271 (Prov.
2651 2217 2741 2267 xv,
2768 2198 2855 2265 5'2,
2890 2207 2945 2253 et
2968 2214 3021 2263 ι,
3048 2195 3161 2269 2!).
3185 2194 3321 2263 Quid
3351 2193 3493 2250 enim

1911 2304 2056 2359 illam
2080 2315 2199 2369 qua:
2220 2314 2284 2353 ex
2312 2286 2550 2365 viperina
2574 2294 2798 2357 scientia
2821 2291 3116 2358 descendit,
3139 2291 3495 2363 ignorantiam

1912 2394 2144 2466 fingitis?
2171 2391 2298 2461 quid
2330 2389 2597 2444 adhibetis
2643 2389 2779 2442 mira
2822 2385 3174 2442 latrocinandi
3207 2396 3323 2441 arte
3362 2402 3495 2456 prie.

1910 2485 2085 2557 stigia,
2131 2482 2530 2552 simplicitatem
2580 2477 2755 2533 fronte
2801 2476 3188 2532 monstrando?
3232 2478 3305 2531 De
3344 2479 3499 2530 vobis

1910 2596 2037 2635 vere
2064 2577 2267 2633 dictum
2288 2585 2373 2630 est
2396 2591 2409 2627 :
2442 2574 2545 2638 Qui
2570 2573 2797 2640 loquitur
2822 2570 3163 2636 mendacium,
3194 2587 3255 2623 ex
3276 2570 3496 2640 propriis

1913 2673 2135 2741 loquitur
2165 2668 2348 2739 (Joan.
2382 2683 2494 2732 vin,
2518 2665 2635 2736 Η).
2668 2666 2827 2720 Istam
2860 2664 3054 2719 latitia:
3090 2662 3302 2728 faciem,
3330 2680 3391 2717 ex
3412 2664 3496 2732 ju-

1912 2766 2173 2823 diciorum
2194 2775 2420 2818 censura
2447 2760 2772 2835 venientem,
2808 2756 2950 2811 vafra
2984 2757 3289 2826 provisione
3317 2762 3499 2811 Sacer-

1912 2861 2053 2917 dotis
2084 2854 2452 2919 nostri.oculis
2478 2852 2807 2917 abstulistis;
2841 2860 2896 2905 ut
2924 2867 3047 2906 eum
3085 2850 3279 2906 talibus
3307 2849 3497 2905 adver-

1913 2969 2004 3009 sus
2031 2952 2174 3007 acies
2207 2958 2411 3006 testras
2453 2946 2770 3001 instructum
2804 2943 3211 3009 munitionibus,
3245 2952 3299 2997 et
3342 2942 3499 2996 inno-

1912 3047 2102 3102 centiae
2128 3045 2183 3097 in
2214 3041 2522 3098 testimonio
2547 3039 2696 3093 orbis
2735 3038 2837 3093 tela
2869 3037 3222 3100 deferentem,
3255 3034 3323 3089 ab
3368 3035 3498 3101 ipsis

1910 3140 2229 3210 iudiciorum
2260 3134 2433 3201 adytis
2467 3131 2738 3201 pelleretis
2763 3149 2776 3184 :
2804 3129 3145 3198 providentes
3172 3137 3230 3183 ut
3258 3141 3357 3182 nec
3381 3126 3500 3182 sine

1914 3229 2312 3302 impugnatione
2351 3226 2537 3280 insons
2574 3222 2800 3289 viveret,
2849 3235 2950 3277 nec
2979 3220 3204 3276 haberet
3249 3218 3497 3275 solatium

222 3325 400 3379 butum
435 3320 676 3388 quiescit;
708 3317 783 3370 ita
812 3313 1045 3367 contrivit
1076 3311 1323 3365 Dominus
1357 3308 1595 3362 baculum
1624 3309 1808 3377 ἰηιῃὶοο
1836 3293 1883 3358 C
1916 3293 2302 3392 αθξηξοηυριθ
2326 3320 2563 3391 iudicum
2590 3317 2937 3389 inquisitione
2957 3316 3216 3385 pulsam“.
3238 3314 3341 3369 vos
3363 3328 3498 3383 pm-

178 3494 183 3495 γ
222 3434 344 3472 rum
366 3414 516 3485 (Isai.
543 3428 655 3478 nv,
682 3410 761 3482 ι).
794 3407 1015 3474 Tribus,
1050 3406 1295 3469 Domine,
1343 3402 1487 3473 quod
1516 3401 1809 3471 praedixistr

221 3512 277 3567 in
320 3508 427 3564 illis
457 3525 473 3564 :
505 3516 567 3561 ut
611 3506 750 3560 sicut
785 3511 929 3557 errat
958 3500 1136 3556 ebrius
1163 3508 1217 3554 et
1246 3510 1487 3561 vomens,
1521 3497 1591 3551 ita
1627 3504 1813 3563 pereat

219 3600 543 3659 incredulus
561 3598 644 3667 qui
671 3593 958 3653 inﬁdeliter
983 3592 1110 3662 agit.
1144 3591 1369 3659 Propter
1393 3588 1516 3651 hoc,
1550 3584 1810 3656 protiheta

222 3695 385 3751 vobis
412 3692 667 3747 insultans
700 3687 965 3743 vociferat
994 3704 1007 3740 :
1039 3685 1223 3739 Audite
1241 3685 1443 3737 verbum
1467 3680 1695 3747 Domini,
1719 3678 1812 3733 viri
1856 3696 1862 3702 ·

220 3792 462 3845 ittusores
498 3785 659 3859 (Isai.
725 3798 913 3851 xxvtn,
969 3779 1085 3849 14).
1118 3779 1486 3848 Quisquamne
1526 3787 1808 3830 causarum

220 3900 289 3941 ex
321 3881 746 3955 prmcognitione
778 3878 949 3933 sancit
974 3884 1248 3941 eventum,
1291 3882 1345 3929 et
1386 3871 1587 3935 rabidis
1619 3868 1807 3923 termi-

221 3990 356 4031 num
382 3975 621 4043 positura
647 3970 1090 4027 conﬂictibus‘sie
1129 3966 1370 4030 metitur,
1403 3972 1461 4017 ut
1500 3961 1685 4032 pernix
1718 3959 1813 4013 de-

219 4071 379 4138 cisio,
415 4069 543 4123 dum
572 4065 915 4137 inquisitione
951 4077 1074 4119 esse
1109 4061 1293 4115 senior
1326 4056 1632 4123 innotescit,
1662 4051 1813 4107 lavo-

221 4174 340 4219 retu
363 4160 639 4218 censentis
665 4158 914 4213 accuset?
944 4156 1095 4211 Nunc
1126 4154 1395 4225 paulisper
1418 4167 1531 4215 ore,
1575 4147 1805 4209 actibus,

223 4254 381 4309 annis
409 4254 681 4322 indignus,
714 4248 1004 4320 pontificali
1025 4261 1159 4302 voce
1179 4259 1275 4300 vos
1298 4259 1542 4314 arguam.
1568 4242 1695 4310 Nos,
1723 4243 1815 4315 qui

223 4358 426 4401 statuta
457 4354 643 4399 nostra
674 4355 781 4397 non
812 4356 914 4396 una
935 4340 1077 4409 apud
1108 4354 1203 4393 vos
1230 4338 1479 4392 volumus
1511 4337 1664 4393 lance
1684 4352 1817 4391 con-

221 4450 399 4505 stare,
434 4436 631 4506 quibus
666 4434 734 4490 de
776 4436 1206 4505 impugnatorum
1241 4429 1499 4501 qualitate
1552 4427 1643 4483 lati
1689 4438 1817 4485 sunt

225 4547 489 4593 rationes,
522 4530 662 4596 apud
690 4543 825 4599 quos
866 4527 1014 4582 nefas
1055 4534 1136 4581 est
1165 4539 1298 4579 cana
1343 4531 1552 4591 patrum
1589 4518 1815 4573 difﬁnita

225 4622 635 4688 transcendere,
668 4621 858 4690 quibus
880 4620 1133 4689 scriptum
1156 4625 1239 4671 est
1263 4617 1317 4669 in
1348 4616 1364 4646 ⁸
1390 4611 1813 4680 Carthaginiensi

224 4718 485 4781 concilio,
516 4710 659 4785 quod
698 4713 1005 4783 apostolica:
1040 4708 1189 4765 sedis
1220 4723 1316 4777 per
1346 4705 1661 4760 Faustinum
1706 4703 1818 4770 epi-

225 4823 453 4879 scopum
486 4809 573 4878 qui
604 4817 729 4862 tunc
757 4808 825 4861 ab
853 4820 919 4862 ea
964 4804 1160 4858 missus
1193 4799 1454 4866 interfuit,
1507 4795 1818 4866 approbavit

226 4903 544 4969 auctoritas,
580 4899 991 4955 Accusatoribus
1015 4896 1083 4952 de
1110 4892 1314 4949 inimici
1350 4891 1511 4945 domo
1546 4887 1819 4958 prodeun-

304 5042 318 5068 ¹
345 5036 761 5109 Carthaginiensi
791 5030 1026 5109 concilia]
1055 5031 1318 5109 septimo,
1338 5022 1490 5109 quod
1512 5023 1821 5109 miscerem:

229 5112 313 5165 rio
343 5092 584 5163 bisilici'e
607 5110 865 5163 restituta:
892 5105 950 5158 P.
982 5092 1042 5158 (Σ.
1083 5092 1309 5155 Honorii
1340 5092 1414 5150 in
1444 5104 1497 5149 et
1532 5092 1821 5165 Theodosii

231 5164 325 5234 vin
367 5181 694 5233 celebratum
740 5188 844 5239 est,
875 5178 959 5232 cui
1000 5184 1055 5229 et
1103 5171 1392 5226 Fausrinus
1430 5164 1729 5239 Potentius:
1770 5166 1822 5218 in

234 5252 433 5307 Piceno
479 5251 731 5305 Ecclesiae
762 5235 1069 5318 episcopus,
1118 5240 1401 5318 Bonifacii.
1424 5235 1825 5318 papiliulegatus

234 5306 496 5377 interfuit.
527 5320 729 5376 Alludit
758 5306 1333 5374 autem'ad'canonem
1375 5306 1677 5363 domicilii.

306 5396 327 5424 ²
362 5390 465 5445 Cur
492 5408 719 5462 persona:
738 5394 897 5461 jussu:
918 5386 1039 5457 sint]
1081 5383 1388 5462 St'ttintaclti
1410 5378 1684 5460 mancipia
1709 5395 1721 5431 :
1747 5378 1827 5431 in-

238 5466 337 5528 fra,
378 5451 560 5529 Qucum
589 5480 621 5515 α
648 5451 808 5524 uobis,
837 5463 986 5531 cujus
1012 5451 1319 5531 conditionis
1351 5451 1654 5531 [uerintista
1680 5464 1825 5530 man-

234 5521 535 5603 ιίρῖλῗιμιίε
578 5521 833 5604 postulatu
874 5521 1077 5604 scriptis
1110 5523 1477 5604 principalibus
1526 5521 1822 5604 intimastis.

234 5590 392 5660 It'cm'
414 5590 497 5659 tibi
535 5590 604 5661 de
637 5603 924 5659 Visitatore
954 5590 1207 5655 disserit:
1254 5590 1435 5663 Ibique
1461 5590 1740 5663 papamab
1769 5606 1825 5643 eo

226 5679 518 5731 salutatum
556 5694 648 5730 suo
694 5691 779 5730 ore
797 5675 957 5749 jussit
992 5671 1164 5796 t‘zﬂari,
1194 5678 1249 5722 ut
1277 5662 1499 5721 traderet
1530 5662 1829 5732 coepiscopo

230 5749 522 5796 mancipia-
582 5745 744 5796 nullis
802 5744 992 5796 subden
1034 5759 1064 5795 a
1115 5739 1397 5796 tormentis,
1459 5734 1708 5789 servanda
1763 5733 1829 5785 ad

230 5749 523 5817 mancipia,
582 5745 744 5801 nullis
797 5733 1064 5817 aubdenda
1115 5733 1397 5817 tormentis,
1459 5734 1708 5817 servanda
1763 5733 1830 5785 ad

224 5806 663 5887 duceptationem
715 5816 980 5888 synodalis
1022 5811 1293 5888 euantinis.
1348 5808 1423 5865 De
1479 5807 1562 5861 his
1608 5806 1753 5888 enim
1795 5817 1832 5886 _a

230 5875 590 5949 Theoderico
621 5875 975 5959 impe'trarant
1003 5882 1319 5945 adversarii,
1351 5890 1408 5933 ut
1437 5875 1831 5959 repraesentari,

238 5975 299 6021 et
324 5948 468 6034 quod
498 5964 646 6033 leges
677 5948 729 6016 e't
754 5972 988 6031 canones
1012 5962 1213 6020 vetant,
1240 5962 1426 6010 contra
1453 5949 1727 6005 dominum
1757 5948 1836 6001 in-

1914 3422 2022 3475 lato
2043 3430 2097 3474 et
2112 3416 2333 3473 dedistis
2358 3423 2413 3470 et
2438 3412 2708 3468 invidistis
2730 3423 2978 3473 examen,
3006 3423 3127 3463 cum
3153 3422 3258 3461 uno
3278 3406 3500 3462 eodem—

1913 3527 2017 3582 que
2057 3511 2248 3565 itinere
2276 3524 2309 3563 a
2349 3507 2505 3561 vobis
2532 3502 2986 3573 disceptationum
3024 3499 3189 3553 dubia
3239 3500 3422 3553 subire
3448 3510 3501 3554 ct

1914 3604 2248 3676 prohibetur,
2280 3611 2334 3658 et
2363 3600 2600 3671 cogitur;
2640 3606 2697 3653 et
2742 3612 2838 3665 per
2865 3593 3188 3664 singularem
3215 3594 3405 3649 callem
3434 3592 3501 3648 ad

1913 3715 2129 3757 causam
2160 3696 2421 3754 arcendus
2466 3702 2751 3757 evocatur;
2788 3707 2855 3746 ne
2887 3689 3226 3744 manifestam
3273 3688 3502 3763 salutem

1915 3806 2007 3851 aut
2026 3810 2135 3850 non
2154 3791 2436 3848 lacessitus
2456 3787 2745 3851 obtineret,
2768 3792 2861 3839 aut
2882 3782 3185 3851 subriperet
3200 3780 3501 3835 absolutus.

1915 3886 2304 3944 Adolescentia:
2352 3896 2485 3937 mea:
2526 3878 2743 3934 memini
2796 3890 2883 3930 me
2929 3875 3123 3944 legisse
3173 3872 3505 3942 temporibus

1918 3982 1938 4014 ⁸
1966 3981 2036 4036 de
2072 3978 2304 4048 quodam
2340 3974 2585 4029 dictum:
2624 3970 2807 4024 Επειίί
2850 3968 3086 4021 exsilium
3132 3966 3370 4035 imperas,
3415 3979 3505 4017 nec

1916 4075 2029 4129 das.
2060 4072 2172 4127 Vos
2198 4068 2409 4140 impetit
2450 4066 2733 4135 Propheta
2773 4062 3036 4118 sententia
3072 4079 3086 4114 :
3130 4059 3229 4115 Isti
3256 4067 3375 4114 sunt
3413 4059 3506 4113 viri

1894 4170 2001 4238 equi
2032 4164 2451 4221 conturbauerunt
2497 4170 2705 4221 terram,
2736 4167 2782 4211 et
2821 4158 2909 4226 qui
2942 4164 3304 4211 concusserunt
3348 4170 3505 4225 regna

1920 4260 2075 4333 (Isai.
2109 4273 2218 4322 stv,
2247 4254 2361 4323 16).
2392 4254 2459 4307 Et
2488 4252 2681 4305 iterum
2708 4268 2721 4303 ε
2757 4247 3075 4303 Excidentur
3106 4245 3384 4300 ramusculi
3421 4262 3508 4298 eo-

1917 4370 2035 4409 rum
2080 4350 2320 4423 falcibus,
2367 4356 2415 4400 et
2455 4360 2569 4411 qua
2601 4341 2845 4395 derelicta
2888 4342 3099 4408 fuerim,
3146 4338 3510 4392 abscindentur

1923 4448 2077 4520 (Isai.
2106 4459 2264 4509 svnt,
2295 4443 2376 4513 5).
2408 4440 2478 4495 Ει
2515 4452 2738 4493 rursus:
2772 4435 2907 4489 Dum
2948 4450 3048 4487 non
3085 4432 3322 4502 speratis,
3350 4433 3510 4485 veniet

1922 4538 2163 4595 contritio
2192 4544 2379 4598 vestra,
2410 4542 2458 4588 et
2481 4530 2853 4586 comminuetur
2874 4526 3148 4581 multitudo
3172 4535 3362 4588 uestra,
3383 4525 3511 4578 sicut

1926 4634 2108 4704 lagena
2149 4629 2297 4701 ﬁguli
2338 4625 2494 4697 (Isai.
2531 4640 2655 4690 xxx,
2689 4622 2798 4692 Η).
2842 4620 2952 4677 Nec
2992 4633 3099 4674 non
3145 4615 3401 4687 propheta
3444 4614 3511 4670 ad

1928 4728 2066 4781 hanc
2094 4738 2311 4778 causam
2352 4718 2661 4790 specialiter
2706 4717 2916 4771 locutus
2966 4710 3230 4767 intonuit:
3264 4707 3514 4762 Dominus

1926 4816 2194 4874 inclinabit
2220 4829 2428 4867 manum
2458 4826 2625 4873 suam,
2649 4818 2695 4860 et
2725 4814 2924 4861 corruet
2946 4805 3031 4874 qui
3061 4807 3158 4871 fert
3186 4800 3334 4854 malis
3357 4800 3511 4853 auai-
3569 4857 3573 4861 ,

1932 4912 2079 4975 lium,
2108 4918 2154 4962 et
2176 4905 2323 4961 cadet
2354 4904 2438 4957 cui
2460 4909 2731 4969 prwstatur
2759 4897 3034 4958 auxilium,
3056 4894 3306 4965 simulque
3339 4908 3513 4947 omnes

1931 5023 2191 5093 terrogari
2222 5018 2558 5093 iuberentur.
2592 5013 2773 5083 Quare
2793 5019 2850 5066 et
2877 5008 2967 5065 illa
2996 5008 3128 5063 tradi
3159 5022 3256 5078 per
3277 5006 3513 5062 libellum

1930 5112 1963 5151 .
2626 5166 2657 5175 κ,
2706 5152 2805 5175 J'-1
2834 5153 2876 5175 n
2923 5168 2945 5175 Α
2972 5152 2983 5175 1
3008 5152 3019 5163 ⁸

2006 5151 2174 5220 ³Ὄαὶι
2199 5151 2251 5218 se
2278 5164 2361 5232 qui
2387 5160 2596 5231 negligit
2614 5152 2806 5232 studia]
2832 5152 2985 5232 Quod
3007 5151 3309 5232 in_Yulgata
3335 5161 3519 5232 ucstra

1935 5239 2193 5306 scriptum
2234 5223 2317 5289 es't
2348 5223 2643 5293 l’ro’vfxv,
2683 5225 2751 5280 '52
2774 5223 2944 5306 i-Qui.
2968 5223 3140 5304 objicit
3173 5223 3518 5306 disciplinam,

1935 5291 2147 5376 despicit
2175 5308 2400 5359 onitnam
2420 5317 2568 5356 suam
2600 5291 2786 5376 {apud
2809 5293 2950 5350 LXX
2989 5291 3310 5376 interpretes
3339 5293 3416 5346 sic

1933 5360 2076 5447 ᾳὶιιῖτ
2096 5396 2108 5429 :
2135 5378 2227 5435 ⁸ος
2246 5377 2529 5447 ἀπωθεῖται
2541 5360 2799 5447 nutricium,
2819 5366 3308 5447 praei_iaor6u..(lui
3327 5360 3522 5441 repellit

1934 5434 2285 5519 disciplinam,
2320 5446 2425 5519 odit
2456 5461 2508 5519 s_e
2534 5445 2720 5519 ipsum.
2748 5434 2903 5505 Quod
2934 5438 3235 5519 sine‘dubio
3266 5434 3410 5519 prius
3443 5438 3523 5509 est

1940 5502 2149 5574 comitia
2180 5502 2429 5570 Ennodii.
2467 5502 2743 5569 Posterius
2772 5502 2837 5567 ex
2868 5526 2915 5565 c.
2952 5526 3006 5567 ι.
3037 5507 3127 5570 Si,
3155 5502 3525 5574 sumptutn‘vi-

2172 5590 2260 5643 ubi
2293 5588 2432 5655 quod
2464 5584 2667 5640 Graecis
2698 5594 2803 5641 est.
2822 5584 2895 5655 Oi
2930 5579 2983 5635 δὲ
3012 5574 3299 5655 apposuit;
3324 5570 3523 5655 naiasin

1942 5644 2236 5725 reiectam,
2286 5644 2383 5712 nos
2423 5657 2669 5725 legimus,
2725 5654 2828 5718 Qui
2860 5660 3030 5705 autem
3054 5644 3257 5701 'i'udocti
3287 5652 3426 5707 sunt,
3476 5644 3524 5696 iu

1944 5736 2112 5804 cordis
2143 5741 2358 5804 egestate
2384 5730 2685 5804 morientur.

2016 5785 2145 5860 {De
2170 5785 2397 5873 inodum
2428 5798 2643 5873 dictum]
2672 5795 2913 5873 Jaso_n_e._
2935 5789 3135 5846 Medea:
3166 5787 3310 5864 enim
3339 5786 3403 5843 ad
3447 5785 3527 5842 Ja-

1944 5892 2129 5937 sonem
2161 5864 2319 5930 verba
2350 5882 2475 5929 sunt
2495 5886 2526 5928 e
2548 5864 2770 5929 Senecae
2801 5864 3004 5923 Medea.
