4184 6260
749 437 848 495 191

1870 431 2136 491 ENNODII
2180 431 2479 489 EPISCOPI
2517 433 2889 494 TICINENSIS

3916 441 4011 498 192

747 560 1105 610 consumentur
1147 550 1305 623 (lsai.
1342 564 1485 616 xxxi,
1519 548 1597 619 3).
1632 549 1813 605 Redeo
1852 558 2051 614 tamen,
2085 557 2205 618 post
2233 562 2326 603 ve-
2352 549 2407 610 Δ
2432 550 2661 605 muelem
2691 550 2850 605 etiam
2885 548 3197 619 prophetam
3243 547 3526 604 mirificum
3570 548 3639 603 de
3669 549 4011 609 conscientia

747 656 885 703 tusta
912 645 1278 714 exemplorum
1310 642 1555 711 sull'ugia,
1586 642 1651 696 ad
1677 642 1913 697 novellas
1939 656 2203 696 canonum
2235 640 2327 697 de-

746 741 1039 796 ﬁnitiones.
1068 738 1273 797 Clamat
1304 737 1355 791 in
1396 735 1502 790 alio
1529 736 1643 790 loco
1672 734 2118 805 Carthaginiense
2148 734 2329 789 conci-

745 832 913 887 lium:
952 830 1303 898 Quascunque
1340 827 1406 881 ad
1430 827 1831 882 accusationem
1873 841 2128 895 personas
2182 826 2327 897 leges

746 923 970 993 publicre
1016 936 1121 975 non
1147 920 1454 985 admittunt,
1505 920 1586 973 his
1617 919 1957 989 impugnandi
2001 921 2225 974 alterum
2272 928 2329 974 et

751 1030 847 1070 nos
894 1014 1161 1068 licentiam
1195 1012 1569 1066 submovemus
1598 1028 1609 1063 :
1641 1021 1717 1074 et,
1761 1010 1931 1065 Nullae
1960 1012 2327 1066 accusationes

744 1122 770 1158 a
794 1105 1060 1175 judicibus
1086 1104 1370 1158 audiantur
1398 1103 1799 1171 ecclesiasticis,
1834 1120 1950 1173 quae
1991 1105 2197 1175 legibus
2226 1120 2325 1160 saa-

744 1198 848 1252 culi
881 1197 1249 1266 prohibentur.
1299 1198 1492 1264 Quairo
1523 1210 1552 1249 a
1580 1196 1753 1263 vobis,
1800 1197 1893 1251 viri
1920 1197 2117 1267 quibus
2158 1198 2325 1254 indita

744 1298 828 1344 est
871 1288 935 1343 ad
983 1303 1211 1357 unguem
1256 1288 1416 1358 polita
1469 1286 1754 1358 perfectio,
1806 1290 1957 1359 cujus
2001 1291 2325 1347 conditionis

745 1381 964 1436 fuerunt
993 1381 1089 1434 ista
1123 1380 1409 1449 mancipia,
1444 1396 1562 1448 qua:
1587 1380 1849 1448 postulata
1884 1382 2097 1452 scriptis
2130 1386 2325 1451 princi-

745 1474 951 1541 palibus
986 1470 1309 1526 intimasds?
1341 1471 1397 1526 Si
1425 1485 1485 1525 ea
1517 1472 1725 1526 servilis
1755 1472 1927 1527 adhuc
1974 1474 2022 1527 in
2062 1484 2324 1543 potestate

743 1568 964 1622 alterius
993 1579 1179 1621 catena
1218 1565 1506 1632 retinebat,
1548 1574 1603 1621 et
1642 1558 1877 1621 nulla'ab
1911 1568 2159 1623 obscena:
2190 1570 2325 1624 obli-

743 1658 973 1729 gationis
1022 1658 1373 1727 compedibus
1422 1658 1641 1727 vestigia
1697 1658 1749 1713 in
1803 1658 2102 1715 libertatem
2159 1663 2321 1717 missa

742 1750 1014 1816 laxabant,
1040 1750 1122 1805 vel
1148 1750 1297 1803 vobis
1313 1749 1731 1818 disceptantibus
1755 1750 1910 1805 fidem
1933 1752 2163 1819 aliquam
2185 1768 2322 1821 prte-

742 1844 1004 1899 dictorum
1037 1844 1198 1897 verba
1233 1851 1553 1912 portassent.
1586 1841 1712 1908 Sed,
1741 1842 1924 1907 credo,
1955 1844 2279 1911 replicabitis
2306 1864 2317 1898 :

2432 658 2541 698 suae
2571 644 2860 699 serenitate
2880 643 3021 712 vulgi
3056 642 3232 697 dicitis
3270 642 3589 711 implorasse
3619 644 4005 703 testimonium.

2430 736 2566 802 Quid
2596 739 2736 791 enim
2768 736 2985 791 Samuel
3014 735 3183 789 dixit?
3213 735 3350 790 scire
3387 734 3693 803 Dominum,
3728 753 3869 808 quos
3897 743 4008 795 nul-

2431 829 2534 881 lius
2563 841 2793 896 unquam
2837 826 3210 889 substantiam,
3266 825 3463 880 nullius
3514 842 3679 896 pecus
3719 829 4004 899 abegisset,

2428 920 2766 974 adversatum
2790 934 2848 973 se
2878 919 3209 983 muneribus,
3256 927 3310 973 et
3334 919 3476 987 quod
3506 928 3590 975 est
3628 936 3791 990 supra
3841 923 4005 979 homi-

2429 1026 2575 1077 nem,
2609 1020 2800 1079 sponte
2826 1009 3091 1063 venientia
3120 1009 3255 1063 dona
3285 1011 3485 1067 vitasse
3518 1027 3531 1063 :
3576 1013 3865 1081 providens
3903 1016 4004 1070 sci-

2430 1104 2573 1169 licet,
2594 1119 2657 1158 ne
2680 1119 2775 1173 per
2794 1101 3159 1169 suspicionum
3176 1101 3505 1171 praejudicia,
3525 1104 3793 1172 opinionis
3815 1105 4003 1161 damna

2427 1206 2719 1267 pateretur.
2750 1196 3086 1250 Postremum
3119 1195 3220 1249 sub
3256 1193 3435 1249 divina
3477 1198 3825 1252 attestatione
3867 1207 4009 1266 pate-

2427 1290 2549 1345 fecit
2575 1290 2955 1356 innocentiam,
2990 1304 3057 1344 ne
3084 1288 3375 1343 humanum
3399 1288 3602 1344 subiret
3627 1305 3877 1346 examen.
3913 1290 4006 1347 Re-

2427 1382 2673 1450 demptor
2716 1390 2899 1435 noster
2924 1381 3209 1449 judicium,
3247 1381 3389 1448 quod
3436 1381 3575 1436 inter
3613 1397 3671 1436 se
3709 1391 3767 1437 et
3800 1384 4004 1441 vineam

2425 1490 2577 1529 suam
2608 1482 2757 1543 optat
2783 1474 3021 1538 evenire,
3048 1473 3174 1527 dum
3196 1482 3371 1528 vestra
3413 1474 3463 1527 in
3508 1478 3760 1545 praesenti
3794 1462 4027 1548 negotio'

2425 1566 2565 1620 mala
2590 1565 2825 1630 respicit,
2849 1565 3018 1635 magis
3044 1564 3311 1634 implorat.
3337 1565 3394 1619 S.
3424 1564 3747 1623 Athanasius
3769 1569 4000 1626 Alexan-

2426 1656 2594 1709 drinae
2638 1655 2783 1709 urbis
2813 1656 3118 1724 episcopus,
3159 1655 3288 1709 dum
3345 1658 3659 1727 participum
3704 1671 3996 1717 vestrorum

2425 1758 2735 1819 argueretur
2774 1747 2991 1809 invidia,
3036 1762 3335 1815 agnoscens
3374 1749 3472 1804 sibi
3522 1766 3616 1816 per
3656 1756 4003 1808 contumelia-

2424 1854 2541 1893 rum
2573 1839 2964 1893 multitudinem
2992 1840 3304 1893 exercitium
3337 1841 3681 1911 contingere,
3718 1858 3825 1897 non
3856 1848 4003 1900 timo-

740 1936 1020 1991 veritatem
1044 1950 1202 2003 quam
1225 1944 1415 2003 sponte
1444 1936 1641 2003 prolata
1672 1934 1722 1987 in
1746 1933 1850 1989 illis
1870 1951 1970 1989 vox
1996 1934 2193 1992 habere
2216 1952 2319 1992 non
2350 1931 2397 1992 B
2428 1948 2563 2000 rem,
2596 1949 2721 1988 vere
2751 1932 2816 1986 ad
2846 1947 3061 1988 corona:
3094 1934 3321 1998 pretium
3348 1934 3546 2003 junxit,
3576 1936 3718 2004 quod
3742 1938 3811 1991 de
3831 1937 4004 2009 digni-

739 2038 971 2099 poterat,
1008 2027 1143 2081 hanc
1188 2027 1416 2082 diversis
1441 2026 1767 2081 cruciatibus
1795 2041 1826 2081 e
1858 2027 2076 2082 latebris
2104 2030 2217 2084 suis
2243 2045 2323 2086 re-

739 2121 964 2190 ligiosus
992 2126 1163 2174 tortor
1194 2128 1448 2189 exegerat
1476 2138 1488 2171 :
1518 2129 1574 2172 ut
1600 2118 1726 2173 dum
1767 2120 1940 2188 poenis
1970 2134 2193 2190 corpora
2206 2122 2323 2176 sol-

737 2212 1008 2282 verentur,
1032 2228 1151 2283 qua:
1168 2224 1315 2282 geSIa
1345 2211 1505 2266 fuisse
1528 2218 1751 2265 noverat
1770 2211 1946 2264 anima
1973 2227 2076 2264 non
2096 2213 2317 2268 celaret.

739 2306 843 2360 Sed
876 2320 1081 2373 qumso,
1127 2306 1355 2374 primum
1406 2303 1470 2357 ad
1530 2304 1672 2371 leges
1718 2302 1978 2371 publicas,
2010 2303 2204 2359 deinde
2251 2306 2318 2363 ad

735 2396 941 2463 judices
967 2410 1058 2450 ora
1088 2397 1385 2450 convertite
1408 2411 1420 2447 :
1443 2394 1532 2463 qui
1559 2403 1783 2463 possunt
1807 2397 1855 2449 in
1884 2396 2197 2452 defensione
2222 2413 2316 2452 sua

735 2488 813 2542 sic
842 2489 1018 2557 eloqui
1045 2505 1058 2541 ε
1091 2487 1217 2553 Nos,
1244 2502 1379 2558 quos
1409 2488 1500 2542 Dei
1525 2489 1796 2542 servitium
1822 2498 1941 2556 post
1968 2488 2188 2543 istarum
2232 2506 2319 2546 re-

734 2597 851 2636 rum
882 2580 1235 2650 abjectionem
1274 2581 1397 2636 fecit
1426 2582 1715 2650 ingenuos;
1744 2582 1831 2650 qui
1862 2583 2197 2636 servulorum
2230 2583 2315 2638 in-

734 2676 1039 2730 sultantium
1067 2675 1420 2729 contumelias
1442 2684 1535 2728 aut
1562 2674 1902 2743 despicimus,
1936 2684 2026 2729 aut
2048 2678 2311 2745 ridemus;

732 2769 921 2839 quibus
951 2769 1205 2838 scriptum
1239 2778 1319 2823 est
1345 2768 1411 2823 de
1446 2768 1657 2822 famulis
1689 2784 1782 2836 per
1812 2769 2125 2837 Apostolum
2156 2788 2170 2823 :
2206 2771 2315 2826 Me-

732 2869 953 2915 mentote
989 2862 1107 2931 quia
1132 2870 1291 2915 vester
1329 2869 1378 2914 et
1418 2859 1628 2913 illorum
1670 2861 1723 2912 in
1766 2860 1903 2915 cretis
1948 2871 2023 2915 est
2070 2862 2315 2918 Dominus

734 2953 946 3021 (Ephes.
988 2969 1058 3019 vt,
1101 2952 1179 3023 9),
1213 2951 1279 3006 ad
1325 2952 1441 3007 haec
1478 2952 1659 3006 smculi
1712 2954 1849 3006 mala
1896 2954 2315 3011 revocabimnr?

732 3045 1035 3101 faciendum
1068 3062 1096 3100 a
1127 3047 1282 3101 nobis
1303 3058 1405 3114 est,
1438 3046 1577 3116 quod
1613 3045 1895 3101 facientem
1920 3048 2147 3102 alterum
2190 3065 2314 3118 pro-

732 3138 909 3193 fanum
942 3154 1063 3193 esse
1091 3139 1499 3193 contendimus?
1528 3137 1668 3208 quod
1702 3154 1794 3206 per
1817 3140 2172 3195 ministerium
2195 3141 2313 3211 jus-

729 3231 896 3285 sionis
925 3241 977 3284 et
1009 3246 1199 3285 manus
1230 3232 1418 3286 aliena:
1470 3233 1753 3285 incestaret
1784 3242 2082 3302 aspectum,
2128 3245 2311 3291 nostro

2426 2036 2534 2083 tate
2562 2026 2811 2082 submisit
2837 2044 2848 2077 :
2882 2036 2934 2081 et
2962 2035 3085 2081 ante
3120 2026 3395 2082 caelestem
3423 2027 3490 2082 de
3519 2030 3855 2086 absolutione
3885 2048 4005 2087 scn-

2424 2120 2667 2183 tentiam,
2716 2132 3001 2188 personam
3043 2119 3121 2173 rei
3157 2118 3476 2174 innocentiae
3510 2120 3681 2176 bonus
3711 2126 4005 2180 aestimator

2423 2211 2683 2280 implevit.
2716 2210 2806 2265 Sic
2837 2210 2979 2263 enim
3008 2210 3209 2265 ChriSti
3253 2212 3451 2266 milites
3481 2213 3679 2269 sudore
3713 2229 3810 2268 suo
3842 2216 4004 2271 bono-

2421 2320 2538 2359 rum
2564 2304 2665 2358 sibi
2698 2304 3026 2357 incrementa
3058 2305 3376 2371 parturiunt,
3402 2305 3527 2357 dum
3558 2320 3811 2361 concessa
3858 2308 4005 2364 fasti-

2420 2396 2504 2466 gia
2527 2394 2753 2449 celsiore
2778 2394 3080 2449 humilitate
3100 2396 3360 2464 casuigant
3385 2414 3396 2447 :
3424 2396 3548 2453 inde
3576 2398 3790 2453 laudum
3811 2414 4004 2455 cumu-

2421 2488 2502 2542 los
2531 2489 2839 2555 mercaturi,
2876 2488 3017 2541 unde
3056 2486 3267 2557 indepta
3299 2488 3534 2544 culmina
3579 2490 3796 2546 sublimi
3829 2495 4005 2560 parci-

2421 2588 2528 2634 tate
2560 2580 2923 2633 moderantur.
2956 2578 3065 2634 Sed
3104 2579 3347 2647 quamvis
3394 2580 3607 2633 beatum
3654 2581 4004 2641 Athanasium

2421 2669 2663 2724 Romano
2719 2670 2963 2735 antistiti,
3014 2678 3270 2738 quantum
3314 2684 3477 2724 nosse
3518 2669 3697 2737 datur,
3744 2672 4006 2743 imparem

2420 2761 2568 2816 locus
2598 2761 2876 2825 ostendat;
2904 2759 3043 2814 facto
3068 2770 3245 2815 tamen
3271 2761 3322 2814 in
3355 2761 3581 2827 negotiis
3604 2775 4005 2834 comparantur.

2421 2854 2434 2884 ¹
2465 2853 2559 2907 llle
2592 2862 2785 2921 praesto
2811 2851 2910 2906 fuit
2945 2852 3253 2921 judicibns:
3292 2854 3392 2908 i5te
3420 2864 3680 2923 quantum
3712 2868 3767 2910 et
3793 2873 3889 2913 vos
3927 2860 4009 2914 di-

2417 2946 2558 3010 citis,
2588 2946 2885 2999 advocavit.
2922 2946 3015 2999 llle
3048 2945 3361 3000 intentatam
3390 2946 3779 3004 discussionem
3822 2960 3881 3005 ut
3916 2952 4007 3009 Dei

2416 3039 2645 3094 famulus
2672 3054 2778 3093 non
2798 3038 3018 3107 cefugit:
3052 3039 3150 3093 iste
3174 3039 3427 3109 triumphi
3456 3041 3540 3093 sui
3562 3056 3710 3110 spem
3734 3043 3786 3096 in
3805 3043 4007 3099 discus~

2415 3146 2595 3185 sorum
2640 3131 2960 3186 collectione
3000 3128 3299 3187 constituit.
3334 3130 3436 3186 Sed
3483 3133 3608 3202 quid
3664 3133 3747 3188 his
3798 3135 4009 3206 longius

2414 3225 2783 3280 collationibus
2833 3226 3220 3279 immoremur?
3288 3224 3494 3279 .ludicia
3553 3234 3608 3281 et
3664 3227 3765 3282 iste
3813 3230 4008 3296 voluit,

728 3331 1008 3390 peragetur
1042 3321 1303 3388 imperio?
1333 3322 1508 3376 Nolite
1538 3321 1675 3376 banc
1713 3323 1778 3376 ad
1810 3324 2086 3379 universas
2125 3326 2310 3381 Eccle-
2338 3314 2387 3380 (ἶ
2417 3319 2636 3385 amati“,
2669 3318 2903 3382 alll'axil.
2937 3317 3209 3387 ingressus
3239 3312 3435 3372 θεῖτ’θῑ
3466 3319 3607 3387 (ιιιοά
3636 3330 3817 3387 Posset
3857 3322 4009 3379 ﬁdeli

726 3411 831 3464 sias
864 3420 1094 3465 mentem
1131 3412 1399 3480 rapacium
1434 3413 1675 3481 luporum
1712 3428 1863 3469 more
1891 3426 1945 3471 et
1982 3426 2167 3471 natura
2191 3434 2309 3474 ser-

726 3516 851 3558 vare
880 3522 891 3555 :
921 3502 1041 3573 quia
1073 3515 1353 3573 postquam
1386 3518 1482 3557 nos
1524 3504 1848 3560 maculasset
1877 3506 2013 3563 forte
2043 3523 2139 3577 pro
2168 3510 2311 3564 desi-

727 3594 896 3649 deriis
924 3595 1118 3649 vestris
1147 3604 1369 3649 cruenta
1393 3595 1680 3662 discussio,
1708 3597 1955 3652 effectum
1988 3600 2042 3654 in
2067 3599 2171 3665 his,
2202 3616 2309 3670 quo

726 3686 967 3751 tenditis,
1003 3700 1107 3739 non
1140 3686 1380 3741 haberet.
1432 3686 1537 3741 Sed
1575 3688 1787 3744 dicente
1815 3690 1965 3745 vobis
2008 3692 2303 3762 propheta:

726 3776 987 3831 Ponamus
1013 3779 1258 3833 circulum
1288 3781 1340 3832 in
1372 3781 1584 3833 naribus
1611 3782 1804 3847 vestris,
1837 3793 1884 3836 et
1914 3788 2116 3852 frenum
2145 3786 2198 3839 in
2232 3786 2309 3839 la-

722 3868 834 3931 biis,
856 3878 899 3923 et
920 3872 1218 3925 reducamus
1243 3888 1324 3926 ros
1346 3873 1397 3925 in
1413 3874 1544 3925 viam
1566 3890 1667 3940 quo
1686 3875 1886 3928 venistis
1910 3874 2063 3944 (Isai.
2097 3894 2303 3948 xxxvtt,

720 3961 789 4017 29
816 3978 829 4026 ;
859 3962 886 4015 Ι
908 3963 944 4014 ν
976 3966 1099 4034 Reg.
1131 3980 1238 4029 XIX,
1271 3964 1392 4031 28):
1416 3966 1503 4033 qui
1528 3965 1715 4019 eodem
1754 3966 2010 4035 propheta
2033 3980 2307 4027 asserente

720 4054 1124 4125 impugnamini,
1149 4056 1238 4125 qui
1270 4056 1434 4111 dicit:
1464 4055 1632 4109 Erunt
1672 4060 1817 4127 quasi
1842 4076 1941 4113 non
1974 4062 2097 4128 sint,
2131 4073 2177 4116 et
2218 4082 2307 4133 ρο.

720 4149 889 4201 ribunt
917 4150 1031 4212 viri,
1060 4149 1146 4217 qui
1172 4150 1530 4202 contradicunt
1562 4151 1697 4203 vobis
1722 4150 1874 4216 (Isai.
1904 4168 2010 4217 xu,
2044 4156 2159 4223 Η).

792 4240 903 4295 Hoc
930 4240 1089 4294 etiam
1123 4256 1260 4295 novo
1290 4241 1549 4295 adversus
1582 4256 1680 4295 nos
1718 4243 2029 4300 subdidistis
2063 4245 2302 4315 invento,

720 4335 893 4405 ipsum
918 4333 1202 4389 Dominum
1227 4344 1278 4388 et
1295 4334 1711 4405 Redemptorem
1737 4345 2001 4404 nostrum,
2024 4355 2300 4396 servorum

717 4429 945 4483 subiisse
962 4428 1189 4496 judicia;
1213 4428 1403 4484 etcmli
1426 4438 1767 4499 operatorem
1796 4432 2071 4499 particulae
2091 4435 2299 4489 cuidam

713 4528 905 4589 sponte
938 4519 1269 4587 suhjacuisse
1312 4529 1577 4573 terrenae:
1611 4520 1737 4574 dum
1765 4529 2009 4587 testatur,
2041 4535 2092 4576 et
2131 4524 2301 4591 loqui-

712 4624 819 4679 tur,
862 4610 1027 4665 Homo
1070 4610 1233 4676 Juda,
1267 4620 1313 4664 et
1358 4613 1447 4681 qui
1491 4610 1687 4665 habitas
1729 4611 2038 4679 Jerusalem,
2064 4615 2298 4686 judicale

2415 3411 2575 3465 corda
2604 3410 2806 3465 doloris
2828 3410 2954 3478 justi
2982 3411 3183 3463 aculeis
3209 3410 3466 3475 excitare,
3493 3413 3801 3467 venerando
3829 3417 3849 3445 ²
3876 3430 4009 3470 con-

2415 3503 2538 3555 cilio
2575 3502 2944 3556 auctoritatem
2978 3501 3140 3556 etiam
3167 3510 3352 3555 contra
3384 3516 3464 3567 se,
3489 3503 3531 3555 si
3565 3516 3885 3569 mereretur,
3922 3507 4009 3561 ir-

2413 3593 2609 3648 dulsit.
2642 3593 2770 3661 Quis
2802 3597 2851 3647 in
2880 3594 2979 3647 hac
3005 3592 3541 3662 allegationisjpsius
3570 3598 3744 3651 l'ronte
3777 3600 4009 3659 nesciret

2366 3688 2369 3689 ⁷
2415 3687 2602 3741 fultum
2618 3687 2682 3740 ad
2702 3688 3052 3756 coepiscopos
3064 3687 3311 3754 puritatis
3328 3687 3650 3743 testimoniis
3663 3692 4007 3761 convenisse,

2411 3783 2497 3850 qui
2532 3781 2632 3835 hoc
2662 3780 2803 3849 quod
2833 3780 3225 3835 districtionem
3251 3795 3438 3835 eorum
3459 3782 3635 3836 minus
3663 3783 3878 3850 licebat,
3908 3802 4011 3843 ex-

2412 3871 2643 3937 horruit,
2678 3874 2953 3927 aestimans
2984 3872 3114 3926 illud
3144 3873 3313 3943 magis
3340 3874 3582 3943 quolibet
3612 3874 3771 3929 modo
3805 3876 4010 3931 labefa-

2409 3964 2696 4027 ctandum,
2742 3964 2884 4033 quod
2939 3963 3217 4019 statuisset
3271 3979 3467 4019 censor
3518 3965 3823 4020 invalidus?
3866 3968 4009 4033 Quid

2410 4060 2689 4127 prmfatum
2721 4058 3023 4112 incessistis
3055 4057 3246 4111 canina
3273 4058 3629 4127 loquacitate?
3652 4060 3782 4128 quid
3814 4061 4008 4116 lmditis

2409 4165 2513 4205 non
2546 4150 2875 4206 merentem?
2906 4150 3095 4204 Votum
3120 4151 3235 4217 ejus
3257 4160 3336 4204 est
3361 4150 3504 4219 quod
3528 4159 3770 4206 vestrum
3803 4154 4009 4222 putatis

2407 4260 2527 4299 esse
2557 4255 2856 4299 terrorem:
2890 4244 2983 4299 sed
3008 4245 3236 4298 astutior
3260 4244 3313 4297 in
3344 4243 3520 4311 vobis,
3548 4259 3706 4313 quam
3752 4246 3803 4298 in
3835 4246 4008 4307 Atha-

2407 4336 2539 4390 nasii
2572 4335 2895 4390 adversariis
2926 4334 3122 4389 novelli
3148 4336 3292 4390 virus
3323 4336 3590 4403 serpentis
3627 4336 3889 4390 insibilat.
3922 4338 4005 4393 llli

2406 4431 2718 4484 nescierunt
2739 4428 2881 4498 quod
2924 4443 3020 4483 vos
3053 4431 3260 4498 optime
3300 4429 3528 4495 calletis,
3559 4429 3782 4498 qualiter
3813 4432 4009 4488 trium.

2406 4506 2541 4593 phus
2571 4523 2849 4577 tolleretur
2880 4522 3144 4592 impetito.
3179 4522 3253 4576 llli
3286 4535 3652 4592 provocatum,
3680 4538 3747 4578 ne
3774 4524 4009 4581 audien-

2405 4614 2504 4668 dus
2532 4631 2638 4669 non
2666 4625 2997 4681 occurreret,
3041 4614 3403 4669 formidabant
3428 4631 3441 4667 :
3471 4628 3566 4667 vos
3596 4621 3802 4667 moram
3837 4631 4007 4684 quam

709 4707 845 4759 inter
883 4721 960 4757 me
1000 4712 1045 4755 et
1093 4703 1289 4754 vineam
1334 4719 1493 4755 meam
1544 4701 1697 4773 (Isai.
1741 4718 1794 4769 v,
1846 4704 1899 4772 ’5)
1934 4723 1947 4758 :
1995 4706 2096 4761 hoc
2138 4709 2297 4763 etiam
2326 4704 2381 4765 D
2406 4708 2675 4762 habebant
2708 4708 2957 4762 examina
2996 4723 3103 4763 non
3136 4709 3394 4773 ferentes,
3425 4708 3446 4739 ³
3473 4709 3777 4762 venientem
3804 4710 4008 4775 jaculis

709 4799 926 4853 beatum
946 4797 1193 4862 Petrum;
1218 4799 1318 4851 hoc
1334 4797 1551 4852 Paulum
1574 4799 1873 4868 apostolum
1891 4814 1996 4853 non
2020 4799 2294 4859 horruisse

709 4891 959 4951 narratis,
991 4899 1045 4943 et
1075 4890 1218 4943 illam
1248 4900 1482 4946 vestram
1510 4892 1828 4959 elegantiam
1861 4892 1926 4946 ad
1962 4892 2051 4961 jus
2084 4903 2294 4963 pertra-

710 4984 838 5037 hitis
858 4981 1233 5050 exemplorum
1260 4982 1483 5039 nexibus
1508 4983 1896 5053 praecedentem
1926 5003 1937 5038 :
1966 4986 2114 5054 quasi
2139 4986 2293 5044 vobis

712 5076 765 5130 in
800 5076 899 5128 hac
928 5082 1077 5144 parte
1104 5077 1419 5130 remanserit
1449 5091 1568 5129 cum
1608 5075 1871 5129 renitente
1912 5079 2202 5139 contentio,
2238 5086 2292 5132 et

646 5164 651 5169 ’
709 5169 900 5224 validis
933 5167 1196 5224 facundia:
1217 5180 1409 5225 Vestrae
1438 5169 1618 5241 digitis
1658 5172 1938 5239 exigantur
1967 5169 2164 5224 oblata.
2194 5170 2293 5225 Sa-

775 5285 790 5314 ¹
823 5282 1138 5356 Πιερηεξιο
1179 5283 1275 5351 fuit
1308 5283 1591 5356 judicibus]
1624 5285 1680 5339 ln
1712 5285 1918 5355 synodo
1947 5301 2066 5353 quae
2103 5300 2289 5342 contra

703 5355 876 5423 ipsum
908 5354 1036 5426 Tyri
1067 5354 1240 5409 fuerat
1269 5354 1604 5409 convocata:
1636 5356 1700 5410 ad
1737 5354 1894 5423 quam
1928 5358 2027 5409 etsi
2072 5370 2293 5427 propter

702 5435 940 5495 apertam
983 5427 1085 5479 vim
1125 5436 1180 5481 et
1214 5427 1633 5491 conjurationem
1687 5429 2139 5493 adversariorum,
2195 5429 2293 5482 ali-

700 5497 957 5567 quandiu,
989 5508 1048 5552 ut
1086 5497 1416 5553 Sozomenus
1468 5498 1559 5551 lib.
1604 5514 1662 5561 ll,
1695 5513 1815 5566 cap.
1847 5498 1936 5562 24,
1971 5500 2181 5564 scribit,
2225 5516 2290 5553 an

698 5580 921 5624 vocatus
961 5570 1190 5636 veniret,
1233 5576 1511 5623 cunctatus
1540 5578 1647 5635 est,
1688 5580 1873 5636 postea
1907 5577 2083 5625 tamen
2130 5572 2283 5625 inno-

700 5641 875 5761 femia
898 5641 1083 5705 fretus,
1108 5648 1162 5693 et
1185 5653 1250 5693 ne
1270 5639 1527 5708 judicium
1550 5639 1824 5695 declinare
1846 5641 2139 5706 videretur,
2163 5655 2285 5709 pro-

722 5722 871 5761 ectus
896 5720 996 5761 est.

722 5722 871 5762 ectus
896 5720 996 5763 est.

773 5784 791 5810 ¹
822 5778 1053 5848 Comi/io
1094 5782 1460 5855 auctoritatem]
1487 5781 1740 5854 Synodus
1781 5782 1898 5851 ipsa
1933 5782 1999 5838 de
2036 5783 2285 5855 Symma-

701 5852 829 5923 cho,
857 5865 977 5904 cum
1021 5852 1457 5921 synodum‘quaa'
1489 5852 1655 5923 ipsius
1686 5868 1846 5909 causa
1897 5855 1960 5907 ad
2013 5852 2283 5909 basilicam

701 5920 825 5977 Julii
853 5931 1197 5986 convenerat,
1242 5920 1383 5977 esset
1418 5920 1689 5993 ingressus
1723 5943 1736 5983 ;
1770 5925 2156 5989 Auctoritatem,
2199 5926 2282 5980 in-

2401 4800 2703 4871 repulistis;
2737 4811 2789 4855 et
2820 4801 3035 4855 taedium
3059 4800 3211 4855 vobis
3240 4801 3308 4856 de
3335 4804 3601 4855 sententia
3631 4791 4005 4868 praeparatum

2400 4908 2675 4948 armorum
2702 4894 2970 4947 ultricium
2996 4894 3363 4962 assumptione
3383 4893 3780 4949 commutastis.
3810 4894 3855 4947 0
3880 4910 4006 4948 ma-

2399 4986 2571 5042 lorum
2600 4985 3060 5049 commemoratio,
3085 4999 3203 5053 qua:
3227 4998 3412 5038 vocem
3452 4993 3506 5040 et
3535 4990 3757 5054 praestat
3784 4994 3840 5038 et
3868 4987 4005 5041 sutr-

2398 5082 2531 5145 ruit;
2580 5080 2705 5134 dum
2750 5079 2870 5132 illos
2912 5092 3044 5147 quos
3075 5079 3126 5130 in
3166 5077 3455 5132 clamorem
3502 5077 3757 5147 coegerit,
3799 5093 3999 5138 eorum

2398 5174 2558 5227 etiam
2585 5171 2841 5241 gravitate
2872 5170 2992 5223 lacti
3024 5168 3185 5224 verba
3219 5168 3525 5224 confundit.

2401 5286 2535 5353 quit,
2593 5283 2789 5337 ordinis
2830 5281 3139 5353 corrigendi,
3171 5282 3302 5353 sicut
3345 5281 3616 5350 poscebant
3650 5283 4000 5337 ecclesiastica

2399 5351 2589 5410 statuta
2608 5395 2623 5420 ,
2654 5357 2705 5406 in
2732 5351 3258 5420 omnium'quiibidem
3276 5362 3609 5406 convenerant
3631 5354 3998 5421 episcoporum

2401 5426 2671 5497 prtrscntia
2698 5441 2751 5477 se
2772 5424 2897 5477 dare
2928 5423 3307 5497 professusqest‘.

2474 5498 2493 5526 ³
2533 5497 2823 5551 l'enientcm
2841 5493 3034 5565 jaculis
3057 5492 3337 5563 repulistis]
3362 5492 3739 5563 Symmachum
3766 5510 3992 5562 papam,

2400 5584 2521 5622 cum
2562 5568 2627 5621 ad
2660 5569 2886 5619 alterum
2931 5565 3120 5634 synodi
3152 5574 3475 5635 conventum
3508 5574 3775 5635 pergeret,
3808 5568 3895 5635 qui
3945 5568 3999 5621 in

2392 5638 2616 5693 basilica
2664 5635 2975 5692 Sescoriana
3008 5645 3225 5707 coactus
3259 5644 3392 5690 erat.
3433 5634 3568 5707 Tum
3602 5634 3767 5702 enim,
3802 5634 3859 5690 ut
3904 5653 3998 5707 sy-

2393 5708 2518 5764 nodi
2564 5717 2676 5761 acta
2710 5717 2948 5768 narrant,
2989 5707 3056 5759 ab
3094 5706 3417 5761 irruentibus
3448 5706 3766 5763 euitilorum
3815 5706 3998 5761 turbis

2394 5781 2465 5835 ita
2492 5786 2754 5851 tractatus
2780 5786 2882 5851 est,
2911 5784 2977 5851 ut
2996 5776 3264 5851 caesisqui
3292 5791 3414 5831 cum
3439 5777 3555 5851 ipso
3575 5790 3733 5832 erant
3765 5778 3997 5851 presby-

2397 5850 2549 5915 teris,
2576 5865 2717 5921 zegre
2748 5849 2813 5903 ad
2840 5848 2981 5903 beati
3024 5846 3375 5921 Petrisepta,
3411 5849 3551 5921 unde
3581 5863 3831 5919 egressus
3872 5846 3997 5907 ru'e‘.

2394 5933 2497 5989 nat,
2532 5918 2817 5979 incolumis
2843 5937 2873 5975 a
2904 5920 3103 5975 comite
3128 5918 3384 5995 Aligerno
3408 5918 3663 5977 reductus
3694 5922 3782 5978 sit.
