  <div class='ocr_page' id='page_1' title='image "/cluster/home/n/w/nwhite01/storage/ocr_20150623/63/hvd.32044073498792/102.png"; bbox 0 0 4192 6260; ppageno 0'>
   <div class='ocr_carea' id='block_1_1' title="bbox 228 463 333 522">
    <p class='ocr_par' dir='ltr' id='par_1_1' title="bbox 228 463 333 522">
     <span class='ocr_line' id='line_1_1' title="bbox 228 463 333 522; baseline -0.057 1"><span class='ocrx_word' id='word_1_1' title='bbox 228 463 333 522; x_wconf 75' lang='grc'><strong>195</strong></span> 
     </span>
    </p>
   </div>
   <div class='ocr_carea' id='block_1_2' title="bbox 1066 446 2443 521">
    <p class='ocr_par' dir='ltr' id='par_1_2' title="bbox 1066 446 2443 521">
     <span class='ocr_line' id='line_1_2' title="bbox 1066 446 2443 521; baseline -0.001 -3"><span class='ocrx_word' id='word_1_2' title='bbox 1066 462 1392 521; x_wconf 86' lang='lat' dir='ltr'><strong>LIBELLUS</strong></span> <span class='ocrx_word' id='word_1_3' title='bbox 1431 446 1953 519; x_wconf 8' lang='lat' dir='ltr'><strong>APOLOGETICUSJ</strong></span> <span class='ocrx_word' id='word_1_4' title='bbox 1985 461 2118 517; x_wconf 73' lang='lat' dir='ltr'><strong>nuo</strong></span> <span class='ocrx_word' id='word_1_5' title='bbox 2155 460 2443 517; x_wconf 74' lang='lat' dir='ltr'><strong>svnooo.</strong></span> 
     </span>
    </p>
   </div>
   <div class='ocr_carea' id='block_1_3' title="bbox 3390 464 3492 521">
    <p class='ocr_par' dir='ltr' id='par_1_3' title="bbox 3390 464 3492 521">
     <span class='ocr_line' id='line_1_3' title="bbox 3390 464 3492 521; baseline 0.02 -2"><span class='ocrx_word' id='word_1_6' title='bbox 3390 464 3492 521; x_wconf 69' lang='grc'><strong>194</strong></span> 
     </span>
    </p>
   </div>
   <div class='ocr_carea' id='block_1_4' title="bbox 289 574 3493 649">
    <p class='ocr_par' dir='ltr' id='par_1_4' title="bbox 289 574 3493 649">
     <span class='ocr_line' id='line_1_4' title="bbox 289 574 3493 649; baseline -0.001 -15"><span class='ocrx_word' id='word_1_7' title='bbox 289 578 423 649; x_wconf 84' lang='lat' dir='ltr'><strong>Quis</strong></span> <span class='ocrx_word' id='word_1_8' title='bbox 471 577 703 647; x_wconf 90' lang='lat' dir='ltr'><strong>patiatur</strong></span> <span class='ocrx_word' id='word_1_9' title='bbox 753 591 848 632; x_wconf 91' lang='lat' dir='ltr'><strong>vos</strong></span> <span class='ocrx_word' id='word_1_10' title='bbox 890 590 1044 646; x_wconf 84' lang='lat' dir='ltr'><strong>aequo</strong></span> <span class='ocrx_word' id='word_1_11' title='bbox 1084 579 1265 633; x_wconf 88' lang='lat' dir='ltr'><strong>animo</strong></span> <span class='ocrx_word' id='word_1_12' title='bbox 1296 578 1626 648; x_wconf 86' lang='lat' dir='ltr'><strong>garrientes?</strong></span> <span class='ocrx_word' id='word_1_13' title='bbox 1660 579 1800 648; x_wconf 90' lang='lat' dir='ltr'><strong>Ergo</strong></span> <span class='ocrx_word' id='word_1_14' title='bbox 1825 580 1881 640; x_wconf 78' lang='grc' dir='ltr'>Α</span> <span class='ocrx_word' id='word_1_15' title='bbox 1905 577 2229 633; x_wconf 88' lang='lat' dir='ltr'><strong>medicorum</strong></span> <span class='ocrx_word' id='word_1_16' title='bbox 2262 577 2527 633; x_wconf 88' lang='lat' dir='ltr'><strong>exercitus</strong></span> <span class='ocrx_word' id='word_1_17' title='bbox 2548 574 2886 632; x_wconf 69' lang='lat' dir='ltr'><strong>subveniret:</strong></span> <span class='ocrx_word' id='word_1_18' title='bbox 2911 574 3033 646; x_wconf 89' lang='lat' dir='ltr'><strong>quia</strong></span> <span class='ocrx_word' id='word_1_19' title='bbox 3068 574 3318 645; x_wconf 88' lang='lat' dir='ltr'><strong>quotiens</strong></span> <span class='ocrx_word' id='word_1_20' title='bbox 3342 590 3493 632; x_wconf 90' lang='lat' dir='ltr'><strong>mor-</strong></span> 
     </span>
    </p>
   </div>
   <div class='ocr_carea' id='block_1_5' title="bbox 218 668 1806 737">
    <p class='ocr_par' dir='ltr' id='par_1_5' title="bbox 218 668 1806 737">
     <span class='ocr_line' id='line_1_5' title="bbox 218 668 1806 737; baseline -0.001 -8"><span class='ocrx_word' id='word_1_21' title='bbox 218 687 316 729; x_wconf 82' lang='lat' dir='ltr'><strong>nos</strong></span> <span class='ocrx_word' id='word_1_22' title='bbox 346 671 641 727; x_wconf 87' lang='lat' dir='ltr'><strong>secundum</strong></span> <span class='ocrx_word' id='word_1_23' title='bbox 663 668 1019 725; x_wconf 76' lang='lat' dir='ltr'><strong>assertionem</strong></span> <span class='ocrx_word' id='word_1_24' title='bbox 1044 681 1297 737; x_wconf 77' lang='lat' dir='ltr'><strong>vestram,</strong></span> <span class='ocrx_word' id='word_1_25' title='bbox 1324 672 1547 727; x_wconf 65' lang='lat' dir='ltr'><strong>novellae</strong></span> <span class='ocrx_word' id='word_1_26' title='bbox 1564 672 1806 727; x_wconf 86' lang='lat' dir='ltr'><strong>utilitatis</strong></span> 
     </span>
    </p>
   </div>
   <div class='ocr_carea' id='block_1_6' title="bbox 215 762 1808 829">
    <p class='ocr_par' dir='ltr' id='par_1_6' title="bbox 215 762 1808 829">
     <span class='ocr_line' id='line_1_6' title="bbox 215 762 1808 829; baseline -0.001 -8"><span class='ocrx_word' id='word_1_27' title='bbox 215 763 499 821; x_wconf 84' lang='lat' dir='ltr'><strong>commoda</strong></span> <span class='ocrx_word' id='word_1_28' title='bbox 546 777 654 818; x_wconf 92' lang='lat' dir='ltr'><strong>non</strong></span> <span class='ocrx_word' id='word_1_29' title='bbox 711 777 975 829; x_wconf 89' lang='lat' dir='ltr'><strong>amamus,</strong></span> <span class='ocrx_word' id='word_1_30' title='bbox 1032 762 1159 817; x_wconf 92' lang='lat' dir='ltr'><strong>dum</strong></span> <span class='ocrx_word' id='word_1_31' title='bbox 1214 763 1449 819; x_wconf 90' lang='lat' dir='ltr'><strong>definitis</strong></span> <span class='ocrx_word' id='word_1_32' title='bbox 1502 764 1808 820; x_wconf 87' lang='lat' dir='ltr'><strong>senioribus</strong></span> 
     </span>
    </p>
   </div>
   <div class='ocr_carea' id='block_1_7' title="bbox 218 854 1809 928">
    <p class='ocr_par' dir='ltr' id='par_1_7' title="bbox 218 854 1809 928">
     <span class='ocr_line' id='line_1_7' title="bbox 218 854 1809 928; baseline -0.001 -15"><span class='ocrx_word' id='word_1_33' title='bbox 218 866 539 928; x_wconf 65' lang='lat' dir='ltr'><strong>praestamus</strong></span> <span class='ocrx_word' id='word_1_34' title='bbox 567 854 918 924; x_wconf 79' lang='lat' dir='ltr'><strong>obsequium?</strong></span> <span class='ocrx_word' id='word_1_35' title='bbox 948 854 1045 908; x_wconf 76' lang='lat' dir='ltr'><strong>llic</strong></span> <span class='ocrx_word' id='word_1_36' title='bbox 1076 862 1186 909; x_wconf 89' lang='lat' dir='ltr'><strong>tota</strong></span> <span class='ocrx_word' id='word_1_37' title='bbox 1208 855 1404 926; x_wconf 77' lang='lat' dir='ltr'><strong>ingenii</strong></span> <span class='ocrx_word' id='word_1_38' title='bbox 1438 856 1551 910; x_wconf 91' lang='lat' dir='ltr'><strong>vela</strong></span> <span class='ocrx_word' id='word_1_39' title='bbox 1579 871 1809 925; x_wconf 92' lang='lat' dir='ltr'><strong>suspen-</strong></span> 
     </span>
    </p>
   </div>
   <div class='ocr_carea' id='block_1_8' title="bbox 217 948 1807 1020">
    <p class='ocr_par' dir='ltr' id='par_1_8' title="bbox 217 948 1807 1020">
     <span class='ocr_line' id='line_1_8' title="bbox 217 948 1807 1020; baseline -0.003 -11"><span class='ocrx_word' id='word_1_40' title='bbox 217 954 345 1010; x_wconf 89' lang='lat' dir='ltr'><strong>ditis</strong></span> <span class='ocrx_word' id='word_1_41' title='bbox 371 970 385 1009; x_wconf 87' lang='lat'><strong>:</strong></span> <span class='ocrx_word' id='word_1_42' title='bbox 418 952 504 1007; x_wconf 93' lang='lat' dir='ltr'><strong>hic</strong></span> <span class='ocrx_word' id='word_1_43' title='bbox 531 950 799 1019; x_wconf 69' lang='lat' dir='ltr'><strong>resupina:</strong></span> <span class='ocrx_word' id='word_1_44' title='bbox 826 948 1051 1005; x_wconf 88' lang='lat' dir='ltr'><strong>cervicis</strong></span> <span class='ocrx_word' id='word_1_45' title='bbox 1071 964 1135 1003; x_wconf 92' lang='lat' dir='ltr'><strong>ex</strong></span> <span class='ocrx_word' id='word_1_46' title='bbox 1158 964 1371 1005; x_wconf 87' lang='lat' dir='ltr'><strong>secessu</strong></span> <span class='ocrx_word' id='word_1_47' title='bbox 1395 951 1631 1020; x_wconf 87' lang='lat' dir='ltr'><strong>pectoris</strong></span> <span class='ocrx_word' id='word_1_48' title='bbox 1654 950 1807 1020; x_wconf 90' lang='lat' dir='ltr'><strong>quid-</strong></span> 
     </span>
    </p>
   </div>
   <div class='ocr_carea' id='block_1_9' title="bbox 216 1041 1806 1115">
    <p class='ocr_par' dir='ltr' id='par_1_9' title="bbox 216 1041 1806 1115">
     <span class='ocr_line' id='line_1_9' title="bbox 216 1041 1806 1115; baseline -0.003 -15"><span class='ocrx_word' id='word_1_49' title='bbox 216 1046 345 1115; x_wconf 87' lang='lat' dir='ltr'><strong>quid</strong></span> <span class='ocrx_word' id='word_1_50' title='bbox 377 1044 559 1100; x_wconf 85' lang='lat' dir='ltr'><strong>habuit</strong></span> <span class='ocrx_word' id='word_1_51' title='bbox 592 1041 827 1097; x_wconf 85' lang='lat' dir='ltr'><strong>ﬂaminis</strong></span> <span class='ocrx_word' id='word_1_52' title='bbox 855 1051 1039 1096; x_wconf 90' lang='lat' dir='ltr'><strong>ructus</strong></span> <span class='ocrx_word' id='word_1_53' title='bbox 1069 1042 1326 1096; x_wconf 88' lang='lat' dir='ltr'><strong>evomuit.</strong></span> <span class='ocrx_word' id='word_1_54' title='bbox 1367 1060 1385 1091; x_wconf 87' lang='grc'><em>‹</em></span> <span class='ocrx_word' id='word_1_55' title='bbox 1420 1042 1587 1097; x_wconf 86' lang='lat' dir='ltr'><strong>Aiunt</strong></span> <span class='ocrx_word' id='word_1_56' title='bbox 1618 1042 1762 1097; x_wconf 90' lang='lat' dir='ltr'><strong>enim</strong></span> <span class='ocrx_word' id='word_1_57' title='bbox 1791 1059 1806 1095; x_wconf 89' lang='lat'><strong>:</strong></span> 
     </span>
    </p>
   </div>
   <div class='ocr_carea' id='block_1_10' title="bbox 219 1133 1809 1208">
    <p class='ocr_par' dir='ltr' id='par_1_10' title="bbox 219 1133 1809 1208">
     <span class='ocr_line' id='line_1_10' title="bbox 219 1133 1809 1208; baseline -0.001 -16"><span class='ocrx_word' id='word_1_58' title='bbox 219 1137 390 1208; x_wconf 78' lang='lat' dir='ltr'><strong>Moysi</strong></span> <span class='ocrx_word' id='word_1_59' title='bbox 437 1152 467 1191; x_wconf 92' lang='lat' dir='ltr'><strong>a</strong></span> <span class='ocrx_word' id='word_1_60' title='bbox 504 1134 661 1189; x_wconf 91' lang='lat' dir='ltr'><strong>vobis</strong></span> <span class='ocrx_word' id='word_1_61' title='bbox 702 1133 928 1204; x_wconf 91' lang='lat' dir='ltr'><strong>jejunia,</strong></span> <span class='ocrx_word' id='word_1_62' title='bbox 965 1142 1022 1189; x_wconf 92' lang='lat' dir='ltr'><strong>et</strong></span> <span class='ocrx_word' id='word_1_63' title='bbox 1062 1133 1238 1188; x_wconf 83' lang='lat' dir='ltr'><strong>Elisaei</strong></span> <span class='ocrx_word' id='word_1_64' title='bbox 1267 1133 1523 1189; x_wconf 88' lang='lat' dir='ltr'><strong>miracula</strong></span> <span class='ocrx_word' id='word_1_65' title='bbox 1556 1150 1674 1205; x_wconf 72' lang='lat' dir='ltr'><strong>qua:</strong></span> <span class='ocrx_word' id='word_1_66' title='bbox 1701 1135 1809 1205; x_wconf 87' lang='lat' dir='ltr'><strong>egit</strong></span> 
     </span>
    </p>
   </div>
   <div class='ocr_carea' id='block_1_11' title="bbox 218 1226 1807 1298">
    <p class='ocr_par' dir='ltr' id='par_1_11' title="bbox 218 1226 1807 1298">
     <span class='ocr_line' id='line_1_11' title="bbox 218 1226 1807 1298; baseline -0.001 -14"><span class='ocrx_word' id='word_1_67' title='bbox 218 1230 342 1284; x_wconf 91' lang='lat' dir='ltr'><strong>dum</strong></span> <span class='ocrx_word' id='word_1_68' title='bbox 367 1239 638 1284; x_wconf 91' lang='lat' dir='ltr'><strong>mortuum</strong></span> <span class='ocrx_word' id='word_1_69' title='bbox 666 1227 965 1293; x_wconf 85' lang='lat' dir='ltr'><strong>suscitavit,</strong></span> <span class='ocrx_word' id='word_1_70' title='bbox 992 1226 1037 1281; x_wconf 88' lang='lat' dir='ltr'><strong>si</strong></span> <span class='ocrx_word' id='word_1_71' title='bbox 1060 1242 1261 1281; x_wconf 91' lang='lat' dir='ltr'><strong>annosa</strong></span> <span class='ocrx_word' id='word_1_72' title='bbox 1280 1236 1483 1282; x_wconf 89' lang='lat' dir='ltr'><strong>tantum</strong></span> <span class='ocrx_word' id='word_1_73' title='bbox 1506 1230 1807 1298; x_wconf 88' lang='lat' dir='ltr'><strong>sectamini,</strong></span> 
     </span>
    </p>
   </div>
   <div class='ocr_carea' id='block_1_12' title="bbox 218 1324 1812 1393">
    <p class='ocr_par' dir='ltr' id='par_1_12' title="bbox 218 1324 1812 1393">
     <span class='ocr_line' id='line_1_12' title="bbox 218 1324 1812 1393; baseline -0.003 -10"><span class='ocrx_word' id='word_1_74' title='bbox 218 1328 667 1384; x_wconf 82' lang='lat' dir='ltr'><strong>condemnamur.</strong></span> <span class='ocrx_word' id='word_1_75' title='bbox 710 1345 727 1377; x_wconf 81' lang='grc'><strong>›</strong></span> <span class='ocrx_word' id='word_1_76' title='bbox 759 1324 896 1393; x_wconf 86' lang='lat' dir='ltr'><strong>Quid</strong></span> <span class='ocrx_word' id='word_1_77' title='bbox 930 1325 1014 1379; x_wconf 91' lang='lat' dir='ltr'><strong>hic</strong></span> <span class='ocrx_word' id='word_1_78' title='bbox 1054 1325 1280 1378; x_wconf 90' lang='lat' dir='ltr'><strong>rationis</strong></span> <span class='ocrx_word' id='word_1_79' title='bbox 1310 1326 1513 1379; x_wconf 88' lang='lat' dir='ltr'><strong>invenit</strong></span> <span class='ocrx_word' id='word_1_80' title='bbox 1543 1333 1812 1379; x_wconf 77' lang='lat' dir='ltr'><strong>scrutator</strong></span> 
     </span>
    </p>
   </div>
   <div class='ocr_carea' id='block_1_13' title="bbox 220 1414 1809 1485">
    <p class='ocr_par' dir='ltr' id='par_1_13' title="bbox 220 1414 1809 1485">
     <span class='ocr_line' id='line_1_13' title="bbox 220 1414 1809 1485; baseline -0.001 -14"><span class='ocrx_word' id='word_1_81' title='bbox 220 1418 480 1473; x_wconf 89' lang='lat' dir='ltr'><strong>idoneus?</strong></span> <span class='ocrx_word' id='word_1_82' title='bbox 512 1434 618 1473; x_wconf 89' lang='lat' dir='ltr'><strong>non</strong></span> <span class='ocrx_word' id='word_1_83' title='bbox 646 1418 690 1470; x_wconf 91' lang='lat' dir='ltr'><strong>si</strong></span> <span class='ocrx_word' id='word_1_84' title='bbox 714 1416 833 1469; x_wconf 84' lang='lat' dir='ltr'><strong>auri</strong></span> <span class='ocrx_word' id='word_1_85' title='bbox 872 1414 1104 1485; x_wconf 92' lang='lat' dir='ltr'><strong>pallidus</strong></span> <span class='ocrx_word' id='word_1_86' title='bbox 1137 1415 1422 1483; x_wconf 90' lang='lat' dir='ltr'><strong>inquisitor</strong></span> <span class='ocrx_word' id='word_1_87' title='bbox 1451 1425 1718 1482; x_wconf 82' lang='lat' dir='ltr'><strong>occurrat,</strong></span> <span class='ocrx_word' id='word_1_88' title='bbox 1756 1416 1809 1470; x_wconf 87' lang='lat' dir='ltr'><strong>in</strong></span> 
     </span>
    </p>
   </div>
   <div class='ocr_carea' id='block_1_14' title="bbox 220 1507 1808 1579">
    <p class='ocr_par' dir='ltr' id='par_1_14' title="bbox 220 1507 1808 1579">
     <span class='ocr_line' id='line_1_14' title="bbox 220 1507 1808 1579; baseline -0.002 -16"><span class='ocrx_word' id='word_1_89' title='bbox 220 1510 471 1563; x_wconf 85' lang='lat' dir='ltr'><strong>sensibus</strong></span> <span class='ocrx_word' id='word_1_90' title='bbox 502 1508 690 1563; x_wconf 89' lang='lat' dir='ltr'><strong>vestris</strong></span> <span class='ocrx_word' id='word_1_91' title='bbox 734 1507 1011 1562; x_wconf 83' lang='lat' dir='ltr'><strong>latentium</strong></span> <span class='ocrx_word' id='word_1_92' title='bbox 1042 1522 1297 1562; x_wconf 88' lang='lat' dir='ltr'><strong>venarum</strong></span> <span class='ocrx_word' id='word_1_93' title='bbox 1343 1517 1518 1562; x_wconf 90' lang='lat' dir='ltr'><strong>motus</strong></span> <span class='ocrx_word' id='word_1_94' title='bbox 1552 1508 1808 1579; x_wconf 82' lang='lat' dir='ltr'><strong>inveniat,</strong></span> 
     </span>
    </p>
   </div>
   <div class='ocr_carea' id='block_1_15' title="bbox 221 1598 1807 1658">
    <p class='ocr_par' dir='ltr' id='par_1_15' title="bbox 221 1598 1807 1658">
     <span class='ocr_line' id='line_1_15' title="bbox 221 1598 1807 1658; baseline -0.001 -1"><span class='ocrx_word' id='word_1_95' title='bbox 221 1610 276 1658; x_wconf 93' lang='lat' dir='ltr'><strong>et</strong></span> <span class='ocrx_word' id='word_1_96' title='bbox 308 1602 529 1656; x_wconf 88' lang='lat' dir='ltr'><strong>insuetis</strong></span> <span class='ocrx_word' id='word_1_97' title='bbox 562 1600 731 1655; x_wconf 83' lang='lat' dir='ltr'><strong>lucem</strong></span> <span class='ocrx_word' id='word_1_98' title='bbox 764 1600 982 1654; x_wconf 87' lang='lat' dir='ltr'><strong>latebris</strong></span> <span class='ocrx_word' id='word_1_99' title='bbox 1008 1614 1315 1654; x_wconf 85' lang='lat' dir='ltr'><strong>sermonum</strong></span> <span class='ocrx_word' id='word_1_100' title='bbox 1351 1599 1523 1655; x_wconf 79' lang='lat' dir='ltr'><strong>fossor</strong></span> <span class='ocrx_word' id='word_1_101' title='bbox 1546 1598 1807 1655; x_wconf 75' lang='lat' dir='ltr'><strong>admittat.</strong></span> 
     </span>
    </p>
   </div>
   <div class='ocr_carea' id='block_1_16' title="bbox 224 1690 1805 1763">
    <p class='ocr_par' dir='ltr' id='par_1_16' title="bbox 224 1690 1805 1763">
     <span class='ocr_line' id='line_1_16' title="bbox 224 1690 1805 1763; baseline -0.003 -15"><span class='ocrx_word' id='word_1_102' title='bbox 224 1693 428 1748; x_wconf 83' lang='lat' dir='ltr'><strong>Idcirco</strong></span> <span class='ocrx_word' id='word_1_103' title='bbox 459 1709 587 1763; x_wconf 87' lang='lat' dir='ltr'><strong>ergo</strong></span> <span class='ocrx_word' id='word_1_104' title='bbox 631 1708 762 1747; x_wconf 88' lang='lat' dir='ltr'><strong>cana</strong></span> <span class='ocrx_word' id='word_1_105' title='bbox 807 1692 1062 1746; x_wconf 90' lang='lat' dir='ltr'><strong>miracula</strong></span> <span class='ocrx_word' id='word_1_106' title='bbox 1095 1706 1200 1745; x_wconf 91' lang='lat' dir='ltr'><strong>non</strong></span> <span class='ocrx_word' id='word_1_107' title='bbox 1242 1691 1551 1759; x_wconf 87' lang='lat' dir='ltr'><strong>probamus,</strong></span> <span class='ocrx_word' id='word_1_108' title='bbox 1584 1691 1627 1744; x_wconf 92' lang='lat' dir='ltr'><strong>si</strong></span> <span class='ocrx_word' id='word_1_109' title='bbox 1655 1690 1805 1759; x_wconf 86' lang='lat' dir='ltr'><strong>juve-</strong></span> 
     </span>
    </p>
   </div>
   <div class='ocr_carea' id='block_1_17' title="bbox 228 1781 1813 1853">
    <p class='ocr_par' dir='ltr' id='par_1_17' title="bbox 228 1781 1813 1853">
     <span class='ocr_line' id='line_1_17' title="bbox 228 1781 1813 1853; baseline 0.001 -17"><span class='ocrx_word' id='word_1_110' title='bbox 228 1785 430 1839; x_wconf 88' lang='lat' dir='ltr'><strong>nilihus</strong></span> <span class='ocrx_word' id='word_1_111' title='bbox 470 1799 792 1839; x_wconf 73' lang='lat' dir='ltr'><strong>consensum</strong></span> <span class='ocrx_word' id='word_1_112' title='bbox 872 1799 975 1838; x_wconf 90' lang='lat' dir='ltr'><strong>non</strong></span> <span class='ocrx_word' id='word_1_113' title='bbox 1026 1785 1325 1853; x_wconf 74' lang='lat' dir='ltr'><strong>prtebemus</strong></span> <span class='ocrx_word' id='word_1_114' title='bbox 1366 1781 1709 1837; x_wconf 79' lang='lat' dir='ltr'><strong>excessibus?</strong></span> <span class='ocrx_word' id='word_1_115' title='bbox 1756 1782 1813 1839; x_wconf 91' lang='lat' dir='ltr'><strong>Si</strong></span> 
     </span>
    </p>
   </div>
   <div class='ocr_carea' id='block_1_18' title="bbox 225 1876 1815 1948">
    <p class='ocr_par' dir='ltr' id='par_1_18' title="bbox 225 1876 1815 1948">
     <span class='ocr_line' id='line_1_18' title="bbox 225 1876 1815 1948; baseline 0 -17"><span class='ocrx_word' id='word_1_116' title='bbox 225 1891 439 1931; x_wconf 84' lang='lat' dir='ltr'><strong>servum</strong></span> <span class='ocrx_word' id='word_1_117' title='bbox 489 1877 713 1931; x_wconf 89' lang='lat' dir='ltr'><strong>Domino</strong></span> <span class='ocrx_word' id='word_1_118' title='bbox 742 1876 1064 1946; x_wconf 89' lang='lat' dir='ltr'><strong>discipulum</strong></span> <span class='ocrx_word' id='word_1_119' title='bbox 1110 1878 1363 1947; x_wconf 88' lang='lat' dir='ltr'><strong>magistro</strong></span> <span class='ocrx_word' id='word_1_120' title='bbox 1396 1876 1668 1948; x_wconf 84' lang='lat' dir='ltr'><strong>Evangelii</strong></span> <span class='ocrx_word' id='word_1_121' title='bbox 1702 1892 1815 1931; x_wconf 86' lang='lat' dir='ltr'><strong>me—</strong></span> 
     </span>
    </p>
   </div>
   <div class='ocr_carea' id='block_1_19' title="bbox 1912 666 3493 736">
    <p class='ocr_par' dir='ltr' id='par_1_19' title="bbox 1912 666 3493 736">
     <span class='ocr_line' id='line_1_19' title="bbox 1912 666 3493 736; baseline -0.001 -13"><span class='ocrx_word' id='word_1_122' title='bbox 1912 668 2101 723; x_wconf 91' lang='lat' dir='ltr'><strong>borum</strong></span> <span class='ocrx_word' id='word_1_123' title='bbox 2130 668 2382 722; x_wconf 80' lang='lat' dir='ltr'><strong>violentia</strong></span> <span class='ocrx_word' id='word_1_124' title='bbox 2410 667 2570 723; x_wconf 89' lang='lat' dir='ltr'><strong>celeri</strong></span> <span class='ocrx_word' id='word_1_125' title='bbox 2595 682 2779 736; x_wconf 89' lang='lat' dir='ltr'><strong>gressu</strong></span> <span class='ocrx_word' id='word_1_126' title='bbox 2807 667 2873 721; x_wconf 90' lang='lat' dir='ltr'><strong>ad</strong></span> <span class='ocrx_word' id='word_1_127' title='bbox 2902 666 3093 721; x_wconf 81' lang='lat' dir='ltr'><strong>anima:</strong></span> <span class='ocrx_word' id='word_1_128' title='bbox 3110 675 3318 722; x_wconf 90' lang='lat' dir='ltr'><strong>secreta</strong></span> <span class='ocrx_word' id='word_1_129' title='bbox 3340 666 3493 722; x_wconf 90' lang='lat' dir='ltr'><strong>festi-</strong></span> 
     </span>
    </p>
   </div>
   <div class='ocr_carea' id='block_1_20' title="bbox 1912 759 3494 828">
    <p class='ocr_par' dir='ltr' id='par_1_20' title="bbox 1912 759 3494 828">
     <span class='ocr_line' id='line_1_20' title="bbox 1912 759 3494 828; baseline -0.001 -12"><span class='ocrx_word' id='word_1_130' title='bbox 1912 771 2022 826; x_wconf 92' lang='lat' dir='ltr'><strong>nat,</strong></span> <span class='ocrx_word' id='word_1_131' title='bbox 2058 760 2242 817; x_wconf 91' lang='lat' dir='ltr'><strong>obvias</strong></span> <span class='ocrx_word' id='word_1_132' title='bbox 2266 776 2455 816; x_wconf 91' lang='lat' dir='ltr'><strong>manus</strong></span> <span class='ocrx_word' id='word_1_133' title='bbox 2485 760 2679 815; x_wconf 72' lang='lat' dir='ltr'><strong>afferre</strong></span> <span class='ocrx_word' id='word_1_134' title='bbox 2708 774 2815 814; x_wconf 90' lang='lat' dir='ltr'><strong>non</strong></span> <span class='ocrx_word' id='word_1_135' title='bbox 2850 770 3021 828; x_wconf 88' lang='lat' dir='ltr'><strong>potest</strong></span> <span class='ocrx_word' id='word_1_136' title='bbox 3055 759 3289 815; x_wconf 88' lang='lat' dir='ltr'><strong>salutare</strong></span> <span class='ocrx_word' id='word_1_137' title='bbox 3316 760 3494 815; x_wconf 80' lang='lat' dir='ltr'><strong>consi-</strong></span> 
     </span>
    </p>
   </div>
   <div class='ocr_carea' id='block_1_21' title="bbox 1913 855 3493 921">
    <p class='ocr_par' dir='ltr' id='par_1_21' title="bbox 1913 855 3493 921">
     <span class='ocr_line' id='line_1_21' title="bbox 1913 855 3493 921; baseline 0.003 -13"><span class='ocrx_word' id='word_1_138' title='bbox 1913 855 2066 921; x_wconf 86' lang='lat' dir='ltr'><strong>lium,</strong></span> <span class='ocrx_word' id='word_1_139' title='bbox 2116 857 2218 911; x_wconf 91' lang='lat' dir='ltr'><strong>nisi</strong></span> <span class='ocrx_word' id='word_1_140' title='bbox 2263 871 2329 912; x_wconf 90' lang='lat' dir='ltr'><strong>ex</strong></span> <span class='ocrx_word' id='word_1_141' title='bbox 2368 856 2658 912; x_wconf 89' lang='lat' dir='ltr'><strong>collatione</strong></span> <span class='ocrx_word' id='word_1_142' title='bbox 2700 856 3008 911; x_wconf 90' lang='lat' dir='ltr'><strong>multorum.</strong></span> <span class='ocrx_word' id='word_1_143' title='bbox 3052 856 3184 912; x_wconf 88' lang='lat' dir='ltr'><strong>Nam</strong></span> <span class='ocrx_word' id='word_1_144' title='bbox 3216 868 3269 912; x_wconf 88' lang='lat' dir='ltr'><strong>et</strong></span> <span class='ocrx_word' id='word_1_145' title='bbox 3318 856 3420 912; x_wconf 90' lang='lat' dir='ltr'><strong>hoc</strong></span> <span class='ocrx_word' id='word_1_146' title='bbox 3463 871 3493 913; x_wconf 89' lang='lat' dir='ltr'><strong>a</strong></span> 
     </span>
    </p>
   </div>
   <div class='ocr_carea' id='block_1_22' title="bbox 1912 948 3494 1020">
    <p class='ocr_par' dir='ltr' id='par_1_22' title="bbox 1912 948 3494 1020">
     <span class='ocr_line' id='line_1_22' title="bbox 1912 948 3494 1020; baseline 0 -16"><span class='ocrx_word' id='word_1_147' title='bbox 1912 964 2041 1019; x_wconf 88' lang='lat' dir='ltr'><strong>rege</strong></span> <span class='ocrx_word' id='word_1_148' title='bbox 2069 959 2249 1004; x_wconf 91' lang='lat' dir='ltr'><strong>nostra</strong></span> <span class='ocrx_word' id='word_1_149' title='bbox 2275 950 2517 1019; x_wconf 90' lang='lat' dir='ltr'><strong>poposcit</strong></span> <span class='ocrx_word' id='word_1_150' title='bbox 2536 949 2805 1020; x_wconf 87' lang='lat' dir='ltr'><strong>allegatio,</strong></span> <span class='ocrx_word' id='word_1_151' title='bbox 2830 959 2880 1003; x_wconf 89' lang='lat' dir='ltr'><strong>ut</strong></span> <span class='ocrx_word' id='word_1_152' title='bbox 2906 948 3156 1004; x_wconf 89' lang='lat' dir='ltr'><strong>abscissis</strong></span> <span class='ocrx_word' id='word_1_153' title='bbox 3177 949 3494 1005; x_wconf 90' lang='lat' dir='ltr'><strong>clericorum</strong></span> 
     </span>
    </p>
   </div>
   <div class='ocr_carea' id='block_1_23' title="bbox 1913 1039 3494 1111">
    <p class='ocr_par' dir='ltr' id='par_1_23' title="bbox 1913 1039 3494 1111">
     <span class='ocr_line' id='line_1_23' title="bbox 1913 1039 3494 1111; baseline -0.001 -17"><span class='ocrx_word' id='word_1_154' title='bbox 1913 1040 2237 1109; x_wconf 69' lang='lat' dir='ltr'><strong>prtejudiciis</strong></span> <span class='ocrx_word' id='word_1_155' title='bbox 2273 1040 2340 1095; x_wconf 92' lang='lat' dir='ltr'><strong>de</strong></span> <span class='ocrx_word' id='word_1_156' title='bbox 2376 1042 2742 1095; x_wconf 70' lang='lat' dir='ltr'><strong>accusatorum</strong></span> <span class='ocrx_word' id='word_1_157' title='bbox 2782 1056 2931 1110; x_wconf 71' lang='lat' dir='ltr'><strong>papa:</strong></span> <span class='ocrx_word' id='word_1_158' title='bbox 2963 1042 3161 1111; x_wconf 42' lang='lat' dir='ltr'><strong>merito.</strong></span> <span class='ocrx_word' id='word_1_159' title='bbox 3187 1055 3280 1109; x_wconf 90' lang='lat' dir='ltr'><strong>per</strong></span> <span class='ocrx_word' id='word_1_160' title='bbox 3310 1039 3494 1095; x_wconf 90' lang='lat' dir='ltr'><strong>huma-</strong></span> 
     </span>
    </p>
   </div>
   <div class='ocr_carea' id='block_1_24' title="bbox 1913 1134 3496 1205">
    <p class='ocr_par' dir='ltr' id='par_1_24' title="bbox 1913 1134 3496 1205">
     <span class='ocr_line' id='line_1_24' title="bbox 1913 1134 3496 1205; baseline 0.001 -17"><span class='ocrx_word' id='word_1_161' title='bbox 1913 1149 2041 1189; x_wconf 89' lang='lat' dir='ltr'><strong>num</strong></span> <span class='ocrx_word' id='word_1_162' title='bbox 2092 1148 2153 1188; x_wconf 91' lang='lat' dir='ltr'><strong>os</strong></span> <span class='ocrx_word' id='word_1_163' title='bbox 2200 1149 2489 1205; x_wconf 76' lang='lat' dir='ltr'><strong>supernum</strong></span> <span class='ocrx_word' id='word_1_164' title='bbox 2538 1134 2807 1205; x_wconf 92' lang='lat' dir='ltr'><strong>judicaret</strong></span> <span class='ocrx_word' id='word_1_165' title='bbox 2860 1135 3163 1204; x_wconf 90' lang='lat' dir='ltr'><strong>imperium.</strong></span> <span class='ocrx_word' id='word_1_166' title='bbox 3214 1134 3496 1189; x_wconf 76' lang='lat' dir='ltr'><strong>Videamus</strong></span> 
     </span>
    </p>
   </div>
   <div class='ocr_carea' id='block_1_25' title="bbox 1915 1227 3496 1298">
    <p class='ocr_par' dir='ltr' id='par_1_25' title="bbox 1915 1227 3496 1298">
     <span class='ocr_line' id='line_1_25' title="bbox 1915 1227 3496 1298; baseline 0.001 -16"><span class='ocrx_word' id='word_1_167' title='bbox 1915 1238 2090 1283; x_wconf 88' lang='lat' dir='ltr'><strong>tamen</strong></span> <span class='ocrx_word' id='word_1_168' title='bbox 2131 1229 2175 1284; x_wconf 90' lang='lat' dir='ltr'><strong>si</strong></span> <span class='ocrx_word' id='word_1_169' title='bbox 2226 1230 2420 1298; x_wconf 87' lang='lat' dir='ltr'><strong>placet,</strong></span> <span class='ocrx_word' id='word_1_170' title='bbox 2464 1238 2517 1283; x_wconf 93' lang='lat' dir='ltr'><strong>et</strong></span> <span class='ocrx_word' id='word_1_171' title='bbox 2561 1229 2679 1283; x_wconf 89' lang='lat' dir='ltr'><strong>illas</strong></span> <span class='ocrx_word' id='word_1_172' title='bbox 2720 1228 2740 1260; x_wconf 88' lang='grc'><em>³</em></span> <span class='ocrx_word' id='word_1_173' title='bbox 2769 1227 3074 1283; x_wconf 89' lang='lat' dir='ltr'><strong>didascalici</strong></span> <span class='ocrx_word' id='word_1_174' title='bbox 3115 1228 3280 1283; x_wconf 88' lang='lat' dir='ltr'><strong>libelli</strong></span> <span class='ocrx_word' id='word_1_175' title='bbox 3333 1228 3496 1284; x_wconf 84' lang='lat' dir='ltr'><strong>vestri</strong></span> 
     </span>
    </p>
   </div>
   <div class='ocr_carea' id='block_1_26' title="bbox 1914 1319 3496 1389">
    <p class='ocr_par' dir='ltr' id='par_1_26' title="bbox 1914 1319 3496 1389">
     <span class='ocr_line' id='line_1_26' title="bbox 1914 1319 3496 1389; baseline 0 -16"><span class='ocrx_word' id='word_1_176' title='bbox 1914 1320 2212 1389; x_wconf 79' lang='lat' dir='ltr'><strong>relegamus</strong></span> <span class='ocrx_word' id='word_1_177' title='bbox 2232 1322 2498 1389; x_wconf 84' lang='lat' dir='ltr'><strong>argutias:</strong></span> <span class='ocrx_word' id='word_1_178' title='bbox 2525 1319 2843 1375; x_wconf 89' lang='lat' dir='ltr'><strong>habentibus</strong></span> <span class='ocrx_word' id='word_1_179' title='bbox 2863 1319 3027 1375; x_wconf 89' lang='lat' dir='ltr'><strong>etiam</strong></span> <span class='ocrx_word' id='word_1_180' title='bbox 3050 1321 3202 1375; x_wconf 90' lang='lat' dir='ltr'><strong>nobis</strong></span> <span class='ocrx_word' id='word_1_181' title='bbox 3225 1329 3349 1374; x_wconf 89' lang='lat' dir='ltr'><strong>ante</strong></span> <span class='ocrx_word' id='word_1_182' title='bbox 3372 1333 3496 1375; x_wconf 88' lang='lat' dir='ltr'><strong>ocn-</strong></span> 
     </span>
    </p>
   </div>
   <div class='ocr_carea' id='block_1_27' title="bbox 1914 1411 3496 1480">
    <p class='ocr_par' dir='ltr' id='par_1_27' title="bbox 1914 1411 3496 1480">
     <span class='ocr_line' id='line_1_27' title="bbox 1914 1411 3496 1480; baseline 0.001 -15"><span class='ocrx_word' id='word_1_183' title='bbox 1914 1411 1995 1465; x_wconf 93' lang='lat' dir='ltr'><strong>los</strong></span> <span class='ocrx_word' id='word_1_184' title='bbox 2031 1422 2237 1480; x_wconf 86' lang='lat' dir='ltr'><strong>patrum</strong></span> <span class='ocrx_word' id='word_1_185' title='bbox 2270 1412 2597 1475; x_wconf 90' lang='lat' dir='ltr'><strong>sanctiones,</strong></span> <span class='ocrx_word' id='word_1_186' title='bbox 2627 1411 2818 1479; x_wconf 87' lang='lat' dir='ltr'><strong>quibus</strong></span> <span class='ocrx_word' id='word_1_187' title='bbox 2846 1425 3162 1466; x_wconf 86' lang='lat' dir='ltr'><strong>excessuum</strong></span> <span class='ocrx_word' id='word_1_188' title='bbox 3195 1420 3496 1466; x_wconf 88' lang='lat' dir='ltr'><strong>vestrorum</strong></span> 
     </span>
    </p>
   </div>
   <div class='ocr_carea' id='block_1_28' title="bbox 1914 1502 3497 1572">
    <p class='ocr_par' dir='ltr' id='par_1_28' title="bbox 1914 1502 3497 1572">
     <span class='ocr_line' id='line_1_28' title="bbox 1914 1502 3497 1572; baseline 0 -15"><span class='ocrx_word' id='word_1_189' title='bbox 1914 1504 2121 1557; x_wconf 84' lang='lat' dir='ltr'><strong>sentina</strong></span> <span class='ocrx_word' id='word_1_190' title='bbox 2154 1504 2498 1571; x_wconf 86' lang='lat' dir='ltr'><strong>pouderetur.</strong></span> <span class='ocrx_word' id='word_1_191' title='bbox 2545 1502 2651 1557; x_wconf 88' lang='lat' dir='ltr'><strong>Lex</strong></span> <span class='ocrx_word' id='word_1_192' title='bbox 2699 1502 3057 1557; x_wconf 87' lang='lat' dir='ltr'><strong>ecclesiastica</strong></span> <span class='ocrx_word' id='word_1_193' title='bbox 3090 1502 3394 1572; x_wconf 87' lang='lat' dir='ltr'><strong>pontificem</strong></span> <span class='ocrx_word' id='word_1_194' title='bbox 3432 1502 3497 1557; x_wconf 82' lang='lat' dir='ltr'><strong>ab</strong></span> 
     </span>
    </p>
   </div>
   <div class='ocr_carea' id='block_1_29' title="bbox 1915 1593 3498 1664">
    <p class='ocr_par' dir='ltr' id='par_1_29' title="bbox 1915 1593 3498 1664">
     <span class='ocr_line' id='line_1_29' title="bbox 1915 1593 3498 1664; baseline 0 -16"><span class='ocrx_word' id='word_1_195' title='bbox 1915 1593 2034 1649; x_wconf 90' lang='lat' dir='ltr'><strong>aliis</strong></span> <span class='ocrx_word' id='word_1_196' title='bbox 2061 1604 2389 1661; x_wconf 86' lang='lat' dir='ltr'><strong>accusatum,</strong></span> <span class='ocrx_word' id='word_1_197' title='bbox 2439 1595 2745 1664; x_wconf 88' lang='lat' dir='ltr'><strong>priusquam</strong></span> <span class='ocrx_word' id='word_1_198' title='bbox 2776 1594 2875 1649; x_wconf 91' lang='lat' dir='ltr'><strong>sub</strong></span> <span class='ocrx_word' id='word_1_199' title='bbox 2906 1594 3080 1649; x_wconf 90' lang='lat' dir='ltr'><strong>lucem</strong></span> <span class='ocrx_word' id='word_1_200' title='bbox 3121 1594 3332 1664; x_wconf 88' lang='lat' dir='ltr'><strong>objecta</strong></span> <span class='ocrx_word' id='word_1_201' title='bbox 3372 1608 3498 1649; x_wconf 88' lang='lat' dir='ltr'><strong>con-</strong></span> 
     </span>
    </p>
   </div>
   <div class='ocr_carea' id='block_1_30' title="bbox 1914 1688 3498 1759">
    <p class='ocr_par' dir='ltr' id='par_1_30' title="bbox 1914 1688 3498 1759">
     <span class='ocr_line' id='line_1_30' title="bbox 1914 1688 3498 1759; baseline 0 -16"><span class='ocrx_word' id='word_1_202' title='bbox 1914 1689 2171 1755; x_wconf 89' lang='lat' dir='ltr'><strong>stiteriut,</strong></span> <span class='ocrx_word' id='word_1_203' title='bbox 2220 1689 2381 1759; x_wconf 77' lang='lat' dir='ltr'><strong>exigit</strong></span> <span class='ocrx_word' id='word_1_204' title='bbox 2423 1703 2530 1744; x_wconf 93' lang='lat' dir='ltr'><strong>non</strong></span> <span class='ocrx_word' id='word_1_205' title='bbox 2577 1688 2827 1757; x_wconf 91' lang='lat' dir='ltr'><strong>relinqui.</strong></span> <span class='ocrx_word' id='word_1_206' title='bbox 2878 1688 2987 1743; x_wconf 82' lang='lat' dir='ltr'><strong>Vos</strong></span> <span class='ocrx_word' id='word_1_207' title='bbox 3031 1704 3159 1744; x_wconf 91' lang='lat' dir='ltr'><strong>vero</strong></span> <span class='ocrx_word' id='word_1_208' title='bbox 3207 1688 3392 1752; x_wconf 91' lang='lat' dir='ltr'><strong>divini,</strong></span> <span class='ocrx_word' id='word_1_209' title='bbox 3443 1696 3498 1744; x_wconf 91' lang='lat' dir='ltr'><strong>ut</strong></span> 
     </span>
    </p>
   </div>
   <div class='ocr_carea' id='block_1_31' title="bbox 1917 1780 3499 1852">
    <p class='ocr_par' dir='ltr' id='par_1_31' title="bbox 1917 1780 3499 1852">
     <span class='ocr_line' id='line_1_31' title="bbox 1917 1780 3499 1852; baseline 0.001 -16"><span class='ocrx_word' id='word_1_210' title='bbox 1917 1792 2064 1852; x_wconf 92' lang='lat' dir='ltr'><strong>puto,</strong></span> <span class='ocrx_word' id='word_1_211' title='bbox 2090 1781 2226 1852; x_wconf 86' lang='lat' dir='ltr'><strong>juris</strong></span> <span class='ocrx_word' id='word_1_212' title='bbox 2258 1796 2549 1847; x_wconf 90' lang='lat' dir='ltr'><strong>memores,</strong></span> <span class='ocrx_word' id='word_1_213' title='bbox 2582 1781 2672 1850; x_wconf 90' lang='lat' dir='ltr'><strong>qui</strong></span> <span class='ocrx_word' id='word_1_214' title='bbox 2701 1782 2836 1835; x_wconf 89' lang='lat' dir='ltr'><strong>levia</strong></span> <span class='ocrx_word' id='word_1_215' title='bbox 2876 1790 3051 1836; x_wconf 89' lang='lat' dir='ltr'><strong>errata</strong></span> <span class='ocrx_word' id='word_1_216' title='bbox 3083 1780 3379 1851; x_wconf 89' lang='lat' dir='ltr'><strong>despicitis,</strong></span> <span class='ocrx_word' id='word_1_217' title='bbox 3410 1781 3499 1851; x_wconf 90' lang='lat' dir='ltr'><strong>qui</strong></span> 
     </span>
    </p>
   </div>
   <div class='ocr_carea' id='block_1_32' title="bbox 1919 1874 3498 1945">
    <p class='ocr_par' dir='ltr' id='par_1_32' title="bbox 1919 1874 3498 1945">
     <span class='ocr_line' id='line_1_32' title="bbox 1919 1874 3498 1945; baseline 0.001 -16"><span class='ocrx_word' id='word_1_218' title='bbox 1919 1875 2123 1945; x_wconf 84' lang='lat' dir='ltr'><strong>peccati</strong></span> <span class='ocrx_word' id='word_1_219' title='bbox 2156 1874 2435 1930; x_wconf 91' lang='lat' dir='ltr'><strong>nobilitate</strong></span> <span class='ocrx_word' id='word_1_220' title='bbox 2459 1874 2726 1945; x_wconf 81' lang='lat' dir='ltr'><strong>gaudetis,</strong></span> <span class='ocrx_word' id='word_1_221' title='bbox 2759 1889 2827 1929; x_wconf 90' lang='lat' dir='ltr'><strong>ne</strong></span> <span class='ocrx_word' id='word_1_222' title='bbox 2855 1890 2957 1944; x_wconf 91' lang='lat' dir='ltr'><strong>qua</strong></span> <span class='ocrx_word' id='word_1_223' title='bbox 2992 1890 3084 1929; x_wconf 92' lang='lat' dir='ltr'><strong>vos</strong></span> <span class='ocrx_word' id='word_1_224' title='bbox 3105 1889 3170 1930; x_wconf 90' lang='lat' dir='ltr'><strong>ex</strong></span> <span class='ocrx_word' id='word_1_225' title='bbox 3196 1876 3498 1931; x_wconf 82' lang='lat' dir='ltr'><strong>desertione</strong></span> 
     </span>
    </p>
   </div>
   <div class='ocr_carea' id='block_1_33' title="bbox 224 1959 3498 2038">
    <p class='ocr_par' dir='ltr' id='par_1_33' title="bbox 224 1959 3498 2038">
     <span class='ocr_line' id='line_1_33' title="bbox 224 1959 3498 2038; baseline 0 -17"><span class='ocrx_word' id='word_1_226' title='bbox 224 1983 405 2023; x_wconf 82' lang='lat' dir='ltr'><strong>mores</strong></span> <span class='ocrx_word' id='word_1_227' title='bbox 456 1970 838 2038; x_wconf 82' lang='lat' dir='ltr'><strong>subjungamus</strong></span> <span class='ocrx_word' id='word_1_228' title='bbox 894 1967 1107 2035; x_wconf 83' lang='lat' dir='ltr'><strong>(Matth.</strong></span> <span class='ocrx_word' id='word_1_229' title='bbox 1164 1986 1217 2034; x_wconf 91' lang='lat' dir='ltr'><strong>x,</strong></span> <span class='ocrx_word' id='word_1_230' title='bbox 1272 1970 1371 2033; x_wconf 64' lang='lat'><strong>24;</strong></span> <span class='ocrx_word' id='word_1_231' title='bbox 1417 1968 1543 2023; x_wconf 88' lang='lat' dir='ltr'><strong>Luc.</strong></span> <span class='ocrx_word' id='word_1_232' title='bbox 1589 1984 1661 2032; x_wconf 78' lang='lat' dir='ltr'><strong>vr,</strong></span> <span class='ocrx_word' id='word_1_233' title='bbox 1712 1966 1809 2032; x_wconf 74' lang='lat'><strong>40;</strong></span> <span class='ocrx_word' id='word_1_234' title='bbox 1843 1959 2211 2020; x_wconf 88' lang='lat' dir='ltr'><strong>Bsacerdotis</strong></span> <span class='ocrx_word' id='word_1_235' title='bbox 2258 1965 2413 2033; x_wconf 89' lang='lat' dir='ltr'><strong>culpa</strong></span> <span class='ocrx_word' id='word_1_236' title='bbox 2463 1965 2777 2035; x_wconf 87' lang='lat' dir='ltr'><strong>respiceret,</strong></span> <span class='ocrx_word' id='word_1_237' title='bbox 2821 1966 3115 2021; x_wconf 87' lang='lat' dir='ltr'><strong>accusastis</strong></span> <span class='ocrx_word' id='word_1_238' title='bbox 3159 1981 3281 2021; x_wconf 89' lang='lat' dir='ltr'><strong>cum</strong></span> <span class='ocrx_word' id='word_1_239' title='bbox 3325 1967 3498 2022; x_wconf 91' lang='lat' dir='ltr'><strong>incre-</strong></span> 
     </span>
    </p>
   </div>
   <div class='ocr_carea' id='block_1_34' title="bbox 220 2057 1811 2128">
    <p class='ocr_par' dir='ltr' id='par_1_34' title="bbox 220 2057 1811 2128">
     <span class='ocr_line' id='line_1_34' title="bbox 220 2057 1811 2128; baseline 0.002 -18"><span class='ocrx_word' id='word_1_240' title='bbox 220 2057 380 2112; x_wconf 83' lang='lat' dir='ltr'><strong>Joan.</strong></span> <span class='ocrx_word' id='word_1_241' title='bbox 408 2076 481 2125; x_wconf 87' lang='lat' dir='ltr'><strong>vt,</strong></span> <span class='ocrx_word' id='word_1_242' title='bbox 510 2060 599 2124; x_wconf 70' lang='grc'><strong>40,</strong></span> <span class='ocrx_word' id='word_1_243' title='bbox 629 2069 683 2113; x_wconf 87' lang='lat' dir='ltr'><strong>et</strong></span> <span class='ocrx_word' id='word_1_244' title='bbox 710 2076 832 2127; x_wconf 87' lang='lat' dir='ltr'><strong>xxv,</strong></span> <span class='ocrx_word' id='word_1_245' title='bbox 874 2059 987 2128; x_wconf 72' lang='lat'><strong>20),</strong></span> <span class='ocrx_word' id='word_1_246' title='bbox 1022 2059 1279 2128; x_wconf 87' lang='lat' dir='ltr'><strong>quidquid</strong></span> <span class='ocrx_word' id='word_1_247' title='bbox 1336 2059 1507 2127; x_wconf 91' lang='lat' dir='ltr'><strong>potuit</strong></span> <span class='ocrx_word' id='word_1_248' title='bbox 1555 2059 1811 2127; x_wconf 76' lang='lat' dir='ltr'><strong>prodesse</strong></span> 
     </span>
    </p>
   </div>
   <div class='ocr_carea' id='block_1_35' title="bbox 224 2152 1811 2224">
    <p class='ocr_par' dir='ltr' id='par_1_35' title="bbox 224 2152 1811 2224">
     <span class='ocr_line' id='line_1_35' title="bbox 224 2152 1811 2224; baseline 0.004 -21"><span class='ocrx_word' id='word_1_249' title='bbox 224 2152 599 2221; x_wconf 81' lang='lat' dir='ltr'><strong>negligimus?</strong></span> <span class='ocrx_word' id='word_1_250' title='bbox 630 2152 745 2207; x_wconf 86' lang='lat' dir='ltr'><strong>Alia</strong></span> <span class='ocrx_word' id='word_1_251' title='bbox 773 2164 909 2217; x_wconf 90' lang='lat' dir='ltr'><strong>sunt,</strong></span> <span class='ocrx_word' id='word_1_252' title='bbox 946 2154 1328 2223; x_wconf 88' lang='lat' dir='ltr'><strong>improbissimi</strong></span> <span class='ocrx_word' id='word_1_253' title='bbox 1363 2154 1660 2220; x_wconf 86' lang='lat' dir='ltr'><strong>hominum,</strong></span> <span class='ocrx_word' id='word_1_254' title='bbox 1693 2171 1811 2224; x_wconf 67' lang='lat' dir='ltr'><strong>quae</strong></span> 
     </span>
    </p>
   </div>
   <div class='ocr_carea' id='block_1_36' title="bbox 221 2245 1809 2316">
    <p class='ocr_par' dir='ltr' id='par_1_36' title="bbox 221 2245 1809 2316">
     <span class='ocr_line' id='line_1_36' title="bbox 221 2245 1809 2316; baseline 0.003 -20"><span class='ocrx_word' id='word_1_255' title='bbox 221 2245 293 2299; x_wconf 91' lang='lat' dir='ltr'><strong>ad</strong></span> <span class='ocrx_word' id='word_1_256' title='bbox 326 2262 485 2301; x_wconf 89' lang='lat' dir='ltr'><strong>usum</strong></span> <span class='ocrx_word' id='word_1_257' title='bbox 518 2256 778 2301; x_wconf 87' lang='lat' dir='ltr'><strong>recentem</strong></span> <span class='ocrx_word' id='word_1_258' title='bbox 806 2248 922 2301; x_wconf 84' lang='lat' dir='ltr'><strong>sine</strong></span> <span class='ocrx_word' id='word_1_259' title='bbox 947 2246 1138 2316; x_wconf 84' lang='lat' dir='ltr'><strong>injuria</strong></span> <span class='ocrx_word' id='word_1_260' title='bbox 1159 2248 1439 2301; x_wconf 89' lang='lat' dir='ltr'><strong>vetustatis</strong></span> <span class='ocrx_word' id='word_1_261' title='bbox 1469 2248 1809 2302; x_wconf 89' lang='lat' dir='ltr'><strong>adhibemus.</strong></span> 
     </span>
    </p>
   </div>
   <div class='ocr_carea' id='block_1_37' title="bbox 294 2337 1810 2413">
    <p class='ocr_par' dir='ltr' id='par_1_37' title="bbox 294 2337 1810 2413">
     <span class='ocr_line' id='line_1_37' title="bbox 294 2337 1810 2413; baseline 0.004 -22"><span class='ocrx_word' id='word_1_262' title='bbox 294 2337 499 2392; x_wconf 85' lang='lat' dir='ltr'><strong>Novam</strong></span> <span class='ocrx_word' id='word_1_263' title='bbox 533 2340 724 2394; x_wconf 86' lang='lat' dir='ltr'><strong>deinde</strong></span> <span class='ocrx_word' id='word_1_264' title='bbox 744 2340 976 2409; x_wconf 89' lang='lat' dir='ltr'><strong>culpam,</strong></span> <span class='ocrx_word' id='word_1_265' title='bbox 1002 2349 1053 2395; x_wconf 91' lang='lat' dir='ltr'><strong>et</strong></span> <span class='ocrx_word' id='word_1_266' title='bbox 1078 2356 1236 2410; x_wconf 87' lang='lat' dir='ltr'><strong>quam</strong></span> <span class='ocrx_word' id='word_1_267' title='bbox 1262 2342 1602 2413; x_wconf 75' lang='lat' dir='ltr'><strong>investigatio</strong></span> <span class='ocrx_word' id='word_1_268' title='bbox 1627 2352 1810 2397; x_wconf 89' lang='lat' dir='ltr'><strong>nostra</strong></span> 
     </span>
    </p>
   </div>
   <div class='ocr_carea' id='block_1_38' title="bbox 221 2432 1811 2504">
    <p class='ocr_par' dir='ltr' id='par_1_38' title="bbox 221 2432 1811 2504">
     <span class='ocr_line' id='line_1_38' title="bbox 221 2432 1811 2504; baseline 0.003 -19"><span class='ocrx_word' id='word_1_269' title='bbox 221 2432 527 2496; x_wconf 88' lang='lat' dir='ltr'><strong>transierat,</strong></span> <span class='ocrx_word' id='word_1_270' title='bbox 582 2432 916 2487; x_wconf 86' lang='lat' dir='ltr'><strong>reclusistis:</strong></span> <span class='ocrx_word' id='word_1_271' title='bbox 959 2452 976 2484; x_wconf 88' lang='grc'><strong><em>‹</em></strong></span> <span class='ocrx_word' id='word_1_272' title='bbox 1014 2433 1189 2501; x_wconf 86' lang='lat' dir='ltr'><strong>Quare</strong></span> <span class='ocrx_word' id='word_1_273' title='bbox 1221 2450 1389 2503; x_wconf 90' lang='lat' dir='ltr'><strong>papa,</strong></span> <span class='ocrx_word' id='word_1_274' title='bbox 1423 2436 1539 2490; x_wconf 89' lang='lat' dir='ltr'><strong>sine</strong></span> <span class='ocrx_word' id='word_1_275' title='bbox 1581 2435 1811 2504; x_wconf 85' lang='lat' dir='ltr'><strong>exempli</strong></span> 
     </span>
    </p>
   </div>
   <div class='ocr_carea' id='block_1_39' title="bbox 220 2522 1811 2595">
    <p class='ocr_par' dir='ltr' id='par_1_39' title="bbox 220 2522 1811 2595">
     <span class='ocr_line' id='line_1_39' title="bbox 220 2522 1811 2595; baseline 0.004 -18"><span class='ocrx_word' id='word_1_276' title='bbox 220 2522 468 2577; x_wconf 88' lang='lat' dir='ltr'><strong>instituto</strong></span> <span class='ocrx_word' id='word_1_277' title='bbox 486 2523 866 2592; x_wconf 70' lang='lat' dir='ltr'><strong>praecedentis,</strong></span> <span class='ocrx_word' id='word_1_278' title='bbox 891 2526 1152 2595; x_wconf 82' lang='lat' dir='ltr'><strong>synodum</strong></span> <span class='ocrx_word' id='word_1_279' title='bbox 1176 2529 1511 2592; x_wconf 87' lang='lat' dir='ltr'><strong>convocavit,</strong></span> <span class='ocrx_word' id='word_1_280' title='bbox 1538 2539 1594 2583; x_wconf 93' lang='lat' dir='ltr'><strong>ut</strong></span> <span class='ocrx_word' id='word_1_281' title='bbox 1619 2528 1687 2583; x_wconf 90' lang='lat' dir='ltr'><strong>de</strong></span> <span class='ocrx_word' id='word_1_282' title='bbox 1707 2529 1811 2584; x_wconf 90' lang='lat' dir='ltr'><strong>cri-</strong></span> 
     </span>
    </p>
   </div>
   <div class='ocr_carea' id='block_1_40' title="bbox 221 2617 1811 2689">
    <p class='ocr_par' dir='ltr' id='par_1_40' title="bbox 221 2617 1811 2689">
     <span class='ocr_line' id='line_1_40' title="bbox 221 2617 1811 2689; baseline 0.006 -20"><span class='ocrx_word' id='word_1_283' title='bbox 221 2617 423 2671; x_wconf 91' lang='lat' dir='ltr'><strong>minum</strong></span> <span class='ocrx_word' id='word_1_284' title='bbox 452 2618 569 2685; x_wconf 91' lang='lat' dir='ltr'><strong>ejus</strong></span> <span class='ocrx_word' id='word_1_285' title='bbox 603 2618 906 2687; x_wconf 81' lang='lat' dir='ltr'><strong>objectione</strong></span> <span class='ocrx_word' id='word_1_286' title='bbox 934 2620 1320 2689; x_wconf 83' lang='lat' dir='ltr'><strong>cognosceret?</strong></span> <span class='ocrx_word' id='word_1_287' title='bbox 1356 2639 1375 2672; x_wconf 72' lang='grc' dir='ltr'><strong><em>ι</em></strong></span> <span class='ocrx_word' id='word_1_288' title='bbox 1413 2621 1540 2676; x_wconf 88' lang='lat' dir='ltr'><strong>Post</strong></span> <span class='ocrx_word' id='word_1_289' title='bbox 1570 2622 1686 2677; x_wconf 67' lang='lat' dir='ltr'><strong>haec</strong></span> <span class='ocrx_word' id='word_1_290' title='bbox 1714 2636 1811 2679; x_wconf 86' lang='lat' dir='ltr'><strong>nos</strong></span> 
     </span>
    </p>
   </div>
   <div class='ocr_carea' id='block_1_41' title="bbox 218 2707 1813 2784">
    <p class='ocr_par' dir='ltr' id='par_1_41' title="bbox 218 2707 1813 2784">
     <span class='ocr_line' id='line_1_41' title="bbox 218 2707 1813 2784; baseline 0.006 -23"><span class='ocrx_word' id='word_1_291' title='bbox 218 2707 469 2780; x_wconf 82' lang='lat' dir='ltr'><strong>falsitatis</strong></span> <span class='ocrx_word' id='word_1_292' title='bbox 495 2711 739 2780; x_wconf 89' lang='lat' dir='ltr'><strong>arguitis,</strong></span> <span class='ocrx_word' id='word_1_293' title='bbox 768 2725 863 2765; x_wconf 91' lang='lat' dir='ltr'><strong>cur</strong></span> <span class='ocrx_word' id='word_1_294' title='bbox 883 2726 912 2765; x_wconf 91' lang='lat' dir='ltr'><strong>a</strong></span> <span class='ocrx_word' id='word_1_295' title='bbox 935 2712 1196 2784; x_wconf 89' lang='lat' dir='ltr'><strong>principe,</strong></span> <span class='ocrx_word' id='word_1_296' title='bbox 1230 2729 1352 2784; x_wconf 67' lang='lat' dir='ltr'><strong>quae</strong></span> <span class='ocrx_word' id='word_1_297' title='bbox 1380 2713 1432 2769; x_wconf 94' lang='lat' dir='ltr'><strong>in</strong></span> <span class='ocrx_word' id='word_1_298' title='bbox 1466 2714 1690 2783; x_wconf 72' lang='lat' dir='ltr'><strong>praefato</strong></span> <span class='ocrx_word' id='word_1_299' title='bbox 1716 2732 1813 2771; x_wconf 86' lang='lat' dir='ltr'><strong>ne-</strong></span> 
     </span>
    </p>
   </div>
   <div class='ocr_carea' id='block_1_42' title="bbox 216 2801 1810 2873">
    <p class='ocr_par' dir='ltr' id='par_1_42' title="bbox 216 2801 1810 2873">
     <span class='ocr_line' id='line_1_42' title="bbox 216 2801 1810 2873; baseline 0.006 -21"><span class='ocrx_word' id='word_1_300' title='bbox 216 2801 370 2869; x_wconf 85' lang='lat' dir='ltr'><strong>gotio</strong></span> <span class='ocrx_word' id='word_1_301' title='bbox 393 2801 592 2868; x_wconf 87' lang='lat' dir='ltr'><strong>scripta</strong></span> <span class='ocrx_word' id='word_1_302' title='bbox 619 2812 757 2869; x_wconf 90' lang='lat' dir='ltr'><strong>sunt,</strong></span> <span class='ocrx_word' id='word_1_303' title='bbox 790 2802 1019 2857; x_wconf 89' lang='lat' dir='ltr'><strong>dicimus</strong></span> <span class='ocrx_word' id='word_1_304' title='bbox 1042 2804 1333 2873; x_wconf 88' lang='lat' dir='ltr'><strong>postulata.</strong></span> <span class='ocrx_word' id='word_1_305' title='bbox 1373 2824 1391 2857; x_wconf 75' lang='grc' dir='ltr'>ι</span> <span class='ocrx_word' id='word_1_306' title='bbox 1430 2804 1657 2871; x_wconf 66' lang='lat' dir='ltr'><strong>Praesta,</strong></span> <span class='ocrx_word' id='word_1_307' title='bbox 1700 2807 1810 2862; x_wconf 87' lang='lat' dir='ltr'><strong>Do-</strong></span> 
     </span>
    </p>
   </div>
   <div class='ocr_carea' id='block_1_43' title="bbox 214 2894 1811 2971">
    <p class='ocr_par' dir='ltr' id='par_1_43' title="bbox 214 2894 1811 2971">
     <span class='ocr_line' id='line_1_43' title="bbox 214 2894 1811 2971; baseline 0.006 -24"><span class='ocrx_word' id='word_1_308' title='bbox 214 2894 391 2957; x_wconf 82' lang='lat' dir='ltr'><strong>mine,</strong></span> <span class='ocrx_word' id='word_1_309' title='bbox 428 2904 484 2947; x_wconf 93' lang='lat' dir='ltr'><strong>ut</strong></span> <span class='ocrx_word' id='word_1_310' title='bbox 515 2894 792 2964; x_wconf 82' lang='lat' dir='ltr'><strong>labyrinthi</strong></span> <span class='ocrx_word' id='word_1_311' title='bbox 824 2895 984 2965; x_wconf 89' lang='lat' dir='ltr'><strong>hujus</strong></span> <span class='ocrx_word' id='word_1_312' title='bbox 1016 2897 1130 2951; x_wconf 87' lang='lat' dir='ltr'><strong>sine</strong></span> <span class='ocrx_word' id='word_1_313' title='bbox 1161 2914 1348 2954; x_wconf 88' lang='lat' dir='ltr'><strong>errore</strong></span> <span class='ocrx_word' id='word_1_314' title='bbox 1374 2898 1621 2955; x_wconf 92' lang='lat' dir='ltr'><strong>sinuosos</strong></span> <span class='ocrx_word' id='word_1_315' title='bbox 1651 2914 1811 2971; x_wconf 84' lang='lat' dir='ltr'><strong>supe-</strong></span> 
     </span>
    </p>
   </div>
   <div class='ocr_carea' id='block_1_44' title="bbox 216 2986 1810 3063">
    <p class='ocr_par' dir='ltr' id='par_1_44' title="bbox 216 2986 1810 3063">
     <span class='ocr_line' id='line_1_44' title="bbox 216 2986 1810 3063; baseline 0.006 -22"><span class='ocrx_word' id='word_1_316' title='bbox 216 3001 402 3041; x_wconf 87' lang='lat' dir='ltr'><strong>remus</strong></span> <span class='ocrx_word' id='word_1_317' title='bbox 446 2986 768 3043; x_wconf 75' lang='lat' dir='ltr'><strong>anfractus:</strong></span> <span class='ocrx_word' id='word_1_318' title='bbox 812 3009 827 3041; x_wconf 77' lang='grc' dir='ltr'><strong><em>ι</em></strong></span> <span class='ocrx_word' id='word_1_319' title='bbox 886 2990 1055 3061; x_wconf 70' lang='lat' dir='ltr'><strong>dirige</strong></span> <span class='ocrx_word' id='word_1_320' title='bbox 1101 2994 1371 3061; x_wconf 88' lang='lat' dir='ltr'><strong>semitam,</strong></span> <span class='ocrx_word' id='word_1_321' title='bbox 1409 3010 1567 3063; x_wconf 90' lang='lat' dir='ltr'><strong>quam</strong></span> <span class='ocrx_word' id='word_1_322' title='bbox 1616 2994 1810 3051; x_wconf 85' lang='lat' dir='ltr'><strong>ﬂexilis</strong></span> 
     </span>
    </p>
   </div>
   <div class='ocr_carea' id='block_1_45' title="bbox 216 3077 1808 3155">
    <p class='ocr_par' dir='ltr' id='par_1_45' title="bbox 216 3077 1808 3155">
     <span class='ocr_line' id='line_1_45' title="bbox 216 3077 1808 3155; baseline 0.007 -23"><span class='ocrx_word' id='word_1_323' title='bbox 216 3077 441 3133; x_wconf 83' lang='lat' dir='ltr'><strong>coluber</strong></span> <span class='ocrx_word' id='word_1_324' title='bbox 470 3080 624 3148; x_wconf 85' lang='lat' dir='ltr'><strong>juxta</strong></span> <span class='ocrx_word' id='word_1_325' title='bbox 665 3080 923 3137; x_wconf 79' lang='lat' dir='ltr'><strong>fabricam</strong></span> <span class='ocrx_word' id='word_1_326' title='bbox 974 3084 1177 3155; x_wconf 87' lang='lat' dir='ltr'><strong>proprii</strong></span> <span class='ocrx_word' id='word_1_327' title='bbox 1217 3088 1459 3154; x_wconf 90' lang='lat' dir='ltr'><strong>corporis</strong></span> <span class='ocrx_word' id='word_1_328' title='bbox 1490 3096 1583 3143; x_wconf 93' lang='lat' dir='ltr'><strong>aut</strong></span> <span class='ocrx_word' id='word_1_329' title='bbox 1612 3088 1808 3143; x_wconf 91' lang='lat' dir='ltr'><strong>mentis</strong></span> 
     </span>
    </p>
   </div>
   <div class='ocr_carea' id='block_1_46' title="bbox 218 3176 1809 3243">
    <p class='ocr_par' dir='ltr' id='par_1_46' title="bbox 218 3176 1809 3243">
     <span class='ocr_line' id='line_1_46' title="bbox 218 3176 1809 3243; baseline 0.008 -18"><span class='ocrx_word' id='word_1_330' title='bbox 218 3183 494 3243; x_wconf 86' lang='lat' dir='ltr'><strong>operatur,</strong></span> <span class='ocrx_word' id='word_1_331' title='bbox 531 3183 589 3229; x_wconf 90' lang='lat' dir='ltr'><strong>ut</strong></span> <span class='ocrx_word' id='word_1_332' title='bbox 618 3190 741 3230; x_wconf 80' lang='lat' dir='ltr'><strong>vere</strong></span> <span class='ocrx_word' id='word_1_333' title='bbox 773 3176 1043 3233; x_wconf 90' lang='lat' dir='ltr'><strong>dicamus:</strong></span> <span class='ocrx_word' id='word_1_334' title='bbox 1085 3178 1333 3235; x_wconf 79' lang='lat' dir='ltr'><strong>Dominus</strong></span> <span class='ocrx_word' id='word_1_335' title='bbox 1369 3183 1611 3236; x_wconf 85' lang='lat' dir='ltr'><strong>virtutum</strong></span> <span class='ocrx_word' id='word_1_336' title='bbox 1640 3184 1809 3237; x_wconf 84' lang='lat' dir='ltr'><strong>nobis-</strong></span> 
     </span>
    </p>
   </div>
   <div class='ocr_carea' id='block_1_47' title="bbox 220 3268 1801 3343">
    <p class='ocr_par' dir='ltr' id='par_1_47' title="bbox 220 3268 1801 3343">
     <span class='ocr_line' id='line_1_47' title="bbox 220 3268 1801 3343; baseline 0.005 -24"><span class='ocrx_word' id='word_1_337' title='bbox 220 3283 351 3331; x_wconf 79' lang='lat' dir='ltr'><strong>cum,</strong></span> <span class='ocrx_word' id='word_1_338' title='bbox 379 3268 590 3339; x_wconf 81' lang='lat' dir='ltr'><strong>adjutor</strong></span> <span class='ocrx_word' id='word_1_339' title='bbox 617 3279 787 3323; x_wconf 83' lang='lat' dir='ltr'><strong>noster</strong></span> <span class='ocrx_word' id='word_1_340' title='bbox 808 3268 943 3325; x_wconf 86' lang='lat' dir='ltr'><strong>Deus</strong></span> <span class='ocrx_word' id='word_1_341' title='bbox 962 3270 1122 3325; x_wconf 73' lang='lat' dir='ltr'><strong>Iacob</strong></span> <span class='ocrx_word' id='word_1_342' title='bbox 1141 3272 1310 3343; x_wconf 84' lang='lat' dir='ltr'><strong>(Psal.</strong></span> <span class='ocrx_word' id='word_1_343' title='bbox 1340 3290 1461 3341; x_wconf 82' lang='lat' dir='ltr'><strong>va,</strong></span> <span class='ocrx_word' id='word_1_344' title='bbox 1492 3272 1568 3343; x_wconf 87' lang='lat'><strong>8).</strong></span> <span class='ocrx_word' id='word_1_345' title='bbox 1598 3275 1801 3329; x_wconf 84' lang='lat' dir='ltr'><strong>Etcum</strong></span> 
     </span>
    </p>
   </div>
   <div class='ocr_carea' id='block_1_48' title="bbox 220 3358 1806 3434">
    <p class='ocr_par' dir='ltr' id='par_1_48' title="bbox 220 3358 1806 3434">
     <span class='ocr_line' id='line_1_48' title="bbox 220 3358 1806 3434; baseline 0.004 -21"><span class='ocrx_word' id='word_1_346' title='bbox 220 3358 510 3415; x_wconf 85' lang='lat' dir='ltr'><strong>Salomone</strong></span> <span class='ocrx_word' id='word_1_347' title='bbox 534 3362 865 3417; x_wconf 86' lang='lat' dir='ltr'><strong>exsultemus</strong></span> <span class='ocrx_word' id='word_1_348' title='bbox 895 3362 1138 3418; x_wconf 89' lang='lat' dir='ltr'><strong>dicente:</strong></span> <span class='ocrx_word' id='word_1_349' title='bbox 1174 3362 1350 3434; x_wconf 81' lang='lat' dir='ltr'><strong>Equus</strong></span> <span class='ocrx_word' id='word_1_350' title='bbox 1396 3374 1609 3434; x_wconf 82' lang='lat' dir='ltr'><strong>paratur</strong></span> <span class='ocrx_word' id='word_1_351' title='bbox 1642 3366 1694 3419; x_wconf 86' lang='lat' dir='ltr'><strong>in</strong></span> <span class='ocrx_word' id='word_1_352' title='bbox 1724 3365 1806 3420; x_wconf 82' lang='lat' dir='ltr'><strong>die</strong></span> 
     </span>
    </p>
   </div>
   <div class='ocr_carea' id='block_1_49' title="bbox 220 3450 1807 3526">
    <p class='ocr_par' dir='ltr' id='par_1_49' title="bbox 220 3450 1807 3526">
     <span class='ocr_line' id='line_1_49' title="bbox 220 3450 1807 3526; baseline 0.004 -23"><span class='ocrx_word' id='word_1_353' title='bbox 220 3450 380 3515; x_wconf 81' lang='lat' dir='ltr'><strong>belli;</strong></span> <span class='ocrx_word' id='word_1_354' title='bbox 423 3454 561 3524; x_wconf 78' lang='lat' dir='ltr'><strong>apud</strong></span> <span class='ocrx_word' id='word_1_355' title='bbox 619 3451 897 3507; x_wconf 88' lang='lat' dir='ltr'><strong>Dominum</strong></span> <span class='ocrx_word' id='word_1_356' title='bbox 948 3464 1016 3509; x_wconf 83' lang='lat' dir='ltr'><strong>est</strong></span> <span class='ocrx_word' id='word_1_357' title='bbox 1077 3464 1246 3509; x_wconf 85' lang='lat' dir='ltr'><strong>autem</strong></span> <span class='ocrx_word' id='word_1_358' title='bbox 1298 3473 1446 3510; x_wconf 84' lang='lat' dir='ltr'><strong>omne</strong></span> <span class='ocrx_word' id='word_1_359' title='bbox 1510 3458 1807 3526; x_wconf 69' lang='lat' dir='ltr'><strong>prmsidium</strong></span> 
     </span>
    </p>
   </div>
   <div class='ocr_carea' id='block_1_50' title="bbox 219 3540 1809 3616">
    <p class='ocr_par' dir='ltr' id='par_1_50' title="bbox 219 3540 1809 3616">
     <span class='ocr_line' id='line_1_50' title="bbox 219 3540 1809 3616; baseline 0.008 -25"><span class='ocrx_word' id='word_1_360' title='bbox 219 3540 410 3612; x_wconf 73' lang='lat' dir='ltr'><strong>(Prov.</strong></span> <span class='ocrx_word' id='word_1_361' title='bbox 446 3558 554 3607; x_wconf 86' lang='lat' dir='ltr'><strong>xxi,</strong></span> <span class='ocrx_word' id='word_1_362' title='bbox 584 3542 695 3612; x_wconf 76' lang='grc'><strong>51).</strong></span> <span class='ocrx_word' id='word_1_363' title='bbox 726 3542 1177 3613; x_wconf 80' lang='lat' dir='ltr'><strong>Superfuraneum</strong></span> <span class='ocrx_word' id='word_1_364' title='bbox 1200 3546 1414 3616; x_wconf 90' lang='lat' dir='ltr'><strong>quidem</strong></span> <span class='ocrx_word' id='word_1_365' title='bbox 1446 3557 1530 3603; x_wconf 89' lang='lat' dir='ltr'><strong>est</strong></span> <span class='ocrx_word' id='word_1_366' title='bbox 1566 3548 1809 3604; x_wconf 89' lang='lat' dir='ltr'><strong>absurdis</strong></span> 
     </span>
    </p>
   </div>
   <div class='ocr_carea' id='block_1_51' title="bbox 219 3633 1809 3708">
    <p class='ocr_par' dir='ltr' id='par_1_51' title="bbox 219 3633 1809 3708">
     <span class='ocr_line' id='line_1_51' title="bbox 219 3633 1809 3708; baseline 0.006 -22"><span class='ocrx_word' id='word_1_367' title='bbox 219 3633 555 3701; x_wconf 86' lang='lat' dir='ltr'><strong>respondere</strong></span> <span class='ocrx_word' id='word_1_368' title='bbox 600 3634 1075 3705; x_wconf 86' lang='lat' dir='ltr'><strong>propositionibus,</strong></span> <span class='ocrx_word' id='word_1_369' title='bbox 1121 3637 1330 3692; x_wconf 89' lang='lat' dir='ltr'><strong>dicente</strong></span> <span class='ocrx_word' id='word_1_370' title='bbox 1380 3640 1676 3708; x_wconf 86' lang='lat' dir='ltr'><strong>propheta:</strong></span> <span class='ocrx_word' id='word_1_371' title='bbox 1729 3640 1809 3696; x_wconf 85' lang='lat' dir='ltr'><strong>Ne</strong></span> 
     </span>
    </p>
   </div>
   <div class='ocr_carea' id='block_1_52' title="bbox 219 3723 1808 3805">
    <p class='ocr_par' dir='ltr' id='par_1_52' title="bbox 219 3723 1808 3805">
     <span class='ocr_line' id='line_1_52' title="bbox 219 3723 1808 3805; baseline 0.009 -33"><span class='ocrx_word' id='word_1_372' title='bbox 219 3723 537 3793; x_wconf 77' lang='lat' dir='ltr'><strong>respondeas</strong></span> <span class='ocrx_word' id='word_1_373' title='bbox 566 3727 891 3796; x_wconf 67' lang='lat' dir='ltr'><strong>imprudenti</strong></span> <span class='ocrx_word' id='word_1_374' title='bbox 927 3726 994 3780; x_wconf 86' lang='lat' dir='ltr'><strong>ad</strong></span> <span class='ocrx_word' id='word_1_375' title='bbox 1041 3728 1443 3798; x_wconf 86' lang='lat' dir='ltr'><strong>imprudentiam</strong></span> <span class='ocrx_word' id='word_1_376' title='bbox 1482 3734 1594 3801; x_wconf 83' lang='lat' dir='ltr'><strong>ejus</strong></span> <span class='ocrx_word' id='word_1_377' title='bbox 1627 3731 1808 3805; x_wconf 88' lang='lat' dir='ltr'><strong>(Prov.</strong></span> 
     </span>
    </p>
   </div>
   <div class='ocr_carea' id='block_1_53' title="bbox 225 3814 1811 3889">
    <p class='ocr_par' dir='ltr' id='par_1_53' title="bbox 225 3814 1811 3889">
     <span class='ocr_line' id='line_1_53' title="bbox 225 3814 1811 3889; baseline 0.007 -22"><span class='ocrx_word' id='word_1_378' title='bbox 225 3829 370 3878; x_wconf 80' lang='lat' dir='ltr'><strong>xxvi,</strong></span> <span class='ocrx_word' id='word_1_379' title='bbox 403 3814 481 3885; x_wconf 77' lang='grc'><strong>4).</strong></span> <span class='ocrx_word' id='word_1_380' title='bbox 509 3816 615 3872; x_wconf 91' lang='lat' dir='ltr'><strong>Sed</strong></span> <span class='ocrx_word' id='word_1_381' title='bbox 648 3818 693 3872; x_wconf 85' lang='lat' dir='ltr'><strong>si</strong></span> <span class='ocrx_word' id='word_1_382' title='bbox 735 3818 859 3888; x_wconf 89' lang='lat' dir='ltr'><strong>quid</strong></span> <span class='ocrx_word' id='word_1_383' title='bbox 894 3829 1234 3889; x_wconf 90' lang='lat' dir='ltr'><strong>contemptus</strong></span> <span class='ocrx_word' id='word_1_384' title='bbox 1276 3820 1570 3888; x_wconf 80' lang='lat' dir='ltr'><strong>transierit,</strong></span> <span class='ocrx_word' id='word_1_385' title='bbox 1622 3837 1811 3878; x_wconf 90' lang='lat' dir='ltr'><strong>vereor</strong></span> 
     </span>
    </p>
   </div>
   <div class='ocr_carea' id='block_1_54' title="bbox 219 3906 1813 3980">
    <p class='ocr_par' dir='ltr' id='par_1_54' title="bbox 219 3906 1813 3980">
     <span class='ocr_line' id='line_1_54' title="bbox 219 3906 1813 3980; baseline 0.008 -22"><span class='ocrx_word' id='word_1_386' title='bbox 219 3920 285 3959; x_wconf 88' lang='lat' dir='ltr'><strong>ne</strong></span> <span class='ocrx_word' id='word_1_387' title='bbox 308 3906 461 3975; x_wconf 87' lang='lat' dir='ltr'><strong>quasi</strong></span> <span class='ocrx_word' id='word_1_388' title='bbox 494 3908 728 3962; x_wconf 89' lang='lat' dir='ltr'><strong>validum</strong></span> <span class='ocrx_word' id='word_1_389' title='bbox 760 3918 977 3979; x_wconf 91' lang='lat' dir='ltr'><strong>putetur</strong></span> <span class='ocrx_word' id='word_1_390' title='bbox 1008 3924 1113 3963; x_wconf 92' lang='lat' dir='ltr'><strong>non</strong></span> <span class='ocrx_word' id='word_1_391' title='bbox 1148 3910 1388 3980; x_wconf 89' lang='lat' dir='ltr'><strong>tetigisse</strong></span> <span class='ocrx_word' id='word_1_392' title='bbox 1421 3910 1673 3968; x_wconf 92' lang='lat' dir='ltr'><strong>formido.</strong></span> <span class='ocrx_word' id='word_1_393' title='bbox 1706 3914 1813 3970; x_wconf 82' lang='lat' dir='ltr'><strong>Me-</strong></span> 
     </span>
    </p>
   </div>
   <div class='ocr_carea' id='block_1_55' title="bbox 221 3997 1813 4066">
    <p class='ocr_par' dir='ltr' id='par_1_55' title="bbox 221 3997 1813 4066">
     <span class='ocr_line' id='line_1_55' title="bbox 221 3997 1813 4066; baseline 0.01 -16"><span class='ocrx_word' id='word_1_394' title='bbox 221 3997 327 4053; x_wconf 90' lang='lat' dir='ltr'><strong>lius</strong></span> <span class='ocrx_word' id='word_1_395' title='bbox 356 4010 435 4054; x_wconf 84' lang='lat' dir='ltr'><strong>est</strong></span> <span class='ocrx_word' id='word_1_396' title='bbox 466 4001 624 4057; x_wconf 87' lang='lat' dir='ltr'><strong>nobis</strong></span> <span class='ocrx_word' id='word_1_397' title='bbox 662 4018 783 4057; x_wconf 90' lang='lat' dir='ltr'><strong>eum</strong></span> <span class='ocrx_word' id='word_1_398' title='bbox 822 4002 979 4058; x_wconf 90' lang='lat' dir='ltr'><strong>beato</strong></span> <span class='ocrx_word' id='word_1_399' title='bbox 1022 4004 1189 4059; x_wconf 89' lang='lat' dir='ltr'><strong>Paulo</strong></span> <span class='ocrx_word' id='word_1_400' title='bbox 1227 4006 1585 4062; x_wconf 88' lang='lat' dir='ltr'><strong>insultationis</strong></span> <span class='ocrx_word' id='word_1_401' title='bbox 1625 4024 1813 4066; x_wconf 88' lang='lat' dir='ltr'><strong>causas</strong></span> 
     </span>
    </p>
   </div>
   <div class='ocr_carea' id='block_1_56' title="bbox 223 4089 1808 4171">
    <p class='ocr_par' dir='ltr' id='par_1_56' title="bbox 223 4089 1808 4171">
     <span class='ocr_line' id='line_1_56' title="bbox 223 4089 1808 4171; baseline 0.009 -30"><span class='ocrx_word' id='word_1_402' title='bbox 223 4089 487 4158; x_wconf 87' lang='lat' dir='ltr'><strong>incidere,</strong></span> <span class='ocrx_word' id='word_1_403' title='bbox 518 4103 573 4147; x_wconf 91' lang='lat' dir='ltr'><strong>et</strong></span> <span class='ocrx_word' id='word_1_404' title='bbox 602 4094 756 4162; x_wconf 88' lang='lat' dir='ltr'><strong>plena</strong></span> <span class='ocrx_word' id='word_1_405' title='bbox 784 4110 912 4149; x_wconf 87' lang='lat' dir='ltr'><strong>voce</strong></span> <span class='ocrx_word' id='word_1_406' title='bbox 937 4097 1151 4151; x_wconf 90' lang='lat' dir='ltr'><strong>testari:</strong></span> <span class='ocrx_word' id='word_1_407' title='bbox 1187 4095 1380 4153; x_wconf 80' lang='lat' dir='ltr'><strong>Factus</strong></span> <span class='ocrx_word' id='word_1_408' title='bbox 1403 4115 1517 4152; x_wconf 85' lang='lat' dir='ltr'><strong>sum</strong></span> <span class='ocrx_word' id='word_1_409' title='bbox 1542 4100 1808 4171; x_wconf 76' lang='lat' dir='ltr'><strong>insipiens,</strong></span> 
     </span>
    </p>
   </div>
   <div class='ocr_carea' id='block_1_57' title="bbox 217 4184 1814 4261">
    <p class='ocr_par' dir='ltr' id='par_1_57' title="bbox 217 4184 1814 4261">
     <span class='ocr_line' id='line_1_57' title="bbox 217 4184 1814 4261; baseline 0.008 -27"><span class='ocrx_word' id='word_1_410' title='bbox 217 4198 304 4235; x_wconf 82' lang='lat' dir='ltr'><strong>ros</strong></span> <span class='ocrx_word' id='word_1_411' title='bbox 327 4200 405 4236; x_wconf 86' lang='lat' dir='ltr'><strong>me</strong></span> <span class='ocrx_word' id='word_1_412' title='bbox 439 4186 677 4254; x_wconf 81' lang='lat' dir='ltr'><strong>coegistis</strong></span> <span class='ocrx_word' id='word_1_413' title='bbox 709 4184 791 4255; x_wconf 83' lang='lat' dir='ltr'><strong>(ll</strong></span> <span class='ocrx_word' id='word_1_414' title='bbox 819 4184 939 4241; x_wconf 89' lang='lat' dir='ltr'><strong>Cor.</strong></span> <span class='ocrx_word' id='word_1_415' title='bbox 973 4203 1068 4255; x_wconf 86' lang='lat' dir='ltr'><strong>xn,</strong></span> <span class='ocrx_word' id='word_1_416' title='bbox 1108 4188 1216 4259; x_wconf 84' lang='lat' dir='ltr'><strong>ll).</strong></span> <span class='ocrx_word' id='word_1_417' title='bbox 1241 4189 1477 4245; x_wconf 84' lang='lat' dir='ltr'><strong>lloccine</strong></span> <span class='ocrx_word' id='word_1_418' title='bbox 1509 4205 1637 4261; x_wconf 89' lang='lat' dir='ltr'><strong>ergo</strong></span> <span class='ocrx_word' id='word_1_419' title='bbox 1668 4194 1814 4247; x_wconf 92' lang='lat' dir='ltr'><strong>nullo</strong></span> 
     </span>
    </p>
   </div>
   <div class='ocr_carea' id='block_1_58' title="bbox 218 4274 1812 4351">
    <p class='ocr_par' dir='ltr' id='par_1_58' title="bbox 218 4274 1812 4351">
     <span class='ocr_line' id='line_1_58' title="bbox 218 4274 1812 4351; baseline 0.009 -25"><span class='ocrx_word' id='word_1_420' title='bbox 218 4274 505 4329; x_wconf 88' lang='lat' dir='ltr'><strong>constabat</strong></span> <span class='ocrx_word' id='word_1_421' title='bbox 554 4278 822 4346; x_wconf 87' lang='lat' dir='ltr'><strong>exemplo,</strong></span> <span class='ocrx_word' id='word_1_422' title='bbox 865 4288 921 4333; x_wconf 94' lang='lat' dir='ltr'><strong>ut</strong></span> <span class='ocrx_word' id='word_1_423' title='bbox 962 4281 1297 4335; x_wconf 90' lang='lat' dir='ltr'><strong>sacerdotum</strong></span> <span class='ocrx_word' id='word_1_424' title='bbox 1351 4296 1481 4351; x_wconf 91' lang='lat' dir='ltr'><strong>papa</strong></span> <span class='ocrx_word' id='word_1_425' title='bbox 1527 4284 1812 4341; x_wconf 89' lang='lat' dir='ltr'><strong>concilium</strong></span> 
     </span>
    </p>
   </div>
   <div class='ocr_carea' id='block_1_59' title="bbox 217 4370 1815 4445">
    <p class='ocr_par' dir='ltr' id='par_1_59' title="bbox 217 4370 1815 4445">
     <span class='ocr_line' id='line_1_59' title="bbox 217 4370 1815 4445; baseline 0.009 -27"><span class='ocrx_word' id='word_1_426' title='bbox 217 4376 570 4435; x_wconf 84' lang='lat' dir='ltr'><strong>convocaret,</strong></span> <span class='ocrx_word' id='word_1_427' title='bbox 602 4370 755 4439; x_wconf 91' lang='lat' dir='ltr'><strong>cujus</strong></span> <span class='ocrx_word' id='word_1_428' title='bbox 785 4372 1066 4427; x_wconf 90' lang='lat' dir='ltr'><strong>arbitrium</strong></span> <span class='ocrx_word' id='word_1_429' title='bbox 1097 4382 1180 4428; x_wconf 93' lang='lat' dir='ltr'><strong>est</strong></span> <span class='ocrx_word' id='word_1_430' title='bbox 1215 4374 1462 4429; x_wconf 91' lang='lat' dir='ltr'><strong>collectio</strong></span> <span class='ocrx_word' id='word_1_431' title='bbox 1505 4378 1815 4445; x_wconf 86' lang='lat' dir='ltr'><strong>synodalis‘l</strong></span> 
     </span>
    </p>
   </div>
   <div class='ocr_carea' id='block_1_60' title="bbox 218 4463 1816 4543">
    <p class='ocr_par' dir='ltr' id='par_1_60' title="bbox 218 4463 1816 4543">
     <span class='ocr_line' id='line_1_60' title="bbox 218 4463 1816 4543; baseline 0.009 -34"><span class='ocrx_word' id='word_1_432' title='bbox 218 4467 308 4511; x_wconf 81' lang='lat' dir='ltr'><strong>aut</strong></span> <span class='ocrx_word' id='word_1_433' title='bbox 333 4473 496 4526; x_wconf 84' lang='lat' dir='ltr'><strong>parva</strong></span> <span class='ocrx_word' id='word_1_434' title='bbox 524 4469 701 4527; x_wconf 89' lang='lat' dir='ltr'><strong>erant,</strong></span> <span class='ocrx_word' id='word_1_435' title='bbox 725 4477 842 4530; x_wconf 66' lang='lat' dir='ltr'><strong>quae</strong></span> <span class='ocrx_word' id='word_1_436' title='bbox 873 4463 941 4519; x_wconf 92' lang='lat' dir='ltr'><strong>de</strong></span> <span class='ocrx_word' id='word_1_437' title='bbox 968 4465 1163 4520; x_wconf 91' lang='lat' dir='ltr'><strong>vestris</strong></span> <span class='ocrx_word' id='word_1_438' title='bbox 1188 4480 1315 4543; x_wconf 74' lang='lat' dir='ltr'><strong>cum</strong></span> <span class='ocrx_word' id='word_1_439' title='bbox 1347 4467 1446 4520; x_wconf 90' lang='lat' dir='ltr'><strong>hac</strong></span> <span class='ocrx_word' id='word_1_440' title='bbox 1475 4468 1816 4525; x_wconf 88' lang='lat' dir='ltr'><strong>multitudine</strong></span> 
     </span>
    </p>
   </div>
   <div class='ocr_carea' id='block_1_61' title="bbox 220 4551 1817 4621">
    <p class='ocr_par' dir='ltr' id='par_1_61' title="bbox 220 4551 1817 4621">
     <span class='ocr_line' id='line_1_61' title="bbox 220 4551 1817 4621; baseline 0.011 -17"><span class='ocrx_word' id='word_1_441' title='bbox 220 4551 557 4610; x_wconf 83' lang='lat' dir='ltr'><strong>facinoribus</strong></span> <span class='ocrx_word' id='word_1_442' title='bbox 579 4555 995 4613; x_wconf 84' lang='lat' dir='ltr'><strong>damnarentur?</strong></span> <span class='ocrx_word' id='word_1_443' title='bbox 1025 4562 1039 4590; x_wconf 84' lang='grc'>¹</span> <span class='ocrx_word' id='word_1_444' title='bbox 1066 4560 1251 4615; x_wconf 84' lang='lat' dir='ltr'><strong>Nonne</strong></span> <span class='ocrx_word' id='word_1_445' title='bbox 1282 4561 1487 4617; x_wconf 87' lang='lat' dir='ltr'><strong>directa</strong></span> <span class='ocrx_word' id='word_1_446' title='bbox 1512 4563 1672 4617; x_wconf 90' lang='lat' dir='ltr'><strong>verba</strong></span> <span class='ocrx_word' id='word_1_447' title='bbox 1692 4574 1817 4621; x_wconf 89' lang='lat' dir='ltr'><strong>sunt</strong></span> 
     </span>
    </p>
   </div>
   <div class='ocr_carea' id='block_1_62' title="bbox 218 4647 1811 4723">
    <p class='ocr_par' dir='ltr' id='par_1_62' title="bbox 218 4647 1811 4723">
     <span class='ocr_line' id='line_1_62' title="bbox 218 4647 1811 4723; baseline 0.011 -29"><span class='ocrx_word' id='word_1_448' title='bbox 218 4656 523 4697; x_wconf 78' lang='lat' dir='ltr'><strong>canonum:</strong></span> <span class='ocrx_word' id='word_1_449' title='bbox 561 4647 580 4675; x_wconf 84' lang='grc'>¹</span> <span class='ocrx_word' id='word_1_450' title='bbox 608 4648 920 4717; x_wconf 78' lang='lat' dir='ltr'><strong>Quicunque</strong></span> <span class='ocrx_word' id='word_1_451' title='bbox 957 4649 1276 4704; x_wconf 88' lang='lat' dir='ltr'><strong>c&#39;ericorum</strong></span> <span class='ocrx_word' id='word_1_452' title='bbox 1308 4652 1374 4706; x_wconf 88' lang='lat' dir='ltr'><strong>ah</strong></span> <span class='ocrx_word' id='word_1_453' title='bbox 1400 4652 1654 4719; x_wconf 67' lang='lat' dir='ltr'><strong>episcotio</strong></span> <span class='ocrx_word' id='word_1_454' title='bbox 1694 4669 1811 4723; x_wconf 90' lang='lat' dir='ltr'><strong>suo,</strong></span> 
     </span>
    </p>
   </div>
   <div class='ocr_carea' id='block_1_63' title="bbox 217 4738 1806 4812">
    <p class='ocr_par' dir='ltr' id='par_1_63' title="bbox 217 4738 1806 4812">
     <span class='ocr_line' id='line_1_63' title="bbox 217 4738 1806 4812; baseline 0.012 -29"><span class='ocrx_word' id='word_1_455' title='bbox 217 4745 345 4787; x_wconf 78' lang='lat' dir='ltr'><strong>ante</strong></span> <span class='ocrx_word' id='word_1_456' title='bbox 375 4738 660 4791; x_wconf 73' lang='lat' dir='ltr'><strong>sententia:</strong></span> <span class='ocrx_word' id='word_1_457' title='bbox 686 4747 915 4807; x_wconf 90' lang='lat' dir='ltr'><strong>tempus,</strong></span> <span class='ocrx_word' id='word_1_458' title='bbox 951 4755 1047 4808; x_wconf 88' lang='lat' dir='ltr'><strong>pro</strong></span> <span class='ocrx_word' id='word_1_459' title='bbox 1072 4740 1231 4795; x_wconf 85' lang='lat' dir='ltr'><strong>dubia</strong></span> <span class='ocrx_word' id='word_1_460' title='bbox 1264 4744 1569 4812; x_wconf 84' lang='lat' dir='ltr'><strong>suspicione</strong></span> <span class='ocrx_word' id='word_1_461' title='bbox 1603 4745 1806 4802; x_wconf 88' lang='lat' dir='ltr'><strong>disces-</strong></span> 
     </span>
    </p>
   </div>
   <div class='ocr_carea' id='block_1_64' title="bbox 218 4829 1810 4895">
    <p class='ocr_par' dir='ltr' id='par_1_64' title="bbox 218 4829 1810 4895">
     <span class='ocr_line' id='line_1_64' title="bbox 218 4829 1810 4895; baseline 0.009 -14"><span class='ocrx_word' id='word_1_462' title='bbox 218 4829 370 4894; x_wconf 82' lang='lat' dir='ltr'><strong>serit,</strong></span> <span class='ocrx_word' id='word_1_463' title='bbox 421 4830 761 4885; x_wconf 87' lang='lat' dir='ltr'><strong>manifestam</strong></span> <span class='ocrx_word' id='word_1_464' title='bbox 803 4832 855 4887; x_wconf 92' lang='lat' dir='ltr'><strong>iu</strong></span> <span class='ocrx_word' id='word_1_465' title='bbox 888 4848 1011 4889; x_wconf 90' lang='lat' dir='ltr'><strong>eum</strong></span> <span class='ocrx_word' id='word_1_466' title='bbox 1059 4850 1341 4891; x_wconf 89' lang='lat' dir='ltr'><strong>remanere</strong></span> <span class='ocrx_word' id='word_1_467' title='bbox 1383 4839 1698 4892; x_wconf 80' lang='lat' dir='ltr'><strong>censuram?</strong></span> <span class='ocrx_word' id='word_1_468' title='bbox 1728 4839 1810 4895; x_wconf 78' lang='lat' dir='ltr'><strong>Ad</strong></span> 
     </span>
    </p>
   </div>
   <div class='ocr_carea' id='block_1_65' title="bbox 200 4912 1807 5001">
    <p class='ocr_par' dir='ltr' id='par_1_65' title="bbox 200 4912 1807 5001">
     <span class='ocr_line' id='line_1_65' title="bbox 200 4912 1807 5001; baseline 0.009 -28"><span class='ocrx_word' id='word_1_469' title='bbox 200 4912 383 4990; x_wconf 80' lang='lat' dir='ltr'><strong>hujus</strong></span> <span class='ocrx_word' id='word_1_470' title='bbox 411 4925 488 4978; x_wconf 89' lang='lat' dir='ltr'><strong>rei</strong></span> <span class='ocrx_word' id='word_1_471' title='bbox 529 4924 883 4979; x_wconf 89' lang='lat' dir='ltr'><strong>ministerium</strong></span> <span class='ocrx_word' id='word_1_472' title='bbox 914 4927 1165 4982; x_wconf 91' lang='lat' dir='ltr'><strong>devotum</strong></span> <span class='ocrx_word' id='word_1_473' title='bbox 1200 4928 1311 4984; x_wconf 87' lang='lat' dir='ltr'><strong>Deo</strong></span> <span class='ocrx_word' id='word_1_474' title='bbox 1339 4932 1576 4999; x_wconf 89' lang='lat' dir='ltr'><strong>oportuit</strong></span> <span class='ocrx_word' id='word_1_475' title='bbox 1618 4947 1807 5001; x_wconf 83' lang='lat' dir='ltr'><strong>agmen</strong></span> 
     </span>
    </p>
   </div>
   <div class='ocr_carea' id='block_1_66' title="bbox 218 5017 1811 5091">
    <p class='ocr_par' dir='ltr' id='par_1_66' title="bbox 218 5017 1811 5091">
     <span class='ocr_line' id='line_1_66' title="bbox 218 5017 1811 5091; baseline 0.008 -24"><span class='ocrx_word' id='word_1_476' title='bbox 218 5026 528 5082; x_wconf 73' lang='lat' dir='ltr'><strong>occurrere,</strong></span> <span class='ocrx_word' id='word_1_477' title='bbox 568 5024 625 5069; x_wconf 92' lang='lat' dir='ltr'><strong>ut</strong></span> <span class='ocrx_word' id='word_1_478' title='bbox 669 5017 863 5083; x_wconf 90' lang='lat' dir='ltr'><strong>perditi</strong></span> <span class='ocrx_word' id='word_1_479' title='bbox 906 5027 962 5073; x_wconf 93' lang='lat' dir='ltr'><strong>et</strong></span> <span class='ocrx_word' id='word_1_480' title='bbox 1005 5020 1270 5090; x_wconf 86' lang='lat' dir='ltr'><strong>profligati</strong></span> <span class='ocrx_word' id='word_1_481' title='bbox 1322 5024 1497 5091; x_wconf 85' lang='lat' dir='ltr'><strong>gregis</strong></span> <span class='ocrx_word' id='word_1_482' title='bbox 1541 5023 1811 5080; x_wconf 91' lang='lat' dir='ltr'><strong>ulceribus</strong></span> 
     </span>
    </p>
   </div>
   <div class='ocr_carea' id='block_1_67' title="bbox 289 5127 1825 5207">
    <p class='ocr_par' dir='ltr' id='par_1_67' title="bbox 289 5127 1825 5207">
     <span class='ocr_line' id='line_1_67' title="bbox 289 5127 1825 5207; baseline 0.01 -27"><span class='ocrx_word' id='word_1_483' title='bbox 289 5130 303 5157; x_wconf 88' lang='lat'>&#39;</span> <span class='ocrx_word' id='word_1_484' title='bbox 344 5127 534 5183; x_wconf 78' lang='lat' dir='ltr'><strong>Nonne</strong></span> <span class='ocrx_word' id='word_1_485' title='bbox 554 5131 927 5207; x_wconf 56' lang='lat' dir='ltr'><strong>rlireclatterba</strong></span> <span class='ocrx_word' id='word_1_486' title='bbox 953 5137 1365 5207; x_wconf 72' lang='lat' dir='ltr'><strong>sunttanonum]</strong></span> <span class='ocrx_word' id='word_1_487' title='bbox 1390 5138 1695 5207; x_wconf 88' lang='lat' dir='ltr'><strong>Symmachi</strong></span> <span class='ocrx_word' id='word_1_488' title='bbox 1716 5144 1825 5195; x_wconf 56' lang='grc' dir='ltr'><strong>ηοξ</strong></span> 
     </span>
    </p>
   </div>
   <div class='ocr_carea' id='block_1_68' title="bbox 219 5199 1805 5277">
    <p class='ocr_par' dir='ltr' id='par_1_68' title="bbox 219 5199 1805 5277">
     <span class='ocr_line' id='line_1_68' title="bbox 219 5199 1805 5277; baseline 0.009 -26"><span class='ocrx_word' id='word_1_489' title='bbox 219 5199 385 5277; x_wconf 64' lang='lat' dir='ltr'><strong>mine,</strong></span> <span class='ocrx_word' id='word_1_490' title='bbox 420 5215 526 5277; x_wconf 83' lang='lat' dir='ltr'><strong>non</strong></span> <span class='ocrx_word' id='word_1_491' title='bbox 562 5202 789 5277; x_wconf 77' lang='lat' dir='ltr'><strong>Ennodii</strong></span> <span class='ocrx_word' id='word_1_492' title='bbox 810 5206 1012 5277; x_wconf 10' lang='lat' dir='ltr'><strong>icitatur</strong></span> <span class='ocrx_word' id='word_1_493' title='bbox 1043 5205 1130 5261; x_wconf 90' lang='lat' dir='ltr'><strong>hic</strong></span> <span class='ocrx_word' id='word_1_494' title='bbox 1158 5207 1306 5262; x_wconf 92' lang='lat' dir='ltr'><strong>locus</strong></span> <span class='ocrx_word' id='word_1_495' title='bbox 1333 5199 1365 5260; x_wconf 67' lang='grc' dir='ltr'><em>ἆ</em></span> <span class='ocrx_word' id='word_1_496' title='bbox 1389 5199 1644 5265; x_wconf 68' lang='lat' dir='ltr'><strong>Gratiano</strong></span> <span class='ocrx_word' id='word_1_497' title='bbox 1670 5212 1805 5277; x_wconf 87' lang='lat' dir='ltr'><strong>Vlll,</strong></span> 
     </span>
    </p>
   </div>
   <div class='ocr_carea' id='block_1_69' title="bbox 222 5269 1809 5351">
    <p class='ocr_par' dir='ltr' id='par_1_69' title="bbox 222 5269 1809 5351">
     <span class='ocr_line' id='line_1_69' title="bbox 222 5269 1809 5351; baseline 0.009 -29"><span class='ocrx_word' id='word_1_498' title='bbox 222 5284 270 5351; x_wconf 59' lang='grc' dir='ltr'><strong>ς.</strong></span> <span class='ocrx_word' id='word_1_499' title='bbox 301 5269 361 5335; x_wconf 82' lang='grc'><strong>6,</strong></span> <span class='ocrx_word' id='word_1_500' title='bbox 386 5272 509 5338; x_wconf 90' lang='lat' dir='ltr'><strong>quia</strong></span> <span class='ocrx_word' id='word_1_501' title='bbox 542 5287 661 5351; x_wconf 75' lang='lat' dir='ltr'><strong>eum</strong></span> <span class='ocrx_word' id='word_1_502' title='bbox 699 5273 908 5351; x_wconf 76' lang='lat' dir='ltr'><strong>libellus</strong></span> <span class='ocrx_word' id='word_1_503' title='bbox 932 5276 1159 5331; x_wconf 83' lang='lat' dir='ltr'><strong>Ennodii</strong></span> <span class='ocrx_word' id='word_1_504' title='bbox 1190 5278 1410 5347; x_wconf 83' lang='lat' dir='ltr'><strong>synodis</strong></span> <span class='ocrx_word' id='word_1_505' title='bbox 1435 5269 1809 5349; x_wconf 54' lang='lat' dir='ltr'><strong>Symmachia;</strong></span> 
     </span>
    </p>
   </div>
   <div class='ocr_carea' id='block_1_70' title="bbox 220 5342 1811 5418">
    <p class='ocr_par' dir='ltr' id='par_1_70' title="bbox 220 5342 1811 5418">
     <span class='ocr_line' id='line_1_70' title="bbox 220 5342 1811 5418; baseline 0.011 -27"><span class='ocrx_word' id='word_1_506' title='bbox 220 5342 328 5401; x_wconf 82' lang='lat' dir='ltr'><strong>uis,</strong></span> <span class='ocrx_word' id='word_1_507' title='bbox 364 5351 418 5393; x_wconf 93' lang='lat' dir='ltr'><strong>ut</strong></span> <span class='ocrx_word' id='word_1_508' title='bbox 447 5342 607 5418; x_wconf 83' lang='lat' dir='ltr'><strong>paulo</strong></span> <span class='ocrx_word' id='word_1_509' title='bbox 634 5353 759 5397; x_wconf 90' lang='lat' dir='ltr'><strong>ante</strong></span> <span class='ocrx_word' id='word_1_510' title='bbox 791 5344 990 5400; x_wconf 89' lang='lat' dir='ltr'><strong>dictum</strong></span> <span class='ocrx_word' id='word_1_511' title='bbox 1023 5357 1127 5410; x_wconf 86' lang='lat' dir='ltr'><strong>est,</strong></span> <span class='ocrx_word' id='word_1_512' title='bbox 1168 5342 1288 5403; x_wconf 78' lang='lat' dir='ltr'><strong>cum</strong></span> <span class='ocrx_word' id='word_1_513' title='bbox 1333 5351 1446 5418; x_wconf 86' lang='lat' dir='ltr'><strong>pari</strong></span> <span class='ocrx_word' id='word_1_514' title='bbox 1477 5342 1811 5408; x_wconf 77' lang='lat' dir='ltr'><strong>auctoritatis</strong></span> 
     </span>
    </p>
   </div>
   <div class='ocr_carea' id='block_1_71' title="bbox 218 5414 1813 5495">
    <p class='ocr_par' dir='ltr' id='par_1_71' title="bbox 218 5414 1813 5495">
     <span class='ocr_line' id='line_1_71' title="bbox 218 5414 1813 5495; baseline 0.01 -32"><span class='ocrx_word' id='word_1_515' title='bbox 218 5414 585 5495; x_wconf 65' lang='lat' dir='ltr'><strong>prarogativa</strong></span> <span class='ocrx_word' id='word_1_516' title='bbox 628 5418 861 5495; x_wconf 75' lang='lat' dir='ltr'><strong>insertus</strong></span> <span class='ocrx_word' id='word_1_517' title='bbox 908 5430 1073 5495; x_wconf 76' lang='lat' dir='ltr'><strong>esset,</strong></span> <span class='ocrx_word' id='word_1_518' title='bbox 1119 5435 1237 5489; x_wconf 77' lang='lat' dir='ltr'><strong>qua:</strong></span> <span class='ocrx_word' id='word_1_519' title='bbox 1283 5414 1347 5474; x_wconf 49' lang='lat' dir='ltr'><strong>in&#39;</strong></span> <span class='ocrx_word' id='word_1_520' title='bbox 1377 5434 1661 5495; x_wconf 28' lang='lat' dir='ltr'><strong>Aeo_erant,</strong></span> <span class='ocrx_word' id='word_1_521' title='bbox 1715 5438 1813 5493; x_wconf 90' lang='lat' dir='ltr'><strong>pro</strong></span> 
     </span>
    </p>
   </div>
   <div class='ocr_carea' id='block_1_72' title="bbox 216 5483 1813 5553">
    <p class='ocr_par' dir='ltr' id='par_1_72' title="bbox 216 5483 1813 5553">
     <span class='ocr_line' id='line_1_72' title="bbox 216 5483 1813 5553; baseline 0.01 -19"><span class='ocrx_word' id='word_1_522' title='bbox 216 5483 531 5551; x_wconf 50' lang='lat' dir='ltr'><strong>Symmachi</strong></span> <span class='ocrx_word' id='word_1_523' title='bbox 574 5485 742 5553; x_wconf 89' lang='lat' dir='ltr'><strong>ipsius</strong></span> <span class='ocrx_word' id='word_1_524' title='bbox 771 5486 999 5542; x_wconf 88' lang='lat' dir='ltr'><strong>decretis</strong></span> <span class='ocrx_word' id='word_1_525' title='bbox 1034 5483 1440 5547; x_wconf 45' lang='lat' dir='ltr'><strong>aut—sententiis</strong></span> <span class='ocrx_word' id='word_1_526' title='bbox 1474 5483 1658 5548; x_wconf 88' lang='lat' dir='ltr'><strong>haberi</strong></span> <span class='ocrx_word' id='word_1_527' title='bbox 1702 5483 1813 5549; x_wconf 74' lang='grc' dir='ltr'><strong>ἑω-</strong></span> 
     </span>
    </p>
   </div>
   <div class='ocr_carea' id='block_1_73' title="bbox 214 5553 1806 5631">
    <p class='ocr_par' dir='ltr' id='par_1_73' title="bbox 214 5553 1806 5631">
     <span class='ocr_line' id='line_1_73' title="bbox 214 5553 1806 5631; baseline 0.011 -27"><span class='ocrx_word' id='word_1_528' title='bbox 214 5562 434 5631; x_wconf 65' lang='grc' dir='ltr'><strong>ρεςυηι.</strong></span> <span class='ocrx_word' id='word_1_529' title='bbox 459 5553 832 5631; x_wconf 72' lang='lat' dir='ltr'><strong>Percellebant</strong></span> <span class='ocrx_word' id='word_1_530' title='bbox 861 5567 1043 5631; x_wconf 12' lang='lat' dir='ltr'><strong>autem,</strong></span> <span class='ocrx_word' id='word_1_531' title='bbox 1061 5576 1295 5616; x_wconf 68' lang='lat' dir='ltr'><strong>canunes</strong></span> <span class='ocrx_word' id='word_1_532' title='bbox 1319 5563 1393 5615; x_wconf 90' lang='lat' dir='ltr'><strong>illi</strong></span> <span class='ocrx_word' id='word_1_533' title='bbox 1416 5563 1806 5631; x_wconf 88' lang='lat' dir='ltr'><strong>schismaticos,</strong></span> 
     </span>
    </p>
   </div>
   <div class='ocr_carea' id='block_1_74' title="bbox 214 5622 1813 5705">
    <p class='ocr_par' dir='ltr' id='par_1_74' title="bbox 214 5622 1813 5705">
     <span class='ocr_line' id='line_1_74' title="bbox 214 5622 1813 5705; baseline 0.013 -31"><span class='ocrx_word' id='word_1_534' title='bbox 214 5622 307 5705; x_wconf 68' lang='lat' dir='ltr'><strong>qui</strong></span> <span class='ocrx_word' id='word_1_535' title='bbox 334 5625 640 5705; x_wconf 12' lang='lat' dir='ltr'><strong>fer-igninum</strong></span> <span class='ocrx_word' id='word_1_536' title='bbox 672 5627 906 5705; x_wconf 78' lang='lat' dir='ltr'><strong>obtentu</strong></span> <span class='ocrx_word' id='word_1_537' title='bbox 939 5629 1131 5700; x_wconf 89' lang='lat' dir='ltr'><strong>quibus</strong></span> <span class='ocrx_word' id='word_1_538' title='bbox 1172 5632 1549 5705; x_wconf 81' lang='lat' dir='ltr'><strong>Symmachum</strong></span> <span class='ocrx_word' id='word_1_539' title='bbox 1584 5622 1813 5705; x_wconf 58' lang='lat' dir='ltr'><strong>impete;</strong></span> 
     </span>
    </p>
   </div>
   <div class='ocr_carea' id='block_1_75' title="bbox 213 5695 1814 5771">
    <p class='ocr_par' dir='ltr' id='par_1_75' title="bbox 213 5695 1814 5771">
     <span class='ocr_line' id='line_1_75' title="bbox 213 5695 1814 5771; baseline 0.012 -26"><span class='ocrx_word' id='word_1_540' title='bbox 213 5695 372 5771; x_wconf 75' lang='lat' dir='ltr'><strong>haut,</strong></span> <span class='ocrx_word' id='word_1_541' title='bbox 401 5695 786 5771; x_wconf 77' lang='lat' dir='ltr'><strong>discessionem</strong></span> <span class='ocrx_word' id='word_1_542' title='bbox 804 5700 872 5753; x_wconf 90' lang='lat' dir='ltr'><strong>ab</strong></span> <span class='ocrx_word' id='word_1_543' title='bbox 893 5695 1103 5757; x_wconf 59' lang='lat' dir='ltr'><strong>eo&#39;ante</strong></span> <span class='ocrx_word' id='word_1_544' title='bbox 1128 5695 1337 5771; x_wconf 56' lang='lat' dir='ltr'><strong>jud&#39;icii,</strong></span> <span class='ocrx_word' id='word_1_545' title='bbox 1370 5705 1563 5760; x_wconf 88' lang='lat' dir='ltr'><strong>nedum</strong></span> <span class='ocrx_word' id='word_1_546' title='bbox 1594 5695 1814 5764; x_wconf 76' lang='lat' dir='ltr'><strong>senten-</strong></span> 
     </span>
    </p>
   </div>
   <div class='ocr_carea' id='block_1_76' title="bbox 213 5766 829 5834">
    <p class='ocr_par' dir='ltr' id='par_1_76' title="bbox 213 5766 829 5834">
     <span class='ocr_line' id='line_1_76' title="bbox 213 5766 829 5834; baseline 0.01 -17"><span class='ocrx_word' id='word_1_547' title='bbox 213 5766 301 5821; x_wconf 69' lang='lat' dir='ltr'><strong>tia:</strong></span> <span class='ocrx_word' id='word_1_548' title='bbox 336 5778 543 5834; x_wconf 78' lang='lat' dir='ltr'><strong>tempus</strong></span> <span class='ocrx_word' id='word_1_549' title='bbox 572 5767 829 5823; x_wconf 51' lang='lat' dir='ltr'><strong>ficerant.</strong></span> 
     </span>
    </p>
   </div>
   <div class='ocr_carea' id='block_1_77' title="bbox 200 5835 867 5906">
    <p class='ocr_par' dir='ltr' id='par_1_77' title="bbox 200 5835 867 5906">
     <span class='ocr_line' id='line_1_77' title="bbox 200 5835 867 5906; baseline 0.009 -19"><span class='ocrx_word' id='word_1_550' title='bbox 200 5838 211 5847; x_wconf 83' lang='lat'><strong><em>&#39;</em></strong></span> <span class='ocrx_word' id='word_1_551' title='bbox 282 5838 303 5865; x_wconf 84' lang='grc'>²</span> <span class='ocrx_word' id='word_1_552' title='bbox 338 5835 473 5906; x_wconf 83' lang='lat' dir='ltr'><strong>Dist.</strong></span> <span class='ocrx_word' id='word_1_553' title='bbox 508 5840 561 5899; x_wconf 91' lang='lat'><strong>8,</strong></span> <span class='ocrx_word' id='word_1_554' title='bbox 596 5850 788 5906; x_wconf 55' lang='lat' dir='ltr'><strong>quaest.</strong></span> <span class='ocrx_word' id='word_1_555' title='bbox 814 5841 867 5893; x_wconf 76' lang='grc'><strong>4.</strong></span> 
     </span>
    </p>
   </div>
   <div class='ocr_carea' id='block_1_78' title="bbox 283 5905 1806 5987">
    <p class='ocr_par' dir='ltr' id='par_1_78' title="bbox 283 5905 1806 5987">
     <span class='ocr_line' id='line_1_78' title="bbox 283 5905 1806 5987; baseline 0.011 -28"><span class='ocrx_word' id='word_1_556' title='bbox 283 5906 305 5936; x_wconf 85' lang='grc'><em>³</em></span> <span class='ocrx_word' id='word_1_557' title='bbox 344 5905 663 5964; x_wconf 73' lang='lat' dir='ltr'><strong>Didascalici</strong></span> <span class='ocrx_word' id='word_1_558' title='bbox 685 5910 865 5981; x_wconf 84' lang='lat' dir='ltr'><strong>libelli]</strong></span> <span class='ocrx_word' id='word_1_559' title='bbox 883 5912 1103 5970; x_wconf 89' lang='lat' dir='ltr'><strong>lronice.</strong></span> <span class='ocrx_word' id='word_1_560' title='bbox 1130 5914 1258 5971; x_wconf 76' lang='lat' dir='ltr'><strong>Nam</strong></span> <span class='ocrx_word' id='word_1_561' title='bbox 1283 5915 1624 5973; x_wconf 65' lang='grc' dir='ltr'><strong>διδασκςάικυὶ</strong></span> <span class='ocrx_word' id='word_1_562' title='bbox 1647 5921 1806 5987; x_wconf 70' lang='grc' dir='ltr'><strong>λόγοι,</strong></span> 
     </span>
    </p>
   </div>
   <div class='ocr_carea' id='block_1_79' title="bbox 1833 3322 1881 3387">
    <p class='ocr_par' dir='ltr' id='par_1_79' title="bbox 1833 3322 1881 3387">
     <span class='ocr_line' id='line_1_79' title="bbox 1833 3322 1881 3387; baseline 0 0"><span class='ocrx_word' id='word_1_563' title='bbox 1833 3322 1881 3387; x_wconf 86' lang='lat' dir='ltr'>C</span> 
     </span>
    </p>
   </div>
   <div class='ocr_carea' id='block_1_80' title="bbox 1919 2058 3498 2131">
    <p class='ocr_par' dir='ltr' id='par_1_80' title="bbox 1919 2058 3498 2131">
     <span class='ocr_line' id='line_1_80' title="bbox 1919 2058 3498 2131; baseline 0.003 -18"><span class='ocrx_word' id='word_1_564' title='bbox 1919 2058 2113 2113; x_wconf 91' lang='lat' dir='ltr'><strong>mentis</strong></span> <span class='ocrx_word' id='word_1_565' title='bbox 2142 2059 2482 2114; x_wconf 89' lang='lat' dir='ltr'><strong>delictorum.</strong></span> <span class='ocrx_word' id='word_1_566' title='bbox 2512 2059 2592 2114; x_wconf 85' lang='lat' dir='ltr'><strong>Ad</strong></span> <span class='ocrx_word' id='word_1_567' title='bbox 2626 2059 2763 2115; x_wconf 91' lang='lat' dir='ltr'><strong>hanc</strong></span> <span class='ocrx_word' id='word_1_568' title='bbox 2789 2075 2885 2116; x_wconf 87' lang='lat' dir='ltr'><strong>vos</strong></span> <span class='ocrx_word' id='word_1_569' title='bbox 2913 2060 3261 2117; x_wconf 88' lang='lat' dir='ltr'><strong>valitudinem</strong></span> <span class='ocrx_word' id='word_1_570' title='bbox 3292 2062 3382 2117; x_wconf 91' lang='lat' dir='ltr'><strong>ille</strong></span> <span class='ocrx_word' id='word_1_571' title='bbox 3410 2062 3498 2131; x_wconf 91' lang='lat' dir='ltr'><strong>qui</strong></span> 
     </span>
    </p>
   </div>
   <div class='ocr_carea' id='block_1_81' title="bbox 1917 2152 3498 2224">
    <p class='ocr_par' dir='ltr' id='par_1_81' title="bbox 1917 2152 3498 2224">
     <span class='ocr_line' id='line_1_81' title="bbox 1917 2152 3498 2224; baseline 0.003 -19"><span class='ocrx_word' id='word_1_572' title='bbox 1917 2161 1999 2205; x_wconf 89' lang='lat' dir='ltr'><strong>est</strong></span> <span class='ocrx_word' id='word_1_573' title='bbox 2030 2152 2258 2221; x_wconf 83' lang='lat' dir='ltr'><strong>praevius</strong></span> <span class='ocrx_word' id='word_1_574' title='bbox 2288 2163 2487 2221; x_wconf 86' lang='lat' dir='ltr'><strong>vester,</strong></span> <span class='ocrx_word' id='word_1_575' title='bbox 2514 2152 2757 2219; x_wconf 89' lang='lat' dir='ltr'><strong>adduxit,</strong></span> <span class='ocrx_word' id='word_1_576' title='bbox 2792 2164 2851 2209; x_wconf 90' lang='lat' dir='ltr'><strong>ut</strong></span> <span class='ocrx_word' id='word_1_577' title='bbox 2886 2164 3006 2223; x_wconf 91' lang='lat' dir='ltr'><strong>post</strong></span> <span class='ocrx_word' id='word_1_578' title='bbox 3034 2155 3354 2221; x_wconf 90' lang='lat' dir='ltr'><strong>desolatum,</strong></span> <span class='ocrx_word' id='word_1_579' title='bbox 3381 2164 3498 2224; x_wconf 89' lang='lat' dir='ltr'><strong>post</strong></span> 
     </span>
    </p>
   </div>
   <div class='ocr_carea' id='block_1_82' title="bbox 1915 2246 3497 2321">
    <p class='ocr_par' dir='ltr' id='par_1_82' title="bbox 1915 2246 3497 2321">
     <span class='ocr_line' id='line_1_82' title="bbox 1915 2246 3497 2321; baseline 0.003 -21"><span class='ocrx_word' id='word_1_580' title='bbox 1915 2246 2213 2313; x_wconf 91' lang='lat' dir='ltr'><strong>impetitum</strong></span> <span class='ocrx_word' id='word_1_581' title='bbox 2253 2247 2579 2316; x_wconf 82' lang='lat' dir='ltr'><strong>pontiﬁcem,</strong></span> <span class='ocrx_word' id='word_1_582' title='bbox 2612 2248 2728 2304; x_wconf 91' lang='lat' dir='ltr'><strong>sine</strong></span> <span class='ocrx_word' id='word_1_583' title='bbox 2764 2249 2925 2303; x_wconf 82' lang='lat' dir='ltr'><strong>ullius</strong></span> <span class='ocrx_word' id='word_1_584' title='bbox 2966 2250 3149 2318; x_wconf 81' lang='lat' dir='ltr'><strong>vigore</strong></span> <span class='ocrx_word' id='word_1_585' title='bbox 3196 2249 3497 2321; x_wconf 67' lang='lat' dir='ltr'><strong>sententiae,</strong></span> 
     </span>
    </p>
   </div>
   <div class='ocr_carea' id='block_1_83' title="bbox 1917 2343 3498 2414">
    <p class='ocr_par' dir='ltr' id='par_1_83' title="bbox 1917 2343 3498 2414">
     <span class='ocr_line' id='line_1_83' title="bbox 1917 2343 3498 2414; baseline 0.003 -18"><span class='ocrx_word' id='word_1_586' title='bbox 1917 2343 2077 2397; x_wconf 85' lang='lat' dir='ltr'><strong>totius</strong></span> <span class='ocrx_word' id='word_1_587' title='bbox 2110 2358 2243 2413; x_wconf 89' lang='lat' dir='ltr'><strong>pene</strong></span> <span class='ocrx_word' id='word_1_588' title='bbox 2274 2343 2435 2398; x_wconf 71' lang='lat' dir='ltr'><strong>Italia:</strong></span> <span class='ocrx_word' id='word_1_589' title='bbox 2463 2344 2869 2414; x_wconf 85' lang='lat' dir='ltr'><strong>improbandam</strong></span> <span class='ocrx_word' id='word_1_590' title='bbox 2892 2346 3185 2400; x_wconf 89' lang='lat' dir='ltr'><strong>antistitum</strong></span> <span class='ocrx_word' id='word_1_591' title='bbox 3210 2346 3498 2402; x_wconf 86' lang='lat' dir='ltr'><strong>crederetis</strong></span> 
     </span>
    </p>
   </div>
   <div class='ocr_carea' id='block_1_84' title="bbox 1915 2437 3500 2508">
    <p class='ocr_par' dir='ltr' id='par_1_84' title="bbox 1915 2437 3500 2508">
     <span class='ocr_line' id='line_1_84' title="bbox 1915 2437 3500 2508; baseline 0.003 -19"><span class='ocrx_word' id='word_1_592' title='bbox 1915 2450 2035 2489; x_wconf 90' lang='lat' dir='ltr'><strong>esse</strong></span> <span class='ocrx_word' id='word_1_593' title='bbox 2068 2449 2349 2491; x_wconf 87' lang='lat' dir='ltr'><strong>censuram</strong></span> <span class='ocrx_word' id='word_1_594' title='bbox 2388 2454 2400 2490; x_wconf 90' lang='lat'><strong>:</strong></span> <span class='ocrx_word' id='word_1_595' title='bbox 2446 2437 2716 2506; x_wconf 91' lang='lat' dir='ltr'><strong>quomodo</strong></span> <span class='ocrx_word' id='word_1_596' title='bbox 2758 2437 2972 2508; x_wconf 90' lang='lat' dir='ltr'><strong>quidam</strong></span> <span class='ocrx_word' id='word_1_597' title='bbox 3003 2438 3136 2492; x_wconf 87' lang='lat' dir='ltr'><strong>dixit</strong></span> <span class='ocrx_word' id='word_1_598' title='bbox 3173 2438 3241 2493; x_wconf 91' lang='lat' dir='ltr'><strong>de</strong></span> <span class='ocrx_word' id='word_1_599' title='bbox 3278 2439 3500 2494; x_wconf 86' lang='lat' dir='ltr'><strong>cohorte</strong></span> 
     </span>
    </p>
   </div>
   <div class='ocr_carea' id='block_1_85' title="bbox 1914 2527 3497 2584">
    <p class='ocr_par' dir='ltr' id='par_1_85' title="bbox 1914 2527 3497 2584">
     <span class='ocr_line' id='line_1_85' title="bbox 1914 2527 3497 2584; baseline 0.002 -3"><span class='ocrx_word' id='word_1_600' title='bbox 1914 2539 2129 2584; x_wconf 84' lang='lat' dir='ltr'><strong>vestra:</strong></span> <span class='ocrx_word' id='word_1_601' title='bbox 2162 2527 2517 2583; x_wconf 78' lang='lat' dir='ltr'><strong>Festinantem</strong></span> <span class='ocrx_word' id='word_1_602' title='bbox 2546 2530 2771 2583; x_wconf 82' lang='lat' dir='ltr'><strong>animam</strong></span> <span class='ocrx_word' id='word_1_603' title='bbox 2810 2531 2963 2583; x_wconf 84' lang='lat' dir='ltr'><strong>morti</strong></span> <span class='ocrx_word' id='word_1_604' title='bbox 3002 2548 3105 2584; x_wconf 88' lang='lat' dir='ltr'><strong>non</strong></span> <span class='ocrx_word' id='word_1_605' title='bbox 3146 2531 3359 2584; x_wconf 81' lang='lat' dir='ltr'><strong>credidit</strong></span> <span class='ocrx_word' id='word_1_606' title='bbox 3388 2531 3497 2584; x_wconf 84' lang='lat' dir='ltr'><strong>uni.</strong></span> 
     </span>
    </p>
   </div>
   <div class='ocr_carea' id='block_1_86' title="bbox 1914 2620 3500 2692">
    <p class='ocr_par' dir='ltr' id='par_1_86' title="bbox 1914 2620 3500 2692">
     <span class='ocr_line' id='line_1_86' title="bbox 1914 2620 3500 2692; baseline 0.002 -17"><span class='ocrx_word' id='word_1_607' title='bbox 1914 2620 2166 2677; x_wconf 88' lang='lat' dir='ltr'><strong>Potestne</strong></span> <span class='ocrx_word' id='word_1_608' title='bbox 2216 2636 2367 2677; x_wconf 89' lang='lat' dir='ltr'><strong>mens</strong></span> <span class='ocrx_word' id='word_1_609' title='bbox 2399 2621 2666 2688; x_wconf 79' lang='lat' dir='ltr'><strong>indocilis,</strong></span> <span class='ocrx_word' id='word_1_610' title='bbox 2698 2621 2979 2676; x_wconf 90' lang='lat' dir='ltr'><strong>criminum</strong></span> <span class='ocrx_word' id='word_1_611' title='bbox 3017 2622 3126 2692; x_wconf 88' lang='lat' dir='ltr'><strong>jam</strong></span> <span class='ocrx_word' id='word_1_612' title='bbox 3168 2624 3331 2678; x_wconf 90' lang='lat' dir='ltr'><strong>ditata</strong></span> <span class='ocrx_word' id='word_1_613' title='bbox 3374 2637 3500 2678; x_wconf 88' lang='lat' dir='ltr'><strong>suc-</strong></span> 
     </span>
    </p>
   </div>
   <div class='ocr_carea' id='block_1_87' title="bbox 1913 2715 3499 2787">
    <p class='ocr_par' dir='ltr' id='par_1_87' title="bbox 1913 2715 3499 2787">
     <span class='ocr_line' id='line_1_87' title="bbox 1913 2715 3499 2787; baseline 0.002 -18"><span class='ocrx_word' id='word_1_614' title='bbox 1913 2716 2173 2782; x_wconf 90' lang='lat' dir='ltr'><strong>cessibus,</strong></span> <span class='ocrx_word' id='word_1_615' title='bbox 2206 2730 2235 2771; x_wconf 91' lang='lat' dir='ltr'><strong>a</strong></span> <span class='ocrx_word' id='word_1_616' title='bbox 2256 2715 2554 2773; x_wconf 86' lang='lat' dir='ltr'><strong>detestabili</strong></span> <span class='ocrx_word' id='word_1_617' title='bbox 2584 2717 2876 2787; x_wconf 89' lang='lat' dir='ltr'><strong>proposito,</strong></span> <span class='ocrx_word' id='word_1_618' title='bbox 2912 2717 3057 2773; x_wconf 91' lang='lat' dir='ltr'><strong>velut</strong></span> <span class='ocrx_word' id='word_1_619' title='bbox 3088 2718 3244 2773; x_wconf 78' lang='lat' dir='ltr'><strong>effeta</strong></span> <span class='ocrx_word' id='word_1_620' title='bbox 3275 2716 3499 2772; x_wconf 81' lang='lat' dir='ltr'><strong>feriari?</strong></span> 
     </span>
    </p>
   </div>
   <div class='ocr_carea' id='block_1_88' title="bbox 1912 2806 3499 2879">
    <p class='ocr_par' dir='ltr' id='par_1_88' title="bbox 1912 2806 3499 2879">
     <span class='ocr_line' id='line_1_88' title="bbox 1912 2806 3499 2879; baseline 0.003 -18"><span class='ocrx_word' id='word_1_621' title='bbox 1912 2806 2008 2863; x_wconf 90' lang='lat' dir='ltr'><strong>llle</strong></span> <span class='ocrx_word' id='word_1_622' title='bbox 2039 2822 2133 2863; x_wconf 92' lang='lat' dir='ltr'><strong>vos</strong></span> <span class='ocrx_word' id='word_1_623' title='bbox 2155 2808 2447 2878; x_wconf 90' lang='lat' dir='ltr'><strong>locupletes</strong></span> <span class='ocrx_word' id='word_1_624' title='bbox 2478 2809 2634 2863; x_wconf 81' lang='lat' dir='ltr'><strong>malis</strong></span> <span class='ocrx_word' id='word_1_625' title='bbox 2668 2810 2869 2877; x_wconf 82' lang='lat' dir='ltr'><strong>effecit,</strong></span> <span class='ocrx_word' id='word_1_626' title='bbox 2894 2810 2978 2865; x_wconf 92' lang='lat' dir='ltr'><strong>cui</strong></span> <span class='ocrx_word' id='word_1_627' title='bbox 3006 2810 3298 2865; x_wconf 92' lang='lat' dir='ltr'><strong>elationum</strong></span> <span class='ocrx_word' id='word_1_628' title='bbox 3330 2811 3499 2879; x_wconf 67' lang='lat' dir='ltr'><strong>copia:</strong></span> 
     </span>
    </p>
   </div>
   <div class='ocr_carea' id='block_1_89' title="bbox 1913 2899 3499 2975">
    <p class='ocr_par' dir='ltr' id='par_1_89' title="bbox 1913 2899 3499 2975">
     <span class='ocr_line' id='line_1_89' title="bbox 1913 2899 3499 2975; baseline 0.003 -22"><span class='ocrx_word' id='word_1_629' title='bbox 1913 2913 2044 2969; x_wconf 90' lang='lat' dir='ltr'><strong>opes</strong></span> <span class='ocrx_word' id='word_1_630' title='bbox 2087 2901 2354 2971; x_wconf 88' lang='lat' dir='ltr'><strong>angelicas</strong></span> <span class='ocrx_word' id='word_1_631' title='bbox 2390 2901 2719 2957; x_wconf 90' lang='lat' dir='ltr'><strong>sustulerunt</strong></span> <span class='ocrx_word' id='word_1_632' title='bbox 2749 2899 2907 2975; x_wconf 83' lang='lat' dir='ltr'><strong>(Isai.</strong></span> <span class='ocrx_word' id='word_1_633' title='bbox 2930 2918 3037 2969; x_wconf 86' lang='lat' dir='ltr'><strong>xiv,</strong></span> <span class='ocrx_word' id='word_1_634' title='bbox 3070 2904 3136 2958; x_wconf 71' lang='lat'><strong>12</strong></span> <span class='ocrx_word' id='word_1_635' title='bbox 3170 2913 3223 2959; x_wconf 92' lang='lat' dir='ltr'><strong>et</strong></span> <span class='ocrx_word' id='word_1_636' title='bbox 3261 2902 3499 2958; x_wconf 90' lang='lat' dir='ltr'><strong>divinum</strong></span> 
     </span>
    </p>
   </div>
   <div class='ocr_carea' id='block_1_90' title="bbox 1913 2992 3395 3064">
    <p class='ocr_par' dir='ltr' id='par_1_90' title="bbox 1913 2992 3395 3064">
     <span class='ocr_line' id='line_1_90' title="bbox 1913 2992 3395 3064; baseline 0.001 -19"><span class='ocrx_word' id='word_1_637' title='bbox 1913 3006 2133 3047; x_wconf 89' lang='lat' dir='ltr'><strong>censum</strong></span> <span class='ocrx_word' id='word_1_638' title='bbox 2159 2992 2387 3049; x_wconf 90' lang='lat' dir='ltr'><strong>nocendi</strong></span> <span class='ocrx_word' id='word_1_639' title='bbox 2417 3009 2524 3064; x_wconf 92' lang='lat' dir='ltr'><strong>quo</strong></span> <span class='ocrx_word' id='word_1_640' title='bbox 2552 2994 2833 3061; x_wconf 87' lang='lat' dir='ltr'><strong>exuberat,</strong></span> <span class='ocrx_word' id='word_1_641' title='bbox 2867 2994 3148 3048; x_wconf 87' lang='lat' dir='ltr'><strong>thesaurus</strong></span> <span class='ocrx_word' id='word_1_642' title='bbox 3187 2994 3395 3048; x_wconf 91' lang='lat' dir='ltr'><strong>invidit.</strong></span> 
     </span>
    </p>
   </div>
   <div class='ocr_carea' id='block_1_91' title="bbox 1984 3086 3498 3155">
    <p class='ocr_par' dir='ltr' id='par_1_91' title="bbox 1984 3086 3498 3155">
     <span class='ocr_line' id='line_1_91' title="bbox 1984 3086 3498 3155; baseline 0 -14"><span class='ocrx_word' id='word_1_643' title='bbox 1984 3086 2089 3141; x_wconf 88' lang='lat' dir='ltr'><strong>Sed</strong></span> <span class='ocrx_word' id='word_1_644' title='bbox 2114 3086 2363 3155; x_wconf 90' lang='lat' dir='ltr'><strong>promissi</strong></span> <span class='ocrx_word' id='word_1_645' title='bbox 2392 3101 2659 3141; x_wconf 90' lang='lat' dir='ltr'><strong>memores</strong></span> <span class='ocrx_word' id='word_1_646' title='bbox 2676 3087 2925 3141; x_wconf 90' lang='lat' dir='ltr'><strong>universa</strong></span> <span class='ocrx_word' id='word_1_647' title='bbox 2947 3100 3066 3154; x_wconf 72' lang='lat' dir='ltr'><strong>quae</strong></span> <span class='ocrx_word' id='word_1_648' title='bbox 3090 3086 3238 3154; x_wconf 85' lang='lat' dir='ltr'><strong>Operi</strong></span> <span class='ocrx_word' id='word_1_649' title='bbox 3262 3086 3498 3154; x_wconf 89' lang='lat' dir='ltr'><strong>ipsorum</strong></span> 
     </span>
    </p>
   </div>
   <div class='ocr_carea' id='block_1_92' title="bbox 1913 3176 3499 3248">
    <p class='ocr_par' dir='ltr' id='par_1_92' title="bbox 1913 3176 3499 3248">
     <span class='ocr_line' id='line_1_92' title="bbox 1913 3176 3499 3248; baseline 0.003 -19"><span class='ocrx_word' id='word_1_650' title='bbox 1913 3177 2203 3232; x_wconf 90' lang='lat' dir='ltr'><strong>recolimus</strong></span> <span class='ocrx_word' id='word_1_651' title='bbox 2230 3178 2450 3243; x_wconf 83' lang='lat' dir='ltr'><strong>inserta,</strong></span> <span class='ocrx_word' id='word_1_652' title='bbox 2481 3186 2777 3247; x_wconf 85' lang='lat' dir='ltr'><strong>tangamus.</strong></span> <span class='ocrx_word' id='word_1_653' title='bbox 2813 3194 2833 3229; x_wconf 84' lang='grc'><strong><em>‹</em></strong></span> <span class='ocrx_word' id='word_1_654' title='bbox 2868 3176 3123 3247; x_wconf 84' lang='lat' dir='ltr'><strong>Arguitur</strong></span> <span class='ocrx_word' id='word_1_655' title='bbox 3152 3182 3291 3248; x_wconf 91' lang='lat' dir='ltr'><strong>stylo</strong></span> <span class='ocrx_word' id='word_1_656' title='bbox 3320 3179 3499 3248; x_wconf 89' lang='lat' dir='ltr'><strong>splen-</strong></span> 
     </span>
    </p>
   </div>
   <div class='ocr_carea' id='block_1_93' title="bbox 1912 3269 3497 3342">
    <p class='ocr_par' dir='ltr' id='par_1_93' title="bbox 1912 3269 3497 3342">
     <span class='ocr_line' id='line_1_93' title="bbox 1912 3269 3497 3342; baseline 0.001 -18"><span class='ocrx_word' id='word_1_657' title='bbox 1912 3269 2189 3325; x_wconf 89' lang='lat' dir='ltr'><strong>didissimo</strong></span> <span class='ocrx_word' id='word_1_658' title='bbox 2212 3286 2343 3341; x_wconf 89' lang='lat' dir='ltr'><strong>papa</strong></span> <span class='ocrx_word' id='word_1_659' title='bbox 2357 3271 2728 3342; x_wconf 84' lang='lat' dir='ltr'><strong>Symmachus,</strong></span> <span class='ocrx_word' id='word_1_660' title='bbox 2749 3285 2912 3340; x_wconf 88' lang='lat' dir='ltr'><strong>quare</strong></span> <span class='ocrx_word' id='word_1_661' title='bbox 2933 3273 3341 3327; x_wconf 88' lang='lat' dir='ltr'><strong>conventionem</strong></span> <span class='ocrx_word' id='word_1_662' title='bbox 3356 3286 3497 3341; x_wconf 72' lang='lat' dir='ltr'><strong>pra:-</strong></span> 
     </span>
    </p>
   </div>
   <div class='ocr_carea' id='block_1_94' title="bbox 1912 3362 3499 3433">
    <p class='ocr_par' dir='ltr' id='par_1_94' title="bbox 1912 3362 3499 3433">
     <span class='ocr_line' id='line_1_94' title="bbox 1912 3362 3499 3433; baseline -0.001 -15"><span class='ocrx_word' id='word_1_663' title='bbox 1912 3363 2157 3429; x_wconf 87' lang='lat' dir='ltr'><strong>veniens,</strong></span> <span class='ocrx_word' id='word_1_664' title='bbox 2187 3378 2305 3417; x_wconf 92' lang='lat' dir='ltr'><strong>cum</strong></span> <span class='ocrx_word' id='word_1_665' title='bbox 2350 3363 2670 3433; x_wconf 90' lang='lat' dir='ltr'><strong>populorum</strong></span> <span class='ocrx_word' id='word_1_666' title='bbox 2712 3362 2942 3417; x_wconf 88' lang='lat' dir='ltr'><strong>coetibus</strong></span> <span class='ocrx_word' id='word_1_667' title='bbox 2984 3377 3209 3417; x_wconf 85' lang='lat' dir='ltr'><strong>examen</strong></span> <span class='ocrx_word' id='word_1_668' title='bbox 3261 3363 3499 3431; x_wconf 67' lang='lat' dir='ltr'><strong>intravit,</strong></span> 
     </span>
    </p>
   </div>
   <div class='ocr_carea' id='block_1_95' title="bbox 1912 3455 3500 3528">
    <p class='ocr_par' dir='ltr' id='par_1_95' title="bbox 1912 3455 3500 3528">
     <span class='ocr_line' id='line_1_95' title="bbox 1912 3455 3500 3528; baseline -0.001 -15"><span class='ocrx_word' id='word_1_669' title='bbox 1912 3466 1967 3513; x_wconf 91' lang='lat' dir='ltr'><strong>et</strong></span> <span class='ocrx_word' id='word_1_670' title='bbox 2019 3467 2201 3528; x_wconf 91' lang='lat' dir='ltr'><strong>postea</strong></span> <span class='ocrx_word' id='word_1_671' title='bbox 2247 3458 2478 3527; x_wconf 75' lang='lat' dir='ltr'><strong>judicia,</strong></span> <span class='ocrx_word' id='word_1_672' title='bbox 2523 3456 2694 3511; x_wconf 69' lang='lat' dir='ltr'><strong>l*cutn</strong></span> <span class='ocrx_word' id='word_1_673' title='bbox 2735 3464 2986 3512; x_wconf 88' lang='lat' dir='ltr'><strong>evocatus</strong></span> <span class='ocrx_word' id='word_1_674' title='bbox 3034 3468 3226 3526; x_wconf 91' lang='lat' dir='ltr'><strong>quater</strong></span> <span class='ocrx_word' id='word_1_675' title='bbox 3283 3455 3500 3525; x_wconf 90' lang='lat' dir='ltr'><strong>fuisset,</strong></span> 
     </span>
    </p>
   </div>
   <div class='ocr_carea' id='block_1_96' title="bbox 1913 3548 3499 3621">
    <p class='ocr_par' dir='ltr' id='par_1_96' title="bbox 1913 3548 3499 3621">
     <span class='ocr_line' id='line_1_96' title="bbox 1913 3548 3499 3621; baseline -0.001 -15"><span class='ocrx_word' id='word_1_676' title='bbox 1913 3552 2137 3621; x_wconf 90' lang='lat' dir='ltr'><strong>sprevit.</strong></span> <span class='ocrx_word' id='word_1_677' title='bbox 2176 3571 2196 3603; x_wconf 77' lang='grc' dir='ltr'><strong><em>ι</em></strong></span> <span class='ocrx_word' id='word_1_678' title='bbox 2228 3550 2319 3606; x_wconf 92' lang='lat' dir='ltr'><strong>Sic</strong></span> <span class='ocrx_word' id='word_1_679' title='bbox 2349 3565 2378 3603; x_wconf 92' lang='lat' dir='ltr'><strong>a</strong></span> <span class='ocrx_word' id='word_1_680' title='bbox 2409 3549 2563 3604; x_wconf 86' lang='lat' dir='ltr'><strong>vobis</strong></span> <span class='ocrx_word' id='word_1_681' title='bbox 2589 3549 2703 3604; x_wconf 91' lang='lat' dir='ltr'><strong>veri</strong></span> <span class='ocrx_word' id='word_1_682' title='bbox 2729 3549 2976 3605; x_wconf 89' lang='lat' dir='ltr'><strong>discessit</strong></span> <span class='ocrx_word' id='word_1_683' title='bbox 3004 3548 3239 3615; x_wconf 83' lang='lat' dir='ltr'><strong>aﬂectio,</strong></span> <span class='ocrx_word' id='word_1_684' title='bbox 3266 3558 3325 3604; x_wconf 91' lang='lat' dir='ltr'><strong>ut</strong></span> <span class='ocrx_word' id='word_1_685' title='bbox 3350 3564 3499 3605; x_wconf 80' lang='lat' dir='ltr'><strong>men-</strong></span> 
     </span>
    </p>
   </div>
   <div class='ocr_carea' id='block_1_97' title="bbox 1912 3642 3495 3714">
    <p class='ocr_par' dir='ltr' id='par_1_97' title="bbox 1912 3642 3495 3714">
     <span class='ocr_line' id='line_1_97' title="bbox 1912 3642 3495 3714; baseline -0.002 -15"><span class='ocrx_word' id='word_1_686' title='bbox 1912 3644 2186 3701; x_wconf 89' lang='lat' dir='ltr'><strong>daciorum</strong></span> <span class='ocrx_word' id='word_1_687' title='bbox 2232 3644 2438 3701; x_wconf 89' lang='lat' dir='ltr'><strong>nebulis</strong></span> <span class='ocrx_word' id='word_1_688' title='bbox 2462 3643 2608 3698; x_wconf 92' lang='lat' dir='ltr'><strong>urbis</strong></span> <span class='ocrx_word' id='word_1_689' title='bbox 2640 3645 3003 3700; x_wconf 89' lang='lat' dir='ltr'><strong>testimonium</strong></span> <span class='ocrx_word' id='word_1_690' title='bbox 3042 3647 3238 3714; x_wconf 90' lang='lat' dir='ltr'><strong>putetis</strong></span> <span class='ocrx_word' id='word_1_691' title='bbox 3273 3642 3495 3709; x_wconf 89' lang='lat' dir='ltr'><strong>involvi,</strong></span> 
     </span>
    </p>
   </div>
   <div class='ocr_carea' id='block_1_98' title="bbox 1913 3734 3499 3805">
    <p class='ocr_par' dir='ltr' id='par_1_98' title="bbox 1913 3734 3499 3805">
     <span class='ocr_line' id='line_1_98' title="bbox 1913 3734 3499 3805; baseline -0.003 -12"><span class='ocrx_word' id='word_1_692' title='bbox 1913 3745 1967 3793; x_wconf 89' lang='lat' dir='ltr'><strong>et</strong></span> <span class='ocrx_word' id='word_1_693' title='bbox 1991 3736 2213 3792; x_wconf 69' lang='lat' dir='ltr'><strong>fallacia:</strong></span> <span class='ocrx_word' id='word_1_694' title='bbox 2243 3736 2524 3805; x_wconf 83' lang='lat' dir='ltr'><strong>peuniculo</strong></span> <span class='ocrx_word' id='word_1_695' title='bbox 2554 3734 2764 3805; x_wconf 89' lang='lat' dir='ltr'><strong>depicta</strong></span> <span class='ocrx_word' id='word_1_696' title='bbox 2796 3736 2956 3789; x_wconf 91' lang='lat' dir='ltr'><strong>verba</strong></span> <span class='ocrx_word' id='word_1_697' title='bbox 2988 3734 3106 3805; x_wconf 91' lang='lat' dir='ltr'><strong>plus</strong></span> <span class='ocrx_word' id='word_1_698' title='bbox 3137 3736 3333 3789; x_wconf 85' lang='lat' dir='ltr'><strong>vit-ium</strong></span> <span class='ocrx_word' id='word_1_699' title='bbox 3375 3748 3499 3789; x_wconf 90' lang='lat' dir='ltr'><strong>cre-</strong></span> 
     </span>
    </p>
   </div>
   <div class='ocr_carea' id='block_1_99' title="bbox 1914 3826 3500 3900">
    <p class='ocr_par' dir='ltr' id='par_1_99' title="bbox 1914 3826 3500 3900">
     <span class='ocr_line' id='line_1_99' title="bbox 1914 3826 3500 3900; baseline -0.004 -15"><span class='ocrx_word' id='word_1_700' title='bbox 1914 3829 2053 3885; x_wconf 89' lang='lat' dir='ltr'><strong>datis</strong></span> <span class='ocrx_word' id='word_1_701' title='bbox 2088 3830 2305 3896; x_wconf 89' lang='lat' dir='ltr'><strong>habere,</strong></span> <span class='ocrx_word' id='word_1_702' title='bbox 2347 3845 2503 3900; x_wconf 90' lang='lat' dir='ltr'><strong>quam</strong></span> <span class='ocrx_word' id='word_1_703' title='bbox 2546 3827 2823 3885; x_wconf 84' lang='lat' dir='ltr'><strong>veritatem</strong></span> <span class='ocrx_word' id='word_1_704' title='bbox 2858 3826 3023 3881; x_wconf 80' lang='lat' dir='ltr'><strong>Roma</strong></span> <span class='ocrx_word' id='word_1_705' title='bbox 3060 3841 3218 3896; x_wconf 90' lang='lat' dir='ltr'><strong>quam</strong></span> <span class='ocrx_word' id='word_1_706' title='bbox 3266 3826 3500 3881; x_wconf 81' lang='lat' dir='ltr'><strong>retinet?</strong></span> 
     </span>
    </p>
   </div>
   <div class='ocr_carea' id='block_1_100' title="bbox 1917 3917 3499 3992">
    <p class='ocr_par' dir='ltr' id='par_1_100' title="bbox 1917 3917 3499 3992">
     <span class='ocr_line' id='line_1_100' title="bbox 1917 3917 3499 3992; baseline -0.003 -15"><span class='ocrx_word' id='word_1_707' title='bbox 1917 3922 2128 3992; x_wconf 85' lang='lat' dir='ltr'><strong>Ergone</strong></span> <span class='ocrx_word' id='word_1_708' title='bbox 2164 3923 2253 3977; x_wconf 93' lang='lat' dir='ltr'><strong>ille</strong></span> <span class='ocrx_word' id='word_1_709' title='bbox 2289 3923 2735 3991; x_wconf 88' lang='lat' dir='ltr'><strong>disceptationem</strong></span> <span class='ocrx_word' id='word_1_710' title='bbox 2768 3918 2849 3977; x_wconf 90' lang='lat' dir='ltr'><strong>vel</strong></span> <span class='ocrx_word' id='word_1_711' title='bbox 2878 3919 3215 3992; x_wconf 88' lang='lat' dir='ltr'><strong>importunus</strong></span> <span class='ocrx_word' id='word_1_712' title='bbox 3244 3918 3394 3986; x_wconf 91' lang='lat' dir='ltr'><strong>adiit,</strong></span> <span class='ocrx_word' id='word_1_713' title='bbox 3414 3917 3499 3973; x_wconf 88' lang='lat' dir='ltr'><strong>vel</strong></span> 
     </span>
    </p>
   </div>
   <div class='ocr_carea' id='block_1_101' title="bbox 1915 4011 3500 4085">
    <p class='ocr_par' dir='ltr' id='par_1_101' title="bbox 1915 4011 3500 4085">
     <span class='ocr_line' id='line_1_101' title="bbox 1915 4011 3500 4085; baseline -0.001 -16"><span class='ocrx_word' id='word_1_714' title='bbox 1915 4024 2253 4083; x_wconf 82' lang='lat' dir='ltr'><strong>exspectatus</strong></span> <span class='ocrx_word' id='word_1_715' title='bbox 2285 4014 2528 4084; x_wconf 83' lang='lat' dir='ltr'><strong>aufugit?</strong></span> <span class='ocrx_word' id='word_1_716' title='bbox 2550 4014 2762 4085; x_wconf 87' lang='lat' dir='ltr'><strong>Ergone</strong></span> <span class='ocrx_word' id='word_1_717' title='bbox 2793 4014 2938 4069; x_wconf 89' lang='lat' dir='ltr'><strong>illam</strong></span> <span class='ocrx_word' id='word_1_718' title='bbox 2979 4012 3372 4069; x_wconf 90' lang='lat' dir='ltr'><strong>multitudinem</strong></span> <span class='ocrx_word' id='word_1_719' title='bbox 3406 4011 3500 4068; x_wconf 81' lang='lat' dir='ltr'><strong>de-</strong></span> 
     </span>
    </p>
   </div>
   <div class='ocr_carea' id='block_1_102' title="bbox 1917 4106 3498 4180">
    <p class='ocr_par' dir='ltr' id='par_1_102' title="bbox 1917 4106 3498 4180">
     <span class='ocr_line' id='line_1_102' title="bbox 1917 4106 3498 4180; baseline 0.002 -19"><span class='ocrx_word' id='word_1_720' title='bbox 1917 4117 2052 4163; x_wconf 55' lang='lat' dir='ltr'><strong>votas</strong></span> <span class='ocrx_word' id='word_1_721' title='bbox 2084 4108 2193 4163; x_wconf 91' lang='lat' dir='ltr'><strong>Deo</strong></span> <span class='ocrx_word' id='word_1_722' title='bbox 2224 4108 2413 4178; x_wconf 88' lang='lat' dir='ltr'><strong>plebis,</strong></span> <span class='ocrx_word' id='word_1_723' title='bbox 2449 4124 2555 4164; x_wconf 93' lang='lat' dir='ltr'><strong>non</strong></span> <span class='ocrx_word' id='word_1_724' title='bbox 2595 4124 2692 4180; x_wconf 90' lang='lat' dir='ltr'><strong>pro</strong></span> <span class='ocrx_word' id='word_1_725' title='bbox 2730 4108 2853 4164; x_wconf 82' lang='lat' dir='ltr'><strong>fidei</strong></span> <span class='ocrx_word' id='word_1_726' title='bbox 2883 4107 3158 4178; x_wconf 90' lang='lat' dir='ltr'><strong>diligentia</strong></span> <span class='ocrx_word' id='word_1_727' title='bbox 3195 4106 3498 4164; x_wconf 84' lang='lat' dir='ltr'><strong>Christiana</strong></span> 
     </span>
    </p>
   </div>
   <div class='ocr_carea' id='block_1_103' title="bbox 1917 4200 3500 4273">
    <p class='ocr_par' dir='ltr' id='par_1_103' title="bbox 1917 4200 3500 4273">
     <span class='ocr_line' id='line_1_103' title="bbox 1917 4200 3500 4273; baseline 0.003 -20"><span class='ocrx_word' id='word_1_728' title='bbox 1917 4200 2085 4269; x_wconf 87' lang='lat' dir='ltr'><strong>magis</strong></span> <span class='ocrx_word' id='word_1_729' title='bbox 2114 4203 2464 4271; x_wconf 79' lang='lat' dir='ltr'><strong>exspectatio,</strong></span> <span class='ocrx_word' id='word_1_730' title='bbox 2500 4217 2656 4271; x_wconf 91' lang='lat' dir='ltr'><strong>quam</strong></span> <span class='ocrx_word' id='word_1_731' title='bbox 2683 4201 2830 4257; x_wconf 91' lang='lat' dir='ltr'><strong>furor</strong></span> <span class='ocrx_word' id='word_1_732' title='bbox 2859 4203 3143 4258; x_wconf 80' lang='lat' dir='ltr'><strong>evocavit?</strong></span> <span class='ocrx_word' id='word_1_733' title='bbox 3181 4201 3500 4273; x_wconf 84' lang='lat' dir='ltr'><strong>Quisquam-</strong></span> 
     </span>
    </p>
   </div>
   <div class='ocr_carea' id='block_1_104' title="bbox 1918 4293 3497 4366">
    <p class='ocr_par' dir='ltr' id='par_1_104' title="bbox 1918 4293 3497 4366">
     <span class='ocr_line' id='line_1_104' title="bbox 1918 4293 3497 4366; baseline 0.003 -20"><span class='ocrx_word' id='word_1_734' title='bbox 1918 4308 1985 4348; x_wconf 91' lang='lat' dir='ltr'><strong>ne</strong></span> <span class='ocrx_word' id='word_1_735' title='bbox 2012 4293 2080 4347; x_wconf 87' lang='lat' dir='ltr'><strong>ad</strong></span> <span class='ocrx_word' id='word_1_736' title='bbox 2119 4294 2449 4349; x_wconf 88' lang='lat' dir='ltr'><strong>inferendam</strong></span> <span class='ocrx_word' id='word_1_737' title='bbox 2480 4295 2784 4349; x_wconf 91' lang='lat' dir='ltr'><strong>violentiam</strong></span> <span class='ocrx_word' id='word_1_738' title='bbox 2818 4310 3041 4350; x_wconf 88' lang='lat' dir='ltr'><strong>currens</strong></span> <span class='ocrx_word' id='word_1_739' title='bbox 3090 4296 3353 4366; x_wconf 84' lang='lat' dir='ltr'><strong>lacrymas</strong></span> <span class='ocrx_word' id='word_1_740' title='bbox 3403 4310 3497 4351; x_wconf 82' lang='lat' dir='ltr'><strong>co-</strong></span> 
     </span>
    </p>
   </div>
   <div class='ocr_carea' id='block_1_105' title="bbox 1919 4383 3497 4452">
    <p class='ocr_par' dir='ltr' id='par_1_105' title="bbox 1919 4383 3497 4452">
     <span class='ocr_line' id='line_1_105' title="bbox 1919 4383 3497 4452; baseline 0.002 -14"><span class='ocrx_word' id='word_1_741' title='bbox 1919 4386 2075 4439; x_wconf 91' lang='lat' dir='ltr'><strong>mites</strong></span> <span class='ocrx_word' id='word_1_742' title='bbox 2124 4383 2304 4450; x_wconf 90' lang='lat' dir='ltr'><strong>habet,</strong></span> <span class='ocrx_word' id='word_1_743' title='bbox 2350 4394 2403 4439; x_wconf 93' lang='lat' dir='ltr'><strong>et</strong></span> <span class='ocrx_word' id='word_1_744' title='bbox 2441 4386 2531 4452; x_wconf 87' lang='lat' dir='ltr'><strong>qui</strong></span> <span class='ocrx_word' id='word_1_745' title='bbox 2572 4384 2753 4439; x_wconf 87' lang='lat' dir='ltr'><strong>studet</strong></span> <span class='ocrx_word' id='word_1_746' title='bbox 2801 4400 2921 4440; x_wconf 86' lang='lat' dir='ltr'><strong>esse</strong></span> <span class='ocrx_word' id='word_1_747' title='bbox 2966 4386 3262 4451; x_wconf 87' lang='lat' dir='ltr'><strong>formidini,</strong></span> <span class='ocrx_word' id='word_1_748' title='bbox 3291 4386 3497 4441; x_wconf 89' lang='lat' dir='ltr'><strong>vultum</strong></span> 
     </span>
    </p>
   </div>
   <div class='ocr_carea' id='block_1_106' title="bbox 1920 4474 3497 4546">
    <p class='ocr_par' dir='ltr' id='par_1_106' title="bbox 1920 4474 3497 4546">
     <span class='ocr_line' id='line_1_106' title="bbox 1920 4474 3497 4546; baseline 0.002 -16"><span class='ocrx_word' id='word_1_749' title='bbox 1920 4476 2157 4531; x_wconf 80' lang='lat' dir='ltr'><strong>timentis</strong></span> <span class='ocrx_word' id='word_1_750' title='bbox 2206 4474 2479 4531; x_wconf 90' lang='lat' dir='ltr'><strong>ostendit?</strong></span> <span class='ocrx_word' id='word_1_751' title='bbox 2524 4475 2803 4532; x_wconf 84' lang='lat' dir='ltr'><strong>Multitudo</strong></span> <span class='ocrx_word' id='word_1_752' title='bbox 2848 4476 2939 4531; x_wconf 89' lang='lat' dir='ltr'><strong>illa</strong></span> <span class='ocrx_word' id='word_1_753' title='bbox 2976 4476 3162 4546; x_wconf 89' lang='lat' dir='ltr'><strong>juncta</strong></span> <span class='ocrx_word' id='word_1_754' title='bbox 3201 4476 3497 4533; x_wconf 89' lang='lat' dir='ltr'><strong>sacerdotis</strong></span> 
     </span>
    </p>
   </div>
   <div class='ocr_carea' id='block_1_107' title="bbox 1920 4567 3499 4640">
    <p class='ocr_par' dir='ltr' id='par_1_107' title="bbox 1920 4567 3499 4640">
     <span class='ocr_line' id='line_1_107' title="bbox 1920 4567 3499 4640; baseline 0.001 -18"><span class='ocrx_word' id='word_1_755' title='bbox 1920 4567 2116 4624; x_wconf 83' lang='lat' dir='ltr'><strong>officiis</strong></span> <span class='ocrx_word' id='word_1_756' title='bbox 2146 4569 2323 4624; x_wconf 91' lang='lat' dir='ltr'><strong>attulit</strong></span> <span class='ocrx_word' id='word_1_757' title='bbox 2351 4568 2415 4624; x_wconf 93' lang='lat' dir='ltr'><strong>ad</strong></span> <span class='ocrx_word' id='word_1_758' title='bbox 2440 4584 2539 4624; x_wconf 89' lang='lat' dir='ltr'><strong>nos</strong></span> <span class='ocrx_word' id='word_1_759' title='bbox 2560 4569 2814 4637; x_wconf 84' lang='lat' dir='ltr'><strong>lamenta,</strong></span> <span class='ocrx_word' id='word_1_760' title='bbox 2850 4585 2952 4625; x_wconf 91' lang='lat' dir='ltr'><strong>non</strong></span> <span class='ocrx_word' id='word_1_761' title='bbox 2977 4568 3152 4640; x_wconf 89' lang='lat' dir='ltr'><strong>jacula</strong></span> <span class='ocrx_word' id='word_1_762' title='bbox 3180 4587 3193 4623; x_wconf 90' lang='lat'><strong>:</strong></span> <span class='ocrx_word' id='word_1_763' title='bbox 3225 4583 3321 4623; x_wconf 93' lang='lat' dir='ltr'><strong>nec</strong></span> <span class='ocrx_word' id='word_1_764' title='bbox 3351 4569 3499 4624; x_wconf 88' lang='lat' dir='ltr'><strong>venit</strong></span> 
     </span>
    </p>
   </div>
   <div class='ocr_carea' id='block_1_108' title="bbox 1923 4662 3497 4732">
    <p class='ocr_par' dir='ltr' id='par_1_108' title="bbox 1923 4662 3497 4732">
     <span class='ocr_line' id='line_1_108' title="bbox 1923 4662 3497 4732; baseline 0 -15"><span class='ocrx_word' id='word_1_765' title='bbox 1923 4663 2042 4718; x_wconf 90' lang='lat' dir='ltr'><strong>telis</strong></span> <span class='ocrx_word' id='word_1_766' title='bbox 2069 4663 2269 4732; x_wconf 80' lang='lat' dir='ltr'><strong>minax,</strong></span> <span class='ocrx_word' id='word_1_767' title='bbox 2297 4664 2393 4720; x_wconf 89' lang='lat' dir='ltr'><strong>sed</strong></span> <span class='ocrx_word' id='word_1_768' title='bbox 2415 4663 2629 4720; x_wconf 87' lang='lat' dir='ltr'><strong>fletibus</strong></span> <span class='ocrx_word' id='word_1_769' title='bbox 2655 4664 2974 4720; x_wconf 86' lang='lat' dir='ltr'><strong>miserabilis</strong></span> <span class='ocrx_word' id='word_1_770' title='bbox 2999 4681 3012 4717; x_wconf 91' lang='lat'><strong>:</strong></span> <span class='ocrx_word' id='word_1_771' title='bbox 3044 4678 3146 4718; x_wconf 89' lang='lat' dir='ltr'><strong>una</strong></span> <span class='ocrx_word' id='word_1_772' title='bbox 3179 4672 3380 4718; x_wconf 91' lang='lat' dir='ltr'><strong>tantum</strong></span> <span class='ocrx_word' id='word_1_773' title='bbox 3412 4662 3497 4718; x_wconf 81' lang='lat' dir='ltr'><strong>in-</strong></span> 
     </span>
    </p>
   </div>
   <div class='ocr_carea' id='block_1_109' title="bbox 1923 4754 3497 4828">
    <p class='ocr_par' dir='ltr' id='par_1_109' title="bbox 1923 4754 3497 4828">
     <span class='ocr_line' id='line_1_109' title="bbox 1923 4754 3497 4828; baseline 0.001 -18"><span class='ocrx_word' id='word_1_774' title='bbox 1923 4757 2213 4812; x_wconf 89' lang='lat' dir='ltr'><strong>tentionem</strong></span> <span class='ocrx_word' id='word_1_775' title='bbox 2240 4766 2473 4812; x_wconf 90' lang='lat' dir='ltr'><strong>vestram</strong></span> <span class='ocrx_word' id='word_1_776' title='bbox 2494 4758 2853 4813; x_wconf 90' lang='lat' dir='ltr'><strong>ostentatione</strong></span> <span class='ocrx_word' id='word_1_777' title='bbox 2873 4766 3188 4828; x_wconf 89' lang='lat' dir='ltr'><strong>gravatura;</strong></span> <span class='ocrx_word' id='word_1_778' title='bbox 3216 4755 3339 4825; x_wconf 90' lang='lat' dir='ltr'><strong>quia</strong></span> <span class='ocrx_word' id='word_1_779' title='bbox 3366 4754 3497 4811; x_wconf 86' lang='lat' dir='ltr'><strong>ube—</strong></span> 
     </span>
    </p>
   </div>
   <div class='ocr_carea' id='block_1_110' title="bbox 1919 4848 3498 4919">
    <p class='ocr_par' dir='ltr' id='par_1_110' title="bbox 1919 4848 3498 4919">
     <span class='ocr_line' id='line_1_110' title="bbox 1919 4848 3498 4919; baseline 0.001 -16"><span class='ocrx_word' id='word_1_780' title='bbox 1919 4848 2067 4904; x_wconf 91' lang='lat' dir='ltr'><strong>ribus</strong></span> <span class='ocrx_word' id='word_1_781' title='bbox 2088 4850 2371 4903; x_wconf 89' lang='lat' dir='ltr'><strong>oculorum</strong></span> <span class='ocrx_word' id='word_1_782' title='bbox 2392 4849 2703 4904; x_wconf 89' lang='lat' dir='ltr'><strong>fluminibus</strong></span> <span class='ocrx_word' id='word_1_783' title='bbox 2723 4848 3144 4913; x_wconf 90' lang='lat' dir='ltr'><strong>demonstrabat,</strong></span> <span class='ocrx_word' id='word_1_784' title='bbox 3167 4863 3325 4919; x_wconf 91' lang='lat' dir='ltr'><strong>quam</strong></span> <span class='ocrx_word' id='word_1_785' title='bbox 3351 4854 3498 4904; x_wconf 87' lang='lat' dir='ltr'><strong>esset</strong></span> 
     </span>
    </p>
   </div>
   <div class='ocr_carea' id='block_1_111' title="bbox 1920 4940 3500 5011">
    <p class='ocr_par' dir='ltr' id='par_1_111' title="bbox 1920 4940 3500 5011">
     <span class='ocr_line' id='line_1_111' title="bbox 1920 4940 3500 5011; baseline 0.001 -15"><span class='ocrx_word' id='word_1_786' title='bbox 1920 4956 2014 5011; x_wconf 91' lang='lat' dir='ltr'><strong>per</strong></span> <span class='ocrx_word' id='word_1_787' title='bbox 2040 4942 2385 4997; x_wconf 89' lang='lat' dir='ltr'><strong>acerbitatem</strong></span> <span class='ocrx_word' id='word_1_788' title='bbox 2414 4951 2646 4996; x_wconf 91' lang='lat' dir='ltr'><strong>vestram</strong></span> <span class='ocrx_word' id='word_1_789' title='bbox 2674 4940 2912 4995; x_wconf 92' lang='lat' dir='ltr'><strong>conditio</strong></span> <span class='ocrx_word' id='word_1_790' title='bbox 2940 4940 3167 4995; x_wconf 90' lang='lat' dir='ltr'><strong>dolenda</strong></span> <span class='ocrx_word' id='word_1_791' title='bbox 3197 4940 3410 5010; x_wconf 89' lang='lat' dir='ltr'><strong>pulsati,</strong></span> <span class='ocrx_word' id='word_1_792' title='bbox 3443 4948 3500 4997; x_wconf 87' lang='lat' dir='ltr'><strong>et</strong></span> 
     </span>
    </p>
   </div>
   <div class='ocr_carea' id='block_1_112' title="bbox 1920 5033 3494 5104">
    <p class='ocr_par' dir='ltr' id='par_1_112' title="bbox 1920 5033 3494 5104">
     <span class='ocr_line' id='line_1_112' title="bbox 1920 5033 3494 5104; baseline 0.001 -17"><span class='ocrx_word' id='word_1_793' title='bbox 1920 5034 1971 5089; x_wconf 94' lang='lat' dir='ltr'><strong>in</strong></span> <span class='ocrx_word' id='word_1_794' title='bbox 2002 5034 2293 5090; x_wconf 90' lang='lat' dir='ltr'><strong>sobrietate</strong></span> <span class='ocrx_word' id='word_1_795' title='bbox 2324 5034 2615 5089; x_wconf 86' lang='lat' dir='ltr'><strong>venerandi</strong></span> <span class='ocrx_word' id='word_1_796' title='bbox 2658 5033 2922 5090; x_wconf 83' lang='lat' dir='ltr'><strong>examinis</strong></span> <span class='ocrx_word' id='word_1_797' title='bbox 2951 5033 3239 5089; x_wconf 85' lang='lat' dir='ltr'><strong>afflictione</strong></span> <span class='ocrx_word' id='word_1_798' title='bbox 3276 5034 3494 5104; x_wconf 83' lang='lat' dir='ltr'><strong>propria</strong></span> 
     </span>
    </p>
   </div>
   <div class='ocr_carea' id='block_1_113' title="bbox 1916 5149 3496 5217">
    <p class='ocr_par' dir='ltr' id='par_1_113' title="bbox 1916 5149 3496 5217">
     <span class='ocr_line' id='line_1_113' title="bbox 1916 5149 3496 5217; baseline 0.001 -15"><span class='ocrx_word' id='word_1_799' title='bbox 1916 5149 2252 5204; x_wconf 69' lang='lat' dir='ltr'><strong>didascalicze</strong></span> <span class='ocrx_word' id='word_1_800' title='bbox 2294 5150 2683 5217; x_wconf 65' lang='lat' dir='ltr'><strong>disputationes</strong></span> <span class='ocrx_word' id='word_1_801' title='bbox 2732 5149 2981 5206; x_wconf 90' lang='lat' dir='ltr'><strong>dicuntur</strong></span> <span class='ocrx_word' id='word_1_802' title='bbox 3025 5161 3287 5206; x_wconf 69' lang='lat' dir='ltr'><strong>accurata:</strong></span> <span class='ocrx_word' id='word_1_803' title='bbox 3324 5160 3376 5205; x_wconf 91' lang='lat' dir='ltr'><strong>et</strong></span> <span class='ocrx_word' id='word_1_804' title='bbox 3427 5150 3496 5204; x_wconf 91' lang='lat' dir='ltr'><strong>ad</strong></span> 
     </span>
    </p>
   </div>
   <div class='ocr_carea' id='block_1_114' title="bbox 1916 5220 3496 5293">
    <p class='ocr_par' dir='ltr' id='par_1_114' title="bbox 1916 5220 3496 5293">
     <span class='ocr_line' id='line_1_114' title="bbox 1916 5220 3496 5293; baseline 0.001 -20"><span class='ocrx_word' id='word_1_805' title='bbox 1916 5220 2214 5275; x_wconf 87' lang='lat' dir='ltr'><strong>docendum</strong></span> <span class='ocrx_word' id='word_1_806' title='bbox 2245 5220 2449 5275; x_wconf 79' lang='lat' dir='ltr'><strong>idoaeae</strong></span> <span class='ocrx_word' id='word_1_807' title='bbox 2475 5237 2486 5271; x_wconf 92' lang='lat'><strong>:</strong></span> <span class='ocrx_word' id='word_1_808' title='bbox 2522 5220 2667 5293; x_wconf 79' lang='lat' dir='ltr'><strong>unde</strong></span> <span class='ocrx_word' id='word_1_809' title='bbox 2688 5222 2755 5273; x_wconf 92' lang='lat' dir='ltr'><strong>ab</strong></span> <span class='ocrx_word' id='word_1_810' title='bbox 2787 5221 3075 5293; x_wconf 82' lang='lat' dir='ltr'><strong>Aristotele</strong></span> <span class='ocrx_word' id='word_1_811' title='bbox 3102 5238 3204 5278; x_wconf 89' lang='lat' dir='ltr'><strong>una</strong></span> <span class='ocrx_word' id='word_1_812' title='bbox 3234 5222 3496 5293; x_wconf 88' lang='lat' dir='ltr'><strong>copulan-</strong></span> 
     </span>
    </p>
   </div>
   <div class='ocr_carea' id='block_1_115' title="bbox 1919 5289 3507 5369">
    <p class='ocr_par' dir='ltr' id='par_1_115' title="bbox 1919 5289 3507 5369">
     <span class='ocr_line' id='line_1_115' title="bbox 1919 5289 3507 5369; baseline -0.004 -23"><span class='ocrx_word' id='word_1_813' title='bbox 1919 5302 2003 5369; x_wconf 60' lang='grc' dir='ltr'><strong>ιυη</strong></span> <span class='ocrx_word' id='word_1_814' title='bbox 2022 5294 2078 5369; x_wconf 47' lang='lat' dir='ltr'><strong>re</strong></span> <span class='ocrx_word' id='word_1_815' title='bbox 2103 5293 2462 5367; x_wconf 71' lang='grc' dir='ltr'><strong>ἁκριϐέστερδν</strong></span> <span class='ocrx_word' id='word_1_816' title='bbox 2485 5294 2571 5344; x_wconf 80' lang='grc' dir='ltr'><strong>καὶ</strong></span> <span class='ocrx_word' id='word_1_817' title='bbox 2594 5289 3098 5369; x_wconf 59' lang='grc' dir='ltr'><strong>διδριᾳκαλξχῲτιρον.</strong></span> <span class='ocrx_word' id='word_1_818' title='bbox 3303 5289 3318 5293; x_wconf 56' lang='grc'>⁷</span> <span class='ocrx_word' id='word_1_819' title='bbox 3501 5316 3507 5339; x_wconf 71' lang='grc' dir='ltr'><strong>ε</strong></span> 
     </span>
    </p>
   </div>
   <div class='ocr_carea' id='block_1_116' title="bbox 1989 5360 3497 5433">
    <p class='ocr_par' dir='ltr' id='par_1_116' title="bbox 1989 5360 3497 5433">
     <span class='ocr_line' id='line_1_116' title="bbox 1989 5360 3497 5433; baseline -0.001 -17"><span class='ocrx_word' id='word_1_820' title='bbox 1989 5362 2009 5392; x_wconf 66' lang='grc'><strong>⁸</strong></span> <span class='ocrx_word' id='word_1_821' title='bbox 2037 5360 2423 5416; x_wconf 73' lang='lat' dir='ltr'><strong>Cum&#39;evocatus</strong></span> <span class='ocrx_word' id='word_1_822' title='bbox 2458 5370 2631 5429; x_wconf 86' lang='lat' dir='ltr'><strong>quater</strong></span> <span class='ocrx_word' id='word_1_823' title='bbox 2661 5360 2863 5433; x_wconf 78' lang='lat' dir='ltr'><strong>fuisset]</strong></span> <span class='ocrx_word' id='word_1_824' title='bbox 2910 5360 3187 5433; x_wconf 81' lang='lat' dir='ltr'><strong>Ingressus</strong></span> <span class='ocrx_word' id='word_1_825' title='bbox 3216 5374 3299 5420; x_wconf 90' lang='lat' dir='ltr'><strong>est</strong></span> <span class='ocrx_word' id='word_1_826' title='bbox 3329 5376 3497 5433; x_wconf 85' lang='lat' dir='ltr'><strong>syno-</strong></span> 
     </span>
    </p>
   </div>
   <div class='ocr_carea' id='block_1_117' title="bbox 1918 5432 3494 5504">
    <p class='ocr_par' dir='ltr' id='par_1_117' title="bbox 1918 5432 3494 5504">
     <span class='ocr_line' id='line_1_117' title="bbox 1918 5432 3494 5504; baseline -0.003 -17"><span class='ocrx_word' id='word_1_827' title='bbox 1918 5434 2043 5495; x_wconf 89' lang='lat' dir='ltr'><strong>dum</strong></span> <span class='ocrx_word' id='word_1_828' title='bbox 2090 5434 2449 5504; x_wconf 87' lang='lat' dir='ltr'><strong>Symmachus</strong></span> <span class='ocrx_word' id='word_1_829' title='bbox 2494 5433 2666 5504; x_wconf 87' lang='lat' dir='ltr'><strong>primo</strong></span> <span class='ocrx_word' id='word_1_830' title='bbox 2708 5432 2997 5496; x_wconf 64' lang='lat' dir='ltr'><strong>conventu,</strong></span> <span class='ocrx_word' id='word_1_831' title='bbox 3042 5439 3131 5504; x_wconf 87' lang='lat' dir='ltr'><strong>qui</strong></span> <span class='ocrx_word' id='word_1_832' title='bbox 3180 5436 3233 5489; x_wconf 92' lang='lat' dir='ltr'><strong>in</strong></span> <span class='ocrx_word' id='word_1_833' title='bbox 3275 5432 3494 5504; x_wconf 75' lang='lat' dir='ltr'><strong>basilica</strong></span> 
     </span>
    </p>
   </div>
   <div class='ocr_carea' id='block_1_118' title="bbox 1917 5500 3500 5569">
    <p class='ocr_par' dir='ltr' id='par_1_118' title="bbox 1917 5500 3500 5569">
     <span class='ocr_line' id='line_1_118' title="bbox 1917 5500 3500 5569; baseline -0.004 -10"><span class='ocrx_word' id='word_1_834' title='bbox 1917 5505 2041 5559; x_wconf 81' lang='lat' dir='ltr'><strong>Julii</strong></span> <span class='ocrx_word' id='word_1_835' title='bbox 2073 5500 2222 5558; x_wconf 83' lang='lat' dir='ltr'><strong>actus</strong></span> <span class='ocrx_word' id='word_1_836' title='bbox 2245 5512 2361 5558; x_wconf 86' lang='lat' dir='ltr'><strong>est:</strong></span> <span class='ocrx_word' id='word_1_837' title='bbox 2390 5503 2455 5556; x_wconf 89' lang='lat' dir='ltr'><strong>ad</strong></span> <span class='ocrx_word' id='word_1_838' title='bbox 2495 5503 2722 5558; x_wconf 90' lang='lat' dir='ltr'><strong>alterum</strong></span> <span class='ocrx_word' id='word_1_839' title='bbox 2764 5506 2887 5559; x_wconf 92' lang='lat' dir='ltr'><strong>item</strong></span> <span class='ocrx_word' id='word_1_840' title='bbox 2930 5500 3304 5560; x_wconf 83' lang='lat' dir='ltr'><strong>Sessorianum</strong></span> <span class='ocrx_word' id='word_1_841' title='bbox 3336 5500 3500 5569; x_wconf 84' lang='lat' dir='ltr'><strong>proﬁ-</strong></span> 
     </span>
    </p>
   </div>
   <div class='ocr_carea' id='block_1_119' title="bbox 1917 5573 3496 5642">
    <p class='ocr_par' dir='ltr' id='par_1_119' title="bbox 1917 5573 3496 5642">
     <span class='ocr_line' id='line_1_119' title="bbox 1917 5573 3496 5642; baseline -0.002 -13"><span class='ocrx_word' id='word_1_842' title='bbox 1917 5575 2236 5642; x_wconf 89' lang='lat' dir='ltr'><strong>ciscebatur,</strong></span> <span class='ocrx_word' id='word_1_843' title='bbox 2269 5587 2390 5628; x_wconf 91' lang='lat' dir='ltr'><strong>cum</strong></span> <span class='ocrx_word' id='word_1_844' title='bbox 2420 5573 2489 5629; x_wconf 86' lang='lat' dir='ltr'><strong>ah</strong></span> <span class='ocrx_word' id='word_1_845' title='bbox 2535 5574 2856 5631; x_wconf 84' lang='lat' dir='ltr'><strong>adversariis</strong></span> <span class='ocrx_word' id='word_1_846' title='bbox 2894 5577 2950 5629; x_wconf 91' lang='lat' dir='ltr'><strong>in</strong></span> <span class='ocrx_word' id='word_1_847' title='bbox 2992 5577 3073 5629; x_wconf 85' lang='lat' dir='ltr'><strong>via</strong></span> <span class='ocrx_word' id='word_1_848' title='bbox 3100 5577 3496 5642; x_wconf 85' lang='lat' dir='ltr'><strong>circumventus</strong></span> 
     </span>
    </p>
   </div>
   <div class='ocr_carea' id='block_1_120' title="bbox 1917 5641 3496 5714">
    <p class='ocr_par' dir='ltr' id='par_1_120' title="bbox 1917 5641 3496 5714">
     <span class='ocr_line' id='line_1_120' title="bbox 1917 5641 3496 5714; baseline 0 -15"><span class='ocrx_word' id='word_1_849' title='bbox 1917 5661 1979 5701; x_wconf 91' lang='lat' dir='ltr'><strong>ac</strong></span> <span class='ocrx_word' id='word_1_850' title='bbox 2001 5647 2153 5699; x_wconf 75' lang='lat' dir='ltr'><strong>etesis</strong></span> <span class='ocrx_word' id='word_1_851' title='bbox 2181 5646 2292 5699; x_wconf 83' lang='lat' dir='ltr'><strong>suis</strong></span> <span class='ocrx_word' id='word_1_852' title='bbox 2316 5659 2448 5707; x_wconf 80' lang='lat' dir='ltr'><strong>nene</strong></span> <span class='ocrx_word' id='word_1_853' title='bbox 2468 5660 2756 5714; x_wconf 88' lang='lat' dir='ltr'><strong>oppressus</strong></span> <span class='ocrx_word' id='word_1_854' title='bbox 2773 5659 2854 5702; x_wconf 91' lang='lat' dir='ltr'><strong>est</strong></span> <span class='ocrx_word' id='word_1_855' title='bbox 2881 5664 2893 5700; x_wconf 89' lang='lat'><strong>:</strong></span> <span class='ocrx_word' id='word_1_856' title='bbox 2919 5646 3059 5714; x_wconf 90' lang='lat' dir='ltr'><strong>quod</strong></span> <span class='ocrx_word' id='word_1_857' title='bbox 3088 5655 3365 5711; x_wconf 79' lang='lat' dir='ltr'><strong>utrumque</strong></span> <span class='ocrx_word' id='word_1_858' title='bbox 3382 5641 3496 5712; x_wconf 89' lang='lat' dir='ltr'><strong>jam</strong></span> 
     </span>
    </p>
   </div>
   <div class='ocr_carea' id='block_1_121' title="bbox 1917 5715 3497 5785">
    <p class='ocr_par' dir='ltr' id='par_1_121' title="bbox 1917 5715 3497 5785">
     <span class='ocr_line' id='line_1_121' title="bbox 1917 5715 3497 5785; baseline 0.001 -15"><span class='ocrx_word' id='word_1_859' title='bbox 1917 5731 2075 5785; x_wconf 88' lang='lat' dir='ltr'><strong>supra</strong></span> <span class='ocrx_word' id='word_1_860' title='bbox 2102 5721 2662 5771; x_wconf 81' lang='lat' dir='ltr'><strong>cmnmemoravimus.</strong></span> <span class='ocrx_word' id='word_1_861' title='bbox 2696 5715 2823 5770; x_wconf 80' lang='lat' dir='ltr'><strong>PoSt</strong></span> <span class='ocrx_word' id='word_1_862' title='bbox 2853 5731 2970 5769; x_wconf 90' lang='lat' dir='ltr'><strong>eam</strong></span> <span class='ocrx_word' id='word_1_863' title='bbox 3021 5716 3222 5771; x_wconf 66' lang='lat' dir='ltr'><strong>caedem</strong></span> <span class='ocrx_word' id='word_1_864' title='bbox 3256 5728 3497 5771; x_wconf 80' lang='lat' dir='ltr'><strong>commo—</strong></span> 
     </span>
    </p>
   </div>
   <div class='ocr_carea' id='block_1_122' title="bbox 1920 5786 3492 5857">
    <p class='ocr_par' dir='ltr' id='par_1_122' title="bbox 1920 5786 3492 5857">
     <span class='ocr_line' id='line_1_122' title="bbox 1920 5786 3492 5857; baseline -0.001 -17"><span class='ocrx_word' id='word_1_865' title='bbox 1920 5788 2059 5842; x_wconf 91' lang='lat' dir='ltr'><strong>nitus</strong></span> <span class='ocrx_word' id='word_1_866' title='bbox 2106 5802 2172 5839; x_wconf 90' lang='lat' dir='ltr'><strong>an</strong></span> <span class='ocrx_word' id='word_1_867' title='bbox 2210 5801 2423 5857; x_wconf 88' lang='lat' dir='ltr'><strong>rursum</strong></span> <span class='ocrx_word' id='word_1_868' title='bbox 2471 5787 2535 5840; x_wconf 91' lang='lat' dir='ltr'><strong>ad</strong></span> <span class='ocrx_word' id='word_1_869' title='bbox 2584 5786 2784 5857; x_wconf 86' lang='lat' dir='ltr'><strong>synodi</strong></span> <span class='ocrx_word' id='word_1_870' title='bbox 2822 5786 3083 5851; x_wconf 86' lang='lat' dir='ltr'><strong>judicium</strong></span> <span class='ocrx_word' id='word_1_871' title='bbox 3129 5788 3277 5843; x_wconf 80' lang='lat' dir='ltr'><strong>exire</strong></span> <span class='ocrx_word' id='word_1_872' title='bbox 3310 5786 3492 5857; x_wconf 85' lang='lat' dir='ltr'><strong>vellet,</strong></span> 
     </span>
    </p>
   </div>
   <div class='ocr_carea' id='block_1_123' title="bbox 1916 5856 2831 5927">
    <p class='ocr_par' dir='ltr' id='par_1_123' title="bbox 1916 5856 2831 5927">
     <span class='ocr_line' id='line_1_123' title="bbox 1916 5856 2831 5927; baseline -0.002 -16"><span class='ocrx_word' id='word_1_873' title='bbox 1916 5858 2163 5927; x_wconf 87' lang='lat' dir='ltr'><strong>compelli</strong></span> <span class='ocrx_word' id='word_1_874' title='bbox 2187 5871 2246 5913; x_wconf 92' lang='lat' dir='ltr'><strong>se</strong></span> <span class='ocrx_word' id='word_1_875' title='bbox 2268 5856 2389 5925; x_wconf 87' lang='lat' dir='ltr'><strong>jure</strong></span> <span class='ocrx_word' id='word_1_876' title='bbox 2415 5872 2571 5925; x_wconf 87' lang='lat' dir='ltr'><strong>posse</strong></span> <span class='ocrx_word' id='word_1_877' title='bbox 2604 5856 2831 5925; x_wconf 89' lang='lat' dir='ltr'><strong>negavit.</strong></span> 
     </span>
    </p>
   </div>
  </div>
