4192 6260
684 426 789 498 195.

1815 416 2084 485 ΕΝΝΟΒΠ
2122 417 2425 483 EPISCOPI
2467 416 2838 483 TICINENSIS

3840 414 3940 474 £96

683 547 1109 614 commendabat,
1157 558 1312 617 quem
1347 557 1477 600 voce
1504 556 1612 599 non
1646 549 1873 613 poterat.
1903 540 2013 598 Sed
2045 540 2251 603 habetis
2282 544 2331 603 Α
2356 538 2482 601 dum
2507 539 2776 596 alimentis
2802 537 3120 597 distributor
3148 538 3361 609 egebat,
3393 540 3453 592 nt
3485 535 3644 599 fieret
3679 534 3732 599 in
3771 534 3941 597 domi-

684 643 1025 701 manifestum
1056 654 1120 695 ex
1148 638 1253 695 hac
1275 651 1335 693 re
1357 637 1443 707 qui
1472 636 1636 691 bilem
1663 635 1810 691 furor
1827 634 2114 690 accendat:
2140 634 2265 702 quia

688 748 826 804 pene
856 730 1129 791 absolutus
1157 727 1223 783 ad
1250 725 1451 797 judicia
1489 726 1656 792 venit,
1690 740 1788 795 pro
1815 737 1920 797 quo
1961 721 2107 779 orbis
2146 722 2263 776 illa.

692 830 917 895 erymat,
953 827 1008 877 et
1036 820 1160 875 dum
1193 819 1352 879 rebus
1376 827 1685 875 extraneam
1717 818 1769 872 in
1792 814 2105 886 prmdictum
2129 815 2267 877 invi-

691 915 832 981 diam
855 926 1103 973 sermone
1132 909 1403 981 colligitis,
1427 909 1698 981 paulisper
1720 906 2041 964 reverentiae
2068 915 2265 971 nostra:

684 1005 773 1067 diu
803 1006 983 1067 cervix
1012 1003 1240 1073 superba
1260 1001 1607 1063 submittitur.
1634 1000 1851 1063 Sacram
1873 1000 2014 1055 enim
2040 1012 2265 1075 congre-

684 1098 951 1167 gationem
975 1104 1102 1150 tunc
1122 1093 1342 1159 vocatis,
1380 1092 1591 1162 quando
1619 1091 1999 1147 exstinctorem
2022 1096 2264 1144 nostrum

682 1188 1063 1257 Symmachum
1086 1186 1243 1251 vultis
1262 1199 1531 1241 asserere:
1566 1192 1621 1239 et
1639 1182 1837 1238 crudeli
1862 1182 2055 1251 pietate
2076 1180 2266 1235 honori

680 1288 863 1345 nostro
894 1277 1088 1347 putatis
1118 1288 1444 1341 accrescere,
1477 1272 1618 1343 quod
1641 1271 1881 1327 residens
1915 1270 1968 1324 in
2002 1269 2267 1324 Ecclesia-

680 1385 797 1437 rum
828 1382 949 1433 arce
991 1365 1301 1440 perdiderit.
1333 1364 1438 1419 Nos
1469 1363 1570 1421 i5ta
1597 1378 1701 1417 non
1744 1363 1915 1416 solum
1949 1375 2052 1416 non
2091 1360 2265 1418 sensi-

679 1477 823 1533 mus,
850 1460 959 1531 lsed
990 1459 1201 1523 diversa
1241 1456 1500 1519 sentimus
1538 1472 1549 1507 :
1585 1456 1651 1518 ad
1697 1454 1831 1510 alios
1874 1456 2040 1524 magis
2090 1454 2266 1510 tutelte

678 1562 871 1615 vestrae
891 1564 1098 1617 venena
1115 1548 1431 1606 convertite.
1463 1546 1579 1601 Non
1604 1545 1764 1600 habet
1790 1544 2150 1607 testimonium
2174 1544 2268 1611 de-

679 1639 1031 1717 fensoris,qui
1047 1638 1358 1708 repugnanti
1382 1634 1758 1706 impenditoris
1771 1634 2085 1705 obsequium
2112 1648 2269 1717 :per-

679 1736 756 1792 dit
777 1748 934 1806 quam
956 1744 1075 1795 esse
1093 1737 1239 1802 putat
1264 1726 1509 1784 beneficii
1531 1728 1777 1799 gratiam,
1801 1724 1890 1794 qui
1907 1723 2107 1794 aliquid
2132 1739 2271 1794 pra:-

678 1827 962 1893 statinvilo
978 1843 988 1877 :
1005 1822 1126 1894 quia
1148 1836 1254 1889 non
1267 1829 1349 1874 est
1368 1830 1562 1874 munus
1580 1817 1680 1872 nisi
1703 1814 1845 1887 quod
1859 1814 1989 1870 velis
2001 1814 2264 1885 accipere.

2366 640 2492 686 natu
2529 632 2783 698 servitus,
2817 640 2870 686 et
2908 630 2960 685 in
3005 630 3265 685 servitute
3308 628 3648 685 dominatus?
3679 628 3811 699 Quae
3844 627 3943 683 hoc

2365 723 2594 792 qualitas
2631 722 2987 794 praecedentis
3012 722 3113 776 aevi
3146 736 3240 793 per
3274 719 3588 783 memoriam
3623 717 3674 772 in
3707 717 3940 774 medium

2366 823 2634 879 transacta
2670 813 2972 872 reddebat?
3014 814 3199 881 Qualis
3239 812 3422 875 habuit
3455 810 3596 866 efﬁci
3622 826 3686 866 ex
3719 825 3942 877 censura

2366 908 2664 975 convictus,
2707 907 2761 965 in
2801 922 2907 977 quo
2946 922 3161 965 causam
3206 905 3532 976 adjudicatio
3568 904 3947 983 przecedebat?

2366 1000 2481 1061 Non
2532 1000 2632 1063 fuit
2676 1000 3051 1079 privilegium,
3081 1014 3187 1072 quo
3227 998 3447 1071 Spoliari
3488 999 3662 1081 potuit
3694 999 3804 1067 jam
3847 1014 3944 1063 nu-

2367 1091 2547 1159 datus.
2576 1090 2753 1159 Unum
2793 1092 2949 1149 vobis
2987 1094 3215 1162 putastis
3248 1092 3487 1155 residere
3517 1092 3568 1146 in
3600 1106 3753 1165 sacra
3788 1091 3948 1146 colle-

2368 1186 2548 1240 ctione
2591 1183 2886 1239 subsidium
2925 1202 2937 1237 :
2981 1194 3040 1240 ttt
3085 1182 3153 1247 ad
3200 1182 3519 1239 tuendorum
3562 1182 3949 1237 immanitatem

2368 1275 2653 1339 criminum
2701 1278 3013 1331 sacerdotes
3057 1275 3211 1341 vobis
3251 1277 3476 1341 comites
3514 1275 3851 1347 jungeretis,
3896 1283 3950 1329 et

2369 1366 2525 1422 ﬁeret
2552 1367 2869 1437 impunitum
2897 1367 3106 1422 facinus
3136 1367 3432 1437 pollutione
3464 1367 3775 1423 multorum.
3810 1366 3950 1421 Nun-

2367 1474 2525 1529 quam
2557 1460 2895 1515 eonvenienti
2928 1468 3171 1531 tempore
3194 1475 3387 1516 censor
3412 1460 3747 1527 adsciscitur,
3775 1458 3863 1530 qui
3882 1458 3950 1514 ad

2368 1550 2605 1617 decisum
2640 1567 2776 1622 pene
2821 1552 3092 1622 negotium
3135 1562 3461 1609 convocatur
3495 1570 3507 1605 :
3541 1552 3817 1609 criminosi
3848 1552 3951 1608 etsi

2370 1654 2451 1699 est
2480 1644 2755 1713 meritum,
2784 1645 2922 1705 tollit
2950 1658 3255 1717 accusator,
3277 1646 3369 1717 qui
3407 1660 3472 1701 eo
3501 1645 3619 1716 plus
3655 1644 3819 1700 furori
3852 1659 3951 1699 suo

2370 1736 2483 1805 vult
2518 1737 2710 1803 licere,
2745 1753 2903 1808 quam
2950 1737 3138 1813 jndici.
3185 1738 3323 1793 Dicit
3362 1738 3506 1793 enim
3554 1752 3651 1793 vos
3692 1740 3951 1808 impetens

2374 1829 2636 1903 propheta
2664 1846 2677 1883 :
2712 1829 2842 1895 ch
2871 1840 2945 1897 est
2978 1848 3097 1901 pars
3128 1848 3324 1897 eorum,
3355 1833 3443 1903 qui
3483 1841 3802 1887 vastaverunt
3837 1847 3949 1896 nos,

753 1919 906 1985 Nunc
936 1918 1089 1995 longa
1122 1929 1227 1983 non
1267 1928 1400 1984 opus
1448 1921 1530 1977 est
1570 1910 1935 1966 admonitione
1985 1909 2095 1979 jam
2140 1923 2259 1980 per-

2365 1932 2410 1978 et
2437 1939 2547 1978 sors
2575 1924 2929 1993 diripientium
2953 1942 3068 1979 nos.
3089 1924 3191 1995 Ite,
3225 1927 3395 1997 angeli
3416 1928 3629 1993 veloces,
3661 1927 3728 1980 ad
3750 1942 3952 1997 gregem

681 2012 809 2079 ditis
839 2029 852 2065 ε
887 2008 1067 2075 odium
1108 2007 1366 2075 debemus
1392 2004 1565 2075 operi,
1590 2003 1658 2059 de
1695 2003 1848 2073 cujus
1872 2003 1981 2072 jam
2023 2016 2131 2056 non
2168 2016 2261 2056 su-

678 2114 859 2177 perest
888 2096 1027 2176 quOd
1054 2100 1334 2157 damnetur
1357 2096 1685 2161 auctoribus.
1722 2113 1741 2147 ι
1770 2084 2051 2149 Mulierum
2079 2094 2263 2149 turbas

678 2198 916 2265 asseritis
959 2195 1177 2252 urbanis
1224 2195 1492 2261 coloribus
1539 2204 1659 2257 cum
1705 2187 1927 2259 praefato
1965 2187 2031 2241 ad
2064 2185 2264 2257 judicia

688 2290 1005 2350 convenisse
1037 2307 1049 2341 :
1084 2295 1136 2343 et
1164 2286 1251 2342 illa
1281 2284 1574 2341 subtilitate
1614 2280 1914 2336 ostenditur
1952 2293 2141 2345 sexus,
2172 2277 2264 2349 qui

678 2382 936 2453 majorem
966 2377 1190 2434 antistiti
1225 2376 1499 2431 debuisset
1534 2371 1811 2447 affectum.
1840 2390 1857 2422 ι
1896 2368 2263 2425 Profanissimi

679 2474 975 2537 hominum,
1008 2468 1266 2539 scriptum
1295 2465 1503 2521 retineo
1534 2482 1545 2516 :
1584 2465 1597 2493 ¹
1624 2463 1779 2516 Aliud
1810 2472 1883 2515 est
1910 2460 2044 2515 male
2073 2461 2259 2527 dicere,

678 2563 822 2619 aliud
859 2577 1123 2618 accusare.
1169 2559 1237 2613 Et
1273 2556 1590 2629 prophetam
1622 2554 1830 2608 dixisse
1863 2570 1875 2606 :
1910 2552 2263 2622 Reprobantes

680 2658 884 2713 verbum
913 2656 1155 2726 sperastis
1180 2654 1234 2707 in
1265 2652 1521 2706 calumnia
1552 2660 1599 2703 et
1630 2651 1681 2703 in
1713 2649 1955 2716 tumultu,
1989 2658 2035 2702 et
2063 2649 2181 2702 estis
2212 2648 2263 2700 in

681 2767 738 2805 eo
769 2768 784 2804 :
817 2760 1085 2821 pr'Opterea
1113 2748 1206 2801 erit
1236 2746 1373 2799 vobis
1397 2743 1774 2814 iniquitasjtwc
1802 2744 1934 2794 sicut
1965 2741 2264 2810 interruptio

687 2844 849 2917 (Isai.
891 2860 1017 2912 xxx,
1048 2841 1170 2911 12).
1205 2840 1336 2907 Quia
1368 2853 1463 2909 pro
1487 2838 1642 2891 nobis
1667 2835 1795 2889 dicit
1825 2836 2078 2889 Dominus
2111 2851 2123 2885 :
2159 2832 2263 2888 Eos

680 2936 765 3006 qui
788 2933 1029 3007 judicant
1071 2948 1175 2997 vos,
1224 2946 1313 3001 ego
1348 2928 1596 2999 judicabo
1643 2924 1807 2997 (Isai.
1848 2941 1995 2990 xux,
2029 2924 2159 2994 25).
2200 2925 2265 2979 Ει

680 3030 876 3093 iterum
922 3028 986 3080 ad
1036 3039 1223 3081 servos
1277 3036 1406 3077 suos
1442 3021 1616 3075 dicit:
1651 3018 1827 3073 Nolite
1868 3020 2040 3073 timere
2080 3033 2266 3095 oppro-

680 3122 845 3176 brium
885 3120 1168 3183 hominum,
1218 3125 1266 3170 et
1313 3114 1655 3185 blaspltemias
1703 3128 1879 3166 eorum
1922 3129 1981 3165 ne
2028 3111 2264 3165 metuatis

679 3214 845 3286 (Isai.
879 3230 947 3279 LI,
975 3215 1061 3281 7).
1096 3212 1301 3265 Rursus
1346 3210 1507 3263 etiam
1547 3206 1697 3261 vobis
1746 3207 1944 3259 clamat
1980 3222 1991 3256 :
2025 3203 2262 3257 Accedite

680 3310 776 3369 huc
804 3322 970 3363 semen
1001 3304 1225 3357 adulteri
1258 3309 1305 3355 et
1345 3299 1612 3370 fornicarii
1646 3312 1839 3368 :super
1868 3310 2014 3365 quem
2044 3295 2261 3359 lusistis,

680 3416 830 3469 super
854 3411 1001 3463 quem
1030 3393 1285 3446 dilatastis
1315 3407 1371 3443 os
1404 3400 1449 3443 et
1484 3389 1701 3459 ejecistis
1735 3387 2000 3456 tinguant?
2035 3384 2261 3454 nunquid

680 3508 782 3561 non
808 3507 891 3545 vos
915 3488 1014 3559 [flii
1036 3485 1233 3541 scelesti
1254 3483 1393 3549 estis,
1418 3497 1586 3536 semen
1607 3480 1825 3534 mendax
1850 3476 2004 3549 (Isai.
2026 3492 2151 3543 Lvn,
2169 3476 2263 3546 '5)?

752 3584 880 3651 Quae
912 3579 1105 3650 quibus
1134 3574 1398 3647 copulatis
1431 3572 1717 3638 advertite,
1745 3570 1987 3625 dicentes
2017 3585 2030 3621 :
2062 3566 2262 3621 lndicta

678 3690 859 3741 causa,
910 3670 1180 3727 derelictis
1217 3665 1621 3731 defensoribus,
1666 3678 1799 3732 papa
1833 3661 2065 3717 decessit
2099 3676 2113 3714 :
2158 3658 2259 3713 fori

681 3767 836 3833 nobis
856 3766 907 3821 in
931 3763 1145 3834 negotio
1178 3758 1449 3831 praesenti,
1473 3766 1528 3813 et
1556 3757 1852 3825 platearum
1886 3767 2106 3823 quarum
2132 3752 2261 3806 estis

680 3857 1011 3931 hypocritaa,
1055 3852 1300 3922 exempla
1344 3855 1708 3925 proponentes
1748 3863 1759 3897 :
1794 3844 1960 3899 Nobis
2004 3842 2261 3912 scriptum

679 3961 765 4009 est
794 3965 887 4021 per
913 3948 1132 4003 Paulum
1175 3944 1474 4014 apostolum
1508 3940 1648 4014 (Gal.
1679 3954 1718 4006 ι,
1753 3938 1841 4010 id)
1879 3960 1889 3994 :
1923 3937 2115 4008 quibus
2141 3951 2263 3991 cru-

679 4045 866 4101 ciﬁxus
903 4051 987 4099 est
1024 4038 1279 4106 mundus,
1325 4034 1453 4106 quid
1502 4034 1612 4089 illis
1652 4048 1774 4088 cum
1820 4030 1970 4085 foro?
2017 4030 2111 4084 sed
2162 4031 2262 4084 ista

684 4136 938 4202 nescitis,
985 4142 1076 4187 aut
1123 4130 1263 4203 quod
1306 4137 1388 4184 est
1432 4126 1669 4198 gravius,
1719 4132 1843 4178 nota
1892 4122 2257 4177 contemnitis.

600 4234 607 4242 '
679 4212 711 4266 ί
732 4229 1082 4301 Peregrinum
1117 4225 1280 4280 credo
1315 4221 1536 4292 aliquid,
1561 4230 1618 4275 et
1661 4234 1691 4274 a
1720 4218 1927 4273 ratione
1957 4225 2260 4286 separatum

680 4324 961 4396 postulans
1006 4334 1139 4395 papa
1190 4316 1456 4372 discessit.
1500 4313 1688 4369 Nonne
1740 4313 1839 4366 hoc
1887 4311 2121 4381 speravit
2166 4323 2263 4379 pro

680 4428 820 4479 statu
866 4413 1097 4471 labentis
1136 4410 1389 4466 Ecclesiae
1436 4406 1694 4480 pastorali
1730 4420 1857 4460 cura
1899 4404 2218 4459 constrictus
2244 4444 2259 4469 ,

680 4508 822 4581 quod
861 4515 917 4563 et
954 4505 1204 4575 religiosa
1253 4490 1610 4571 providentia,
1642 4506 1696 4553 et
1730 4511 1905 4552 causa;
1936 4496 2102 4565 ipsius
2129 4494 2261 4549 ordo

681 4586 986 4674 ﬂagitabat?
1009 4599 1137 4665 Quae
1166 4596 1307 4651 enim
1336 4594 1658 4664 iudiciorum
1691 4590 1862 4647 forma
1886 4598 2255 4659 praecesserat,

2368 2012 2667 2068 convulsum
2698 2023 2744 2068 et
2766 2014 3123 2081 dilaceratum,
3146 2025 3191 2069 et
3214 2015 3461 2087 papulum
3487 2016 3759 2070 terribilem
3791 2015 3951 2085 (Isai.

2367 2120 2498 2173 xvn,
2540 2106 2629 2173 14,
2676 2113 2731 2160 et
2762 2121 2910 2172 xvm,
2949 2105 3038 2175 2).
3086 2105 3167 2161 Ad
3205 2121 3300 2162 vos
3340 2107 3563 2178 angelus
3601 2106 3796 2162 missus
3842 2115 3948 2174 est,

2366 2196 2573 2252 scilicet
2606 2211 2701 2267 per
2731 2197 3071 2275 sacerdotes,
3108 2213 3334 2270 quorum
3380 2214 3513 2254 voce
3540 2208 3716 2275 .atque
3760 2199 3954 2254 merito

2369 2284 2690 2367 perferenda
2719 2290 2938 2345 Christo
2961 2290 3099 2346 dona
3127 2292 3446 2362 suscipiunt,
3472 2300 3526 2345 et
3547 2292 3753 2363 placato
3774 2290 3953 2345 domi-

2368 2390 2530 2449 nante
2552 2382 2833 2452 impetrata
2853 2384 3168 2439 mortalibus
3200 2394 3321 2439 vota
3360 2384 3679 2449 concedunt,
3704 2399 3797 2453 per
3816 2398 3955 2459 qua

2369 2473 2521 2527 vobis
2549 2473 2728 2541 oblata
2760 2484 2884 2530 sunt
2924 2490 3144 2531 munera
3170 2476 3453 2546 repudiata
3478 2476 3782 2531 concordiae
3813 2493 3825 2527 :
3859 2476 3956 2546 qui

2367 2578 2579 2635 penam
2622 2566 2951 2633 merentibus
3002 2566 3308 2622 dilectionis
3353 2567 3573 2639 praemia
3624 2566 3950 2637 detulerunt,

2367 2660 2457 2728 qui
2490 2659 2615 2723 dum
2646 2674 2705 2714 se
2732 2659 3098 2726 considerant,
3118 2659 3172 2716 in
3213 2661 3359 2715 nullo
3395 2660 3539 2730 quod
3578 2658 3951 2726 merebaniini,

2368 2738 2744 2822 respexerunt.
3552 2773 3563 2777 ’

2438 2846 2567 2914 Quis
2594 2862 2715 2902 eum
2738 2891 2751 2915 ,
2785 2846 3062 2925 inquiunt,
3093 2847 3228 2901 vidit
3254 2861 3375 2903 cum
3406 2845 3809 2903 accusatoribus
3834 2846 3949 2902 suis

2364 2949 2572 3017 aperta,
2613 2951 2669 2995 ιιι
2709 2940 2881 3007 aiunt,
2922 2956 3093 3011 pugna
3120 2940 3447 3011 confligere?
3488 2939 3953 3010 lmpudentissimi

2367 3030 2667 3098 hominum,
2698 3048 2854 3101 quem
2879 3047 2998 3086 cum
3027 3033 3218 3102 quibus
3249 3034 3407 3087 vultis
3437 3031 3737 3098 decertare,
3771 3032 3951 3103 respi-

2366 3125 2471 3179 cite
2518 3141 2531 3177 :
2568 3133 2623 3179 et
2666 3125 2944 3194 utriusque
2985 3126 3171 3194 partis,
3206 3125 3251 3179 si
3296 3125 3422 3195 quid
3463 3125 3651 3181 salutis
3700 3125 3750 3179 in
3792 3124 3953 3179 vobis

2366 3215 2590 3283 resedit,
2623 3216 2759 3281 loca,
2784 3226 3047 3286 tempora,
3084 3231 3343 3288 personas
3371 3218 3627 3273 attendite
3662 3237 3673 3270 :
3706 3228 3759 3273 et
3783 3219 3826 3272 si
3857 3232 3955 3274 vos

2369 3308 2574 3363 nefarie
2595 3318 2847 3379 congesta
2872 3308 3049 3363 cordis
3079 3309 3252 3365 adhuc
3281 3312 3424 3379 pravi
3456 3326 3561 3377 non
3585 3310 3791 3381 subegit
3816 3326 3955 3380 opu-

2368 3398 2564 3465 lentia,
2618 3400 2803 3454 oculos
2854 3401 2919 3454 ad
2969 3401 3132 3455 Deum
3177 3402 3445 3473 paulisper
3487 3402 3744 3469 attollite,
3772 3411 3826 3456 et
3869 3403 3953 3457 vel

2368 3491 2517 3546 brevi
2553 3501 2796 3565 tempore
2846 3493 3047 3548 sinistri
3094 3495 3373 3549 monitoris
3410 3495 3558 3564 jnssa
3597 3496 3952 3551 contemnite.

2366 3584 2669 3655 Agnoscitis
2707 3586 2902 3640 summi
2929 3586 2948 3616 ³
2976 3586 3119 3657 regis
3146 3587 3593 3659 prteceptionibus
3631 3603 3724 3643 vos
3765 3587 3817 3642 in
3868 3588 3955 3644 his

2366 3692 2485 3747 qua:
2509 3683 2699 3733 merito
2718 3678 2998 3748 plectenda
3018 3688 3165 3744 sunt,
3188 3695 3293 3733 non
3318 3680 3532 3733 muniri.
3552 3679 3681 3745 Quia
3703 3680 3957 3753 quamvis

2366 3771 2612 3839 responsi
2664 3771 2974 3840 qualitatem
3025 3770 3226 3825 dictent
3274 3773 3520 3842 dogmata
3561 3771 3854 3837 postulati,
3899 3781 3957 3827 et

2366 3862 2554 3933 petitio
2584 3864 2709 3917 dum
2740 3864 2916 3917 existit
2946 3866 3141 3932 praevia
3169 3879 3289 3933 qua:
3319 3864 3427 3918 sint
3457 3871 3725 3930 secutura,
3750 3862 3957 3918 descri-

2365 3954 2456 4009 bat
2483 3970 2498 4008 :
2529 3970 2796 4023 nunquam
2827 3964 3000 4009 tamen
3027 3954 3240 4009 casibus
3266 3954 3457 4009 vestris
3488 3954 3649 4008 libera
3676 3954 3957 4023 regnantis

2364 4045 2525 4099 verba
2547 4045 2765 4114 cepistis
2792 4062 2805 4097 :
2830 4059 3101 4115 nunquam
3127 4045 3409 4100 desideriis
3431 4060 3526 4115 per
3550 4044 3774 4113 aucupia
3798 4045 3957 4099 calli-

2365 4137 2546 4192 ditatis
2588 4137 2885 4207 impcrialia
2928 4136 3083 4192 vobis
3110 4138 3307 4207 scripta
3338 4138 3653 4199 militarunt.
3688 4136 3957 4205 Quotiens

2366 4231 2513 4286 vanis
2557 4230 2787 4285 hiatibus
2826 4230 3051 4286 nocendi
3095 4230 3345 4287 inefﬁcax
3387 4246 3598 4288 morsus
3639 4232 3957 4302 increpuit?

2364 4325 2611 4396 quotiens
2640 4324 2707 4379 de
2735 4334 2983 4379 accusato
3020 4325 3274 4396 quidquid
3314 4340 3409 4396 spe
3446 4325 3709 4390 tenuistis,
3740 4326 3959 4397 effugit,

2363 4426 2419 4473 et
2461 4432 2656 4473 vacuos
2700 4417 2873 4487 imago
2921 4418 3335 4488 praesumptione
3377 4429 3633 4491 occupata
3676 4418 3961 4475 deseruit?

2366 4510 2477 4565 Deo
2524 4510 2742 4580 gratias,
2775 4510 2865 4580 qui
2915 4509 3051 4565 hanc
3096 4510 3480 4581 providentiam
3523 4512 3714 4567 indidit
3760 4512 3831 4579 ei,
3863 4512 3961 4567 cui

2363 4618 2543 4657 rerum
2606 4607 2955 4661 humanarum
3011 4619 3221 4659 summa
3275 4605 3560 4661 commisit.
3611 4606 3744 4674 Spes
3801 4615 3963 4662 certa

678 4663 926 4752 utvvobis
955 4663 1223 4747 hostiliter
1245 4687 1520 4755 disruptis,
1550 4686 1711 4741 etiam
1741 4700 1835 4755 per
1867 4684 2261 4753 suggestionem

2366 4697 2559 4767 quietis
2589 4705 2691 4766 est,
2726 4706 2778 4751 et
2808 4697 2997 4752 salutis
3020 4698 3253 4767 perfecta
3284 4701 3334 4755 in
3357 4701 3712 4770 gubernatore
3735 4701 3961 4769 sapien-

679 4796 913 4845 vestram
937 4783 1163 4840 sublatis
1188 4780 1445 4836 Ecclesia:
1469 4779 1683 4849 opibus,
1702 4779 1792 4849 qui
1810 4778 1897 4832 diu
1921 4776 2093 4832 fuerat
2112 4776 2262 4831 cibus

680 4878 1061 4943 esurientium,
1102 4872 1257 4928 famis
1300 4872 1627 4941 mancipium
1668 4870 1942 4926 videretur
1980 4868 2203 4925 effectus
2242 4885 2255 4920 :

754 4991 770 5021 ¹
812 4988 967 5045 Aliud
989 4995 1062 5042 est
1090 4987 1224 5039 male
1253 4985 1439 5052 dicere,
1458 4984 1601 5040 aliud
1622 4983 1876 5039 accusarel
1914 4983 2079 5039 Verba
2110 4994 2254 5048 sunt,

680 5059 950 5118 Ciceronis
989 5058 1041 5112 in
1085 5058 1328 5112 oratione
1368 5073 1464 5126 pro
1519 5056 1587 5109 Μ.
1628 5055 1795 5111 Caelio
1826 5070 1945 5109 cum
1973 5070 2033 5108 ea
2064 5055 2259 5126 refellit

680 5147 799 5201 quae
825 5131 1080 5201 adversus
1107 5128 1261 5183 Caelii
1287 5125 1596 5201 pudicitiam
1626 5128 1743 5201 sine
1783 5126 2092 5201 probatione
2121 5125 2257 5201 obii:

679 5196 972 5259 ciebantur.
1006 5200 1180 5266 Quare
1210 5196 1590 5269 aptiss‘meab
1629 5196 1872 5252 Eunodio
1910 5197 1962 5252 in
2002 5211 2062 5250 re
2096 5196 2255 5269 simili

678 5283 1030 5344 ttsurpantnr,
1074 5279 1143 5344 ut
1179 5267 1921 5344 tacitum__schisma_ticorum_
1954 5268 2255 5344 convicium

633 5380 645 5390 -
677 5338 962 5409 retundat,
1009 5343 1265 5414 quodex
1315 5340 1601 5414 mulierum
1654 5338 2037 5414 Symmachum
2092 5339 2253 5393 ollicii

675 5432 836 5474 causa
858 5411 1290 5486 prosequendum
1323 5411 1810 5486 turba‘captabant.

748 5490 769 5521 ³
800 5480 1729 5558 Peregrinum_creda_aliquid]_Duo,
1760 5490 1817 5537 ut
1842 5496 1905 5535 ex
1930 5480 2061 5535 actis
2087 5489 2250 5558 patet,

676 5577 705 5616 ιι
744 5552 950 5632 synodo
989 5555 1285 5632 postularat
1318 5552 1674 5632 Symmachus
1706 5562 1993 5632 :unum_ut
2033 5553 2253 5607 cederet

678 5622 939 5692 visi'tator,
971 5622 1040 5683 de
1074 5642 1180 5696 quo
1215 5633 1428 5693 postea;
1461 5622 1686 5677 alterum
1717 5632 1775 5677 ut
1798 5623 1977 5696 omnia
2012 5639 2130 5692 quas
2159 5638 2254 5691 per

676 5703 1069 5769 suggestionem
1096 5694 1454 5769 inimicorum
1500 5707 1748 5769 suorum“
1775 5694 2031 5769 amiserat
2049 5736 2064 5761 ,
2125 5705 2253 5747 ante

678 5764 931 5840 judicium
983 5769 1082 5837 ipsi
1138 5766 1645 5840 redintegrarentur.
1716 5765 1868 5831 Quod
1920 5765 2019 5820 etsi
2078 5778 2253 5840 neque

678 5835 909 5895 alienum
943 5835 1113 5908 neque
1136 5837 1373 5907 iniquum
1399 5835 1562 5908 videri
1592 5845 1819 5908 poterat,
1845 5850 1965 5889 cum
1994 5835 2252 5908 spoliatos

677 5921 802 5969 ante
845 5905 1313 5974 omnia'restitui,
1362 5906 1737 5962 ecclesiasticae
1786 5908 1931 5975 leges
1993 5905 2245 5973 jubeant;

2367 4790 2456 4845 tia.
2490 4790 2687 4859 Puppis
2735 4790 2885 4859 cujus
2926 4791 3176 4862 magister
3204 4792 3269 4847 ad
3299 4794 3435 4849 clavi
3468 4792 3706 4864 regimen
3734 4796 3967 4852 intellea

2363 4891 2480 4937 ctus
2529 4880 2653 4937 dote
2703 4893 3065 4951 prmparatur,
3116 4884 3313 4954 ubique
3366 4886 3687 4953 stationem,
3745 4885 3963 4958 ubique

2362 5000 2483 5073 regi
2505 5006 2678 5054 tamen
2697 5042 2719 5073 ,Α
2747 5014 2865 5054 cum
2897 5000 3132 5071 synodus
3162 5002 3227 5056 ad
3255 5018 3376 5058 eum
3406 5004 3710 5068 retulisset,
3740 5004 3963 5073 placuit

2361 5082 2419 5123 ut
2454 5070 2807 5140 Symmachus
2839 5082 2960 5124 ante
2988 5076 3378 5127 restitutionem
3424 5074 3682 5142 judicium
3711 5070 3961 5133 subiret.

2361 5142 2513 5205 Quod
2546 5141 2636 5193 ille
2680 5156 2774 5209 pro
2803 5142 3059 5194 modestia
3089 5158 3181 5197 sua
3213 5141 3432 5199 minime
3462 5144 3798 5199 detrectavit.

2435 5210 2454 5241 ³
2498 5211 2647 5287 δορις
2690 5212 3110 5287 praeceptioniltus
3146 5230 3359 5287 vosrnon
3384 5214 3747 5287 muniri]Etsi
3781 5218 3964 5274 multa

2360 5295 2479 5351 qua:
2507 5280 2830 5349 Symmacho
2873 5280 3147 5338 adversari
3172 5286 3508 5352 videbantur,
3542 5302 3570 5339 a
3592 5280 3965 5343 Theoderico

2363 5359 2631 5424 praecepta
2678 5367 2739 5405 ac
2780 5354 3039 5421 rescripta
3082 5368 3466 5424 expresserant
3500 5357 3848 5423 schismatici,
3894 5368 3964 5414 ut

2361 5424 2429 5477 de
2466 5421 2763 5502 visitatore,
2795 5433 2848 5478 et
2892 5425 3031 5493 quod
3072 5421 3231 5480 modo
3265 5427 3351 5502 de»
3364 5429 3660 5502 intercepta
3702 5421 3966 5502 redinte-

2362 5495 2605 5563 gratione
2646 5495 2923 5567 recitatum
2968 5506 3070 5561 est,
3108 5506 3267 5567 atque
3306 5500 3406 5552 alia
3447 5499 3498 5553 id
3544 5495 3710 5567 genus
3745 5517 3757 5551 :
3795 5500 3965 5557 irrita

2365 5564 2744 5644 tamett__omnia
2790 5568 3059 5644 et_inania
3100 5564 3334 5622 fuerunt.
3365 5564 3817 5644 Neque‘unqnam
3860 5571 3964 5627 his

2362 5633 2625 5708 praesidiis
2670 5638 2880 5708 assequi
2922 5648 3243 5705 potuerunt,
3291 5641 3431 5708 quod
3462 5633 3836 5706 'molieb'atnr,
3900 5652 3966 5698 ιιι

2361 5704 2715 5782 Symmachus
2763 5705 3125 5782 damnaretur.
3160 5704 3421 5765 Nam-ubi
3468 5712 3675 5782 synodo
3721 5704 3964 5768 tandem

2362 5791 2388 5828 a
2418 5790 2540 5900 rleglc
2579 5775 2779 5846 integra
2827 5779 3086 5846 permissa
3128 5796 3213 5837 res
3251 5790 3353 5852 est,
3387 5775 3534 5837 illum
3567 5783 3809 5855 protinus
3852 5784 4001 5848 ξιιμ,

2364 5864 2422 5900 80
2449 5863 2494 5900 Vl
2528 5886 2540 5900 ι

2364 5863 2540 5902 SOIVII.
