4184 6260
217 402 327 461 197

1186 399 1514 459 LIBELLUS
1551 398 2079 460 APOLOGETJCUS
2119 401 2254 458 PRO
2293 400 2586 460 SYNODO.

3406 398 3509 455 198

219 528 441 589 portum
483 509 653 571 habet
697 514 749 570 in
808 514 1070 570 ﬂuctibus.
1119 512 1276 570 Certa
1330 525 1409 571 est
1456 515 1820 588 generalitatis
1847 520 1899 580 Α
1925 521 2231 585 segregent,
2263 515 2307 569 si
2348 530 2454 569 uno
2496 514 2549 570 in
2577 527 2766 584 supera
2797 511 3073 569 mansione
3100 512 3351 569 conclave
3377 515 3511 569 reti-

220 612 514 673 securitas,
546 609 767 680 quando
790 608 1171 679 rempublicam
1203 609 1468 665 nobilibus
1511 610 1648 679 regit
1684 612 1819 664 arti-

220 705 327 759 bus
368 702 667 758 institutus.
708 700 821 755 Scit
866 699 1202 769 imperatoris
1248 702 1415 756 nostri
1460 703 1600 757 caelo
1642 702 1816 756 infusa

222 795 559 865 dispensatio
586 792 799 848 obviam
841 806 1058 847 manum
1088 791 1307 847 famosis
1338 792 1389 846 in
1420 792 1709 849 fallendum
1738 794 1819 847 in-

178 894 191 921 ⁷
222 889 401 959 geniis
453 886 740 942 exhibere.
784 884 994 945 Labore
1042 885 1180 955 apud
1229 900 1352 940 eum
1392 901 1497 941 non
1535 902 1669 956 opus
1711 894 1816 950 est,

178 960 185 979 ’
223 996 389 1051 quem
418 978 610 1035 sortita
640 986 730 1034 est
756 977 885 1032 olim
910 976 1052 1032 nuda
1077 978 1275 1033 veritas
1302 977 1665 1033 defensorem.
1691 976 1821 1033 Ces-

224 1084 351 1133 sent
399 1072 551 1141 impii
604 1069 973 1127 commentitia
1024 1069 1163 1136 apud
1212 1070 1361 1125 illum
1418 1069 1820 1140 simplicitatem

230 1163 420 1222 fraude
446 1160 668 1218 mentiri
698 1179 709 1214 :
744 1159 1004 1230 quidquid
1034 1175 1094 1215 se
1122 1160 1380 1216 adversus
1404 1160 1667 1230 justitiam
1699 1174 1818 1213 mo-

228 1256 405 1321 verit,
448 1269 579 1310 mox
623 1260 835 1310 tenetur
868 1269 881 1305 :
914 1251 1045 1307 nihil
1086 1253 1225 1321 apud
1283 1252 1599 1322 praedictum
1656 1252 1821 1306 tutius

230 1346 539 1405 innocentia
564 1354 649 1401 est
690 1362 705 1399 :
739 1345 1007 1415 legatione
1040 1344 1212 1399 valida
1243 1346 1428 1412 utitur,
1462 1346 1552 1416 qui
1589 1344 1824 1414 aquitati

232 1454 323 1499 res
353 1444 713 1509 congruentes
741 1437 978 1495 insinuat
1008 1454 1022 1492 :
1053 1453 1174 1507 qua:
1200 1438 1379 1508 gravis
1408 1446 1489 1492 est
1511 1437 1825 1506 plerumque

233 1529 571 1601 principibus
614 1530 977 1600 impugnatio,
1028 1528 1208 1584 minus
1268 1529 1502 1584 ﬁdelium
1553 1518 1826 1583 blanditiis

232 1640 340 1687 non
370 1624 597 1692 legatur.
649 1622 761 1681 Sed
801 1622 916 1677 haec
945 1622 1057 1677 Deo
1087 1622 1274 1679 melius
1314 1630 1626 1687 narrantur,
1659 1633 1689 1675 a
1720 1634 1826 1690 quo

236 1714 409 1784 frugis
441 1713 597 1783 huius
620 1713 805 1782 planta
834 1709 1135 1769 descendit.

310 1806 393 1863 Ad
438 1820 532 1862 vos
580 1819 667 1867 me
704 1802 917 1861 reducit
963 1801 1225 1873 propositi
1272 1802 1452 1872 operis
1496 1816 1601 1856 non
1654 1802 1828 1857 amica

1929 623 2139 663 nentur.
2176 607 2314 663 Vere
2339 608 2460 665 hinc
2490 608 2805 677 conjicimus
2829 622 2948 663 esse
2976 622 3073 663 vos
3100 622 3283 662 servos
3309 606 3513 662 ventris

1924 702 2263 771 etcorporis,
2294 710 2348 756 et
2391 717 2484 771 per
2517 702 2653 756 hanc
2699 702 2980 761 sententia:
3020 711 3210 763 vestrae
3254 701 3511 756 vilitatem

1927 794 2213 849 declaratis
2262 794 2527 863 mancipia
2566 808 2661 850 vos
2699 810 2819 851 esse
2862 804 3099 851 terrena.
3129 793 3396 865 Scriptum
3427 801 3509 849 est

1926 886 2067 942 enim
2102 903 2117 942 :
2148 886 2398 942 Animalia
2443 887 2593 961 homo
2638 904 2742 941 non
2779 886 2994 958 percipit
3023 903 3084 945 ea
3108 902 3223 963 qua:
3260 893 3376 941 sunt
3405 885 3516 956 api.

1924 981 2058 1035 ritus
2086 979 2147 1052 (l
2184 978 2301 1035 Cor.
2333 996 2394 1047 tt,
2427 980 2548 1049 lii).

2001 1072 2127 1127 Post
2164 1072 2294 1138 haec,
2345 1072 2515 1127 versis
2556 1072 2607 1126 in
2652 1071 2833 1142 fugam
2868 1071 3164 1141 ordinibus,
3199 1070 3516 1143 lymphatici

1927 1177 2081 1218 more
2108 1163 2373 1217 sermonis
2402 1162 2684 1217 addidistis
2714 1180 2728 1216 :
2769 1183 2787 1215 ‹
2827 1162 2968 1237 Ergo
2998 1163 3225 1219 concilia
3257 1164 3515 1221 sacerdo-

1928 1259 2041 1306 tum
2092 1253 2473 1308 ecclesiasticis
2525 1252 2729 1321 legibus
2784 1265 2912 1330 quot
2954 1253 3109 1309 annis
3152 1252 3370 1309 decreta
3421 1267 3511 1323 pet

1928 1345 2249 1414 provincias,
2277 1345 2401 1414 quia
2436 1345 2774 1413 prtesentiam
2809 1360 2961 1415 papa:
2999 1360 3105 1400 non
3137 1345 3354 1411 habent,
3389 1345 3517 1401 vali-

1929 1436 2167 1491 tudinem
2228 1434 2625 1507 perdiderunt?
2662 1456 2680 1488 ι
2732 1435 2952 1507 Legite,
3005 1436 3356 1503 insanissimi,
3417 1437 3517 1493 ali-

1930 1528 2144 1599 quando
2194 1528 2246 1583 in
2302 1528 2405 1583 illis
2444 1538 2638 1598 praeter
2673 1529 2949 1599 aposmlici
2982 1529 3150 1600 apicis
3181 1529 3520 1591 sanctionem

1932 1620 2132 1691 aliquid
2156 1620 2529 1687 constitutum,
2556 1630 2607 1683 et
2639 1636 2745 1676 non
2767 1624 2834 1675 de
2864 1620 3155 1690 majoribus
3180 1622 3427 1699 negotiis,
3454 1620 3519 1685 ad

1931 1713 2273 1769 collationem
2315 1714 2359 1768 si
2390 1713 2513 1784 quid
2553 1713 2803 1780 occurrit,
2844 1715 3078 1783 praelata:
3119 1714 3262 1773 sedis
3293 1715 3518 1771 arbitrio

1932 1804 2096 1861 fuisse
2140 1815 2432 1862 servatum.
2478 1805 2564 1861 Sic
2601 1806 2743 1861 enim
2776 1804 2933 1860 habet
2968 1805 2987 1835 ³
3028 1824 3042 1860 ;
3076 1804 3131 1860 Si
3164 1806 3283 1879 quis
3310 1807 3520 1883 episco-

240 1900 501 1968 conditio,
532 1899 622 1967 qui
652 1897 967 1956 melioribus
993 1898 1252 1952 hactenus
1289 1911 1513 1966 operam
1544 1896 1689 1953 volui
1722 1911 1819 1950 na-
1850 1905 1900 1967 Β
1931 1913 2122 1968 parum
2148 1896 2352 1967 judicio
2375 1897 2687 1969 provinciali
2720 1897 2995 1967 depositus
3020 1895 3197 1965 fuerit,
3223 1897 3521 1961 Romanum

236 2008 365 2048 vare
415 1990 802 2053 sermonibus,
842 1988 970 2045 dum
1014 1990 1280 2059 captivam
1319 1988 1620 2044 orationem
1662 1989 1828 2059 exigit

235 2086 533 2157 imperiosa
566 2084 874 2140 necessitas.
908 2083 1130 2139 Dixistis
1171 2083 1313 2138 enim
1351 2100 1413 2137 τι
1451 2082 1729 2150 Quomodo
1759 2084 1828 2138 de

247 2195 415 2239 causa
460 2178 549 2236 vel
588 2178 838 2261 qqalitate
858 2177 984 2246 ejus
1016 2176 1262 2246 primitus
1308 2176 1637 2242 tractabatis,
1698 2190 1818 2229 cum

246 2275 261 2305 ³
284 2272 521 2329 necdum
562 2270 783 2326 haberet
819 2269 1059 2340 synodus
1090 2268 1435 2324 firmitatem?
1468 2288 1487 2320 ι
1524 2269 1571 2323 Ο
1593 2267 1826 2324 frontem

232 2365 490 2425 dictionis
520 2362 836 2427 immunda},
867 2372 919 2418 et
950 2362 1138 2417 faciem
1176 2360 1366 2428 libelli,
1396 2376 1554 2430 quam
1584 2376 1689 2415 non
1716 2359 1828 2415 sola

232 2458 525 2517 maculavit
562 2456 850 2525 imperitia.
884 2454 1169 2511 Tractatus
1208 2453 1376 2507 nostri
1417 2453 1743 2521 provinciam
1777 2460 1832 2506 et

235 2550 473 2611 narratis
496 2557 555 2605 et
585 2547 848 2618 quaeritis.
880 2547 1015 2603 Hinc
1040 2561 1257 2603 eramus
1292 2561 1486 2616 nempe
1511 2545 1681 2608 dubii,
1708 2545 1830 2615 quia

235 2640 693 2715 quemadmodum
720 2639 996 2710 loquimini
1022 2654 1125 2693 non
1152 2639 1383 2699 habebat
1408 2638 1645 2709 synodus
1669 2638 1851 2691 firmi!

239 2746 403 2791 tatem
435 2754 448 2787 :
485 2733 756 2791 transibat
792 2732 989 2803 negotii
1019 2731 1246 2799 qualitas
1283 2729 1582 2794 audituros,
1619 2738 1674 2784 et
1712 2730 1833 2798 plus

238 2831 419 2886 adhuc
442 2839 779 2885 remanserat
814 2830 867 2884 in
907 2828 1205 2884 reverentia
1238 2826 1461 2897 pulsati,
1488 2841 1647 2897 quam
1688 2834 1834 2880 esset

128 2958 145 2973 ι
242 2926 296 2980 in
330 2925 508 2979 nostri
538 2924 844 2991 integritate
869 2922 1104 2992 collegii.

314 3036 334 3068 ο
367 3017 574 3071 Deinde
605 3031 703 3085 pro
731 3017 1087 3085 quaestionum
1112 3014 1393 3070 tormentis
1416 3014 1778 3070 venerabilem
1802 3017 1822 3046 ‘

245 3110 599 3165 Laurentium
646 3118 701 3164 et
750 3109 964 3164 Petrum
1007 3110 1331 3179 episcopos,
1381 3125 1408 3162 a
1457 3113 1836 3163 communione

245 3219 394 3274 papae
426 3218 490 3259 se
520 3203 870 3272 suspendisse
898 3203 1195 3272 replicatis,
1229 3212 1283 3257 ct
1311 3201 1565 3272 quidquid
1598 3202 1835 3271 providit

1932 2008 2145 2064 papam,
2170 1993 2214 2049 sl
2245 1992 2443 2062 placet,
2468 2007 2650 2048 rursus
2674 1993 2939 2062 appellet;
2966 2002 3020 2049 et
3045 1994 3182 2063 ipse,
3210 1995 3252 2055 si
3280 1995 3523 2062 videtur,

1931 2094 2145 2157 reparet
2173 2083 2371 2154 judicia
2414 2085 2466 2138 in
2500 2084 2853 2150 cpitulatione
2884 2085 3142 2140 damnati.
3188 2085 3323 2143 Ecce
3353 2088 3524 2145 enode

1931 2189 2037 2243 est,
2068 2177 2211 2249 quod
2241 2177 2307 2231 ad
2338 2177 2588 2246 laqueum
2625 2179 2966 2249 prteparastis
3001 2199 3012 2233 :
3041 2178 3139 2237 nisi
3172 2178 3306 2236 forte
3336 2180 3526 2245 arctis-

1933 2275 2085 2330 simis
2124 2275 2175 2329 in
2221 2275 2309 2329 illa
2359 2283 2507 2343 parte
2536 2277 2762 2339 nexibus
2802 2278 3182 2350 astringamur,
3214 2288 3269 2335 et
3297 2281 3527 2349 replica-

1932 2366 2136 2421 tionum
2169 2366 2325 2422 nobis
2354 2367 2542 2424 itinera
2575 2385 2681 2425 non
2708 2379 2983 2441 patescant
3011 2388 3025 2436 ;
3060 2371 3185 2429 dum
3217 2373 3368 2433 callis
3399 2384 3529 2437 ante

1934 2458 2151 2527 pervius
2180 2459 2414 2513 dumetis
2446 2461 2655 2517 novella
2686 2461 3073 2519 interclusione
3104 2465 3350 2523 vestitur.
3391 2451 3394 2454 ’

2014 2571 2032 2603 ι
2063 2552 2154 2606 His
2192 2553 2338 2607 enim
2393 2568 2490 2610 nos
2531 2555 2730 2625 eloquii
2771 2557 3046 2626 vepribus,
3084 2558 3212 2613 dum
3254 2559 3528 2629 gradiatur

1934 2660 2033 2713 per
2070 2644 2247 2714 plana,
2281 2646 2545 2712 retinetis,
2577 2662 2696 2702 cum
2742 2647 2939 2718 dicitis,
2971 2650 3161 2711 laesum
3206 2652 3527 2722 principem,

1938 2750 2104 2804 quare
2131 2736 2152 2765 ⁸
2182 2736 2493 2791 attributum
2526 2738 2879 2805 visitatorem,
2914 2752 3098 2796 contra
3142 2743 3530 2801 ecclesiasticas

1936 2828 2170 2898 regulas,
2198 2830 2370 2899 prima
2404 2832 2670 2891 voluimus
2696 2831 2873 2887 fronte
2901 2832 3175 2890 discedere
3212 2851 3223 2887 :
3267 2854 3285 2888 ι
3314 2844 3367 2891 ct
3398 2835 3529 2895 nihil

1935 2920 2164 2989 amplius
2208 2921 2398 2978 liceret
2443 2922 2587 2978 hunc
2632 2923 2795 2987 vitiis,
2844 2938 2911 2978 ne
2962 2924 3274 2983 duresceret
3320 2926 3529 2994 lolium,

1936 3027 2004 3067 ne
2028 3015 2247 3081 profana
2278 3014 2489 3081 messis,
2524 3015 2671 3068 nulla
2695 3014 2989 3083 disciplina:
3013 3024 3135 3069 ante
3164 3017 3525 3079 maturitatem

1936 3107 2144 3161 succisa
2191 3106 2325 3159 falce
2367 3107 2740 3171 decumberet,
2772 3116 2827 3161 et
2867 3117 3147 3177 putaretur
3180 3108 3345 3165 licere
3388 3110 3531 3181 quod

1936 3198 2146 3271 judices
2176 3213 2279 3253 non
2310 3197 2585 3257 vetabant.
2612 3198 2762 3254 Unde
2801 3215 2865 3254 ex
2908 3206 3095 3271 aperto
3125 3209 3356 3266 constat,
3390 3201 3533 3257 nulla

246 3296 424 3351 cantio
460 3303 907 3361 convocatorum,
953 3294 1144 3349 ducitis
1186 3293 1252 3347 ad
1299 3293 1508 3347 crimen
1545 3292 1789 3363 impetiti.
1814 3312 1831 3343 ι
1866 3282 1914 3346 C
1946 3304 2062 3357 vos,
2098 3298 2252 3344 extra
2287 3292 2651 3360 praestantiam
2688 3292 2911 3361 piissimi
2944 3294 3103 3361 regis,
3145 3309 3302 3363 quam
3334 3294 3533 3352 frustra

247 3389 445 3448 Ullone
490 3405 620 3460 ergo
666 3399 928 3457 tempore,
998 3387 1122 3441 dum
1178 3386 1581 3441 celebrarentur
1642 3387 1709 3441 ab
1757 3385 1841 3441 his

246 3497 405 3540 sacra
456 3482 775 3545 missarum,
812 3494 842 3533 a
887 3479 1116 3545 nominis
1163 3478 1279 3546 ejus
1326 3477 1839 3532 commemoratione

261 3581 540 3629 cessatum
577 3572 691 3627 est?
732 3571 977 3641 Unquam
1028 3585 1125 3639 pro
1164 3568 1445 3625 desideriis
1486 3570 1681 3625 vestris
1725 3570 1841 3623 sine

254 3667 370 3722 ritu
411 3665 673 3725 catholico
716 3675 772 3720 et
815 3677 950 3719 cano
1005 3679 1174 3731 more,
1213 3663 1538 3733 semiplenas
1583 3662 1842 3717 nominati

253 3757 526 3815 antistites
553 3757 757 3812 hostias
783 3756 1133 3811 obtulerunt?
1163 3755 1484 3825 Aliquando,
1509 3756 1649 3827 quod
1678 3755 1843 3825 capiti

253 3858 434 3904 vestro
465 3848 786 3914 ascribatur,
821 3848 960 3903 facta
996 3856 1080 3903 est
1117 3848 1257 3917 apud
1298 3849 1461 3902 Deum
1504 3853 1705 3901 oll‘ensa
1749 3862 1844 3917 per

254 3944 508 4012 gratiam,
533 3952 588 3996 et
608 3941 813 3996 exstitit
839 3941 1017 3996 nutrix
1048 3941 1237 4005 venite,
1277 3940 1477 4010 peccati
1505 3950 1676 3994 mater
1700 3939 1847 3994 obla-

254 4034 376 4090 tio!
417 4033 662 4089 Fuerunt
703 4033 919 4104 quidem
959 4033 1197 4103 corporis
1242 4040 1447 4086 tantum
1486 4029 1845 4086 conventione

255 4125 514 4195 separati,
536 4140 673 4195 quos
694 4122 963 4194 loqueris;
987 4124 1281 4179 animarum
1310 4132 1483 4178 tamen
1507 4122 1844 4193 praesentiam

262 4233 370 4273 non
400 4218 661 4273 vitarunt.
691 4217 749 4272 Si
783 4230 879 4271 eos
914 4226 1069 4285 putas
1097 4230 1128 4269 a
1164 4216 1435 4271 consortio
1459 4225 1642 4268 mutuo
1672 4214 1847 4269 disso-

258 4310 425 4365 ciatos
452 4324 592 4379 quos
621 4307 781 4362 fibula
809 4307 1080 4376 religionis
1122 4306 1210 4375 pio
1240 4304 1491 4360 mordens
1519 4304 1679 4359 dente
1707 4319 1840 4359 con-

260 4404 449 4474 jungit,
479 4402 664 4473 procul
703 4412 756 4458 te
788 4403 857 4456 ab
886 4402 1241 4457 aestimatione
1275 4400 1538 4457 catholica
1569 4400 1847 4471 culparum

262 4494 409 4550 duxit
438 4494 685 4550 affectus.
712 4493 939 4548 Handati
963 4492 1200 4549 caelestis
1227 4492 1483 4549 habitatio
1506 4506 1602 4546 nos
1634 4502 1727 4546 aut
1752 4492 1851 4546 mi-

263 4595 389 4652 scet,
424 4592 525 4640 aut
560 4595 818 4655 separat:
861 4600 967 4640 non
1005 4586 1231 4641 interest
1266 4601 1388 4656 qua:
1434 4584 1850 4640 intervalla'nos

1943 3381 2262 3437 desideratis
2307 3398 2460 3437 noxa:
2505 3384 2767 3455 copulari,
2795 3384 3169 3454 exemplorum
3218 3386 3535 3447 auctoritate

1944 3475 2139 3530 fulciri.
2174 3476 2453 3546 Superest,
2490 3486 2546 3530 ut
2588 3484 2642 3530 et
2688 3476 2859 3545 ipsum
2901 3477 3121 3533 doceam
3156 3477 3206 3533 in
3241 3477 3324 3533 his
3353 3493 3534 3536 exces~

1943 3566 2115 3633 sibus,
2147 3567 2286 3636 quod
2320 3568 2459 3622 bono
2492 3568 2859 3623 universitatis
2891 3570 3115 3647 contigit
3164 3584 3270 3633 non
3315 3572 3484 3627 teneri
3518 3589 3531 3625 :

1944 3661 2063 3727 quia
2106 3660 2363 3725 directum
2404 3677 2507 3716 non
2551 3664 2886 3717 occasionem
2934 3662 3067 3729 litis,
3093 3677 3192 3721 nec
3229 3663 3527 3727 fomentum

1942 3749 2123 3822 iurgii,
2149 3752 2240 3806 sed
2267 3767 2479 3806 causam
2510 3752 2679 3807 voluit
2707 3770 2826 3809 esse
2857 3756 3160 3813 concordia:
3188 3774 3199 3809 :
3230 3756 3535 3827 praevidens

1948 3840 2175 3909 scilicet,
2201 3843 2340 3913 quod
2365 3843 2465 3897 nisi
2490 3844 2787 3913 simplicem
2815 3846 3114 3915 jussionum
3139 3862 3355 3903 suarum
3377 3848 3538 3913 tutela

1947 3935 2194 4004 vallaret,
2228 3935 2335 3990 cito
2366 3936 2418 3993 in
2450 3951 2625 3991 escam
2668 3936 2873 3993 diSsidii
2913 3943 3089 3995 toxica
3127 3949 3305 3996 vestra
3342 3941 3539 4001 subre-

1950 4037 2164 4098 perent.
2196 4029 2465 4098 Scriptum
2500 4040 2581 4086 est
2608 4031 2750 4087 enim
2786 4050 2799 4086 :
2842 4032 2932 4087 Vir
2963 4034 3181 4103 simplex
3210 4036 3372 4091 credit
3402 4037 3540 4092 omni

1948 4119 2094 4172 verbo
2126 4118 2307 4189 (Prov.
2336 4137 2444 4186 xiv,
2484 4122 2592 4193 15).
2635 4122 2840 4179 idcirco
2874 4125 3108 4181 mandati
3142 4126 3367 4183 limitem
3400 4129 3534 4193 fixit,

1950 4226 2110 4281 quem
2144 4213 2286 4266 nulla
2317 4215 2505 4269 liceret
2538 4217 2966 4285 transgressione
2997 4218 3205 4275 violari.
3254 4219 3539 4275 Praefatum

1951 4304 2016 4356 ad
2064 4304 2203 4357 beati
2252 4303 2392 4357 Petri
2443 4304 2751 4369 basilicam,
2797 4322 2922 4363 mox
2976 4308 3200 4364 Romam
3254 4311 3541 4377 perductus

1953 4393 2163 4461 fuisset,
2208 4394 2481 4449 mandavit
2528 4410 2832 4465 occurrere,
2885 4399 3087 4457 faciens
3128 4400 3195 4456 de
3244 4402 3540 4457 sacerdote

1952 4497 2078 4540 voto
2106 4486 2243 4556 regis
2274 4485 2579 4556 imperium.
2614 4488 2744 4557 Quis
2766 4488 2911 4545 enim
2942 4506 3051 4546 non
3081 4499 3291 4560 putaret
3321 4492 3539 4560 pontiﬁ-

1955 4592 2072 4634 cem
2122 4587 2314 4649 sponte
2344 4581 2640 4652 pariturum
2686 4579 2740 4637 in
2783 4597 2843 4638 ea
2885 4591 3035 4654 parte
3062 4598 3216 4653 quam
3248 4582 3412 4638 licere
3441 4584 3542 4640 sibi

334 4700 351 4730 ¹
388 4698 639 4754 Necdum
670 4699 875 4753 haberet
902 4701 1127 4770 synodus
1159 4696 1483 4770 ﬁrmitatem]
1512 4698 1645 4770 Cum
1676 4698 1853 4753 adhuc
1879 4663 1934 4725 Β
1958 4694 2097 4770 cium
2128 4694 2342 4764 aliquod
2383 4694 2559 4770 facere
2599 4695 2932 4770 viderentur,
2967 4695 3034 4770 id
3055 4698 3345 4770 adversarii
3381 4696 3540 4770 aliam

268 4769 457 4825 incerti
491 4771 791 4839 penderent
828 4769 1065 4840 ερὶέρουὶ
1101 4786 1167 4825 an
1196 4769 1551 4841 Symmachus
1582 4769 1850 4841 illamap-

268 4841 570 4961 probasset.
603 4842 755 4909 Quod
788 4842 877 4896 ubi
911 4857 1091 4897 coram
1122 4842 1190 4896 ab
1222 4839 1287 4897 eo
1317 4840 1696 4897 conﬁrmatum
1730 4839 1846 4904 fuit,

315 4929 417 4961 um-
454 4922 513 4961 ut
562 4922 645 4961 est
690 4913 741 4961 in
787 4914 920 4961 actis
953 4912 1165 4961 svnodi-
1211 4928 1370 4961 causa
1420 4912 1481 4961 de
1531 4911 1846 4961 sacerdotum

315 4929 417 4978 um,
454 4922 513 4965 ut
562 4922 645 4965 est
690 4913 742 4967 in
787 4914 920 4984 actis
953 4912 1165 4984 synodi,
1211 4928 1370 4984 causa
1420 4912 1481 4965 de
1531 4911 1854 4984 sacerdotum

270 4985 449 5035 animi:
471 4999 588 5053 qua:
608 4984 671 5036 de
702 4982 915 5037 concilio
936 4982 1162 5035 nandum
1186 4983 1390 5051 ﬁrmato
1421 4983 1679 5037 tristitiam
1702 4982 1855 5034 mini-

273 5054 490 5117 strabat,
530 5054 758 5107 abscissa
804 5064 898 5108 est.
948 5054 1265 5109 Sentiebant
1312 5056 1563 5107 nimirum
1616 5055 1852 5121 episcopi

274 5125 550 5183 concilium
588 5126 691 5180 hoc
717 5124 835 5181 sine
855 5125 1123 5196 pontificis
1148 5139 1373 5196 assensu
1405 5135 1579 5179 ratum
1605 5137 1858 5196 essenon

277 5208 445 5261 posse.
471 5196 625 5267 Quod
666 5197 839 5267 ipsum
861 5195 1072 5265 tamen,
1103 5196 1196 5253 sed
1225 5195 1450 5265 frustra,
1485 5195 1859 5267 improbabant

277 5267 617 5322 sebismatici.
1040 5334 1041 5337 η

310 5339 363 5377 -¹
402 5337 741 5393 Laurentium
780 5350 828 5411 at
874 5338 1084 5394 Petrum
1132 5338 1719 5411 episcoposiQuorum
1770 5337 1858 5391 hic

278 5406 582 5483 Bavennas,
625 5411 721 5466 ille
774 5406 1222 5483 Mediolanensis,
1271 5406 1463 5483 synodi
1522 5410 1703 5483 ambo
1743 5424 1857 5483 mo-

276 5478 545 5555 deratores
565 5496 630 5537 ac
662 5483 924 5553 praesides
958 5483 1143 5555 {quod
1168 5478 1440 5538 declarant
1470 5480 1660 5555 synodi
1693 5480 1860 5550 ipsius

271 5551 711 5633 subscriptiones,
738 5564 793 5608 et
818 5551 1303 5633 Theoderici-regis
1327 5554 1395 5633 ad
1415 5552 1681 5623 synodum
1697 5567 1855 5633 prec-

271 5623 446 5702 ceptio
471 5641 591 5708 quae
616 5625 934 5708 Laurentio,
964 5624 1325 5708 Marcelliano,
1362 5626 1519 5708 Retro
1544 5638 1605 5677 ac
1626 5623 1856 5708 reliquis

268 5694 528 5765 eriscopis
578 5697 839 5767 inscripta
887 5707 988 5751 est.
1036 5698 1142 5752 Sed
1200 5696 1573 5750 Marcellianus
1625 5694 1854 5748 Palinuri

266 5770 545 5839 genventui
591 5784 700 5823 non
750 5767 1011 5822 interfuit.
1052 5767 1203 5839 Quod
1248 5781 1375 5839 vero
1404 5767 1591 5839 studio
1634 5773 1855 5839 egerant

270 5832 579 5895 Laurentius
607 5849 664 5896 et
704 5839 929 5905 Petrus,
962 5849 1019 5892 ut
1047 5832 1417 5908 a'Symmachi
1462 5832 1855 5908 consuetudine

262 5917 387 5964 ante
414 5910 597 5979 iudicii
638 5911 1088 5980 disceptationem
1120 5911 1470 5978 abstinerent,
1502 5924 1567 5963 ne
1600 5907 1857 5976 pra'judi‘

1956 4769 2033 4847 in.
2060 4775 2264 4847 partem
2316 4765 2617 4834 rapiebant,
2655 4766 2916 4847 quasi.de
2950 4767 3175 4847 objectis
3216 4768 3541 4847 Symmacho

1957 4837 2272 4892 criminibus
2332 4847 2668 4906 compertum
2736 4837 2865 4906 ipsis
2940 4837 3384 4910 exploratumque
3433 4841 3599 4912 jam.

1959 4918 2122 4963 εςεθι.

2034 4977 2053 5011 ³
2092 4980 2222 5048 Syn.
2257 4978 2466 5035 Sardic.
2495 4994 2615 5047 cap.
2650 4980 2701 5033 5.

2032 5049 2054 5079 δ
2092 5048 2763 5122 Attributumuisitatorem]
2797 5049 3011 5122 Petrum
3050 5052 3359 5122 episcopum
3410 5055 3548 5111 Alti-

1966 5121 2254 5194 nalcnrqui
2288 5137 2320 5194 ag
2348 5120 2681 5194 Theoderico
2712 5120 2854 5191 rege,
2892 5120 3253 5194 flagitantibus
3283 5126 3543 5182 schisma-

1966 5193 2085 5267 ticis
2119 5192 2371 5267 Ecclesia:
2406 5192 2658 5246 Romana:
2689 5205 2884 5260 praeter
2924 5192 3002 5246 fas
3051 5211 3365 5267 moremque
3392 5199 3546 5252 datus

1964 5265 2141 5320 fuerat
2167 5263 2430 5330 visitatur,
2465 5277 2624 5330 quem
2652 5274 2936 5332 propterea
2966 5263 3294 5333 submoveri,
3329 5278 3385 5321 ut
3424 5280 3548 5322 ante

1965 5336 2167 5407 diczum
2216 5334 2668 5407 est,p0stulabat
2702 5335 3081 5405 Symmachus.
3130 5341 3261 5392 Acta
3309 5340 3544 5407 synodi:

1968 5406 2198 5474 Sperans
2225 5412 2275 5457 ut
2308 5405 2540 5461 uisitator
2568 5408 2656 5472 qui
2686 5418 2862 5478 contra
2894 5410 3209 5478 religionem,
3233 5405 3409 5460 contra
3439 5419 3546 5458 sta-

1967 5486 2076 5551 tula
2108 5484 2356 5551 ueterum,
2395 5485 2574 5551 contra
2619 5476 2826 5547 regulus
2864 5476 3117 5551 majorum
3140 5518 3154 5541 ,
3188 5494 3219 5529 α
3255 5486 3397 5551 parte
3429 5479 3549 5551 clrri

1964 5547 2041 5601 vel
2086 5547 2340 5613 aliquibus
2388 5547 2531 5600 laici:
2579 5551 2748 5611 fuerat
2790 5547 3101 5615 postulatus,
3131 5563 3194 5600 ra:
3232 5548 3551 5604 ordinatione

1962 5618 2271 5681 antistitum,
2313 5618 2693 5690 sicutdecebat
2734 5629 2966 5674 sanctum
3008 5619 3348 5690 propositum,
3383 5623 3549 5690 prima

1962 5693 2131 5758 fronte
2178 5690 2391 5743 cederet.
2446 5688 2515 5743 At
2557 5690 2831 5761 Ennodius
2877 5688 3197 5761 nonhsolumi
3240 5688 3549 5761 Symmachi

1961 5761 2307 5822 desiderium,
2341 5771 2395 5814 ut
2418 5761 2778 5830 mqttissitnum
2804 5759 3040 5813 defendit
3072 5760 3201 5814 :sod
3232 5759 3550 5821 Theoderici

1962 5833 2120 5905 etiam
2156 5831 2385 5895 factum,
2416 5833 2565 5905 quasi
2601 5830 2931 5901 Symmacho
2958 5831 3055 5899 ipsi
3089 5832 3384 5889 visitatoris
3418 5853 3547 5905 ντιυτ

1963 5903 2133 5957 scotia
2162 5906 2443 5957 consulere
2476 5903 2725 5968 voluerit,
2762 5916 3023 5959 excusare
3054 5914 3301 5959 conatur.
