4192 6260
648 380 745 437 I99

1750 350 2023 454 annona
2061 388 2369 446 EPISCOPI
2410 392 2780 453 TlClNENSlS

3809 374 3983 462 soo'

646 499 895 568 princeps
918 512 1022 553 non
1044 497 1290 564 credidit,
1309 497 1469 554 etiam
1494 500 1540 555 si
1566 504 1806 558 vetaret?
1834 504 2016 574 Ibique
2038 520 2228 576 papam
2256 509 2310 568 Α
2339 521 2580 564 errorum
2608 520 2905 567 vestrorum
2934 516 3172 568 sectator
3195 524 3316 567 esse
3345 510 3659 581 desisteret;
3684 514 3728 569 si
3758 530 3912 572 reve-

644 593 712 647 ab
740 607 803 647 eo
830 592 1115 647 salutatum
1146 606 1244 647 suo
1277 607 1372 649 ore
1397 592 1556 663 jussit
1583 594 1756 659 ati‘ari,
1782 606 1837 650 ut
1868 597 2103 653 traderet
2130 613 2221 653 co-

642 684 898 753 episcopo
957 686 1253 754 mancipla,
1289 685 1305 715 ³
1341 685 1504 741 nullis
1562 687 1835 743 subdenda
1897 692 2216 757 tormentis;

641 776 902 832 servanda
936 776 1177 845 profecto
1211 776 1277 833 ad
1304 778 1747 848 disceptationem
1790 782 2063 852 synodalis
2095 798 2221 838 exa-

638 868 813 923 minis.
858 867 902 923 O
929 869 1227 924 castitatem
1269 871 1543 940 praecepti,
1568 887 1688 940 qua:
1719 872 1844 926 dum
1877 872 2048 928 facem
2081 890 2217 943 prae-

636 959 874 1015 sentibus
905 958 1122 1029 praefert
1154 961 1507 1031 temporibus,
1540 963 1593 1015 in
1638 963 1880 1017 umbram
1906 966 2049 1035 cogit
2077 964 2218 1019 anti-

635 1051 770 1117 qua!
804 1065 921 1119 quae
964 1050 1099 1121 rapit
1137 1052 1314 1105 lumen
1346 1051 1619 1106 veteribus
1658 1052 1994 1122 inauspicato
2029 1052 2215 1122 splen-

634 1143 766 1197 dore
818 1144 1095 1198 novitatisl
1141 1139 1270 1211 Qui's
1318 1144 1493 1199 taliter
1540 1146 1923 1199 commentitiis
1973 1130 2217 1200 laudibu’s

592 1260 597 1261 ν
636 1235 985 1305 locupletavit
1014 1236 1151 1290 fama
1188 1237 1464 1291 dominum
1493 1246 1707 1292 actuum
1741 1252 1959 1292 suorum
1991 1238 2217 1293 veritate

636 1329 986 1384 mendicum?
1029 1327 1145 1383 Non
1178 1330 1379 1397 derogo
1405 1329 1557 1384 vobis
1585 1330 1651 1385 de
1674 1330 2047 1400 scriptoribus,
2077 1345 2219 1399 quo-

634 1436 749 1475 rum
783 1420 1045 1475 beneficio
1074 1422 1298 1490 contigit
1322 1430 1506 1475 ornata
1535 1421 1602 1475 ad
1644 1437 1743 1476 nos
1775 1423 2038 1491 majorum
2070 1431 2215 1491 gesta

635 1514 850 1580 perduci
886 1532 896 1565 :
933 1513 1028 1568 sed
1073 1512 1165 1568 Dei
1204 1513 1460 1568 beneficia
1501 1529 1607 1568 non
1649 1514 1834 1569 tacebo
1871 1514 2037 1584 :quia
2069 1514 2215 1581 prin-

634 1618 761 1674 ceps
801 1614 983 1659 noster
1029 1604 1190 1660 rebus
1233 1614 1448 1673 superat
1489 1606 1685 1659 decora
1731 1620 2060 1660 sermonum.
2106 1604 2217 1659 Ob-

636 1695 851 1751 noxiam
889 1695 1083 1766 linguis
1124 1698 1350 1766 gloriam
1380 1696 1704 1751 venerabilis
1734 1711 2016 1751 causarum
2061 1697 2229 1777 truti-v

634 1798 790 1844 nator
833 1788 1065 1859 inspexit
1112 1806 1126 1842 :
1167 1798 1225 1843 ut
1273 1805 1392 1843 cum
1447 1789 1692 1857 petitioni
1747 1800 1947 1845 vestra:
1994 1788 2214 1843 effectus

635 1881 828 1938 artifex
859 1889 1225 1951 priestaretur,
1256 1884 1308 1936 in
1333 1883 1583 1937 omnibus
1606 1892 1781 1938 tamen
1810 1883 1929 1952 jura
1960 1884 2216 1937 ecclesia-
2244 1884 2295 1945 B

634 1975 765 2029 stica
795 1974 1107 2029 custodiret.
1137 1976 1266 2040 Quae
1304 1975 1369 2029 ad
1410 1975 1547 2028 lizinc
1575 1975 2006 2041 aestimationem,
2033 1990 2216 2044 quam-

638 2068 717 2123 vis
748 2068 989 2123 acutiora
1015 2066 1225 2123 caeteris
1253 2067 1435 2135 corda,
1467 2068 1768 2122 sufficiunt?
1798 2083 1903 2121 uno
1952 2076 2211 2136 tempore,

634 2175 737 2214 una
771 2160 1081 2230 scriptione,
1114 2161 1229 2215 sine
1266 2160 1532 2229 aequitatis
1572 2159 1915 2225 detrimento,
1949 2159 2212 2215 desideria

633 2261 807 2306 vestra
840 2251 1175 2321 supplentur,
1203 2250 1475 2305 eteadem
1515 2251 1696 2305 charta
1733 2251 1799 2305 ad
1849 2251 2204 2307 ministerium

631 2342 924 2410 religionis,
957 2352 1009 2397 et
1035 2354 1284 2412 ,vestrum
1321 2342 1619 2397 destinatur
1648 2342 1711 2397 ad
1754 2342 2028 2411 gaudium.
2069 2344 2207 2399 Boni

631 2434 774 2489 enim
808 2432 1077 2504 principis
1124 2434 1370 2503 praevidit
1412 2434 1709 2503 inquisitio,
1739 2434 1988 2489 servilem
2037 2450 2213 2490 asser-

632 2527 833 2584 tionem
882 2529 1153 2584 innocenti
1199 2530 1447 2584 examine
1487 2545 1592 2583 non
1640 2528 1990 2599 probandam.
2019 2529 2079 2600 in
2105 2531 2213 2586 ele-

631 2621 811 2677 ctione
838 2619 981 2677 enim
1011 2620 1442 2676 venerandorum
1470 2620 1710 2690 judicum
1742 2622 1857 2691 ipse
1897 2632 2211 2679 accusantes

629 2722 781 2769 extra
828 2714 1071 2770 ordinem
1115 2715 1329 2785 repulit,
1363 2714 1478 2784 ipse
1508 2715 1574 2770 ad
1616 2729 1770 2786 spem
1818 2718 1999 2771 retulit
2047 2732 2209 2773 accu-

629 2815 825 2863 satum.

701 2902 989 2957 Videamus
1013 2910 1191 2957 tamen
1224 2902 1323 2958 ista
1352 2903 1397 2957 si
1429 2906 1563 2959 facta
1589 2912 1715 2961 sunt
1748 2923 1761 2959 :
1792 2905 1836 2960 si
1865 2905 1958 2960 Dei
1986 2905 2208 2971 inimici,

628 2996 786 3051 etiam
829 2996 1031 3050 terreni
1071 2996 1277 3051 domini
1308 3012 1412 3052 non
1454 2997 1632 3053 fuistis
1652 3000 1677 3067 ,λ
1696 2999 1821 3054 dum
1854 3000 2124 3055 Christum
2154 3010 2209 3057 et

627 3103 807 3160 regem
848 3090 1003 3160 parili
1036 3090 1335 3146 temeritate
1364 3092 1665 3161 despicitis,
1696 3104 1749 3148 et
1787 3109 1924 3148 unus
1952 3094 2102 3148 vobis
2141 3094 2209 3148 ad

628 3191 906 3252 utramque
933 3185 1315 3238 contumeliam
1344 3182 1535 3239 ductus
1565 3195 1648 3240 est
1688 3185 1995 3240 criminum.
2030 3185 2210 3240 Desti-

629 3287 783 3333 natus
813 3280 1040 3332 antistes
1076 3280 1142 3334 ab
1174 3280 1290 3347 ipso
1320 3281 1655 3350 complenda:
1690 3283 1947 3350 jussionis
1977 3283 2209 3338 conﬁnio
2233 3267 2284 3335 C

632 3371 742 3424 oris
782 3371 946 3424 vestri
983 3371 1141 3439 spiris
1183 3371 1466 3439 abripitur,
1497 3382 1551 3427 et
1574 3374 1639 3426 ad
1670 3374 1995 3428 incentivam
2022 3377 2212 3435 conlu-

630 3461 791 3517 tionis
816 3470 1047 3531 aptatur,
1078 3463 1167 3531 qui
1201 3463 1315 3530 paci
1348 3463 1670 3519 militaturus
1697 3466 2213 3524 adveneratJnrisis

630 3552 770 3608 beati
811 3552 1053 3621 Apostoli
1096 3552 1371 3608 liminibus
1402 3554 1468 3609 ad
1500 3570 1652 3610 usum
1683 3554 1883 3612 furoris
1914 3558 2075 3612 vestri
2103 3559 2214 3625 jam

629 3642 838 3697 nescius
868 3642 948 3696 sui
980 3640 1297 3708 advoczttur;
1328 3652 1383 3698 et
1412 3644 1541 3699 illud
1571 3646 1710 3715 quod
1740 3660 1804 3701 ex
1849 3648 2216 3702 omnibus‘or—

628 3733 709 3788 bis
741 3732 1047 3788 cardinibus
1072 3733 1293 3789 devotos
1322 3736 1566 3801 attrahit,
1596 3737 1827 3806 positum
1861 3739 1911 3791 in
1940 3738 2213 3794 vicinitate

629 3824 904 3877 transitur.
940 3822 1299 3880 Ecclesiarum
1325 3824 1729 3881 fundamentum
1770 3827 1920 3883 adire
1951 3843 2055 3885 non
2088 3843 2214 3897 per-

629 3912 857 3968 mittitur
907 3924 1169 3970 structura
1222 3916 1504 3972 mediocris
1538 3936 1548 3969 :
1580 3926 1704 3974 tunc
1755 3934 1903 3987 Spem
1952 3921 2210 3976 bonorum

629 4002 894 4058 fructuum
926 4004 1155 4073 perdidit
1182 4020 1211 4058 a
1238 4006 1418 4061 radice
1448 4018 1744 4076 separatus.
1776 4010 1796 4040 ¹
1830 4010 2028 4064 Dicatis
2056 4011 2215 4066 forsi-

629 4103 735 4160 tan,
779 4094 1023 4163 Apostoli
1067 4096 1223 4166 genio
1271 4097 1510 4167 decerpi,
1559 4100 1602 4154 si
1649 4108 1864 4169 putatur
1910 4102 2032 4157 coeli
2076 4103 2212 4158 civis

630 4194 890 4240 terrarum
935 4186 1063 4241 locis
1108 4187 1324 4242 includi.
1359 4188 1560 4245 Tamen
1618 4193 1858 4260 quamvis
1915 4194 2213 4249 benedicuo

630 4278 975 4348 poscentibus
1002 4279 1195 4347 ubique
1229 4292 1523 4349 praeStetur,
1560 4292 1614 4338 et
1655 4286 1834 4355 exigat
1863 4288 2203 4356 praesentiam

630 4370 879 4438 martyris
932 4369 1066 4425 tides
1108 4378 1163 4425 et
1208 4371 1425 4428 devotio
1455 4375 1845 4444 supplicantis:
1889 4378 2073 4448 negari
2107 4393 2209 4432 non

629 4468 822 4529 potest,
852 4459 1139 4531 diligentiae
1169 4464 1326 4517 natali
1357 4464 1473 4519 solo
1507 4467 1624 4534 plus
1657 4467 1836 4537 tribui,
1866 4471 2209 4537 et'majorem

629 4548 872 4605 affectum
906 4552 1018 4606 loca
1047 4553 1353 4622 impetrare,
1386 4553 1453 4609 de
1475 4557 1665 4624 quibus
1689 4558 1754 4611 ad
1789 4573 2018 4627 superna
2039 4569 2212 4617 trans-

632 4640 759 4696 itur.
802 4644 970 4709 Quam
1014 4644 1171 4700 tidem
1209 4647 1513 4717 allegationi
1553 4651 1883 4705 curationum
1924 4654 2209 4710 multitudo
2236 4647 2289 4709 Ῑ)

630 4733 739 4805 jam
771 4740 1051 4807 praestitit?
1077 4749 1130 4795 et
1159 4742 1355 4796 utimur
1386 4754 1503 4812 post
1530 4743 1861 4800 obsidionem
1892 4747 2210 4805 diabolicam

633 4828 860 4884 testibus
903 4832 1013 4901 jam
1065 4835 1285 4888 sanatis.
1330 4834 1454 4890 Haec
1501 4835 1623 4890 licet
1662 4852 1757 4907 per
1796 4838 2207 4910 Redemptorem

612 4926 877 4974 ‘nostrum
924 4924 976 4976 in
1021 4933 1131 4979 toto
1169 4928 1299 4982 orbe
1332 4927 1673 4983 celebrentur
1705 4946 1719 4983 :
1757 4939 1841 4984 est
1878 4944 2057 4987 tamen
2104 4949 2211 4989 non

632 5009 837 5065 modica
867 5017 1198 5071 monumenti
1228 5018 1368 5073 illius
1398 5034 1489 5089 per
1514 5016 1872 5089 frequentiam
1904 5034 2211 5091 comparata

632 5104 880 5161 nobilitas
913 5125 928 5165 :
959 5111 1080 5178 quia
1121 5124 1218 5179 per
1261 5127 1381 5167 eum
1428 5114 1519 5183 qui
1564 5113 1839 5169 hominem
1890 5117 2111 5171 mutavit
2152 5118 2206 5172 in

633 5200 900 5270 angelum,
930 5199 1182 5257 illustrari
1212 5206 1382 5274 potuit
1412 5216 1602 5263 natura
1636 5208 1861 5263 telluris.
1899 5207 2046 5264 Hanc
2075 5211 2207 5266 visi-

635 5296 787 5350 tatori
831 5278 1010 5350 vestro
1062 5295 1325 5351 invidistis
1372 5300 1637 5369 gratiam,
1691 5301 2021 5357 aestimantes
2082 5306 2207 5374 quia

1492 5398 1517 5421 ιο

703 5437 720 5469 ¹
761 5436 938 5519 Nullis
980 5439 1237 5519 tormentis
1266 5440 1555 5515 subdenda]
1596 5445 1672 5500 Ac
1699 5445 1924 5519 proinde
1952 5446 2208 5519 Symma-

631 5509 756 5578 cho,
786 5522 839 5566 et
869 5511 913 5565 si
946 5521 1133 5566 contra
1168 5512 1338 5580 ipsum
1376 5509 1727 5580 testarentur,
1762 5518 1892 5571 nihil
1914 5509 2162 5575 obfutura
2197 5538 2208 5575 :

632 5581 755 5658 quia
783 5597 885 5636 non
920 5583 1217 5658 ignorabat,
1261 5591 1319 5637 nt
1345 5599 1465 5658 mox
1494 5585 1654 5654 dicet,
1688 5588 2072 5658 Theodericus,
2104 5607 2210 5645 ser-

631 5652 779 5729 uilem
811 5652 1427 5729 as_sertionem_iunocenti
1453 5652 1685 5729 eaantine
1722 5676 1821 5713 non
1866 5652 2202 5729 probandam.

634 5720 708 5844 ita
745 5725 877 5792 regii
918 5726 1167 5797 praecepti
1196 5726 1445 5782 invidiam
1487 5726 1586 5782 hac
1614 5729 1773 5785 etiam
1804 5720 2035 5802 in'parte
2060 5748 2208 5787 amo-

655 5805 671 5843 ι
696 5806 778 5844 ur.

655 5800 778 5844 illll'.

702 5859 723 5893 ³
751 5859 950 5917 Dicatis
974 5866 1221 5938 forsitan]
1252 5868 1421 5927 Locus
1454 5870 1674 5942 ins‘guis
1699 5871 1764 5927 ad
1797 5888 1889 5929 eos
1921 5876 2201 5933 revincen—

2323 605 2503 659 rendae
2546 607 2805 676 passionis
2855 607 3147 677 penetralia
3194 607 3528 677 contigisset.
3598 607 3740 664 Ecce
3795 625 3903 667 non

2322 694 2528 753 habetis
2576 699 2626 752 in
2667 700 2810 769 regia
2856 700 3171 755 auctoritate
3212 699 3511 755 subsidium
3551 716 3563 752 :
3607 714 3733 755 ecce
3782 712 3902 771 post

2320 794 2597 849 caelestem
2657 797 3072 853 commotionem
3129 796 3275 867 juste
3329 812 3425 853 vos
3481 806 3537 855 et
3589 800 3903 871 principalis

2321 905 2478 960 quam
2510 890 2693 958 sperni
2720 891 2945 955 fecistis,
2977 906 3205 946 censura
3230 891 3495 961 percellit.

2392 981 2679 1037 Videamus
2715 984 2760 1038 si
2802 996 3052 1053 superest
3074 985 3249 1054 aliqua
3280 984 3349 1039 de
3386 983 3616 1054 regulari
3660 988 3911 1055 proposi-

2322 1073 2470 1129 tione
2500 1074 2764 1129 defensio.
2824 1094 2843 1126 ι
2878 1075 3225 1143 Visitatores,
3258 1076 3540 1145 inquiunt,
3568 1084 3622 1131 et
3647 1078 3769 1134 aliis
3801 1080 3912 1149 epi-

2318 1167 2500 1234 sc0pis
2532 1167 2647 1237 ipse
2673 1167 2841 1234 dedit.
2876 1180 2930 1224 et
2953 1169 3153 1239 justum
3187 1179 3292 1237 est,
3322 1178 3382 1225 ut
3412 1171 3533 1225 facti
3567 1173 3649 1226 sui
3688 1173 3803 1244 lege
3833 1183 3912 1230 te-

2318 1270 2530 1314 neatur.
2555 1278 2572 1311 »
2610 1260 2724 1315 Νοη
2747 1276 2841 1316 vos
2872 1262 2923 1316 in
2952 1262 3054 1317 hoc
3087 1262 3242 1318 titulo
3270 1262 3516 1318 falsitatis
3546 1264 3757 1321 incesso
3783 1285 3795 1319 :
3820 1268 3911 1327 diu

2320 1352 2615 1408 mendaciis
2642 1352 2970 1411 adhaerentia
2998 1357 3162 1411 verba
3194 1371 3301 1411 non
3332 1372 3517 1428 arguo.
3552 1358 3680 1413 Dico
3710 1369 3910 1428 tamen,

2317 1445 2543 1500 latorem
2579 1445 2716 1515 juris
2759 1446 3091 1502 definitionis
3136 1464 3269 1514 suae,
3318 1448 3419 1503 nisi
3470 1450 3614 1513 velit,
3668 1451 3912 1527 terminis

2318 1551 2423 1591 non
2463 1537 2693 1602 includi;
2719 1547 2772 1592 et
2799 1539 2901 1594 nisi
2927 1539 3174 1609 princeps
3202 1540 3391 1611 fastigii
3422 1556 3631 1597 summa
3658 1544 3912 1600 modere-

2319 1636 2424 1691 tur,
2460 1628 2658 1682 frustra
2687 1629 2753 1683 ad
2788 1630 2917 1685 illud
2947 1631 3090 1701 quod
3122 1631 3360 1695 dederit,
3390 1631 3480 1701 jus
3509 1642 3745 1689 vocatur.
3800 1634 3910 1691 Lex

2319 1721 2600 1791 probitatis
2626 1733 2679 1777 et
2700 1725 2898 1779 mentis
2925 1733 3030 1792 est,
3058 1740 3178 1794 qua:
3206 1726 3476 1781 hominem
3499 1727 3767 1783 viventem
3795 1729 3909 1786 sine

2318 1812 2438 1882 lege
2466 1815 2689 1884 castigat
2719 1832 2734 1874 :
2770 1816 2988 1886 proprie
3017 1819 3258 1873 moribus
3288 1820 3572 1889 impendit,
3602 1822 3690 1891 qui
3721 1838 3909 1879 neces-

2320 1907 2465 1961 sitati
2503 1923 2606 1962 non
2637 1907 2800 1964 debet
2828 1909 3193 1980 disciplinam.
3225 1912 3246 1942 ⁸
3275 1912 3517 1968 Aliorum
3558 1913 3694 1970 forte
3728 1916 3909 1972 homi-

2321 2012 2446 2052 num
2488 2014 2680 2054 causas
2708 2000 2850 2055 Deus
2884 2000 3118 2057 voluerit
3164 2018 3259 2072 per
3297 2002 3543 2059 homines
3576 2008 3865 2062 terminare
3893 2026 3907 2061 :

2319 2088 2413 2143 sed
2446 2089 2596 2144 istius
2623 2092 2903 2159 praesulem
2942 2108 3062 2159 suo,
3096 2095 3216 2149 sine
3254 2096 3574 2165 qumstione,
3611 2101 3910 2154 reservavit

2317 2181 2563 2237 arbitrio.
2592 2181 2773 2237 Voluit
2798 2183 2937 2239 beati
2962 2185 3107 2240 Petri
3133 2187 3362 2255 apostoli
3395 2202 3740 2269 succgssores
3767 2190 3910 2245 celo

2318 2282 2518 2328 tantum
2537 2274 2733 2330 debere
2758 2275 3135 2344 innocentiam,
3161 2288 3217 2334 et
3231 2279 3569 2335 subtilissimi
3588 2280 3909 2338 discusseris

2320 2365 2556 2436 indagini
2600 2368 2906 2423 inviolatam
2958 2369 3215 2425 exhibere
3267 2372 3673 2428 conscientiam.
3730 2373 3910 2431 Nolite

2316 2460 2589 2515 aestimare
2624 2475 2718 2516 eas
2757 2462 2963 2517 animas
3002 2462 3070 2517 de
3115 2463 3519 2532 inquisitoribus
3559 2480 3666 2520 non
3707 2466 3909 2523 habere

2315 2555 2682 2623 formidinem,
2725 2572 2857 2627 quas
2899 2557 3041 2613 Deus
3082 2573 3190 2627 prae
3229 2559 3439 2614 caeteris
3477 2574 3576 2615 suo
3617 2562 3911 2617 reservavit

2314 2647 2571 2702 examini.
2616 2647 2732 2704 Non
2767 2648 2928 2706 habet
2964 2648 3105 2720 apud
3140 2651 3291 2705 illum
3329 2666 3452 2706 reus
3482 2651 3549 2707 de
3573 2652 3908 2723 allegationis

2314 2739 2488 2795 nitore
2523 2740 2853 2809 subsidium,
2893 2742 3106 2812 quando
3147 2744 3263 2814 ipso
3306 2744 3568 2799 factorum
3607 2746 3779 2800 utitur
3829 2756 3907 2802 te-

2314 2843 2416 2896 ste,
2464 2847 2571 2903 quo
2597 2834 2798 2903 judice.
2835 2835 2989 2890 Dicas
3030 2835 3280 2905 fortisan,
3324 2838 3564 2892 omnium
3610 2840 3907 2893 animarum

2314 2923 2435 2978 talis
2482 2925 2585 2980 erit
2635 2926 2688 2980 in
2737 2927 2825 2980 illa
2865 2927 3257 2997 disceptatione
3301 2928 3561 2984 conditio.
3612 2929 3904 2999 Replicabo

2313 3015 2404 3068 uni
2435 3015 2637 3069 dictum
2665 3034 2677 3068 :
2706 3015 2782 3070 Tu
2808 3034 2858 3071 es
2880 3018 3087 3085 Petrus,
3111 3028 3157 3073 et
3186 3034 3339 3088 super
3369 3022 3498 3074 hanc
3527 3030 3724 3086 petram
3740 3021 3908 3089 (ediﬁ-

2314 3110 2437 3161 eabo
2460 3108 2744 3164 Ecclesium
2778 3128 2946 3165 meam
2971 3110 3185 3182 (Matth.
3208 3124 3318 3182 xw,
3345 3112 3453 3183 l8);
3482 3123 3558 3179 et,
3584 3114 3907 3183 Quazcunque

2312 3202 2522 3256 solveris
2543 3190 2694 3272 super
2718 3214 2923 3270 terram,
2947 3216 3093 3260 erunt
3108 3208 3272 3260 soluta
3292 3215 3337 3259 et
3365 3209 3416 3260 in
3432 3208 3557 3261 ctelo
3579 3205 3867 3279 (lbid.,19)
3887 3224 3903 3273 ;

2316 3303 2369 3346 et
2394 3300 2580 3349 rursus
2602 3306 2910 3351 sanctorum
2932 3311 3065 3353 voce
3086 3298 3395 3367 pontiﬁcum
3424 3296 3736 3369 dignitatem
3758 3299 3905 3354 sedis

2315 3383 2430 3453 ejus
2455 3386 2646 3439 factam
2675 3396 2789 3442 toto
2816 3388 2946 3443 orbe
2978 3388 3363 3454 venerabilem,
3392 3388 3518 3445 dum
3549 3390 3622 3444 illi
3650 3388 3906 3460 quidquid

2317 3473 2554 3529 fidelium
2583 3487 2684 3544 est,
2715 3478 2913 3546 ubique
2937 3479 3287 3553 submittitur,
3316 3479 3441 3535 dum
3476 3482 3636 3535 totius
3661 3481 3904 3551 corporis

2236 3634 2243 3637 1
2315 3576 2474 3636 caput
2504 3583 2625 3624 esse
2651 3570 2960 3641 designatur
2990 3590 3009 3638 ;
3039 3572 3105 3627 de
3135 3588 3237 3642 qua
3278 3573 3410 3628 mihi
3452 3572 3666 3629 videtur
3701 3574 3903 3629 dictum

2316 3674 2412 3729 per
2441 3662 2755 3732 prophetam
2787 3682 2799 3717 :
2833 3664 2895 3720 Si
2924 3667 3031 3720 hwc
3060 3668 3383 3734 humiliatur,
3425 3666 3493 3720 ad
3520 3669 3667 3737 cujus
3696 3668 3907 3738 fugietis

2315 3752 2589 3820 auxilium,
2622 3764 2670 3809 et
2717 3755 2802 3809 ubi
2840 3758 3135 3828 relinquetis
3164 3759 3384 3830 gloriam
3417 3768 3631 3815 vestram
3657 3757 3811 3829 (Isai.
3843 3774 3902 3830 ι,

2316 3843 2411 3914 5)?

2386 3937 2522 4004 Quid
2548 3939 2592 3993 si
2620 3940 2892 3996 immunda
2918 3941 3049 3996 mihi
3082 3942 3220 3997 labia
3246 3942 3483 4011 babenti,
3508 3938 3564 4000 et
3587 3942 3753 3997 nullis
3781 3956 3902 3997 suc-

2314 4030 2461 4086 censi
2483 4031 2755 4098 carbonis,
2786 4042 2843 4088 ut
2867 4032 3018 4089 Isaia:
3043 4049 3354 4091 concessum
3380 4044 3483 4102 est,
3514 4035 3672 4090 undis
3698 4035 3898 4098 abluta,

2313 4122 2489 4190 ipsum
2517 4122 2584 4177 ad
2617 4125 2976 4192 possessionis
3006 4141 3117 4181 suae
3150 4127 3347 4183 tuenda
3377 4127 3657 4196 privilegia
3686 4126 3903 4183 Petrum

2314 4215 2617 4283 apostolum
2664 4216 2851 4272 liceret
2895 4233 3142 4285 evocare,
3193 4228 3248 4274 et
3291 4219 3433 4290 quod
3480 4219 3591 4289 agit
3631 4218 3900 4288 precibus,

2317 4308 2548 4362 humana
2578 4322 2715 4364 voce
2744 4309 3093 4379 loqueretur?
3122 4325 3281 4381 quem
3308 4313 3351 4365 si
3378 4310 3659 4374 audiretis,
3694 4308 3794 4363 hoc
3822 4308 3901 4363 di-

2317 4410 2462 4455 ceret
2489 4418 2500 4451 :
2532 4399 2662 4455 Filii
2688 4400 2975 4473 hominum,
3005 4419 3264 4474 usquequo
3292 4420 3469 4474 graves
3490 4404 3751 4457 corde?ut
3777 4401 3902 4471 quid

2315 4494 2530 4564 diligitis
2556 4496 2826 4550 vanitatem
2845 4507 2893 4551 et
2917 4498 3145 4567 quwritis
3170 4498 3534 4551 mendacium?
3558 4496 3754 4551 Scitote
3775 4510 3904 4564 quo-

2317 4587 2455 4639 niam
2486 4587 2775 4656 miriﬁcavit
2802 4589 3053 4644 Dominus
3077 4599 3310 4644 sanctum
3333 4607 3479 4645 suum
3508 4588 3679 4661 (Psal.
3711 4595 3788 4653 iv,
3820 4586 3900 4657 3).

2313 4681 2450 4746 Quid
2497 4682 2731 4738 stabilita
2771 4683 2971 4738 Christi
3017 4686 3267 4741 manibus
3311 4686 3505 4755 cupitis
3556 4683 3904 4739 fundamenta

2313 4772 2607 4827 subruere?
2638 4774 2766 4843 quid
2792 4789 2986 4846 canum
3012 4776 3376 4845 possessionis
3396 4778 3613 4846 genium
3646 4774 3791 4829 illius
3812 4773 3905 4844 qui

2314 4878 2410 4933 per
2448 4863 2635 4932 culpas
2679 4864 3000 4933 iuvenescit,
3044 4867 3214 4922 ariete
3255 4866 3501 4936 pulsatis,
3547 4874 3603 4921 et
3638 4864 3904 4920 divisione

2312 4956 2667 5012 ecclesiastici
2696 4959 2873 5028 gregis
2909 4959 3061 5013 novis
3102 4974 3188 5014 me
3217 4969 3271 5041 et
3300 4974 3333 5029 p
3359 4968 3419 5014 ~st
3448 4973 3665 5014 carnem
3697 4957 3906 5026 passio-

2315 5050 2474 5106 nibus
2516 5050 2848 5121 subjugatis?
2906 5052 3205 5108 lnauditum
3260 5052 3525 5122 sacrilegii
3572 5065 3742 5123 genus
3794 5059 3900 5118 est,

2312 5142 2453 5213 quod
2480 5145 2719 5198 mentitae
2743 5144 3019 5215 religionis
3041 5144 3248 5200 honore
3268 5145 3521 5200 coloratis
3548 5161 3561 5195 :
3585 5142 3906 5198 dehonestat

2315 5235 2606 5290 venerandi
2638 5238 2995 5293 reverentiam
3026 5238 3282 5307 nominis,
3316 5236 3408 5307 qui
3436 5236 3736 5307 adjutorem
3762 5249 3821 5290 se
3849 5233 3905 5288 in

2315 5325 2396 5382 his
2425 5340 2543 5397 qua:
2572 5328 2625 5382 in
2654 5327 2817 5383 Deum
2856 5328 3024 5398 jactat
3050 5329 3369 5395 commissa,
3404 5328 3713 5400 pollicetur.
3762 5325 3906 5381 Con-

2316 5460 2415 5515 dus
2445 5461 2637 5528 quibus
2677 5477 2950 5536 sacrorum
2994 5464 3155 5536 hodie
3183 5464 3449 5531 locorum,
3478 5479 3651 5533 neque
3680 5463 3747 5519 ad
3776 5474 3905 5520 vota

2315 5539 2370 5585 et
2403 5548 2592 5599 preces
2621 5535 3006 5606 concipiendas
3025 5577 3038 5601 ,
3072 5552 3247 5606 neque
3276 5537 3341 5591 ad
3368 5536 3610 5592 cmlestia
3639 5536 3903 5593 beneficia

2317 5605 2721 5672 consequenda,
2754 5608 2959 5661 nullum
2987 5616 3071 5661 est
3096 5605 3409 5662 diScriitien.

2384 5672 2405 5703 ³
2436 5673 2667 5750 Aliorum
2710 5676 2844 5750 forte
2883 5678 3148 5732 hominum
3189 5676 3392 5749 causas]
3448 5677 3515 5750 Et
3562 5677 3647 5733 hic
3691 5693 3905 5750 quoque

2312 5742 2538 5799 illustris
2578 5755 2664 5820 est
2708 5742 2855 5803 locus
2904 5750 2970 5805 de
3018 5750 3248 5819 primatu
3291 5742 3484 5807 summi
3525 5742 3905 5820 pontificis,'et

2311 5817 2657 5887 praerogativa
2690 5820 2832 5875 sedis
2854 5817 3182 5891 apostolicae.
