4192 6260
280 369 383 423 201

1239 356 1567 419 tumcuius
1610 332 2125 420 APULOGETlctJS
2166 368 2297 421 uno
2336 356 2615 421 stono.

3450 362 3553 417 ΞΜ

282 486 520 539 tumelia:
561 500 729 552 genus
772 491 881 549 es‘t,
911 488 1059 556 quasi
1101 488 1151 539 in
1182 486 1370 540 solatio
1398 488 1587 541 adesse
1623 488 1855 550 sublimi,
1887 491 1937 547 Α
1968 497 2085 554 post
2109 488 2402 548 hominem;
2429 498 2481 537 et
2502 486 2752 537 irrisatna
2774 474 3096 553 sapientibus
3120 484 3298 537 srcculi
3321 476 3548 552 evndi-.2—

282 578 431 645 juxta
456 580 767 645 Apostolnm
796 597 808 631 :
839 578 917 631 'I'u
937 580 1051 648 quis
1076 597 1147 643 es,
1178 581 1266 648 qui
1287 581 1488 649 judico:
1517 582 1737 633 alienum
1769 598 1876 633 ser-

285 684 405 719 tum
435 667 612 735 (Rom.
644 681 750 735 xiv,
778 670 873 736 4)?
904 669 1037 733 Quid
1064 669 1279 722 auribus
1326 670 1589 736 imperitis
1632 670 1873 732 illuditis,

282 770 340 812 et
368 760 665 827 graviorem
720 761 972 812 vindicta:
1021 760 1251 826 speciem
1306 759 1479 813 facitis
1522 774 1671 823 esse,
1711 768 1870 828 quam

282 848 498 914 culpae?
543 849 597 902 Si
642 848 821 901 odium
864 848 1073 902 debetis
1102 848 1428 914 excessibus,
1463 864 1555 902 vos
1586 850 1870 910 mundate,

281 954 384 992 cur
416 940 635 992 liberius
686 939 1052 992 condemnatis
1092 939 1288 992 scelera
1330 954 1485 1006 quam
1517 941 1736 993 vitatis?
1779 922 1871 1002 Sui

281 1029 623 1097 impugnator
651 1040 750 1093 est,
790 1032 876 1097 qui
907 1030 1282 1083 fornicationis
1310 1030 1501 1084 officiis
1538 1039 1688 1098 urget
1716 1030 1865 1082 adul-

286 1122 446 1186 teria,
480 1110 533 1175 et
564 1135 657 1189 per
686 1122 979 1174 animarum
1012 1130 1195 1187 stupra
1237 1122 1411 1173 carnis
1447 1131 1679 1174 accusat.
1726 1122 1871 1175 Scri-

288 1220 438 1279 ptum
472 1225 663 1277 nempe
693 1212 933 1263 retinetis
966 1229 978 1262 :
1016 1210 1281 1263 Maledicli
1308 1227 1476 1263 omnes
1503 1210 1587 1279 qui
1616 1212 1873 1277 fornican-

286 1310 372 1351 tur
398 1299 488 1351 abs
528 1310 575 1351 te
605 1298 778 1363 (Psal.
812 1312 970 1361 Lxxtt,
1002 1298 1114 1367 27).
1169 1299 1399 1352 Foedera
1444 1313 1571 1366 ergo
1620 1312 1663 1350 a,
1699 1299 1871 1352 nitore

288 1390 500 1442 Domini
530 1389 608 1441 sui
637 1388 960 1456 obligatione
990 1388 1319 1450 dissolvitur,
1346 1390 1431 1456 qui
1463 1389 1678 1442 statutis
1704 1390 1868 1444 rmle-

285 1480 461 1533 stibus
490 1480 661 1531 minus
690 1493 836 1532 mera
867 1478 968 1531 fide
993 1479 1243 1547 dependit
1272 1480 1469 1531 officia.
1503 1480 1870 1534 Possessionis

288 1580 490 1625 nostra:
514 1568 681 1631 vobis,
712 1578 768 1621 nt
789 1569 961 1635 video,
986 1570 1199 1623 claritas
1221 1569 1386 1622 movit
1407 1568 1687 1632 invidiam;
1711 1584 1866 1637 quam

286 1661 533 1713 simulata
564 1660 613 1710 in
647 1660 770 1711 mali
805 1658 1127 1725 possessoris
1153 1658 1513 1727 indignatione
1540 1658 1861 1719 transfertis,

287 1748 417 1799 dum
442 1746 713 1800 desudatis
744 1747 1048 1816 impendiis.
1098 1748 1286 1800 Arcem
1317 1762 1415 1815 qua
1448 1747 1624 1801 fuistis
1652 1750 1865 1814 conspi-

1980 578 2082 627 latn
2115 591 2217 628 non
2259 575 2466 643 reliqui.
2499 576 2585 627 Illa
2617 589 2699 626 me
2729 590 2820 640 per
2846 574 3023 627 mundi
3068 576 3200 627 freta
3246 580 3543 627 sustentat:

1977 669 2109 719 ditat
2152 666 2426 733 probatum
2476 666 2526 717 in
2576 666 2818 732 captione
2864 665 3134 718 hominum
3181 674 3331 728 rete,
3404 667 3545 729 quod

1977 757 2214 809 cernitis.
2264 755 2450 808 Redite
2476 767 2622 822 ergo,
2652 755 2772 821 quia
2801 754 2925 821 fuga
2956 770 3047 807 vos
3078 766 3173 808 nec
3204 756 3325 808 dum
3359 756 3548 810 essetis

1976 854 2211 912 agrestes
2237 844 2428 911 eripuit
2462 860 2473 894 :
2512 844 2704 897 currite
2742 843 2808 896 ad
2853 836 3021 908 ovile,
3065 859 3131 897 ne
3175 846 3415 913 luporum
3456 860 3546 897 vos

1975 935 2259 1001 exponatis
2293 933 2499 986 insidiis
2529 951 2539 984 :
2572 946 2637 985 ne
2675 945 2768 1000 per
2798 945 2996 985 moram
3036 937 3291 987 amittatis
3323 936 3544 1002 gratiam
3580 932 3583 935 ’

1976 1034 2165 1091 sponte
2202 1026 2501 1078 venientum
2549 1043 2559 1076 :
2610 1027 2727 1091 quia
2777 1034 3135 1092 contemptam
3184 1026 3543 1078 invitationem

1974 1115 2213 1183 gehenna
2239 1117 2595 1182 subsequitur.
2627 1117 2756 1182 Ego,
2784 1117 2826 1168 si
2851 1117 2974 1182 qttld
3001 1116 3297 1169 dulcedinis
3320 1124 3375 1168 ttt
3399 1128 3546 1179 pater

1973 1206 2161 1268 debui;
2191 1208 2232 1259 si
2264 1208 2388 1274 quid
2420 1207 2796 1269 d‘Strictionis,
2830 1218 2885 1257 ut
2914 1210 3198 1260 attributus
3226 1223 3255 1260 a
3289 1209 3400 1259 Deo
3429 1223 3543 1259 ma-

1973 1296 2158 1364 gister,
2202 1294 2433 1363 implevi.
2483 1295 2759 1348 Providete
2796 1311 2863 1349 ne
2896 1297 3090 1348 diutius
3121 1298 3544 1365 qualemcunque

1972 1385 2145 1438 crucis
2176 1400 2308 1437 mem
2350 1386 2595 1451 angblum
2627 1394 2743 1436 rara
2770 1385 3069 1437 Levitarum
3102 1400 3294 1438 corona
3318 1388 3544 1441 circum-

1971 1475 2060 1528 det
2087 1491 2100 1526 :
2137 1490 2201 1526 ne
2231 1474 2452 1526 dolenda
2485 1475 2646 1527 etiam
2686 1476 2954 1527 extraneis
2986 1477 3033 1525 in
3070 1475 3281 1543 longum
3314 1478 3544 1528 Solitndo

1972 1562 2309 1614 dominetur:
2346 1576 2411 1614 ne
2436 1561 2584 1613 lahor
2611 1564 2741 1614 uteri
2775 1567 2873 1615 mei
2905 1563 3197 1616 sterilitatis
3231 1564 3342 1616 vice
3373 1564 3541 1616 hosti-

1972 1651 2074 1703 lem
2105 1651 2372 1717 peperisse
2397 1651 2677 1715 familiam,
2707 1661 2757 1703 et
2788 1666 3067 1704 numerosa
3099 1653 3273 1720 proles
3298 1668 3391 1718 per
3419 1653 3543 1704 sitti-

1969 1750 2110 1793 SIros
2152 1749 2301 1791 artus
2331 1738 2759 1792 infecunditatem
2794 1742 3026 1807 parentis
3056 1742 3319 1793 ostendat.
3372 1742 3540 1795 Pauca

290 1838 409 1900 cui,
454 1837 655 1891 crebris
703 1838 1069 1890 labefactatam
1120 1837 1344 1903 ictibus,
1388 1838 1486 1891 nisi
1533 1838 1865 1899 obsisterent,
1904 1838 1949 1896 B
1973 1841 2094 1885 sunt
2123 1846 2241 1899 qua:
2271 1831 2500 1895 asserui,
2536 1831 2627 1884 sed
2660 1842 2849 1896 quanta
2883 1847 2947 1884 ex
2980 1832 3060 1885 his
3089 1834 3368 1898 pendeant,
3402 1834 3541 1885 aesti-

291 1929 645 1994 proposuistis
674 1930 930 1990 obruere;
963 1939 1013 1981 et
1055 1930 1191 1983 ραςὊ
1225 1929 1513 1982 stabilitam
1540 1930 1857 1993 machinam,

286 2024 482 2081 quanta
511 2017 617 2078 sit,
657 2018 941 2070 ostendere
964 2033 1060 2085 per
1090 2018 1316 2071 ruinam.
1362 2018 1536 2073 Nolite
1569 2021 1858 2086 prmstolari

288 2104 359 2156 de
386 2104 541 2157 clade
572 2115 745 2158 vestra
775 2104 1047 2159 victoriam
1081 2126 1091 2157 :
1135 2107 1299 2160 nolite
1331 2108 1655 2175 triumphum
1704 2124 1861 2175 supe-

295 2195 469 2248 rando
511 2194 673 2267 perde
703 2211 750 2258 e,
791 2198 921 2248 meis
964 2195 1253 2258 laboribus,
1290 2210 1408 2249 meo
1445 2198 1640 2250 sudore
1668 2199 1861 2265 quaesi-

294 2294 430 2336 tutn.
462 2284 720 2351 Quidquid
751 2284 814 2335 ad
848 2296 1103 2348 tropmum
1136 2284 1300 2351 ducit,
1333 2286 1534 2338 obtinui
1566 2304 1578 2338 :
1611 2287 1733 2353 quid
1758 2288 1861 2350 ,uid

289 2387 385 2427 vos
417 2374 653 2427 illustres
682 2375 906 2438 faceret,
944 2374 993 2426 in
1027 2375 1154 2428 sede
1184 2375 1425 2441 congessi
1453 2393 1463 2425 :
1502 2375 1651 2429 vobis
1680 2377 1863 2429 tribuit

288 2463 581 2517 tlaritatem
640 2466 720 2515 fax
776 2464 872 2515 ista
917 2478 1072 2531 qnam
1130 2465 1368 2532 viperino
1414 2466 1617 2533 liquore
1668 2469 1862 2535 putatis

288 2554 571 2619 exstingui.
611 2556 663 2607 ln
698 2555 985 2621 perniciem
1012 2557 1281 2622 propriam
1314 2557 1636 2620 accenditur,
1671 2560 1756 2626 qui
1787 2560 1864 2611 sic

288 2644 440 2695 szcvit
478 2642 530 2695 itt
572 2645 755 2711 gratiae
793 2658 906 2696 suae
943 2646 1201 2712 germina,
1249 2656 1303 2699 ut
1348 2646 1550 2712 plantas
1591 2648 1859 2701 abscidat:

290 2730 514 2784 liberior
560 2732 702 2799 justo
756 2733 1025 2787 iracundia
1080 2735 1199 2801 plus
1250 2751 1405 2805 quam
1458 2738 1589 2791 alios
1651 2738 1865 2794 lacessit

294 2830 592 2873 auctorem.
636 2822 936 2890 Symmachi
966 2838 1098 2889 quos
1128 2827 1329 2879 vocatis
1359 2842 1629 2893 excessus,
1669 2832 1709 2881 si
1742 2842 1865 2884 sunt

294 2908 387 2961 illa
420 2924 523 2976 qua
562 2919 615 2961 et
643 2926 762 2975 vos,
797 2914 1196 2979 exspectatione
1238 2918 1478 2970 sustineo
1522 2936 1531 2967 :
1577 2922 1723 2971 nefas
1760 2929 1859 2981 est,

292 3010 607 3063 peccantem
649 3001 949 3067 patientiam
976 3003 1169 3070 judieis
1212 3020 1314 3057 non
1359 3021 1559 3060 amare.
1597 3008 1730 3073 Quid
1761 3008 1862 3061 nisi

294 3089 551 3143 ultionem
581 3090 805 3159 ﬂagitat,
834 3094 922 3162 qui
955 3095 1077 3147 dum
1110 3111 1231 3149 rens
1260 3106 1311 3151 et
1342 3098 1455 3165 ipse
1485 3101 1585 3164 sit,
1619 3100 1862 3153 vindictae

296 3181 346 3233 in
374 3182 543 3233 altero
571 3197 749 3236 moras
776 3192 1029 3238 accusat?
1071 3186 1193 3239 llaec
1220 3187 1324 3240 illis
1352 3203 1380 3240 a
1410 3203 1493 3241 me
1523 3204 1620 3241 vox
1650 3190 1872 3242 debetur

297 3272 486 3326 studiis
518 3292 528 3323 :
580 3275 699 3341 quia
734 3275 901 3328 Deum
930 3276 1126 3331 dixisse
1156 3288 1341 3342 teneo,
1371 3294 1595 3347 pronum
1625 3294 1743 3333 esse
1775 3282 1871 3333 ho-

300 3364 502 3417 minem
538 3364 588 3417 in
635 3366 859 3429 malitia,
910 3375 964 3419 et
992 3382 1201 3421 onmem
1246 3384 1459 3422 carnem
1501 3369 1722 3422 amicam
1756 3384 1873 3424 esse

300 3454 553 3520 peccatis.
598 3454 730 3509 Nolo
761 3456 1042 3510 occasione
1072 3474 1311 3525 persona:
1350 3459 1643 3512 innumeris
1685 3460 1872 3513 datura

297 3542 661 3610 dignitatem,
705 3546 794 3596 liat
842 3547 892 3597 in
934 3545 1230 3613 objectione
1278 3548 1543 3614 possessio
1582 3563 1595 3601 ί
1639 3563 1705 3600 ne
1748 3548 1872 3600 dttm

300 3632 471 3685 homo
503 3633 791 3693 incessitur,
825 3636 911 3687 lex
941 3634 1116 3688 divina
1151 3636 1439 3703 frangatur.
1495 3636 1617 3688 Mihi
1649 3638 1871 3699 credite,

296 3724 344 3776 si
391 3731 514 3776 sunt
555 3724 649 3779 ista
692 3739 811 3793 qua:
852 3725 1047 3785 dicitis.
1097 3728 1361 3794 respicio:
1410 3727 1530 3795 quia
1572 3737 1626 3780 et
1672 3728 1722 3779 iu
1773 3728 1873 3781 illis

294 3812 489 3877 quibus
541 3815 669 3866 n'hil
721 3815 825 3868 tale
871 3815 1180 3881 dieebatnr,
1235 3817 1357 3882 qttid
1412 3816 1598 3870 fuisset
1644 3818 1868 3883 inspexi.

294 3903 475 3968 Errat,
504 3904 593 3972 qui
619 3903 725 3956 falli
748 3904 856 3958 Deo
878 3906 1175 3973 proximum
1198 3905 1400 3959 credit:
1430 3906 1559 3958 Mihi
1582 3907 1873 3968 vindictam,

294 4004 338 4045 et
364 4009 454 4063 ego
474 3993 770 4058 retribuam,
794 3996 915 4047 dicit
939 3995 1183 4048 Dominus
1208 3995 1378 4063 (Deut.
1409 4012 1571 4060 xxxtt,
1596 3998 1685 4059 55;
1712 3996 1871 4050 Eccli.

295 4096 483 4144 xxvut,
511 4087 566 4145 i;
602 4083 746 4135 Boni.
776 4098 864 4147 xtt,
901 4085 984 4147 I9;
1018 4084 1174 4137 Hebr.
1198 4101 1248 4149 x,
1276 4085 1388 4152 50).
1425 4085 1527 4138 Vos
1553 4085 1726 4153 potius
1752 4087 1873 4139 olim

296 4174 414 4236 lilii,
442 4171 511 4224 de
538 4172 731 4240 quibus
758 4173 1008 4239 spiritalis
1035 4183 1270 4227 ventrem
1300 4186 1480 4241 partus
1506 4178 1779 4239 onerabat,
1810 4176 1873 4229 ad

296 4261 599 4325 abjuratam
647 4262 815 4314 redite
862 4263 1248 4316 concordiam:
1295 4264 1380 4331 pio
1429 4280 1523 4319 vos
1570 4267 1710 4329 sinu,
1742 4268 1878 4320 sicut

300 4351 491 4405 habuit
521 4352 806 4416 hactenus,
842 4351 1079 4407 Ecclesia
1111 4364 1281 4407 mater
1308 4354 1553 4423 accipiat.
1600 4356 1876 4425 Nunquam

295 4453 378 4495 est
407 4457 530 4494 sera
563 4443 825 4495 correctio
860 4460 870 4493 :
904 4442 1003 4496 scit
1030 4442 1118 4496 diu
1144 4455 1461 4511 exspectare
1490 4444 1771 4498 immodico
1804 4447 1878 4498 la-

1964 1934 2123 1977 niate.
2181 1921 2372 1986 Venite,
2397 1920 2513 1988 ﬁlii,
2548 1923 2716 1974 audite
2736 1938 2809 1974 me
2835 1938 2850 1973 :
2882 1924 3107 1974 timorem
3138 1922 3344 1973 Domini
3386 1923 3540 1975 docui

1964 2027 2049 2064 vos
2080 2011 2251 2080 (Paul.
2289 2026 2480 2075 xxxut,
2518 2010 2629 2079 12).
2682 2012 2900 2064 Hennam
2952 2025 3009 2063 re
3042 2012 3219 2079 picite,
3270 2027 3425 2080 quam
3474 2012 3541 2063 ab

1964 2102 2224 2155 idolorum
2256 2101 2506 2154 servitute
2538 2100 2651 2153 sine
2679 2101 2953 2164 aut-i;-sine
2978 2104 3176 2168 argenti
3209 2104 3376 2169 pretio
3408 2102 3541 2156 Iibe-

1965 2204 2075 2245 ram
2106 2190 2377 2258 sanguinis
2403 2190 2601 2243 Christi
2635 2190 2755 2243 fecit
2802 2190 2989 2243 effusio
3022 2209 3032 2241 :
3063 2192 3145 2245 cui
3177 2194 3334 2245 etiam
3369 2209 3538 2246 meam

1964 2281 2159 2333 servuli
2203 2281 2282 2331 sui
2323 2286 2547 2331 mortem
2585 2279 2748 2344 jussit
2788 2278 3038 2345 impendi.
3088 2280 3212 2346 Quae
3258 2296 3352 2348 per
3382 2282 3539 2336 multa

1969 2379 2201 2438 tempora
2232 2370 2444 2423 famosis
2473 2371 2670 2423 cultum
2701 2369 2935 2423 delubris
2961 2371 3196 2424 exhibuit
3222 2387 3234 2422 ε
3285 2388 3405 2439 qua:
3444 2372 3534 2425 diu

1966 2470 2211 2513 venerata
2252 2470 2335 2513 est
2375 2460 2424 2511 in
2469 2459 2785 2528 imaginibus
2828 2461 3150 2525 daemonum,
3199 2477 3353 2528 quem
3394 2463 3539 2516 labo-

1966 2560 2116 2604 rante
2142 2566 2301 2603 censu
2326 2550 2587 2604 indiderat
2614 2566 2801 2604 manus
2831 2553 3078 2619 magistra
3105 2563 3361 2607 terrorem
3387 2572 3399 2607 :
3425 2570 3541 2621 quae

1965 2641 2202 2707 suspexit
2230 2648 2543 2706 potestatem
2578 2642 2849 2694 nuininum
2878 2652 3107 2710 emptam
3142 2645 3309 2710 pretio
3353 2646 3538 2699 metal—

1969 2730 2137 2783 lorum
2184 2747 2198 2782 :
2246 2732 2327 2782 cui
2380 2730 2718 2784 sublimiores
2776 2730 2906 2783 deos
2954 2734 3158 2800 peperit
3198 2736 3538 2788 exercitatior

1968 2834 2156 2874 manus
2190 2821 2407 2873 artificis
2446 2837 2457 2871 :
2505 2832 2558 2874 et
2586 2820 2914 2875 divinitatem
2954 2839 3109 2886 quam
3152 2824 3310 2879 homo
3349 2824 3439 2893 per
3471 2828 3537 2877 la.

1965 2911 2162 2965 bricam
2197 2911 2451 2975 contulit,
2481 2913 2619 2977 apud
2647 2913 2887 2966 homines
2911 2914 3005 2967 Dei
3036 2914 3218 2967 habuit
3250 2916 3412 2968 forma
3435 2933 3536 2968 ma-

1962 2999 2152 3066 jorem.
2186 3000 2323 3053 Ecce
2354 3000 2484 3065 jam,
2508 3000 2722 3053 Cbrism
2747 3002 2992 3067 propitio,
3023 3002 3085 3053 ad
3115 3017 3277 3054 novas
3304 3004 3541 3057 fornaces

1967 3088 2252 3143 simulacra
2282 3089 2554 3143 redierunt
2587 3106 2601 3141 :
2636 3105 2759 3145 ecce
2785 3091 2893 3159 jam
2925 3090 2990 3145 de
3020 3091 3253 3145 obsoleta
3285 3095 3542 3161 supersti-

1901 3182 1947 3244 C
1982 3179 2122 3231 tione
2153 3192 2277 3230 usus
2304 3187 2479 3231 vester
2507 3180 2721 3246 accipit,
2754 3180 2892 3247 quod
2924 3181 3132 3235 lactetur
3160 3198 3173 3232 :
3207 3182 3331 3236 dum
3362 3183 3429 3237 de
3458 3190 3543 3239 ve.

1977 3270 2074 3323 te;i
2100 3270 2341 3322 Tonante
2368 3284 2502 3322 nova
2535 3271 2724 3323 merito
2751 3272 2963 3324 vascula
2993 3283 3377 3340 prmparantur.
3410 3274 3545 3339 Quid

1975 3362 2112 3414 hanc
2155 3360 2450 3414 adnitimini
2495 3362 2884 3429 interrumpere
2911 3363 3183 3430 quietem?
3211 3365 3333 3433 quid
3368 3365 3546 3420 ludere

1974 3451 2124 3503 vanis
2173 3451 2551 3504 intentionibus
2590 3451 2944 3505 felicitatem?
2996 3456 3389 3509 excusationem
3442 3472 3547 3512 non

1977 3542 2134 3595 habet
2161 3542 2306 3594 furor
2333 3543 2453 3605 iste,
2485 3542 2529 3594 si
2561 3543 2778 3595 creditis
2804 3560 2815 3594 :
2849 3557 2954 3597 non
2998 3543 3221 3597 interest
3250 3546 3438 3613 quibus
3466 3546 3547 3598 iti-

1976 3635 2193 3688 neribus
2241 3633 2305 3685 ad
2352 3633 2530 3687 mundi
2576 3634 2866 3702 principem
2914 3645 3114 3700 currat,
3164 3635 3250 3703 qui
3298 3650 3324 3685 a
3366 3643 3546 3689 sancta

1976 3724 2178 3777 unitate
2212 3722 2462 3777 desciscit
2497 3739 2510 3774 :
2553 3725 2774 3791 pingues
2808 3725 3006 3777 hostias
3047 3724 3159 3777 litat
3198 3724 3427 3788 diabolo,
3460 3726 3547 3792 qui

1976 3813 2249 3866 contristat
2277 3811 2586 3864 Ecclesium.
2628 3812 2799 3865 Vanas
2838 3826 2965 3879 ergo
3000 3812 3271 3879 repudiate
3311 3814 3548 3865 tendicu-

1978 3902 2055 3955 las
2098 3920 2111 3954 :
2155 3900 2449 3969 simplicem
2493 3904 2653 3955 habet
2695 3901 3057 3955 defensionem
3100 3903 3245 3969 pacis
3285 3902 3542 3956 affectus:

1978 3994 2135 4046 nimis
2155 4003 2388 4046 armatus
2411 4001 2512 4055 est,
2537 3996 2620 4059 qui
2648 3993 2729 4045 illa
2755 4008 2869 4062 qua:
2893 3994 3227 4047 adversarius
3249 3994 3547 4047 concordiae

1978 4086 2267 4149 ministrat,
2294 4084 2395 4137 tela
2414 4085 2736 4138 contemnit:
2763 4084 2960 4139 sufficit
2981 4093 3161 4138 contra
3184 4088 3356 4138 omnia
3374 4086 3548 4153 jacula

1975 4175 2269 4242 iurgiorum
2303 4174 2421 4228 fidei
2455 4175 2591 4227 nuda
2621 4178 2903 4244 Oppositio.
2942 4177 2955 4205 ¹
2983 4176 3115 4242 Quid
3153 4176 3334 4229 Eulalii
3367 4186 3419 4229 et
3453 4178 3548 4229 lio-

1980 4265 2156 4317 Itifacii
2205 4275 2439 4331 tempora
2468 4260 2483 4327 ξ
2516 4265 2639 4316 dum
2686 4266 2944 4317 tnalorutn
2990 4268 3235 4318 solatium
3279 4268 3544 4334 qnmritis,

1980 4354 2245 4405 revocatis
2282 4355 2332 4404 in
2372 4353 2645 4406 medium?
2683 4354 2804 4417 quid
2859 4354 3198 4407 incrementis
3231 4371 3545 4410 execssuum

1983 4445 2314 4512 praesentalis
2343 4454 2548 4497 vetusta
2577 4445 2816 4511 contagia
2837 4486 2848 4505 ,
2881 4456 2930 4498 ct
2965 4461 3057 4512 per
3102 4445 3331 4511 iniquam
3365 4448 3547 4498 volun-

298 4534 430 4585 bore
475 4531 773 4599 quaesitos:
810 4533 975 4585 nescit
1017 4547 1112 4600 pro
1148 4532 1336 4587 vilibus
1381 4534 1655 4603 despicere
1685 4550 1874 4604 magno
1905 4529 1954 4587 D
1981 4544 2139 4587 tatem
2180 4536 2437 4587 senectuti
2484 4535 2537 4588 in
2576 4535 2879 4603 operiendis
2918 4535 3124 4588 defit-tis
3167 4535 3335 4587 facitis
3368 4535 3437 4586 nil
3488 4536 3549 4587 li-

299 4622 477 4688 pretio
519 4630 874 4686 comparatos.
919 4622 1093 4675 Multis
1122 4624 1374 4691 gradibus
1412 4639 1659 4678 recursus
1696 4636 1776 4679 est
1805 4627 1870 4679 ad

295 4713 530 4764 salutem
578 4727 590 4761 :
634 4720 825 4779 ΡΓὲῐὶιΟΓ
881 4713 1251 4780 desperantem
1303 4714 1480 4767 nullus
1537 4716 1867 4769 excluditur:

300 4804 509 4857 fructus
539 4804 706 4856 venia:
739 4804 1007 4868 proximus
1036 4815 1115 4857 est
1143 4819 1375 4858 eorontn.
1425 4805 1598 4859 Nolite
1627 4806 1871 4875 Symma-

299 4896 465 4946 chum
514 4908 702 4961 papam
752 4894 1009 4961 pressuris
1058 4895 1246 4947 Vestris
1282 4896 1468 4962 juvare
1502 4907 1515 4946 :
1549 4896 1590 4947 si
1624 4911 1743 4963 reus
1771 4906 1868 4958 est,

300 4982 434 5035 mihi
467 4982 690 5045 credite,
723 4996 842 5035 eum
874 4983 1161 5036 cessaverit
1192 4984 1435 5036 humana:
1467 4984 1876 5051 impugnationis

302 5073 684 5138 ministerium,
707 5072 941 5125 divinum
968 5088 1088 5127 mox
1108 5077 1345 5128 succedit
1363 5075 1659 5128 arbitrium.
1692 5076 1879 5130 Nonne

304 5162 357 5214 iu
382 5162 803 5230 splendidissimi
835 5162 1119 5232 c0gnitoris
1150 5164 1299 5219 lance
1324 5154 1575 5231 prtedicto
1604 5175 1694 5218 aut
1724 5180 1877 5232 pinna

303 5252 551 5317 debetur,
575 5260 666 5306 aut
689 5254 996 5321 prmmittm?
1023 5254 1369 5324 Syllogismos
1394 5271 1421 5309 a
1446 5272 1530 5310 me
1551 5271 1875 5323 sermonum,

304 5351 354 5394 et
389 5342 665 5396 schemata
710 5358 813 5397 non
845 5347 1111 5413 quaeratis.
1157 5347 1386 5415 Antiquo
1424 5346 1598 5400 adhuc
1632 5357 1749 5401 utor
1778 5349 1875 5401 reti

376 5456 392 5483 ¹
414 5454 567 5526 Quid
595 5454 795 5508 Eulalii
819 5467 866 5509 et
886 5455 1162 5526 Bonifacii]
1193 5458 1245 5511 lu
1274 5459 1561 5512 schismate
1583 5458 1723 5526 quod
1755 5469 1875 5526 post

303 5522 501 5576 Zosimi
534 5540 687 5592 papa:
718 5534 941 5578 mortem
974 5522 1111 5580 inter
1139 5522 1235 5579 hos
1263 5529 1393 5580 duos
1419 5522 1673 5581 diviso'in
1704 5522 1881 5594 partes

302 5598 453 5662 eiero
489 5606 739 5647 exortum
790 5604 904 5656 est,
939 5610 1059 5648 cum
1106 5607 1319 5662 propter
1361 5598 1643 5650 factionum
1685 5599 1879 5659 studia,

303 5661 481 5732 utrius
519 5664 754 5731 legitima
796 5664 979 5717 fuisset
1020 5661 1249 5726 electio,
1292 5666 1505 5719 decerni
1552 5667 1632 5718 vix
1683 5678 1879 5732 posset,

302 5730 622 5801 longiuSqtie
712 5734 1109 5798 protraherctnr
1195 5737 1525 5803 disceptatio,
1622 5730 1884 5790 Henorius

751 5824 1017 5883 PATROL.
1058 5823 1276 5883 LXIII.

1980 4639 2055 4680 ce.
2073 4624 2134 4680 e?
2161 4625 2276 4678 Alia
2306 4634 2428 4678 tunc
2454 4624 2547 4678 fuit
2567 4640 2723 4679 causa
2747 4624 3058 4678 discordiae:
3083 4633 3136 4678 et
3159 4625 3258 4676 nisi
3282 4625 3547 4676 narrando

1978 4734 2197 4788 Cogerer
2217 4719 2479 4773 sustinere
2503 4728 2785 4783 transacta,
2807 4718 3142 4772 ostenderem
3171 4717 3320 4769 vobis
3342 4717 3545 4769 nullum

1981 4811 2195 4863 evenire
2230 4810 2476 4861 solatium
2518 4810 2584 4861 de
2624 4822 2809 4873 compa
2844 4810 3019 4859 alioue
3071 4807 3371 4860 factorum:
3421 4808 3542 4875 quia

1983 4899 2101 4952 ilos
2130 4914 2263 4967 quos
2301 4899 2365 4950 ad
2410 4899 2708 4967 pontificale
2751 4898 3015 4965 fastigium
3062 4898 3337 4952 intentioni
3386 4904 3543 4953 obsc-

1983 5000 2151 5054 quens
2182 4984 2359 5039 fervor
2386 4996 2654 5045 evexerat,
2691 4998 2941 5053 utrosque
2972 4988 3171 5055 repuli;
3200 4989 3337 5043 hunc
3366 4992 3502 5059 elegi
3531 5011 3544 5045 :

1984 5079 2103 5145 quia
2125 5076 2191 5129 de
2217 5077 2342 5141 illis,
2369 5087 2501 5131 teste
2524 5084 2685 5137 exitu,
2716 5092 2871 5131 nemo
2902 5078 3025 5132 mihi
3055 5080 3248 5145 placuit
3274 5100 3283 5130 :
3312 5082 3378 5135 de
3408 5083 3547 5144 istis,

1980 5179 2163 5220 contra
2201 5168 2408 5236 regulas
2450 5169 2700 5221 nitentem
2744 5170 3020 5237 profugum
3062 5170 3188 5233 feci;
3236 5186 3545 5237 provectum

1979 5257 2209 5328 legitime
2240 5257 2434 5310 mundo
2463 5261 2800 5325 impugnante
2829 5260 3056 5313 servavi.
3092 5260 3250 5314 Scitis
3280 5262 3397 5324 ista,
3439 5280 3540 5313 non

1980 5353 2114 5403 nova
2158 5358 2317 5401 sunt:
2359 5350 2478 5415 quia
2525 5348 2647 5401 dum
2696 5349 2780 5403 il'e
2828 5351 3080 5417 truditur,
3128 5352 3225 5405 iste
3274 5352 3543 5411 firmatur;

1984 5469 2263 5529 utrumque
2293 5458 2520 5529 abrurbe
2559 5460 2765 5512 interim
2810 5462 2967 5527 iussit
3012 5462 3318 5515 abscedere.
3368 5460 3548 5524 Itaque

1985 5526 2282 5581 Bonifacius
2310 5528 2373 5579 ad
2413 5526 2467 5579 S.
2503 5529 2708 5596 liagoes
2741 5526 3032 5593 basilicam,
3070 5530 3305 5581 Enlalius
3334 5530 3453 5579 Anti
3484 5549 3546 5582 in

1987 5598 2226 5650 secessit.
2302 5597 2450 5661 Quod
2490 5602 2791 5665 exemplum
2844 5605 2892 5652 in
2943 5598 3263 5665 Symmacho
3300 5602 3543 5654 renovari

1988 5666 2278 5719 voluissent
2305 5656 2616 5730 adversarii,
2649 5656 2703 5719 ut
2734 5685 2831 5721 tina
2863 5656 3291 5720 cum-Laurentio
3326 5669 3547 5733 pellere-

1988 5744 2093 5789 tur.
2126 5734 2230 5789 Sed
2256 5734 2437 5803 dispar
2466 5736 2558 5789 fuit
2590 5739 2745 5790 ratio.
3298 5754 3324 5783 ’τ

3080 5824 3117 5847 Η

3091 5844 3110 5881 ι
