  <div class='ocr_page' id='page_1' title='image "/cluster/home/n/w/nwhite01/storage/ocr_20150623/63/hvd.32044073498792/107.png"; bbox 0 0 4192 6260; ppageno 0'>
   <div class='ocr_carea' id='block_1_1' title="bbox 632 338 734 391">
    <p class='ocr_par' dir='ltr' id='par_1_1' title="bbox 632 338 734 391">
     <span class='ocr_line' id='line_1_1' title="bbox 632 338 734 391; baseline 0.039 -6"><span class='ocrx_word' id='word_1_1' title='bbox 632 338 734 391; x_wconf 54' lang='lat'><strong>21):;</strong></span> 
     </span>
    </p>
   </div>
   <div class='ocr_carea' id='block_1_2' title="bbox 1757 316 2781 388">
    <p class='ocr_par' dir='ltr' id='par_1_2' title="bbox 1757 316 2781 388">
     <span class='ocr_line' id='line_1_2' title="bbox 1757 316 2781 388; baseline -0.001 -2"><span class='ocrx_word' id='word_1_2' title='bbox 1757 334 2021 388; x_wconf 69' lang='lat' dir='ltr'><strong>ENNUllll</strong></span> <span class='ocrx_word' id='word_1_3' title='bbox 2069 316 2364 387; x_wconf 65' lang='lat' dir='ltr'><strong>EPISCOI’I</strong></span> <span class='ocrx_word' id='word_1_4' title='bbox 2408 332 2781 387; x_wconf 66' lang='lat' dir='ltr'><strong>rietxmts</strong></span> 
     </span>
    </p>
   </div>
   <div class='ocr_carea' id='block_1_3' title="bbox 3760 344 3863 397">
    <p class='ocr_par' dir='ltr' id='par_1_3' title="bbox 3760 344 3863 397">
     <span class='ocr_line' id='line_1_3' title="bbox 3760 344 3863 397; baseline -0.01 0"><span class='ocrx_word' id='word_1_5' title='bbox 3760 344 3863 397; x_wconf 70' lang='lat' dir='ltr'><strong>90l</strong></span> 
     </span>
    </p>
   </div>
   <div class='ocr_carea' id='block_1_4' title="bbox 632 436 3883 513">
    <p class='ocr_par' dir='ltr' id='par_1_4' title="bbox 632 436 3883 513">
     <span class='ocr_line' id='line_1_4' title="bbox 632 436 3883 513; baseline -0.001 -14"><span class='ocrx_word' id='word_1_6' title='bbox 632 461 807 502; x_wconf 79' lang='lat' dir='ltr'><strong>vester</strong></span> <span class='ocrx_word' id='word_1_7' title='bbox 838 448 963 499; x_wconf 91' lang='lat' dir='ltr'><strong>mihi</strong></span> <span class='ocrx_word' id='word_1_8' title='bbox 1008 447 1249 499; x_wconf 88' lang='lat' dir='ltr'><strong>militavit</strong></span> <span class='ocrx_word' id='word_1_9' title='bbox 1279 459 1547 498; x_wconf 84' lang='lat' dir='ltr'><strong>assensus.</strong></span> <span class='ocrx_word' id='word_1_10' title='bbox 1601 444 1797 497; x_wconf 81' lang='lat' dir='ltr'><strong>Deinde</strong></span> <span class='ocrx_word' id='word_1_11' title='bbox 1824 461 1921 499; x_wconf 91' lang='lat' dir='ltr'><strong>cur</strong></span> <span class='ocrx_word' id='word_1_12' title='bbox 1951 446 1999 497; x_wconf 93' lang='lat' dir='ltr'><strong>in</strong></span> <span class='ocrx_word' id='word_1_13' title='bbox 2034 446 2205 513; x_wconf 82' lang='lat' dir='ltr'><strong>perni-</strong></span> <span class='ocrx_word' id='word_1_14' title='bbox 2238 453 2282 506; x_wconf 81' lang='grc' dir='ltr'>Α</span> <span class='ocrx_word' id='word_1_15' title='bbox 2314 446 2430 510; x_wconf 91' lang='lat' dir='ltr'><strong>bus,</strong></span> <span class='ocrx_word' id='word_1_16' title='bbox 2463 448 2549 513; x_wconf 88' lang='lat' dir='ltr'><strong>qui</strong></span> <span class='ocrx_word' id='word_1_17' title='bbox 2597 443 2991 499; x_wconf 86' lang='lat' dir='ltr'><strong>ventilationcm</strong></span> <span class='ocrx_word' id='word_1_18' title='bbox 3041 443 3277 512; x_wconf 90' lang='lat' dir='ltr'><strong>ipsorum</strong></span> <span class='ocrx_word' id='word_1_19' title='bbox 3310 443 3585 513; x_wconf 85' lang='lat' dir='ltr'><strong>multiplici</strong></span> <span class='ocrx_word' id='word_1_20' title='bbox 3633 436 3698 492; x_wconf 89' lang='lat' dir='ltr'><strong>ad</strong></span> <span class='ocrx_word' id='word_1_21' title='bbox 3735 452 3883 496; x_wconf 83' lang='lat' dir='ltr'><strong>aures</strong></span> 
     </span>
    </p>
   </div>
   <div class='ocr_carea' id='block_1_5' title="bbox 635 535 2211 592">
    <p class='ocr_par' dir='ltr' id='par_1_5' title="bbox 635 535 2211 592">
     <span class='ocr_line' id='line_1_5' title="bbox 635 535 2211 592; baseline -0.003 0"><span class='ocrx_word' id='word_1_22' title='bbox 635 544 770 592; x_wconf 71' lang='lat' dir='ltr'><strong>cient</strong></span> <span class='ocrx_word' id='word_1_23' title='bbox 804 550 1036 591; x_wconf 85' lang='lat' dir='ltr'><strong>vestram</strong></span> <span class='ocrx_word' id='word_1_24' title='bbox 1072 538 1260 589; x_wconf 69' lang='lat' dir='ltr'><strong>larditis</strong></span> <span class='ocrx_word' id='word_1_25' title='bbox 1296 535 1625 589; x_wconf 86' lang='lat' dir='ltr'><strong>sacerdotale</strong></span> <span class='ocrx_word' id='word_1_26' title='bbox 1665 536 1986 588; x_wconf 76' lang='lat' dir='ltr'><strong>concilium&quot;</strong></span> <span class='ocrx_word' id='word_1_27' title='bbox 2016 550 2111 589; x_wconf 88' lang='lat' dir='ltr'><strong>cur</strong></span> <span class='ocrx_word' id='word_1_28' title='bbox 2140 537 2211 588; x_wconf 87' lang='lat' dir='ltr'><strong>la-</strong></span> 
     </span>
    </p>
   </div>
   <div class='ocr_carea' id='block_1_6' title="bbox 634 627 2210 695">
    <p class='ocr_par' dir='ltr' id='par_1_6' title="bbox 634 627 2210 695">
     <span class='ocr_line' id='line_1_6' title="bbox 634 627 2210 695; baseline -0.007 -9"><span class='ocrx_word' id='word_1_29' title='bbox 634 632 825 686; x_wconf 80' lang='lat' dir='ltr'><strong>ceratis</strong></span> <span class='ocrx_word' id='word_1_30' title='bbox 856 630 1172 682; x_wconf 85' lang='lat' dir='ltr'><strong>sententiam</strong></span> <span class='ocrx_word' id='word_1_31' title='bbox 1215 627 1266 679; x_wconf 91' lang='lat' dir='ltr'><strong>in</strong></span> <span class='ocrx_word' id='word_1_32' title='bbox 1297 642 1397 695; x_wconf 91' lang='lat' dir='ltr'><strong>qua</strong></span> <span class='ocrx_word' id='word_1_33' title='bbox 1430 627 1724 695; x_wconf 87' lang='lat' dir='ltr'><strong>inspirante</strong></span> <span class='ocrx_word' id='word_1_34' title='bbox 1756 627 1970 681; x_wconf 78' lang='lat' dir='ltr'><strong>Christo</strong></span> <span class='ocrx_word' id='word_1_35' title='bbox 1999 628 2210 679; x_wconf 83' lang='lat' dir='ltr'><strong>oracula</strong></span> 
     </span>
    </p>
   </div>
   <div class='ocr_carea' id='block_1_7' title="bbox 635 717 2213 791">
    <p class='ocr_par' dir='ltr' id='par_1_7' title="bbox 635 717 2213 791">
     <span class='ocr_line' id='line_1_7' title="bbox 635 717 2213 791; baseline -0.004 -15"><span class='ocrx_word' id='word_1_36' title='bbox 635 736 863 791; x_wconf 83' lang='lat' dir='ltr'><strong>superna</strong></span> <span class='ocrx_word' id='word_1_37' title='bbox 915 727 1220 788; x_wconf 87' lang='lat' dir='ltr'><strong>patuerunt,</strong></span> <span class='ocrx_word' id='word_1_38' title='bbox 1267 727 1322 772; x_wconf 85' lang='lat' dir='ltr'><strong>et</strong></span> <span class='ocrx_word' id='word_1_39' title='bbox 1374 718 1511 772; x_wconf 89' lang='lat' dir='ltr'><strong>inter</strong></span> <span class='ocrx_word' id='word_1_40' title='bbox 1559 718 1721 772; x_wconf 89' lang='lat' dir='ltr'><strong>Deum</strong></span> <span class='ocrx_word' id='word_1_41' title='bbox 1767 729 1923 785; x_wconf 90' lang='lat' dir='ltr'><strong>atque</strong></span> <span class='ocrx_word' id='word_1_42' title='bbox 1973 717 2213 769; x_wconf 82' lang='lat' dir='ltr'><strong>homines</strong></span> 
     </span>
    </p>
   </div>
   <div class='ocr_carea' id='block_1_8' title="bbox 638 806 2213 880">
    <p class='ocr_par' dir='ltr' id='par_1_8' title="bbox 638 806 2213 880">
     <span class='ocr_line' id='line_1_8' title="bbox 638 806 2213 880; baseline -0.007 -13"><span class='ocrx_word' id='word_1_43' title='bbox 638 815 899 880; x_wconf 77' lang='lat' dir='ltr'><strong>interpres</strong></span> <span class='ocrx_word' id='word_1_44' title='bbox 937 810 1141 864; x_wconf 85' lang='lat' dir='ltr'><strong>exstitit</strong></span> <span class='ocrx_word' id='word_1_45' title='bbox 1181 809 1355 878; x_wconf 83' lang='lat' dir='ltr'><strong>lingua</strong></span> <span class='ocrx_word' id='word_1_46' title='bbox 1396 808 1742 877; x_wconf 77' lang='lat' dir='ltr'><strong>pontificum?</strong></span> <span class='ocrx_word' id='word_1_47' title='bbox 1780 807 1905 875; x_wconf 86' lang='lat' dir='ltr'><strong>quid</strong></span> <span class='ocrx_word' id='word_1_48' title='bbox 1950 806 2213 871; x_wconf 69' lang='lat' dir='ltr'><strong>generalis</strong></span> 
     </span>
    </p>
   </div>
   <div class='ocr_carea' id='block_1_9' title="bbox 641 896 2211 966">
    <p class='ocr_par' dir='ltr' id='par_1_9' title="bbox 641 896 2211 966">
     <span class='ocr_line' id='line_1_9' title="bbox 641 896 2211 966; baseline -0.007 -8"><span class='ocrx_word' id='word_1_49' title='bbox 641 903 891 959; x_wconf 77' lang='lat' dir='ltr'><strong>Ecclesia:</strong></span> <span class='ocrx_word' id='word_1_50' title='bbox 922 901 1163 955; x_wconf 82' lang='lat' dir='ltr'><strong>dolorem</strong></span> <span class='ocrx_word' id='word_1_51' title='bbox 1196 899 1391 964; x_wconf 89' lang='lat' dir='ltr'><strong>facitis,</strong></span> <span class='ocrx_word' id='word_1_52' title='bbox 1429 898 1670 966; x_wconf 80' lang='lat' dir='ltr'><strong>quamvis</strong></span> <span class='ocrx_word' id='word_1_53' title='bbox 1708 896 1760 950; x_wconf 89' lang='lat' dir='ltr'><strong>itt</strong></span> <span class='ocrx_word' id='word_1_54' title='bbox 1793 896 2101 965; x_wconf 80' lang='lat' dir='ltr'><strong>principali,</strong></span> <span class='ocrx_word' id='word_1_55' title='bbox 2126 904 2211 947; x_wconf 79' lang='lat' dir='ltr'><strong>ta-</strong></span> 
     </span>
    </p>
   </div>
   <div class='ocr_carea' id='block_1_10' title="bbox 639 986 2217 1050">
    <p class='ocr_par' dir='ltr' id='par_1_10' title="bbox 639 986 2217 1050">
     <span class='ocr_line' id='line_1_10' title="bbox 639 986 2217 1050; baseline -0.009 0"><span class='ocrx_word' id='word_1_56' title='bbox 639 1011 759 1050; x_wconf 89' lang='lat' dir='ltr'><strong>men</strong></span> <span class='ocrx_word' id='word_1_57' title='bbox 791 996 841 1047; x_wconf 87' lang='lat' dir='ltr'><strong>itt</strong></span> <span class='ocrx_word' id='word_1_58' title='bbox 871 1009 974 1047; x_wconf 90' lang='lat' dir='ltr'><strong>una</strong></span> <span class='ocrx_word' id='word_1_59' title='bbox 1004 992 1384 1045; x_wconf 82' lang='lat' dir='ltr'><strong>commissum?</strong></span> <span class='ocrx_word' id='word_1_60' title='bbox 1417 991 1505 1043; x_wconf 90' lang='lat' dir='ltr'><strong>Illa</strong></span> <span class='ocrx_word' id='word_1_61' title='bbox 1535 991 1675 1043; x_wconf 90' lang='lat' dir='ltr'><strong>enim</strong></span> <span class='ocrx_word' id='word_1_62' title='bbox 1706 988 1827 1042; x_wconf 79' lang='lat' dir='ltr'><strong>cceli</strong></span> <span class='ocrx_word' id='word_1_63' title='bbox 1851 988 2017 1049; x_wconf 89' lang='lat' dir='ltr'><strong>curia,</strong></span> <span class='ocrx_word' id='word_1_64' title='bbox 2048 986 2217 1039; x_wconf 81' lang='lat' dir='ltr'><strong>varia-</strong></span> 
     </span>
    </p>
   </div>
   <div class='ocr_carea' id='block_1_11' title="bbox 640 1077 2217 1145">
    <p class='ocr_par' dir='ltr' id='par_1_11' title="bbox 640 1077 2217 1145">
     <span class='ocr_line' id='line_1_11' title="bbox 640 1077 2217 1145; baseline -0.009 -6"><span class='ocrx_word' id='word_1_65' title='bbox 640 1103 756 1141; x_wconf 90' lang='lat' dir='ltr'><strong>rum</strong></span> <span class='ocrx_word' id='word_1_66' title='bbox 786 1084 997 1139; x_wconf 89' lang='lat' dir='ltr'><strong>dotibus</strong></span> <span class='ocrx_word' id='word_1_67' title='bbox 1028 1097 1180 1137; x_wconf 89' lang='lat' dir='ltr'><strong>aucta</strong></span> <span class='ocrx_word' id='word_1_68' title='bbox 1211 1082 1494 1145; x_wconf 91' lang='lat' dir='ltr'><strong>curulium,</strong></span> <span class='ocrx_word' id='word_1_69' title='bbox 1528 1088 1583 1135; x_wconf 90' lang='lat' dir='ltr'><strong>et</strong></span> <span class='ocrx_word' id='word_1_70' title='bbox 1625 1079 1795 1132; x_wconf 91' lang='lat' dir='ltr'><strong>multo</strong></span> <span class='ocrx_word' id='word_1_71' title='bbox 1846 1077 2217 1144; x_wconf 71' lang='lat' dir='ltr'><strong>Redemptoris</strong></span> 
     </span>
    </p>
   </div>
   <div class='ocr_carea' id='block_1_12' title="bbox 641 1167 2220 1241">
    <p class='ocr_par' dir='ltr' id='par_1_12' title="bbox 641 1167 2220 1241">
     <span class='ocr_line' id='line_1_12' title="bbox 641 1167 2220 1241; baseline -0.005 -14"><span class='ocrx_word' id='word_1_72' title='bbox 641 1176 809 1231; x_wconf 82' lang='lat' dir='ltr'><strong>nostri</strong></span> <span class='ocrx_word' id='word_1_73' title='bbox 854 1189 985 1227; x_wconf 89' lang='lat' dir='ltr'><strong>auro</strong></span> <span class='ocrx_word' id='word_1_74' title='bbox 1038 1184 1288 1241; x_wconf 89' lang='lat' dir='ltr'><strong>ostroque</strong></span> <span class='ocrx_word' id='word_1_75' title='bbox 1328 1172 1598 1230; x_wconf 80' lang='lat' dir='ltr'><strong>decorata.</strong></span> <span class='ocrx_word' id='word_1_76' title='bbox 1634 1169 1760 1222; x_wconf 84' lang='lat' dir='ltr'><strong>nihil</strong></span> <span class='ocrx_word' id='word_1_77' title='bbox 1806 1169 1855 1221; x_wconf 92' lang='lat' dir='ltr'><strong>in</strong></span> <span class='ocrx_word' id='word_1_78' title='bbox 1901 1168 1986 1220; x_wconf 90' lang='lat' dir='ltr'><strong>illa</strong></span> <span class='ocrx_word' id='word_1_79' title='bbox 2017 1167 2220 1220; x_wconf 77' lang='lat' dir='ltr'><strong>discus-</strong></span> 
     </span>
    </p>
   </div>
   <div class='ocr_carea' id='block_1_13' title="bbox 640 1258 2221 1331">
    <p class='ocr_par' dir='ltr' id='par_1_13' title="bbox 640 1258 2221 1331">
     <span class='ocr_line' id='line_1_13' title="bbox 640 1258 2221 1331; baseline -0.005 -12"><span class='ocrx_word' id='word_1_80' title='bbox 640 1268 789 1321; x_wconf 89' lang='lat' dir='ltr'><strong>sione</strong></span> <span class='ocrx_word' id='word_1_81' title='bbox 828 1274 1046 1319; x_wconf 89' lang='lat' dir='ltr'><strong>auctore</strong></span> <span class='ocrx_word' id='word_1_82' title='bbox 1085 1279 1143 1317; x_wconf 91' lang='lat' dir='ltr'><strong>se</strong></span> <span class='ocrx_word' id='word_1_83' title='bbox 1181 1264 1400 1331; x_wconf 90' lang='lat' dir='ltr'><strong>protulit</strong></span> <span class='ocrx_word' id='word_1_84' title='bbox 1432 1282 1442 1313; x_wconf 89' lang='lat'><strong>:</strong></span> <span class='ocrx_word' id='word_1_85' title='bbox 1477 1262 1570 1315; x_wconf 84' lang='lat' dir='ltr'><strong>sed</strong></span> <span class='ocrx_word' id='word_1_86' title='bbox 1612 1276 1705 1329; x_wconf 88' lang='lat' dir='ltr'><strong>per</strong></span> <span class='ocrx_word' id='word_1_87' title='bbox 1744 1261 1988 1313; x_wconf 73' lang='lat' dir='ltr'><strong>humanm</strong></span> <span class='ocrx_word' id='word_1_88' title='bbox 2030 1258 2221 1324; x_wconf 83' lang='lat' dir='ltr'><strong>lingua:</strong></span> 
     </span>
    </p>
   </div>
   <div class='ocr_carea' id='block_1_14' title="bbox 643 1350 2220 1419">
    <p class='ocr_par' dir='ltr' id='par_1_14' title="bbox 643 1350 2220 1419">
     <span class='ocr_line' id='line_1_14' title="bbox 643 1350 2220 1419; baseline -0.008 -7"><span class='ocrx_word' id='word_1_89' title='bbox 643 1359 1000 1413; x_wconf 86' lang='lat' dir='ltr'><strong>ministerium</strong></span> <span class='ocrx_word' id='word_1_90' title='bbox 1031 1356 1211 1409; x_wconf 89' lang='lat' dir='ltr'><strong>divino</strong></span> <span class='ocrx_word' id='word_1_91' title='bbox 1244 1354 1486 1405; x_wconf 82' lang='lat' dir='ltr'><strong>militavit</strong></span> <span class='ocrx_word' id='word_1_92' title='bbox 1518 1352 1761 1419; x_wconf 87' lang='lat' dir='ltr'><strong>imperio.</strong></span> <span class='ocrx_word' id='word_1_93' title='bbox 1816 1350 2075 1403; x_wconf 78' lang='lat' dir='ltr'><strong>lntellexit</strong></span> <span class='ocrx_word' id='word_1_94' title='bbox 2117 1364 2220 1400; x_wconf 79' lang='lat' dir='ltr'><strong>tzon</strong></span> 
     </span>
    </p>
   </div>
   <div class='ocr_carea' id='block_1_15' title="bbox 640 1439 2225 1514">
    <p class='ocr_par' dir='ltr' id='par_1_15' title="bbox 640 1439 2225 1514">
     <span class='ocr_line' id='line_1_15' title="bbox 640 1439 2225 1514; baseline -0.009 -10"><span class='ocrx_word' id='word_1_95' title='bbox 640 1451 759 1503; x_wconf 54' lang='lat' dir='ltr'><strong>esse</strong></span> <span class='ocrx_word' id='word_1_96' title='bbox 786 1463 964 1511; x_wconf 91' lang='lat' dir='ltr'><strong>suum,</strong></span> <span class='ocrx_word' id='word_1_97' title='bbox 992 1444 1247 1514; x_wconf 84' lang='lat' dir='ltr'><strong>quidquid</strong></span> <span class='ocrx_word' id='word_1_98' title='bbox 1282 1444 1506 1509; x_wconf 87' lang='lat' dir='ltr'><strong>impulsa</strong></span> <span class='ocrx_word' id='word_1_99' title='bbox 1538 1441 1812 1494; x_wconf 78' lang='lat' dir='ltr'><strong>constituit</strong></span> <span class='ocrx_word' id='word_1_100' title='bbox 1848 1458 1858 1490; x_wconf 95' lang='lat'>:</span> <span class='ocrx_word' id='word_1_101' title='bbox 1903 1439 2033 1491; x_wconf 89' lang='lat' dir='ltr'><strong>nihil</strong></span> <span class='ocrx_word' id='word_1_102' title='bbox 2068 1439 2225 1490; x_wconf 75' lang='lat' dir='ltr'><strong>habet</strong></span> 
     </span>
    </p>
   </div>
   <div class='ocr_carea' id='block_1_16' title="bbox 642 1528 2226 1599">
    <p class='ocr_par' dir='ltr' id='par_1_16' title="bbox 642 1528 2226 1599">
     <span class='ocr_line' id='line_1_16' title="bbox 642 1528 2226 1599; baseline -0.009 -6"><span class='ocrx_word' id='word_1_103' title='bbox 642 1541 696 1593; x_wconf 86' lang='lat' dir='ltr'><strong>iit</strong></span> <span class='ocrx_word' id='word_1_104' title='bbox 728 1540 817 1594; x_wconf 89' lang='lat' dir='ltr'><strong>illa</strong></span> <span class='ocrx_word' id='word_1_105' title='bbox 846 1536 1131 1599; x_wconf 88' lang='lat' dir='ltr'><strong>sententia,</strong></span> <span class='ocrx_word' id='word_1_106' title='bbox 1163 1534 1261 1587; x_wconf 86' lang='lat' dir='ltr'><strong>nisi</strong></span> <span class='ocrx_word' id='word_1_107' title='bbox 1292 1532 1431 1585; x_wconf 89' lang='lat' dir='ltr'><strong>unde</strong></span> <span class='ocrx_word' id='word_1_108' title='bbox 1460 1532 1523 1584; x_wconf 89' lang='lat' dir='ltr'><strong>de</strong></span> <span class='ocrx_word' id='word_1_109' title='bbox 1551 1532 1664 1583; x_wconf 88' lang='lat' dir='ltr'><strong>sola</strong></span> <span class='ocrx_word' id='word_1_110' title='bbox 1692 1530 1972 1583; x_wconf 88' lang='lat' dir='ltr'><strong>devotione</strong></span> <span class='ocrx_word' id='word_1_111' title='bbox 1994 1528 2183 1597; x_wconf 70' lang='lat' dir='ltr'><strong>gratult</strong></span> <span class='ocrx_word' id='word_1_112' title='bbox 2202 1554 2226 1565; x_wconf 83' lang='lat'><strong>-</strong></span> 
     </span>
    </p>
   </div>
   <div class='ocr_carea' id='block_1_17' title="bbox 643 1620 2224 1699">
    <p class='ocr_par' dir='ltr' id='par_1_17' title="bbox 643 1620 2224 1699">
     <span class='ocr_line' id='line_1_17' title="bbox 643 1620 2224 1699; baseline -0.008 -16"><span class='ocrx_word' id='word_1_113' title='bbox 643 1642 768 1685; x_wconf 92' lang='lat' dir='ltr'><strong>tur:</strong></span> <span class='ocrx_word' id='word_1_114' title='bbox 796 1628 1130 1699; x_wconf 82' lang='lat' dir='ltr'><strong>peregrinum</strong></span> <span class='ocrx_word' id='word_1_115' title='bbox 1157 1626 1325 1694; x_wconf 82' lang='lat' dir='ltr'><strong>stylus</strong></span> <span class='ocrx_word' id='word_1_116' title='bbox 1350 1625 1516 1677; x_wconf 82' lang='lat' dir='ltr'><strong>sensit</strong></span> <span class='ocrx_word' id='word_1_117' title='bbox 1540 1622 1831 1689; x_wconf 88' lang='lat' dir='ltr'><strong>eloquium,</strong></span> <span class='ocrx_word' id='word_1_118' title='bbox 1860 1620 1983 1673; x_wconf 89' lang='lat' dir='ltr'><strong>inde</strong></span> <span class='ocrx_word' id='word_1_119' title='bbox 2009 1634 2224 1672; x_wconf 89' lang='lat' dir='ltr'><strong>sumens</strong></span> 
     </span>
    </p>
   </div>
   <div class='ocr_carea' id='block_1_18' title="bbox 644 1707 2221 1785">
    <p class='ocr_par' dir='ltr' id='par_1_18' title="bbox 644 1707 2221 1785">
     <span class='ocr_line' id='line_1_18' title="bbox 644 1707 2221 1785; baseline -0.01 -11"><span class='ocrx_word' id='word_1_120' title='bbox 644 1720 810 1774; x_wconf 89' lang='lat' dir='ltr'><strong>solam</strong></span> <span class='ocrx_word' id='word_1_121' title='bbox 851 1717 1095 1785; x_wconf 83' lang='lat' dir='ltr'><strong>gloriam,</strong></span> <span class='ocrx_word' id='word_1_122' title='bbox 1136 1714 1273 1783; x_wconf 85' lang='lat' dir='ltr'><strong>quod</strong></span> <span class='ocrx_word' id='word_1_123' title='bbox 1320 1714 1486 1765; x_wconf 77' lang='lat' dir='ltr'><strong>infusa</strong></span> <span class='ocrx_word' id='word_1_124' title='bbox 1534 1712 1630 1764; x_wconf 91' lang='lat' dir='ltr'><strong>sibi</strong></span> <span class='ocrx_word' id='word_1_125' title='bbox 1672 1710 1905 1764; x_wconf 86' lang='lat' dir='ltr'><strong>servavit</strong></span> <span class='ocrx_word' id='word_1_126' title='bbox 1943 1720 1995 1761; x_wconf 86' lang='lat' dir='ltr'><strong>et</strong></span> <span class='ocrx_word' id='word_1_127' title='bbox 2040 1707 2221 1760; x_wconf 90' lang='lat' dir='ltr'><strong>coluit.</strong></span> 
     </span>
    </p>
   </div>
   <div class='ocr_carea' id='block_1_19' title="bbox 2321 532 3885 604">
    <p class='ocr_par' dir='ltr' id='par_1_19' title="bbox 2321 532 3885 604">
     <span class='ocr_line' id='line_1_19' title="bbox 2321 532 3885 604; baseline -0.001 -15"><span class='ocrx_word' id='word_1_128' title='bbox 2321 547 2558 604; x_wconf 87' lang='lat' dir='ltr'><strong>posteras</strong></span> <span class='ocrx_word' id='word_1_129' title='bbox 2598 536 2853 590; x_wconf 86' lang='lat' dir='ltr'><strong>relatione</strong></span> <span class='ocrx_word' id='word_1_130' title='bbox 2897 535 3224 588; x_wconf 79' lang='lat' dir='ltr'><strong>transmittit.</strong></span> <span class='ocrx_word' id='word_1_131' title='bbox 3282 532 3431 589; x_wconf 86' lang='lat' dir='ltr'><strong>Beati</strong></span> <span class='ocrx_word' id='word_1_132' title='bbox 3492 534 3639 587; x_wconf 81' lang='lat' dir='ltr'><strong>Pauli</strong></span> <span class='ocrx_word' id='word_1_133' title='bbox 3699 541 3779 585; x_wconf 87' lang='lat' dir='ltr'><strong>est</strong></span> <span class='ocrx_word' id='word_1_134' title='bbox 3805 549 3885 588; x_wconf 90' lang='lat' dir='ltr'><strong>se-</strong></span> 
     </span>
    </p>
   </div>
   <div class='ocr_carea' id='block_1_20' title="bbox 2318 626 3879 697">
    <p class='ocr_par' dir='ltr' id='par_1_20' title="bbox 2318 626 3879 697">
     <span class='ocr_line' id='line_1_20' title="bbox 2318 626 3879 697; baseline -0.005 -16"><span class='ocrx_word' id='word_1_135' title='bbox 2318 630 2522 697; x_wconf 89' lang='lat' dir='ltr'><strong>quenda</strong></span> <span class='ocrx_word' id='word_1_136' title='bbox 2547 631 2830 691; x_wconf 88' lang='lat' dir='ltr'><strong>sententia,</strong></span> <span class='ocrx_word' id='word_1_137' title='bbox 2854 628 2941 696; x_wconf 85' lang='lat' dir='ltr'><strong>qui</strong></span> <span class='ocrx_word' id='word_1_138' title='bbox 2972 638 3149 681; x_wconf 89' lang='lat' dir='ltr'><strong>monet</strong></span> <span class='ocrx_word' id='word_1_139' title='bbox 3172 640 3271 696; x_wconf 88' lang='lat' dir='ltr'><strong>per</strong></span> <span class='ocrx_word' id='word_1_140' title='bbox 3303 626 3620 695; x_wconf 89' lang='lat' dir='ltr'><strong>discipulum</strong></span> <span class='ocrx_word' id='word_1_141' title='bbox 3650 640 3879 679; x_wconf 71' lang='lat' dir='ltr'><strong>concias.</strong></span> 
     </span>
    </p>
   </div>
   <div class='ocr_carea' id='block_1_21' title="bbox 2322 714 3882 785">
    <p class='ocr_par' dir='ltr' id='par_1_21' title="bbox 2322 714 3882 785">
     <span class='ocr_line' id='line_1_21' title="bbox 2322 714 3882 785; baseline -0.002 -14"><span class='ocrx_word' id='word_1_142' title='bbox 2322 727 2375 771; x_wconf 90' lang='lat' dir='ltr'><strong>et</strong></span> <span class='ocrx_word' id='word_1_143' title='bbox 2419 719 2613 771; x_wconf 89' lang='lat' dir='ltr'><strong>clamat</strong></span> <span class='ocrx_word' id='word_1_144' title='bbox 2642 734 2655 769; x_wconf 92' lang='lat'><strong>:</strong></span> <span class='ocrx_word' id='word_1_145' title='bbox 2688 716 2877 769; x_wconf 90' lang='lat' dir='ltr'><strong>Inanes</strong></span> <span class='ocrx_word' id='word_1_146' title='bbox 2908 716 3205 785; x_wconf 75' lang='lat' dir='ltr'><strong>quwstiunes</strong></span> <span class='ocrx_word' id='word_1_147' title='bbox 3240 717 3373 768; x_wconf 78' lang='lat' dir='ltr'><strong>evita</strong></span> <span class='ocrx_word' id='word_1_148' title='bbox 3405 714 3491 785; x_wconf 89' lang='lat' dir='ltr'><strong>(II</strong></span> <span class='ocrx_word' id='word_1_149' title='bbox 3522 714 3655 767; x_wconf 86' lang='lat' dir='ltr'><strong>Tim.</strong></span> <span class='ocrx_word' id='word_1_150' title='bbox 3691 730 3745 778; x_wconf 89' lang='lat' dir='ltr'><strong>ll,</strong></span> <span class='ocrx_word' id='word_1_151' title='bbox 3774 714 3882 782; x_wconf 71' lang='lat'><strong>2&#39;5).</strong></span> 
     </span>
    </p>
   </div>
   <div class='ocr_carea' id='block_1_22' title="bbox 2318 804 3886 875">
    <p class='ocr_par' dir='ltr' id='par_1_22' title="bbox 2318 804 3886 875">
     <span class='ocr_line' id='line_1_22' title="bbox 2318 804 3886 875; baseline -0.004 -14"><span class='ocrx_word' id='word_1_152' title='bbox 2318 807 2477 862; x_wconf 77' lang='lat' dir='ltr'><strong>Multa</strong></span> <span class='ocrx_word' id='word_1_153' title='bbox 2507 809 2647 862; x_wconf 90' lang='lat' dir='ltr'><strong>enim</strong></span> <span class='ocrx_word' id='word_1_154' title='bbox 2691 816 2812 861; x_wconf 84' lang='lat' dir='ltr'><strong>Sunt</strong></span> <span class='ocrx_word' id='word_1_155' title='bbox 2855 808 2905 860; x_wconf 92' lang='lat' dir='ltr'><strong>in</strong></span> <span class='ocrx_word' id='word_1_156' title='bbox 2936 805 3389 875; x_wconf 79' lang='lat' dir='ltr'><strong>propositionibus</strong></span> <span class='ocrx_word' id='word_1_157' title='bbox 3424 806 3639 863; x_wconf 80' lang='lat' dir='ltr'><strong>vestris.</strong></span> <span class='ocrx_word' id='word_1_158' title='bbox 3681 819 3795 871; x_wconf 62' lang='lat' dir='ltr'><strong>qua!</strong></span> <span class='ocrx_word' id='word_1_159' title='bbox 3823 804 3886 856; x_wconf 91' lang='lat' dir='ltr'><strong>ita</strong></span> 
     </span>
    </p>
   </div>
   <div class='ocr_carea' id='block_1_23' title="bbox 2320 894 3888 963">
    <p class='ocr_par' dir='ltr' id='par_1_23' title="bbox 2320 894 3888 963">
     <span class='ocr_line' id='line_1_23' title="bbox 2320 894 3888 963; baseline -0.006 -12"><span class='ocrx_word' id='word_1_160' title='bbox 2320 898 2599 952; x_wconf 80' lang='lat' dir='ltr'><strong>feculentis</strong></span> <span class='ocrx_word' id='word_1_161' title='bbox 2634 898 2769 950; x_wconf 88' lang='lat' dir='ltr'><strong>ulnis</strong></span> <span class='ocrx_word' id='word_1_162' title='bbox 2803 896 3051 962; x_wconf 80' lang='lat' dir='ltr'><strong>peccandi</strong></span> <span class='ocrx_word' id='word_1_163' title='bbox 3096 910 3245 949; x_wconf 91' lang='lat' dir='ltr'><strong>amor</strong></span> <span class='ocrx_word' id='word_1_164' title='bbox 3283 895 3641 963; x_wconf 87' lang='lat' dir='ltr'><strong>amplectitur,</strong></span> <span class='ocrx_word' id='word_1_165' title='bbox 3686 903 3739 946; x_wconf 91' lang='lat' dir='ltr'><strong>ut</strong></span> <span class='ocrx_word' id='word_1_166' title='bbox 3772 894 3888 945; x_wconf 89' lang='lat' dir='ltr'><strong>fiant</strong></span> 
     </span>
    </p>
   </div>
   <div class='ocr_carea' id='block_1_24' title="bbox 2320 985 3890 1057">
    <p class='ocr_par' dir='ltr' id='par_1_24' title="bbox 2320 985 3890 1057">
     <span class='ocr_line' id='line_1_24' title="bbox 2320 985 3890 1057; baseline -0.003 -16"><span class='ocrx_word' id='word_1_167' title='bbox 2320 990 2533 1057; x_wconf 87' lang='lat' dir='ltr'><strong>indigna</strong></span> <span class='ocrx_word' id='word_1_168' title='bbox 2583 1003 2668 1042; x_wconf 88' lang='lat' dir='ltr'><strong>me</strong></span> <span class='ocrx_word' id='word_1_169' title='bbox 2692 998 2877 1041; x_wconf 91' lang='lat' dir='ltr'><strong>noratu</strong></span> <span class='ocrx_word' id='word_1_170' title='bbox 2910 1004 2922 1038; x_wconf 91' lang='lat'><strong>:</strong></span> <span class='ocrx_word' id='word_1_171' title='bbox 2957 988 3106 1056; x_wconf 88' lang='lat' dir='ltr'><strong>plura</strong></span> <span class='ocrx_word' id='word_1_172' title='bbox 3158 986 3341 1039; x_wconf 86' lang='lat' dir='ltr'><strong>levitas</strong></span> <span class='ocrx_word' id='word_1_173' title='bbox 3388 985 3726 1049; x_wconf 84' lang='lat' dir='ltr'><strong>dehonestat,</strong></span> <span class='ocrx_word' id='word_1_174' title='bbox 3773 986 3890 1037; x_wconf 90' lang='lat' dir='ltr'><strong>dum</strong></span> 
     </span>
    </p>
   </div>
   <div class='ocr_carea' id='block_1_25' title="bbox 2320 1076 3891 1144">
    <p class='ocr_par' dir='ltr' id='par_1_25' title="bbox 2320 1076 3891 1144">
     <span class='ocr_line' id='line_1_25' title="bbox 2320 1076 3891 1144; baseline -0.003 -14"><span class='ocrx_word' id='word_1_175' title='bbox 2320 1079 2597 1132; x_wconf 85' lang='lat' dir='ltr'><strong>subductis</strong></span> <span class='ocrx_word' id='word_1_176' title='bbox 2636 1078 3001 1131; x_wconf 89' lang='lat' dir='ltr'><strong>eviscerantur</strong></span> <span class='ocrx_word' id='word_1_177' title='bbox 3047 1078 3206 1130; x_wconf 89' lang='lat' dir='ltr'><strong>verba</strong></span> <span class='ocrx_word' id='word_1_178' title='bbox 3248 1087 3423 1129; x_wconf 90' lang='lat' dir='ltr'><strong>vestra</strong></span> <span class='ocrx_word' id='word_1_179' title='bbox 3470 1076 3815 1144; x_wconf 84' lang='lat' dir='ltr'><strong>ponderibus,</strong></span> <span class='ocrx_word' id='word_1_180' title='bbox 3844 1085 3891 1130; x_wconf 88' lang='lat' dir='ltr'><strong>et</strong></span> 
     </span>
    </p>
   </div>
   <div class='ocr_carea' id='block_1_26' title="bbox 2322 1166 3892 1237">
    <p class='ocr_par' dir='ltr' id='par_1_26' title="bbox 2322 1166 3892 1237">
     <span class='ocr_line' id='line_1_26' title="bbox 2322 1166 3892 1237; baseline -0.005 -15"><span class='ocrx_word' id='word_1_181' title='bbox 2322 1168 2387 1222; x_wconf 86' lang='lat' dir='ltr'><strong>de</strong></span> <span class='ocrx_word' id='word_1_182' title='bbox 2438 1168 2709 1237; x_wconf 80' lang='lat' dir='ltr'><strong>religionis</strong></span> <span class='ocrx_word' id='word_1_183' title='bbox 2761 1168 2934 1221; x_wconf 87' lang='lat' dir='ltr'><strong>causis</strong></span> <span class='ocrx_word' id='word_1_184' title='bbox 2981 1168 3213 1221; x_wconf 88' lang='lat' dir='ltr'><strong>elocutio</strong></span> <span class='ocrx_word' id='word_1_185' title='bbox 3270 1175 3490 1219; x_wconf 85' lang='lat' dir='ltr'><strong>ventosa</strong></span> <span class='ocrx_word' id='word_1_186' title='bbox 3541 1166 3892 1233; x_wconf 87' lang='lat' dir='ltr'><strong>componitur,</strong></span> 
     </span>
    </p>
   </div>
   <div class='ocr_carea' id='block_1_27' title="bbox 2324 1257 3894 1327">
    <p class='ocr_par' dir='ltr' id='par_1_27' title="bbox 2324 1257 3894 1327">
     <span class='ocr_line' id='line_1_27' title="bbox 2324 1257 3894 1327; baseline -0.005 -14"><span class='ocrx_word' id='word_1_187' title='bbox 2324 1261 2468 1313; x_wconf 87' lang='lat' dir='ltr'><strong>auris</strong></span> <span class='ocrx_word' id='word_1_188' title='bbox 2498 1274 2785 1327; x_wconf 83' lang='lat' dir='ltr'><strong>congruam</strong></span> <span class='ocrx_word' id='word_1_189' title='bbox 2815 1260 3001 1313; x_wconf 86' lang='lat' dir='ltr'><strong>sortita</strong></span> <span class='ocrx_word' id='word_1_190' title='bbox 3034 1259 3345 1326; x_wconf 77' lang='lat' dir='ltr'><strong>gravitatem</strong></span> <span class='ocrx_word' id='word_1_191' title='bbox 3374 1275 3383 1308; x_wconf 93' lang='lat'>:</span> <span class='ocrx_word' id='word_1_192' title='bbox 3409 1272 3528 1325; x_wconf 63' lang='lat' dir='ltr'><strong>quae</strong></span> <span class='ocrx_word' id='word_1_193' title='bbox 3555 1257 3605 1309; x_wconf 91' lang='lat' dir='ltr'><strong>in</strong></span> <span class='ocrx_word' id='word_1_194' title='bbox 3635 1257 3894 1324; x_wconf 84' lang='lat' dir='ltr'><strong>palearum</strong></span> 
     </span>
    </p>
   </div>
   <div class='ocr_carea' id='block_1_28' title="bbox 2326 1348 3893 1411">
    <p class='ocr_par' dir='ltr' id='par_1_28' title="bbox 2326 1348 3893 1411">
     <span class='ocr_line' id='line_1_28' title="bbox 2326 1348 3893 1411; baseline -0.004 -8"><span class='ocrx_word' id='word_1_195' title='bbox 2326 1351 2651 1404; x_wconf 77' lang='lat' dir='ltr'><strong>abundantia</strong></span> <span class='ocrx_word' id='word_1_196' title='bbox 2694 1350 2837 1403; x_wconf 86' lang='lat' dir='ltr'><strong>nihil</strong></span> <span class='ocrx_word' id='word_1_197' title='bbox 2856 1362 2936 1404; x_wconf 87' lang='lat' dir='ltr'><strong>est</strong></span> <span class='ocrx_word' id='word_1_198' title='bbox 2967 1350 3173 1403; x_wconf 81' lang='lat' dir='ltr'><strong>horreis</strong></span> <span class='ocrx_word' id='word_1_199' title='bbox 3219 1350 3428 1402; x_wconf 85' lang='lat' dir='ltr'><strong>illatura</strong></span> <span class='ocrx_word' id='word_1_200' title='bbox 3460 1350 3527 1402; x_wconf 89' lang='lat' dir='ltr'><strong>de</strong></span> <span class='ocrx_word' id='word_1_201' title='bbox 3553 1348 3748 1411; x_wconf 85' lang='lat' dir='ltr'><strong>tritico,</strong></span> <span class='ocrx_word' id='word_1_202' title='bbox 3775 1348 3893 1400; x_wconf 91' lang='lat' dir='ltr'><strong>dum</strong></span> 
     </span>
    </p>
   </div>
   <div class='ocr_carea' id='block_1_29' title="bbox 2331 1439 3893 1509">
    <p class='ocr_par' dir='ltr' id='par_1_29' title="bbox 2331 1439 3893 1509">
     <span class='ocr_line' id='line_1_29' title="bbox 2331 1439 3893 1509; baseline -0.006 -14"><span class='ocrx_word' id='word_1_203' title='bbox 2331 1442 2668 1496; x_wconf 89' lang='lat' dir='ltr'><strong>infecundam</strong></span> <span class='ocrx_word' id='word_1_204' title='bbox 2709 1442 2945 1509; x_wconf 77' lang='lat' dir='ltr'><strong>frugibus</strong></span> <span class='ocrx_word' id='word_1_205' title='bbox 2974 1442 3271 1494; x_wconf 87' lang='lat' dir='ltr'><strong>culmorum</strong></span> <span class='ocrx_word' id='word_1_206' title='bbox 3312 1440 3536 1506; x_wconf 86' lang='lat' dir='ltr'><strong>parturit</strong></span> <span class='ocrx_word' id='word_1_207' title='bbox 3584 1439 3893 1499; x_wconf 88' lang='lat' dir='ltr'><strong>ubertatem,</strong></span> 
     </span>
    </p>
   </div>
   <div class='ocr_carea' id='block_1_30' title="bbox 2328 1529 3895 1603">
    <p class='ocr_par' dir='ltr' id='par_1_30' title="bbox 2328 1529 3895 1603">
     <span class='ocr_line' id='line_1_30' title="bbox 2328 1529 3895 1603; baseline -0.006 -14"><span class='ocrx_word' id='word_1_208' title='bbox 2328 1545 2383 1589; x_wconf 86' lang='lat' dir='ltr'><strong>et</strong></span> <span class='ocrx_word' id='word_1_209' title='bbox 2411 1550 2560 1603; x_wconf 91' lang='lat' dir='ltr'><strong>spem</strong></span> <span class='ocrx_word' id='word_1_210' title='bbox 2608 1535 2676 1588; x_wconf 88' lang='lat' dir='ltr'><strong>de</strong></span> <span class='ocrx_word' id='word_1_211' title='bbox 2706 1534 2888 1588; x_wconf 78' lang='lat' dir='ltr'><strong>herba:</strong></span> <span class='ocrx_word' id='word_1_212' title='bbox 2936 1535 3143 1587; x_wconf 75' lang='lat' dir='ltr'><strong>luxuria</strong></span> <span class='ocrx_word' id='word_1_213' title='bbox 3194 1532 3450 1586; x_wconf 89' lang='lat' dir='ltr'><strong>mentitur</strong></span> <span class='ocrx_word' id='word_1_214' title='bbox 3496 1531 3743 1600; x_wconf 81' lang='lat' dir='ltr'><strong>agricolis</strong></span> <span class='ocrx_word' id='word_1_215' title='bbox 3786 1547 3797 1580; x_wconf 90' lang='lat'>:</span> <span class='ocrx_word' id='word_1_216' title='bbox 3838 1529 3895 1580; x_wconf 84' lang='lat' dir='ltr'><strong>tle</strong></span> 
     </span>
    </p>
   </div>
   <div class='ocr_carea' id='block_1_31' title="bbox 2328 1620 3895 1693">
    <p class='ocr_par' dir='ltr' id='par_1_31' title="bbox 2328 1620 3895 1693">
     <span class='ocr_line' id='line_1_31' title="bbox 2328 1620 3895 1693; baseline -0.003 -19"><span class='ocrx_word' id='word_1_217' title='bbox 2328 1625 2519 1693; x_wconf 86' lang='lat' dir='ltr'><strong>quibus</strong></span> <span class='ocrx_word' id='word_1_218' title='bbox 2551 1624 2680 1677; x_wconf 91' lang='lat' dir='ltr'><strong>nihil</strong></span> <span class='ocrx_word' id='word_1_219' title='bbox 2724 1624 2853 1677; x_wconf 91' lang='lat' dir='ltr'><strong>lucri</strong></span> <span class='ocrx_word' id='word_1_220' title='bbox 2889 1624 3182 1676; x_wconf 79' lang='lat' dir='ltr'><strong>ventilabro</strong></span> <span class='ocrx_word' id='word_1_221' title='bbox 3229 1621 3532 1690; x_wconf 89' lang='lat' dir='ltr'><strong>reperiunt,</strong></span> <span class='ocrx_word' id='word_1_222' title='bbox 3571 1620 3678 1689; x_wconf 81' lang='lat' dir='ltr'><strong>igni</strong></span> <span class='ocrx_word' id='word_1_223' title='bbox 3705 1620 3895 1679; x_wconf 91' lang='lat' dir='ltr'><strong>debita,</strong></span> 
     </span>
    </p>
   </div>
   <div class='ocr_carea' id='block_1_32' title="bbox 2332 1708 3895 1781">
    <p class='ocr_par' dir='ltr' id='par_1_32' title="bbox 2332 1708 3895 1781">
     <span class='ocr_line' id='line_1_32' title="bbox 2332 1708 3895 1781; baseline -0.005 -15"><span class='ocrx_word' id='word_1_224' title='bbox 2332 1714 2682 1780; x_wconf 90' lang='lat' dir='ltr'><strong>incendioque</strong></span> <span class='ocrx_word' id='word_1_225' title='bbox 2726 1713 2958 1781; x_wconf 83' lang='lat' dir='ltr'><strong>peritu:a</strong></span> <span class='ocrx_word' id='word_1_226' title='bbox 3001 1729 3013 1763; x_wconf 84' lang='lat'><strong>;</strong></span> <span class='ocrx_word' id='word_1_227' title='bbox 3060 1712 3244 1781; x_wconf 79' lang='lat' dir='ltr'><strong>dehis</strong></span> <span class='ocrx_word' id='word_1_228' title='bbox 3300 1712 3562 1780; x_wconf 79' lang='lat' dir='ltr'><strong>sciiptum</strong></span> <span class='ocrx_word' id='word_1_229' title='bbox 3589 1720 3716 1763; x_wconf 87' lang='lat' dir='ltr'><strong>est:</strong></span> <span class='ocrx_word' id='word_1_230' title='bbox 3774 1708 3895 1759; x_wconf 84' lang='lat' dir='ltr'><strong>Dor-</strong></span> 
     </span>
    </p>
   </div>
   <div class='ocr_carea' id='block_1_33' title="bbox 643 1793 3897 1879">
    <p class='ocr_par' dir='ltr' id='par_1_33' title="bbox 643 1793 3897 1879">
     <span class='ocr_line' id='line_1_33' title="bbox 643 1793 3897 1879; baseline -0.005 -13"><span class='ocrx_word' id='word_1_231' title='bbox 643 1811 779 1879; x_wconf 84' lang='lat' dir='ltr'><strong>Quid</strong></span> <span class='ocrx_word' id='word_1_232' title='bbox 813 1810 894 1863; x_wconf 70' lang='lat' dir='ltr'><strong>his</strong></span> <span class='ocrx_word' id='word_1_233' title='bbox 931 1808 999 1862; x_wconf 89' lang='lat' dir='ltr'><strong>de</strong></span> <span class='ocrx_word' id='word_1_234' title='bbox 1027 1807 1287 1874; x_wconf 76' lang='lat' dir='ltr'><strong>exemplis</strong></span> <span class='ocrx_word' id='word_1_235' title='bbox 1317 1804 1637 1872; x_wconf 85' lang='lat' dir='ltr'><strong>evangelicis</strong></span> <span class='ocrx_word' id='word_1_236' title='bbox 1669 1800 1999 1870; x_wconf 69' lang='lat' dir='ltr'><strong>praeparastis</strong></span> <span class='ocrx_word' id='word_1_237' title='bbox 2030 1800 2227 1853; x_wconf 88' lang='lat' dir='ltr'><strong>calum-</strong></span> <span class='ocrx_word' id='word_1_238' title='bbox 2259 1793 2303 1850; x_wconf 87' lang='grc' dir='ltr'><strong>Β</strong></span> <span class='ocrx_word' id='word_1_239' title='bbox 2331 1806 2547 1857; x_wconf 76' lang='lat' dir='ltr'><strong>inierunt</strong></span> <span class='ocrx_word' id='word_1_240' title='bbox 2578 1805 2669 1855; x_wconf 76' lang='lat' dir='ltr'><strong>tiri</strong></span> <span class='ocrx_word' id='word_1_241' title='bbox 2699 1819 2932 1855; x_wconf 85' lang='lat' dir='ltr'><strong>somnum</strong></span> <span class='ocrx_word' id='word_1_242' title='bbox 2961 1819 3141 1865; x_wconf 86' lang='lat' dir='ltr'><strong>suum,</strong></span> <span class='ocrx_word' id='word_1_243' title='bbox 3173 1812 3219 1854; x_wconf 85' lang='lat' dir='ltr'><strong>et</strong></span> <span class='ocrx_word' id='word_1_244' title='bbox 3248 1801 3375 1854; x_wconf 78' lang='lat' dir='ltr'><strong>nihil</strong></span> <span class='ocrx_word' id='word_1_245' title='bbox 3413 1803 3702 1854; x_wconf 82' lang='lat' dir='ltr'><strong>invenerunt</strong></span> <span class='ocrx_word' id='word_1_246' title='bbox 3736 1798 3897 1866; x_wconf 80' lang='lat' dir='ltr'><strong>(l’sal.</strong></span> 
     </span>
    </p>
   </div>
   <div class='ocr_carea' id='block_1_34' title="bbox 648 1889 2225 1959">
    <p class='ocr_par' dir='ltr' id='par_1_34' title="bbox 648 1889 2225 1959">
     <span class='ocr_line' id='line_1_34' title="bbox 648 1889 2225 1959; baseline -0.01 -3"><span class='ocrx_word' id='word_1_247' title='bbox 648 1901 832 1955; x_wconf 83' lang='lat' dir='ltr'><strong>niam?</strong></span> <span class='ocrx_word' id='word_1_248' title='bbox 894 1899 1032 1953; x_wconf 90' lang='lat' dir='ltr'><strong>sicut</strong></span> <span class='ocrx_word' id='word_1_249' title='bbox 1076 1897 1141 1950; x_wconf 83' lang='lat' dir='ltr'><strong>de</strong></span> <span class='ocrx_word' id='word_1_250' title='bbox 1186 1896 1339 1947; x_wconf 80' lang='lat' dir='ltr'><strong>vobis</strong></span> <span class='ocrx_word' id='word_1_251' title='bbox 1377 1896 1628 1959; x_wconf 75' lang='lat' dir='ltr'><strong>scriptum</strong></span> <span class='ocrx_word' id='word_1_252' title='bbox 1667 1904 1788 1945; x_wconf 88' lang='lat' dir='ltr'><strong>est:</strong></span> <span class='ocrx_word' id='word_1_253' title='bbox 1828 1890 2132 1942; x_wconf 78' lang='lat' dir='ltr'><strong>Errnvernnt</strong></span> <span class='ocrx_word' id='word_1_254' title='bbox 2173 1889 2225 1941; x_wconf 80' lang='lat' dir='ltr'><strong>iu</strong></span> 
     </span>
    </p>
   </div>
   <div class='ocr_carea' id='block_1_35' title="bbox 649 1980 2228 2052">
    <p class='ocr_par' dir='ltr' id='par_1_35' title="bbox 649 1980 2228 2052">
     <span class='ocr_line' id='line_1_35' title="bbox 649 1980 2228 2052; baseline -0.009 -8"><span class='ocrx_word' id='word_1_255' title='bbox 649 1992 905 2052; x_wconf 76' lang='lat' dir='ltr'><strong>ebrieate,</strong></span> <span class='ocrx_word' id='word_1_256' title='bbox 942 1988 1217 2041; x_wconf 79' lang='lat' dir='ltr'><strong>nescierunt</strong></span> <span class='ocrx_word' id='word_1_257' title='bbox 1262 1986 1529 2045; x_wconf 75' lang='lat' dir='ltr'><strong>videntem,</strong></span> <span class='ocrx_word' id='word_1_258' title='bbox 1578 1984 1931 2051; x_wconf 80' lang='lat' dir='ltr'><strong>ignoraveruut</strong></span> <span class='ocrx_word' id='word_1_259' title='bbox 1970 1980 2228 2048; x_wconf 75' lang='lat' dir='ltr'><strong>judicium</strong></span> 
     </span>
    </p>
   </div>
   <div class='ocr_carea' id='block_1_36' title="bbox 650 2071 2227 2151">
    <p class='ocr_par' dir='ltr' id='par_1_36' title="bbox 650 2071 2227 2151">
     <span class='ocr_line' id='line_1_36' title="bbox 650 2071 2227 2151; baseline -0.01 -17"><span class='ocrx_word' id='word_1_260' title='bbox 650 2081 801 2151; x_wconf 73' lang='lat' dir='ltr'><strong>(Isa‘.</strong></span> <span class='ocrx_word' id='word_1_261' title='bbox 832 2093 1013 2143; x_wconf 79' lang='lat' dir='ltr'><strong>xxvtn,</strong></span> <span class='ocrx_word' id='word_1_262' title='bbox 1046 2076 1120 2146; x_wconf 87' lang='lat'><strong>7).</strong></span> <span class='ocrx_word' id='word_1_263' title='bbox 1171 2075 1298 2128; x_wconf 84' lang='lat' dir='ltr'><strong>Nam</strong></span> <span class='ocrx_word' id='word_1_264' title='bbox 1332 2074 1457 2128; x_wconf 89' lang='lat' dir='ltr'><strong>dum</strong></span> <span class='ocrx_word' id='word_1_265' title='bbox 1491 2071 1724 2139; x_wconf 66' lang='lat' dir='ltr'><strong>profanis</strong></span> <span class='ocrx_word' id='word_1_266' title='bbox 1757 2079 2075 2121; x_wconf 88' lang='lat' dir='ltr'><strong>memoratos</strong></span> <span class='ocrx_word' id='word_1_267' title='bbox 2108 2083 2227 2119; x_wconf 62' lang='lat' dir='ltr'><strong>vero</strong></span> 
     </span>
    </p>
   </div>
   <div class='ocr_carea' id='block_1_37' title="bbox 650 2158 2228 2231">
    <p class='ocr_par' dir='ltr' id='par_1_37' title="bbox 650 2158 2228 2231">
     <span class='ocr_line' id='line_1_37' title="bbox 650 2158 2228 2231; baseline -0.011 -6"><span class='ocrx_word' id='word_1_268' title='bbox 650 2173 732 2225; x_wconf 90' lang='lat' dir='ltr'><strong>bis</strong></span> <span class='ocrx_word' id='word_1_269' title='bbox 759 2168 985 2231; x_wconf 72' lang='lat' dir='ltr'><strong>cxcditis,</strong></span> <span class='ocrx_word' id='word_1_270' title='bbox 1018 2175 1071 2220; x_wconf 88' lang='lat' dir='ltr'><strong>et</strong></span> <span class='ocrx_word' id='word_1_271' title='bbox 1101 2164 1361 2219; x_wconf 77' lang='lat' dir='ltr'><strong>inscitiam</strong></span> <span class='ocrx_word' id='word_1_272' title='bbox 1396 2162 1616 2231; x_wconf 87' lang='lat' dir='ltr'><strong>proditis</strong></span> <span class='ocrx_word' id='word_1_273' title='bbox 1642 2170 1689 2212; x_wconf 89' lang='lat' dir='ltr'><strong>et</strong></span> <span class='ocrx_word' id='word_1_274' title='bbox 1718 2160 1956 2211; x_wconf 85' lang='lat' dir='ltr'><strong>livorem.</strong></span> <span class='ocrx_word' id='word_1_275' title='bbox 1988 2158 2073 2209; x_wconf 87' lang='lat' dir='ltr'><strong>Isti</strong></span> <span class='ocrx_word' id='word_1_276' title='bbox 2102 2171 2228 2223; x_wconf 82' lang='lat' dir='ltr'><strong>ergo</strong></span> 
     </span>
    </p>
   </div>
   <div class='ocr_carea' id='block_1_38' title="bbox 651 2250 2229 2324">
    <p class='ocr_par' dir='ltr' id='par_1_38' title="bbox 651 2250 2229 2324">
     <span class='ocr_line' id='line_1_38' title="bbox 651 2250 2229 2324; baseline -0.01 -9"><span class='ocrx_word' id='word_1_277' title='bbox 651 2258 1096 2315; x_wconf 87' lang='lat' dir='ltr'><strong>resurrectionem</strong></span> <span class='ocrx_word' id='word_1_278' title='bbox 1141 2254 1381 2324; x_wconf 91' lang='lat' dir='ltr'><strong>corporis</strong></span> <span class='ocrx_word' id='word_1_279' title='bbox 1426 2267 1581 2320; x_wconf 84' lang='lat' dir='ltr'><strong>quam</strong></span> <span class='ocrx_word' id='word_1_280' title='bbox 1616 2250 1920 2317; x_wconf 64' lang='lat' dir='ltr'><strong>pradicant,</strong></span> <span class='ocrx_word' id='word_1_281' title='bbox 1969 2262 2071 2299; x_wconf 90' lang='lat' dir='ltr'><strong>non</strong></span> <span class='ocrx_word' id='word_1_282' title='bbox 2114 2262 2229 2300; x_wconf 86' lang='lat' dir='ltr'><strong>ere-</strong></span> 
     </span>
    </p>
   </div>
   <div class='ocr_carea' id='block_1_39' title="bbox 652 2339 2227 2415">
    <p class='ocr_par' dir='ltr' id='par_1_39' title="bbox 652 2339 2227 2415">
     <span class='ocr_line' id='line_1_39' title="bbox 652 2339 2227 2415; baseline -0.009 -12"><span class='ocrx_word' id='word_1_283' title='bbox 652 2354 858 2415; x_wconf 81' lang='lat' dir='ltr'><strong>ilentes,</strong></span> <span class='ocrx_word' id='word_1_284' title='bbox 905 2348 1171 2401; x_wconf 63' lang='lat' dir='ltr'><strong>hirreticis</strong></span> <span class='ocrx_word' id='word_1_285' title='bbox 1217 2360 1275 2400; x_wconf 87' lang='lat' dir='ltr'><strong>se</strong></span> <span class='ocrx_word' id='word_1_286' title='bbox 1316 2345 1578 2397; x_wconf 74' lang='lat' dir='ltr'><strong>miscuere</strong></span> <span class='ocrx_word' id='word_1_287' title='bbox 1622 2342 1920 2407; x_wconf 56' lang='lat' dir='ltr'><strong>contagiis?</strong></span> <span class='ocrx_word' id='word_1_288' title='bbox 1954 2340 2036 2391; x_wconf 87' lang='lat' dir='ltr'><strong>lsti</strong></span> <span class='ocrx_word' id='word_1_289' title='bbox 2088 2339 2227 2406; x_wconf 86' lang='lat' dir='ltr'><strong>quod</strong></span> 
     </span>
    </p>
   </div>
   <div class='ocr_carea' id='block_1_40' title="bbox 653 2430 2227 2510">
    <p class='ocr_par' dir='ltr' id='par_1_40' title="bbox 653 2430 2227 2510">
     <span class='ocr_line' id='line_1_40' title="bbox 653 2430 2227 2510; baseline -0.008 -17"><span class='ocrx_word' id='word_1_290' title='bbox 653 2442 901 2510; x_wconf 87' lang='lat' dir='ltr'><strong>abjurant</strong></span> <span class='ocrx_word' id='word_1_291' title='bbox 929 2438 1143 2506; x_wconf 88' lang='lat' dir='ltr'><strong>linguis,</strong></span> <span class='ocrx_word' id='word_1_292' title='bbox 1175 2435 1338 2489; x_wconf 91' lang='lat' dir='ltr'><strong>corde</strong></span> <span class='ocrx_word' id='word_1_293' title='bbox 1367 2432 1679 2488; x_wconf 77' lang='lat' dir='ltr'><strong>sectantur?</strong></span> <span class='ocrx_word' id='word_1_294' title='bbox 1714 2433 1726 2461; x_wconf 84' lang='lat'><strong>‘</strong></span> <span class='ocrx_word' id='word_1_295' title='bbox 1762 2432 1901 2499; x_wconf 80' lang='lat' dir='ltr'><strong>Ergo</strong></span> <span class='ocrx_word' id='word_1_296' title='bbox 1928 2431 2049 2499; x_wconf 87' lang='lat' dir='ltr'><strong>quia</strong></span> <span class='ocrx_word' id='word_1_297' title='bbox 2080 2430 2227 2481; x_wconf 82' lang='lat' dir='ltr'><strong>dixe-</strong></span> 
     </span>
    </p>
   </div>
   <div class='ocr_carea' id='block_1_41' title="bbox 652 2525 2232 2597">
    <p class='ocr_par' dir='ltr' id='par_1_41' title="bbox 652 2525 2232 2597">
     <span class='ocr_line' id='line_1_41' title="bbox 652 2525 2232 2597; baseline -0.006 -11"><span class='ocrx_word' id='word_1_298' title='bbox 652 2540 799 2597; x_wconf 82' lang='lat' dir='ltr'><strong>runt,</strong></span> <span class='ocrx_word' id='word_1_299' title='bbox 821 2546 944 2587; x_wconf 89' lang='lat' dir='ltr'><strong>eum</strong></span> <span class='ocrx_word' id='word_1_300' title='bbox 979 2528 1271 2584; x_wconf 86' lang='lat' dir='ltr'><strong>timendum</strong></span> <span class='ocrx_word' id='word_1_301' title='bbox 1300 2542 1418 2581; x_wconf 88' lang='lat' dir='ltr'><strong>esse</strong></span> <span class='ocrx_word' id='word_1_302' title='bbox 1444 2526 1533 2595; x_wconf 88' lang='lat' dir='ltr'><strong>qui</strong></span> <span class='ocrx_word' id='word_1_303' title='bbox 1566 2536 1735 2594; x_wconf 86' lang='lat' dir='ltr'><strong>potest</strong></span> <span class='ocrx_word' id='word_1_304' title='bbox 1764 2540 1954 2591; x_wconf 89' lang='lat' dir='ltr'><strong>corpus</strong></span> <span class='ocrx_word' id='word_1_305' title='bbox 1993 2525 2232 2577; x_wconf 71' lang='lat' dir='ltr'><strong>accidere</strong></span> 
     </span>
    </p>
   </div>
   <div class='ocr_carea' id='block_1_42' title="bbox 646 2615 2230 2686">
    <p class='ocr_par' dir='ltr' id='par_1_42' title="bbox 646 2615 2230 2686">
     <span class='ocr_line' id='line_1_42' title="bbox 646 2615 2230 2686; baseline -0.005 -10"><span class='ocrx_word' id='word_1_306' title='bbox 646 2630 709 2677; x_wconf 83' lang='lat' dir='ltr'><strong>et</strong></span> <span class='ocrx_word' id='word_1_307' title='bbox 731 2622 963 2676; x_wconf 85' lang='lat' dir='ltr'><strong>animam</strong></span> <span class='ocrx_word' id='word_1_308' title='bbox 992 2620 1208 2674; x_wconf 87' lang='lat' dir='ltr'><strong>mittere</strong></span> <span class='ocrx_word' id='word_1_309' title='bbox 1250 2620 1299 2671; x_wconf 92' lang='lat' dir='ltr'><strong>in</strong></span> <span class='ocrx_word' id='word_1_310' title='bbox 1337 2618 1668 2686; x_wconf 85' lang='lat' dir='ltr'><strong>gehennam;</strong></span> <span class='ocrx_word' id='word_1_311' title='bbox 1698 2616 1819 2670; x_wconf 88' lang='lat' dir='ltr'><strong>ideo</strong></span> <span class='ocrx_word' id='word_1_312' title='bbox 1860 2630 1889 2668; x_wconf 91' lang='lat' dir='ltr'><strong>a</strong></span> <span class='ocrx_word' id='word_1_313' title='bbox 1921 2615 2021 2668; x_wconf 84' lang='lat' dir='ltr'><strong>fide</strong></span> <span class='ocrx_word' id='word_1_314' title='bbox 2057 2616 2230 2668; x_wconf 86' lang='lat' dir='ltr'><strong>aliena</strong></span> 
     </span>
    </p>
   </div>
   <div class='ocr_carea' id='block_1_43' title="bbox 653 2703 2230 2774">
    <p class='ocr_par' dir='ltr' id='par_1_43' title="bbox 653 2703 2230 2774">
     <span class='ocr_line' id='line_1_43' title="bbox 653 2703 2230 2774; baseline -0.006 -10"><span class='ocrx_word' id='word_1_315' title='bbox 653 2708 978 2764; x_wconf 79' lang='lat' dir='ltr'><strong>texuerunt?</strong></span> <span class='ocrx_word' id='word_1_316' title='bbox 1022 2722 1148 2761; x_wconf 86' lang='lat' dir='ltr'><strong>ecce</strong></span> <span class='ocrx_word' id='word_1_317' title='bbox 1180 2705 1495 2774; x_wconf 79' lang='lat' dir='ltr'><strong>profundam</strong></span> <span class='ocrx_word' id='word_1_318' title='bbox 1524 2704 1862 2772; x_wconf 86' lang='lat' dir='ltr'><strong>imperitiam.</strong></span> <span class='ocrx_word' id='word_1_319' title='bbox 1912 2703 1987 2755; x_wconf 86' lang='lat' dir='ltr'><strong>En</strong></span> <span class='ocrx_word' id='word_1_320' title='bbox 2020 2704 2230 2756; x_wconf 88' lang='lat' dir='ltr'><strong>beatum</strong></span> 
     </span>
    </p>
   </div>
   <div class='ocr_carea' id='block_1_44' title="bbox 652 2794 2229 2868">
    <p class='ocr_par' dir='ltr' id='par_1_44' title="bbox 652 2794 2229 2868">
     <span class='ocr_line' id='line_1_44' title="bbox 652 2794 2229 2868; baseline -0.007 -13"><span class='ocrx_word' id='word_1_321' title='bbox 652 2802 853 2855; x_wconf 87' lang='lat' dir='ltr'><strong>Lucam</strong></span> <span class='ocrx_word' id='word_1_322' title='bbox 877 2799 1028 2868; x_wconf 83' lang='lat' dir='ltr'><strong>cujus</strong></span> <span class='ocrx_word' id='word_1_323' title='bbox 1052 2798 1275 2866; x_wconf 91' lang='lat' dir='ltr'><strong>potestis</strong></span> <span class='ocrx_word' id='word_1_324' title='bbox 1298 2796 1594 2849; x_wconf 85' lang='lat' dir='ltr'><strong>assertione</strong></span> <span class='ocrx_word' id='word_1_325' title='bbox 1616 2794 1880 2859; x_wconf 85' lang='lat' dir='ltr'><strong>coovinci,</strong></span> <span class='ocrx_word' id='word_1_326' title='bbox 1908 2794 1995 2862; x_wconf 90' lang='lat' dir='ltr'><strong>qui</strong></span> <span class='ocrx_word' id='word_1_327' title='bbox 2021 2794 2229 2847; x_wconf 88' lang='lat' dir='ltr'><strong>clamat:</strong></span> 
     </span>
    </p>
   </div>
   <div class='ocr_carea' id='block_1_45' title="bbox 652 2886 2229 2960">
    <p class='ocr_par' dir='ltr' id='par_1_45' title="bbox 652 2886 2229 2960">
     <span class='ocr_line' id='line_1_45' title="bbox 652 2886 2229 2960; baseline -0.008 -13"><span class='ocrx_word' id='word_1_328' title='bbox 652 2894 845 2947; x_wconf 77' lang='lat' dir='ltr'><strong>Timete</strong></span> <span class='ocrx_word' id='word_1_329' title='bbox 874 2908 987 2946; x_wconf 84' lang='lat' dir='ltr'><strong>eum</strong></span> <span class='ocrx_word' id='word_1_330' title='bbox 1012 2891 1100 2960; x_wconf 84' lang='lat' dir='ltr'><strong>qui</strong></span> <span class='ocrx_word' id='word_1_331' title='bbox 1126 2900 1394 2960; x_wconf 77' lang='lat' dir='ltr'><strong>postquam</strong></span> <span class='ocrx_word' id='word_1_332' title='bbox 1417 2890 1651 2942; x_wconf 76' lang='lat' dir='ltr'><strong>occiderit</strong></span> <span class='ocrx_word' id='word_1_333' title='bbox 1682 2904 1886 2957; x_wconf 83' lang='lat' dir='ltr'><strong>corpus,</strong></span> <span class='ocrx_word' id='word_1_334' title='bbox 1920 2886 2064 2940; x_wconf 73' lang='lat' dir='ltr'><strong>habet</strong></span> <span class='ocrx_word' id='word_1_335' title='bbox 2089 2898 2229 2955; x_wconf 67' lang='lat' dir='ltr'><strong>pote-</strong></span> 
     </span>
    </p>
   </div>
   <div class='ocr_carea' id='block_1_46' title="bbox 588 2974 2232 3048">
    <p class='ocr_par' dir='ltr' id='par_1_46' title="bbox 588 2974 2232 3048">
     <span class='ocr_line' id='line_1_46' title="bbox 588 2974 2232 3048; baseline -0.004 -13"><span class='ocrx_word' id='word_1_336' title='bbox 588 2994 591 2997; x_wconf 74' lang='lat'><strong><em>‘</em></strong></span> <span class='ocrx_word' id='word_1_337' title='bbox 654 2993 833 3035; x_wconf 85' lang='lat' dir='ltr'><strong>statem</strong></span> <span class='ocrx_word' id='word_1_338' title='bbox 876 2980 1101 3034; x_wconf 82' lang='lat' dir='ltr'><strong>animant</strong></span> <span class='ocrx_word' id='word_1_339' title='bbox 1152 2981 1348 3034; x_wconf 78' lang='lat' dir='ltr'><strong>mittere</strong></span> <span class='ocrx_word' id='word_1_340' title='bbox 1392 2981 1445 3031; x_wconf 86' lang='lat' dir='ltr'><strong>in</strong></span> <span class='ocrx_word' id='word_1_341' title='bbox 1488 2979 1767 3048; x_wconf 81' lang='lat' dir='ltr'><strong>gehennam</strong></span> <span class='ocrx_word' id='word_1_342' title='bbox 1810 2976 1963 3044; x_wconf 89' lang='lat' dir='ltr'><strong>(Luc.</strong></span> <span class='ocrx_word' id='word_1_343' title='bbox 2012 2992 2115 3039; x_wconf 77' lang='lat' dir='ltr'><strong>xit,</strong></span> <span class='ocrx_word' id='word_1_344' title='bbox 2155 2974 2232 3044; x_wconf 81' lang='grc'><strong>5).</strong></span> 
     </span>
    </p>
   </div>
   <div class='ocr_carea' id='block_1_47' title="bbox 653 3065 2234 3137">
    <p class='ocr_par' dir='ltr' id='par_1_47' title="bbox 653 3065 2234 3137">
     <span class='ocr_line' id='line_1_47' title="bbox 653 3065 2234 3137; baseline -0.004 -14"><span class='ocrx_word' id='word_1_345' title='bbox 653 3070 783 3137; x_wconf 84' lang='lat' dir='ltr'><strong>Quis</strong></span> <span class='ocrx_word' id='word_1_346' title='bbox 811 3069 897 3124; x_wconf 87' lang='lat' dir='ltr'><strong>hic</strong></span> <span class='ocrx_word' id='word_1_347' title='bbox 926 3070 1075 3123; x_wconf 86' lang='lat' dir='ltr'><strong>locus</strong></span> <span class='ocrx_word' id='word_1_348' title='bbox 1117 3070 1337 3134; x_wconf 90' lang='lat' dir='ltr'><strong>erroris,</strong></span> <span class='ocrx_word' id='word_1_349' title='bbox 1387 3069 1472 3122; x_wconf 93' lang='lat' dir='ltr'><strong>ubi</strong></span> <span class='ocrx_word' id='word_1_350' title='bbox 1520 3068 1867 3135; x_wconf 84' lang='lat' dir='ltr'><strong>congruentia</strong></span> <span class='ocrx_word' id='word_1_351' title='bbox 1915 3066 2031 3134; x_wconf 88' lang='lat' dir='ltr'><strong>pari</strong></span> <span class='ocrx_word' id='word_1_352' title='bbox 2073 3065 2234 3118; x_wconf 91' lang='lat' dir='ltr'><strong>ductu</strong></span> 
     </span>
    </p>
   </div>
   <div class='ocr_carea' id='block_1_48' title="bbox 2330 1890 3899 1960">
    <p class='ocr_par' dir='ltr' id='par_1_48' title="bbox 2330 1890 3899 1960">
     <span class='ocr_line' id='line_1_48' title="bbox 2330 1890 3899 1960; baseline -0.005 -13"><span class='ocrx_word' id='word_1_353' title='bbox 2330 1909 2487 1958; x_wconf 77' lang='lat' dir='ltr'><strong>Lxxv,</strong></span> <span class='ocrx_word' id='word_1_354' title='bbox 2517 1894 2594 1960; x_wconf 82' lang='grc'><strong>6).</strong></span> <span class='ocrx_word' id='word_1_355' title='bbox 2627 1892 2765 1945; x_wconf 78' lang='grc' dir='ltr'><strong>ΝιΙι.Ι</strong></span> <span class='ocrx_word' id='word_1_356' title='bbox 2796 1900 2897 1955; x_wconf 91' lang='lat' dir='ltr'><strong>est,</strong></span> <span class='ocrx_word' id='word_1_357' title='bbox 2928 1891 3211 1955; x_wconf 86' lang='lat' dir='ltr'><strong>carissimi,</strong></span> <span class='ocrx_word' id='word_1_358' title='bbox 3248 1906 3374 1957; x_wconf 86' lang='lat' dir='ltr'><strong>pace</strong></span> <span class='ocrx_word' id='word_1_359' title='bbox 3406 1890 3631 1951; x_wconf 69' lang='lat' dir='ltr'><strong>dulcius,</strong></span> <span class='ocrx_word' id='word_1_360' title='bbox 3660 1890 3702 1941; x_wconf 93' lang='lat' dir='ltr'><strong>si</strong></span> <span class='ocrx_word' id='word_1_361' title='bbox 3731 1898 3899 1940; x_wconf 87' lang='lat' dir='ltr'><strong>tamen</strong></span> 
     </span>
    </p>
   </div>
   <div class='ocr_carea' id='block_1_49' title="bbox 2328 1978 3899 2052">
    <p class='ocr_par' dir='ltr' id='par_1_49' title="bbox 2328 1978 3899 2052">
     <span class='ocr_line' id='line_1_49' title="bbox 2328 1978 3899 2052; baseline -0.006 -14"><span class='ocrx_word' id='word_1_362' title='bbox 2328 1998 2574 2052; x_wconf 87' lang='lat' dir='ltr'><strong>saporem</strong></span> <span class='ocrx_word' id='word_1_363' title='bbox 2606 1984 2721 2050; x_wconf 72' lang='lat' dir='ltr'><strong>ejus</strong></span> <span class='ocrx_word' id='word_1_364' title='bbox 2752 1997 2855 2035; x_wconf 75' lang='lat' dir='ltr'><strong>non</strong></span> <span class='ocrx_word' id='word_1_365' title='bbox 2891 1983 3100 2049; x_wconf 90' lang='lat' dir='ltr'><strong>plenum</strong></span> <span class='ocrx_word' id='word_1_366' title='bbox 3134 1982 3490 2034; x_wconf 78' lang='lat' dir='ltr'><strong>amatitutline</strong></span> <span class='ocrx_word' id='word_1_367' title='bbox 3519 1989 3694 2047; x_wconf 62' lang='lat' dir='ltr'><strong>pectus</strong></span> <span class='ocrx_word' id='word_1_368' title='bbox 3726 1978 3899 2032; x_wconf 83' lang='lat' dir='ltr'><strong>exclu-</strong></span> 
     </span>
    </p>
   </div>
   <div class='ocr_carea' id='block_1_50' title="bbox 2333 2070 3900 2139">
    <p class='ocr_par' dir='ltr' id='par_1_50' title="bbox 2333 2070 3900 2139">
     <span class='ocr_line' id='line_1_50' title="bbox 2333 2070 3900 2139; baseline -0.004 -12"><span class='ocrx_word' id='word_1_369' title='bbox 2333 2075 2443 2127; x_wconf 90' lang='lat' dir='ltr'><strong>dat.</strong></span> <span class='ocrx_word' id='word_1_370' title='bbox 2514 2075 2817 2127; x_wconf 86' lang='lat' dir='ltr'><strong>Brcviorem</strong></span> <span class='ocrx_word' id='word_1_371' title='bbox 2866 2072 3080 2139; x_wconf 90' lang='lat' dir='ltr'><strong>quidem</strong></span> <span class='ocrx_word' id='word_1_372' title='bbox 3132 2071 3547 2123; x_wconf 85' lang='lat' dir='ltr'><strong>admonitionem</strong></span> <span class='ocrx_word' id='word_1_373' title='bbox 3593 2070 3900 2129; x_wconf 87' lang='lat' dir='ltr'><strong>debueram,</strong></span> 
     </span>
    </p>
   </div>
   <div class='ocr_carea' id='block_1_51' title="bbox 2331 2160 3903 2233">
    <p class='ocr_par' dir='ltr' id='par_1_51' title="bbox 2331 2160 3903 2233">
     <span class='ocr_line' id='line_1_51' title="bbox 2331 2160 3903 2233; baseline -0.004 -16"><span class='ocrx_word' id='word_1_374' title='bbox 2331 2181 2402 2233; x_wconf 85' lang='lat' dir='ltr'><strong>qu</strong></span> <span class='ocrx_word' id='word_1_375' title='bbox 2424 2180 2492 2217; x_wconf 69' lang='lat' dir='ltr'><strong>tm</strong></span> <span class='ocrx_word' id='word_1_376' title='bbox 2527 2166 2792 2232; x_wconf 82' lang='lat' dir='ltr'><strong>prolixam</strong></span> <span class='ocrx_word' id='word_1_377' title='bbox 2818 2178 2920 2216; x_wconf 92' lang='lat' dir='ltr'><strong>non</strong></span> <span class='ocrx_word' id='word_1_378' title='bbox 2946 2177 3111 2230; x_wconf 82' lang='lat' dir='ltr'><strong>parva</strong></span> <span class='ocrx_word' id='word_1_379' title='bbox 3140 2165 3305 2216; x_wconf 85' lang='lat' dir='ltr'><strong>vestri</strong></span> <span class='ocrx_word' id='word_1_380' title='bbox 3342 2160 3716 2224; x_wconf 67' lang='lat' dir='ltr'><strong>consideratio,</strong></span> <span class='ocrx_word' id='word_1_381' title='bbox 3745 2169 3802 2213; x_wconf 89' lang='lat' dir='ltr'><strong>et</strong></span> <span class='ocrx_word' id='word_1_382' title='bbox 3823 2161 3903 2213; x_wconf 72' lang='lat' dir='ltr'><strong>diu</strong></span> 
     </span>
    </p>
   </div>
   <div class='ocr_carea' id='block_1_52' title="bbox 2333 2251 3903 2322">
    <p class='ocr_par' dir='ltr' id='par_1_52' title="bbox 2333 2251 3903 2322">
     <span class='ocr_line' id='line_1_52' title="bbox 2333 2251 3903 2322; baseline -0.003 -14"><span class='ocrx_word' id='word_1_383' title='bbox 2333 2256 2385 2308; x_wconf 91' lang='lat' dir='ltr'><strong>in</strong></span> <span class='ocrx_word' id='word_1_384' title='bbox 2420 2255 2567 2309; x_wconf 90' lang='lat' dir='ltr'><strong>vobis</strong></span> <span class='ocrx_word' id='word_1_385' title='bbox 2606 2254 2794 2322; x_wconf 74' lang='lat' dir='ltr'><strong>jurgiis</strong></span> <span class='ocrx_word' id='word_1_386' title='bbox 2833 2253 3121 2307; x_wconf 74' lang='lat' dir='ltr'><strong>exercitata</strong></span> <span class='ocrx_word' id='word_1_387' title='bbox 3178 2254 3324 2306; x_wconf 88' lang='lat' dir='ltr'><strong>frons</strong></span> <span class='ocrx_word' id='word_1_388' title='bbox 3356 2252 3591 2317; x_wconf 77' lang='lat' dir='ltr'><strong>protulit.</strong></span> <span class='ocrx_word' id='word_1_389' title='bbox 3655 2251 3792 2305; x_wconf 81' lang='lat' dir='ltr'><strong>Usus</strong></span> <span class='ocrx_word' id='word_1_390' title='bbox 3831 2259 3903 2304; x_wconf 88' lang='lat' dir='ltr'><strong>est</strong></span> 
     </span>
    </p>
   </div>
   <div class='ocr_carea' id='block_1_53' title="bbox 2333 2340 3905 2411">
    <p class='ocr_par' dir='ltr' id='par_1_53' title="bbox 2333 2340 3905 2411">
     <span class='ocr_line' id='line_1_53' title="bbox 2333 2340 3905 2411; baseline -0.004 -14"><span class='ocrx_word' id='word_1_391' title='bbox 2333 2348 2492 2397; x_wconf 88' lang='lat' dir='ltr'><strong>mn&#39;ta</strong></span> <span class='ocrx_word' id='word_1_392' title='bbox 2529 2354 2859 2411; x_wconf 88' lang='lat' dir='ltr'><strong>peccantum,</strong></span> <span class='ocrx_word' id='word_1_393' title='bbox 2893 2343 3074 2395; x_wconf 74' lang='lat' dir='ltr'><strong>stricta</strong></span> <span class='ocrx_word' id='word_1_394' title='bbox 3105 2342 3423 2394; x_wconf 87' lang='lat' dir='ltr'><strong>allocutione</strong></span> <span class='ocrx_word' id='word_1_395' title='bbox 3455 2356 3557 2394; x_wconf 92' lang='lat' dir='ltr'><strong>non</strong></span> <span class='ocrx_word' id='word_1_396' title='bbox 3585 2340 3781 2407; x_wconf 87' lang='lat' dir='ltr'><strong>corrigi</strong></span> <span class='ocrx_word' id='word_1_397' title='bbox 3817 2358 3827 2391; x_wconf 93' lang='lat'><strong>:</strong></span> <span class='ocrx_word' id='word_1_398' title='bbox 3858 2350 3905 2392; x_wconf 86' lang='lat' dir='ltr'><strong>et</strong></span> 
     </span>
    </p>
   </div>
   <div class='ocr_carea' id='block_1_54' title="bbox 2333 2431 3906 2500">
    <p class='ocr_par' dir='ltr' id='par_1_54' title="bbox 2333 2431 3906 2500">
     <span class='ocr_line' id='line_1_54' title="bbox 2333 2431 3906 2500; baseline -0.004 -13"><span class='ocrx_word' id='word_1_399' title='bbox 2333 2435 2645 2487; x_wconf 76' lang='lat' dir='ltr'><strong>effusionem</strong></span> <span class='ocrx_word' id='word_1_400' title='bbox 2691 2432 2927 2500; x_wconf 84' lang='lat' dir='ltr'><strong>plutimi,</strong></span> <span class='ocrx_word' id='word_1_401' title='bbox 2970 2447 3128 2499; x_wconf 88' lang='lat' dir='ltr'><strong>quam</strong></span> <span class='ocrx_word' id='word_1_402' title='bbox 3182 2433 3233 2484; x_wconf 92' lang='lat' dir='ltr'><strong>in</strong></span> <span class='ocrx_word' id='word_1_403' title='bbox 3266 2432 3473 2485; x_wconf 82' lang='lat' dir='ltr'><strong>delictis</strong></span> <span class='ocrx_word' id='word_1_404' title='bbox 3509 2431 3828 2493; x_wconf 89' lang='lat' dir='ltr'><strong>habuerunt,</strong></span> <span class='ocrx_word' id='word_1_405' title='bbox 3860 2432 3906 2483; x_wconf 93' lang='lat' dir='ltr'><strong>in</strong></span> 
     </span>
    </p>
   </div>
   <div class='ocr_carea' id='block_1_55' title="bbox 2335 2523 3907 2591">
    <p class='ocr_par' dir='ltr' id='par_1_55' title="bbox 2335 2523 3907 2591">
     <span class='ocr_line' id='line_1_55' title="bbox 2335 2523 3907 2591; baseline -0.001 -13"><span class='ocrx_word' id='word_1_406' title='bbox 2335 2526 2617 2578; x_wconf 87' lang='lat' dir='ltr'><strong>monitoris</strong></span> <span class='ocrx_word' id='word_1_407' title='bbox 2661 2526 2999 2578; x_wconf 83' lang='lat' dir='ltr'><strong>sermonibus</strong></span> <span class='ocrx_word' id='word_1_408' title='bbox 3038 2523 3175 2577; x_wconf 90' lang='lat' dir='ltr'><strong>hanc</strong></span> <span class='ocrx_word' id='word_1_409' title='bbox 3209 2526 3506 2591; x_wconf 85' lang='lat' dir='ltr'><strong>requirunt.</strong></span> <span class='ocrx_word' id='word_1_410' title='bbox 3551 2525 3632 2577; x_wconf 84' lang='lat' dir='ltr'><strong>Me</strong></span> <span class='ocrx_word' id='word_1_411' title='bbox 3662 2525 3794 2577; x_wconf 85' lang='lat' dir='ltr'><strong>satis</strong></span> <span class='ocrx_word' id='word_1_412' title='bbox 3833 2534 3907 2577; x_wconf 89' lang='lat' dir='ltr'><strong>est</strong></span> 
     </span>
    </p>
   </div>
   <div class='ocr_carea' id='block_1_56' title="bbox 2335 2616 3905 2689">
    <p class='ocr_par' dir='ltr' id='par_1_56' title="bbox 2335 2616 3905 2689">
     <span class='ocr_line' id='line_1_56' title="bbox 2335 2616 3905 2689; baseline -0.002 -18"><span class='ocrx_word' id='word_1_413' title='bbox 2335 2627 2389 2671; x_wconf 88' lang='lat' dir='ltr'><strong>et</strong></span> <span class='ocrx_word' id='word_1_414' title='bbox 2416 2616 2702 2685; x_wconf 69' lang='lat' dir='ltr'><strong>ddigentise</strong></span> <span class='ocrx_word' id='word_1_415' title='bbox 2733 2625 2943 2683; x_wconf 59' lang='lat' dir='ltr'><strong>vestra‘,</strong></span> <span class='ocrx_word' id='word_1_416' title='bbox 2973 2624 3025 2669; x_wconf 91' lang='lat' dir='ltr'><strong>et</strong></span> <span class='ocrx_word' id='word_1_417' title='bbox 3046 2617 3208 2689; x_wconf 70' lang='lat' dir='ltr'><strong>ju;sis</strong></span> <span class='ocrx_word' id='word_1_418' title='bbox 3236 2617 3545 2670; x_wconf 69' lang='lat' dir='ltr'><strong>cmlestibus</strong></span> <span class='ocrx_word' id='word_1_419' title='bbox 3573 2617 3905 2671; x_wconf 89' lang='lat' dir='ltr'><strong>obsecutum.</strong></span> 
     </span>
    </p>
   </div>
   <div class='ocr_carea' id='block_1_57' title="bbox 2338 2708 3908 2777">
    <p class='ocr_par' dir='ltr' id='par_1_57' title="bbox 2338 2708 3908 2777">
     <span class='ocr_line' id='line_1_57' title="bbox 2338 2708 3908 2777; baseline -0.001 -15"><span class='ocrx_word' id='word_1_420' title='bbox 2338 2711 2393 2762; x_wconf 91' lang='lat' dir='ltr'><strong>In</strong></span> <span class='ocrx_word' id='word_1_421' title='bbox 2436 2709 2514 2761; x_wconf 92' lang='lat' dir='ltr'><strong>his</strong></span> <span class='ocrx_word' id='word_1_422' title='bbox 2553 2724 2673 2777; x_wconf 72' lang='lat' dir='ltr'><strong>qum</strong></span> <span class='ocrx_word' id='word_1_423' title='bbox 2717 2718 2965 2762; x_wconf 89' lang='lat' dir='ltr'><strong>secutura</strong></span> <span class='ocrx_word' id='word_1_424' title='bbox 3014 2716 3154 2771; x_wconf 87' lang='lat' dir='ltr'><strong>sunt,</strong></span> <span class='ocrx_word' id='word_1_425' title='bbox 3206 2708 3379 2761; x_wconf 91' lang='lat' dir='ltr'><strong>locom</strong></span> <span class='ocrx_word' id='word_1_426' title='bbox 3430 2709 3765 2762; x_wconf 78' lang='lat' dir='ltr'><strong>sermonibus</strong></span> <span class='ocrx_word' id='word_1_427' title='bbox 3812 2726 3908 2762; x_wconf 91' lang='lat' dir='ltr'><strong>non</strong></span> 
     </span>
    </p>
   </div>
   <div class='ocr_carea' id='block_1_58' title="bbox 2340 2797 3908 2869">
    <p class='ocr_par' dir='ltr' id='par_1_58' title="bbox 2340 2797 3908 2869">
     <span class='ocr_line' id='line_1_58' title="bbox 2340 2797 3908 2869; baseline -0.001 -16"><span class='ocrx_word' id='word_1_428' title='bbox 2340 2801 2630 2869; x_wconf 78' lang='lat' dir='ltr'><strong>relinquam</strong></span> <span class='ocrx_word' id='word_1_429' title='bbox 2672 2818 2683 2850; x_wconf 94' lang='lat'>:</span> <span class='ocrx_word' id='word_1_430' title='bbox 2719 2800 2840 2867; x_wconf 88' lang='lat' dir='ltr'><strong>quia</strong></span> <span class='ocrx_word' id='word_1_431' title='bbox 2871 2800 2986 2852; x_wconf 76' lang='lat' dir='ltr'><strong>hmc</strong></span> <span class='ocrx_word' id='word_1_432' title='bbox 3023 2797 3231 2862; x_wconf 88' lang='lat' dir='ltr'><strong>tel&#39;ero;</strong></span> <span class='ocrx_word' id='word_1_433' title='bbox 3280 2800 3458 2852; x_wconf 88' lang='lat' dir='ltr'><strong>mundi</strong></span> <span class='ocrx_word' id='word_1_434' title='bbox 3498 2809 3656 2867; x_wconf 90' lang='lat' dir='ltr'><strong>caput</strong></span> <span class='ocrx_word' id='word_1_435' title='bbox 3691 2799 3908 2852; x_wconf 81' lang='lat' dir='ltr'><strong>Romam</strong></span> 
     </span>
    </p>
   </div>
   <div class='ocr_carea' id='block_1_59' title="bbox 2338 2889 3910 2959">
    <p class='ocr_par' dir='ltr' id='par_1_59' title="bbox 2338 2889 3910 2959">
     <span class='ocr_line' id='line_1_59' title="bbox 2338 2889 3910 2959; baseline -0.003 -15"><span class='ocrx_word' id='word_1_436' title='bbox 2338 2906 2433 2959; x_wconf 89' lang='lat' dir='ltr'><strong>per</strong></span> <span class='ocrx_word' id='word_1_437' title='bbox 2456 2898 2663 2944; x_wconf 85' lang='lat' dir='ltr'><strong>vestras</strong></span> <span class='ocrx_word' id='word_1_438' title='bbox 2694 2889 3017 2942; x_wconf 86' lang='lat' dir='ltr'><strong>intentiones</strong></span> <span class='ocrx_word' id='word_1_439' title='bbox 3047 2904 3167 2942; x_wconf 79' lang='lat' dir='ltr'><strong>esse</strong></span> <span class='ocrx_word' id='word_1_440' title='bbox 3200 2898 3541 2956; x_wconf 87' lang='lat' dir='ltr'><strong>prostratam,</strong></span> <span class='ocrx_word' id='word_1_441' title='bbox 3571 2897 3624 2942; x_wconf 89' lang='lat' dir='ltr'><strong>et</strong></span> <span class='ocrx_word' id='word_1_442' title='bbox 3652 2889 3910 2942; x_wconf 63' lang='lat' dir='ltr'><strong>nutricem</strong></span> 
     </span>
    </p>
   </div>
   <div class='ocr_carea' id='block_1_60' title="bbox 2341 2980 3912 3049">
    <p class='ocr_par' dir='ltr' id='par_1_60' title="bbox 2341 2980 3912 3049">
     <span class='ocr_line' id='line_1_60' title="bbox 2341 2980 3912 3049; baseline -0.003 -13"><span class='ocrx_word' id='word_1_443' title='bbox 2341 2981 2597 3049; x_wconf 84' lang='lat' dir='ltr'><strong>pontiﬁcii</strong></span> <span class='ocrx_word' id='word_1_444' title='bbox 2643 2980 2992 3043; x_wconf 85' lang='lat' dir='ltr'><strong>cathedram,</strong></span> <span class='ocrx_word' id='word_1_445' title='bbox 3039 2982 3191 3047; x_wconf 89' lang='lat' dir='ltr'><strong>quasi</strong></span> <span class='ocrx_word' id='word_1_446' title='bbox 3239 2982 3479 3033; x_wconf 86' lang='lat' dir='ltr'><strong>u&#39;timum</strong></span> <span class='ocrx_word' id='word_1_447' title='bbox 3526 2980 3912 3035; x_wconf 80' lang='lat' dir='ltr'><strong>videre&#39;sedile</strong></span> 
     </span>
    </p>
   </div>
   <div class='ocr_carea' id='block_1_61' title="bbox 2338 3076 2664 3142">
    <p class='ocr_par' dir='ltr' id='par_1_61' title="bbox 2338 3076 2664 3142">
     <span class='ocr_line' id='line_1_61' title="bbox 2338 3076 2664 3142; baseline -0.012 -14"><span class='ocrx_word' id='word_1_448' title='bbox 2338 3076 2664 3142; x_wconf 83' lang='lat' dir='ltr'><strong>despectant.</strong></span> 
     </span>
    </p>
   </div>
   <div class='ocr_carea' id='block_1_62' title="bbox 654 3146 3912 3229">
    <p class='ocr_par' dir='ltr' id='par_1_62' title="bbox 654 3146 3912 3229">
     <span class='ocr_line' id='line_1_62' title="bbox 654 3146 3912 3229; baseline 0.001 -18"><span class='ocrx_word' id='word_1_449' title='bbox 654 3157 882 3226; x_wconf 70' lang='lat' dir='ltr'><strong>exempli</strong></span> <span class='ocrx_word' id='word_1_450' title='bbox 915 3165 967 3210; x_wconf 91' lang='lat' dir='ltr'><strong>et</strong></span> <span class='ocrx_word' id='word_1_451' title='bbox 991 3156 1230 3209; x_wconf 70' lang='lat' dir='ltr'><strong>historia:</strong></span> <span class='ocrx_word' id='word_1_452' title='bbox 1258 3157 1420 3209; x_wconf 80' lang='lat' dir='ltr'><strong>verba</strong></span> <span class='ocrx_word' id='word_1_453' title='bbox 1450 3164 1805 3215; x_wconf 89' lang='lat' dir='ltr'><strong>concurrunt;</strong></span> <span class='ocrx_word' id='word_1_454' title='bbox 1841 3167 1937 3209; x_wconf 77' lang='lat' dir='ltr'><strong>nec</strong></span> <span class='ocrx_word' id='word_1_455' title='bbox 1963 3152 2234 3206; x_wconf 72' lang='lat' dir='ltr'><strong>diversum</strong></span> <span class='ocrx_word' id='word_1_456' title='bbox 2262 3146 2310 3207; x_wconf 88' lang='lat' dir='ltr'><strong>C</strong></span> <span class='ocrx_word' id='word_1_457' title='bbox 2413 3162 2574 3229; x_wconf 80' lang='lat' dir='ltr'><strong>Cujus</strong></span> <span class='ocrx_word' id='word_1_458' title='bbox 2622 3176 2807 3213; x_wconf 73' lang='lat' dir='ltr'><strong>vocem</strong></span> <span class='ocrx_word' id='word_1_459' title='bbox 2861 3162 3044 3213; x_wconf 84' lang='lat' dir='ltr'><strong>beatus</strong></span> <span class='ocrx_word' id='word_1_460' title='bbox 3092 3160 3291 3213; x_wconf 81' lang='lat' dir='ltr'><strong>Paulus</strong></span> <span class='ocrx_word' id='word_1_461' title='bbox 3340 3162 3549 3228; x_wconf 81' lang='lat' dir='ltr'><strong>exrepit</strong></span> <span class='ocrx_word' id='word_1_462' title='bbox 3573 3204 3585 3222; x_wconf 91' lang='lat'><strong>,</strong></span> <span class='ocrx_word' id='word_1_463' title='bbox 3618 3170 3671 3215; x_wconf 89' lang='lat' dir='ltr'><strong>et</strong></span> <span class='ocrx_word' id='word_1_464' title='bbox 3702 3161 3785 3214; x_wconf 92' lang='lat' dir='ltr'><strong>i&#39;la</strong></span> <span class='ocrx_word' id='word_1_465' title='bbox 3817 3176 3912 3229; x_wconf 81' lang='lat' dir='ltr'><strong>qua</strong></span> 
     </span>
    </p>
   </div>
   <div class='ocr_carea' id='block_1_63' title="bbox 653 3243 2238 3312">
    <p class='ocr_par' dir='ltr' id='par_1_63' title="bbox 653 3243 2238 3312">
     <span class='ocr_line' id='line_1_63' title="bbox 653 3243 2238 3312; baseline -0.005 -10"><span class='ocrx_word' id='word_1_466' title='bbox 653 3258 737 3302; x_wconf 80' lang='lat' dir='ltr'><strong>est</strong></span> <span class='ocrx_word' id='word_1_467' title='bbox 775 3247 842 3300; x_wconf 92' lang='lat' dir='ltr'><strong>ab</strong></span> <span class='ocrx_word' id='word_1_468' title='bbox 872 3246 1144 3299; x_wconf 89' lang='lat' dir='ltr'><strong>intellectu</strong></span> <span class='ocrx_word' id='word_1_469' title='bbox 1187 3245 1473 3307; x_wconf 88' lang='lat' dir='ltr'><strong>catholico,</strong></span> <span class='ocrx_word' id='word_1_470' title='bbox 1518 3252 1573 3297; x_wconf 93' lang='lat' dir='ltr'><strong>et</strong></span> <span class='ocrx_word' id='word_1_471' title='bbox 1605 3244 1920 3297; x_wconf 82' lang='lat' dir='ltr'><strong>lectionibus</strong></span> <span class='ocrx_word' id='word_1_472' title='bbox 1946 3243 2085 3312; x_wconf 90' lang='lat' dir='ltr'><strong>quod</strong></span> <span class='ocrx_word' id='word_1_473' title='bbox 2118 3258 2238 3311; x_wconf 90' lang='lat' dir='ltr'><strong>pro-</strong></span> 
     </span>
    </p>
   </div>
   <div class='ocr_carea' id='block_1_64' title="bbox 655 3332 2235 3400">
    <p class='ocr_par' dir='ltr' id='par_1_64' title="bbox 655 3332 2235 3400">
     <span class='ocr_line' id='line_1_64' title="bbox 655 3332 2235 3400; baseline -0.004 -11"><span class='ocrx_word' id='word_1_474' title='bbox 655 3336 863 3390; x_wconf 85' lang='lat' dir='ltr'><strong>fertur?</strong></span> <span class='ocrx_word' id='word_1_475' title='bbox 930 3334 1207 3400; x_wconf 83' lang='lat' dir='ltr'><strong>Nunquam</strong></span> <span class='ocrx_word' id='word_1_476' title='bbox 1258 3334 1392 3384; x_wconf 72' lang='lat' dir='ltr'><strong>bene</strong></span> <span class='ocrx_word' id='word_1_477' title='bbox 1437 3332 1607 3385; x_wconf 86' lang='lat' dir='ltr'><strong>nodus</strong></span> <span class='ocrx_word' id='word_1_478' title='bbox 1654 3333 1706 3384; x_wconf 93' lang='lat' dir='ltr'><strong>in</strong></span> <span class='ocrx_word' id='word_1_479' title='bbox 1749 3334 1925 3399; x_wconf 86' lang='lat' dir='ltr'><strong>scirpo</strong></span> <span class='ocrx_word' id='word_1_480' title='bbox 1954 3334 2235 3398; x_wconf 62' lang='lat' dir='ltr'><strong>quaeritur:</strong></span> 
     </span>
    </p>
   </div>
   <div class='ocr_carea' id='block_1_65' title="bbox 656 3422 2241 3490">
    <p class='ocr_par' dir='ltr' id='par_1_65' title="bbox 656 3422 2241 3490">
     <span class='ocr_line' id='line_1_65' title="bbox 656 3422 2241 3490; baseline -0.005 -8"><span class='ocrx_word' id='word_1_481' title='bbox 656 3442 764 3482; x_wconf 85' lang='lat' dir='ltr'><strong>non</strong></span> <span class='ocrx_word' id='word_1_482' title='bbox 796 3425 1017 3478; x_wconf 89' lang='lat' dir='ltr'><strong>involvit</strong></span> <span class='ocrx_word' id='word_1_483' title='bbox 1043 3423 1233 3477; x_wconf 90' lang='lat' dir='ltr'><strong>nebula</strong></span> <span class='ocrx_word' id='word_1_484' title='bbox 1262 3423 1559 3490; x_wconf 66' lang='lat' dir='ltr'><strong>praedicata.-</strong></span> <span class='ocrx_word' id='word_1_485' title='bbox 1593 3422 1723 3474; x_wconf 90' lang='lat' dir='ltr'><strong>lucis</strong></span> <span class='ocrx_word' id='word_1_486' title='bbox 1754 3431 2019 3475; x_wconf 84' lang='lat' dir='ltr'><strong>auctores.</strong></span> <span class='ocrx_word' id='word_1_487' title='bbox 2049 3422 2241 3475; x_wconf 83' lang='lat' dir='ltr'><strong>Resur-</strong></span> 
     </span>
    </p>
   </div>
   <div class='ocr_carea' id='block_1_66' title="bbox 650 3512 2241 3583">
    <p class='ocr_par' dir='ltr' id='par_1_66' title="bbox 650 3512 2241 3583">
     <span class='ocr_line' id='line_1_66' title="bbox 650 3512 2241 3583; baseline -0.004 -11"><span class='ocrx_word' id='word_1_488' title='bbox 650 3519 953 3572; x_wconf 70' lang='lat' dir='ltr'><strong>1ectioncm</strong></span> <span class='ocrx_word' id='word_1_489' title='bbox 1008 3530 1133 3583; x_wconf 78' lang='lat' dir='ltr'><strong>crgt</strong></span> <span class='ocrx_word' id='word_1_490' title='bbox 1188 3513 1365 3565; x_wconf 90' lang='lat' dir='ltr'><strong>carnis</strong></span> <span class='ocrx_word' id='word_1_491' title='bbox 1426 3529 1528 3565; x_wconf 92' lang='lat' dir='ltr'><strong>non</strong></span> <span class='ocrx_word' id='word_1_492' title='bbox 1588 3513 1842 3573; x_wconf 86' lang='lat' dir='ltr'><strong>credunt,</strong></span> <span class='ocrx_word' id='word_1_493' title='bbox 1903 3512 2024 3579; x_wconf 87' lang='lat' dir='ltr'><strong>quia</strong></span> <span class='ocrx_word' id='word_1_494' title='bbox 2086 3527 2241 3580; x_wconf 85' lang='lat' dir='ltr'><strong>posse</strong></span> 
     </span>
    </p>
   </div>
   <div class='ocr_carea' id='block_1_67' title="bbox 659 3602 2238 3675">
    <p class='ocr_par' dir='ltr' id='par_1_67' title="bbox 659 3602 2238 3675">
     <span class='ocr_line' id='line_1_67' title="bbox 659 3602 2238 3675; baseline -0.006 -12"><span class='ocrx_word' id='word_1_495' title='bbox 659 3604 1203 3675; x_wconf 85' lang='lat' dir='ltr'><strong>corpusconlitentur</strong></span> <span class='ocrx_word' id='word_1_496' title='bbox 1246 3602 1457 3655; x_wconf 77' lang='lat' dir='ltr'><strong>occidi!</strong></span> <span class='ocrx_word' id='word_1_497' title='bbox 1479 3603 1600 3669; x_wconf 89' lang='lat' dir='ltr'><strong>quia</strong></span> <span class='ocrx_word' id='word_1_498' title='bbox 1633 3602 1981 3670; x_wconf 77' lang='lat' dir='ltr'><strong>peccatricem</strong></span> <span class='ocrx_word' id='word_1_499' title='bbox 2010 3603 2238 3654; x_wconf 90' lang='lat' dir='ltr'><strong>animam</strong></span> 
     </span>
    </p>
   </div>
   <div class='ocr_carea' id='block_1_68' title="bbox 659 3693 2240 3767">
    <p class='ocr_par' dir='ltr' id='par_1_68' title="bbox 659 3693 2240 3767">
     <span class='ocr_line' id='line_1_68' title="bbox 659 3693 2240 3767; baseline -0.003 -16"><span class='ocrx_word' id='word_1_500' title='bbox 659 3697 919 3767; x_wconf 78' lang='lat' dir='ltr'><strong>gehenna:</strong></span> <span class='ocrx_word' id='word_1_501' title='bbox 970 3694 1300 3761; x_wconf 86' lang='lat' dir='ltr'><strong>mancipari?</strong></span> <span class='ocrx_word' id='word_1_502' title='bbox 1344 3693 1531 3747; x_wconf 85' lang='lat' dir='ltr'><strong>Densis</strong></span> <span class='ocrx_word' id='word_1_503' title='bbox 1584 3708 1676 3746; x_wconf 91' lang='lat' dir='ltr'><strong>cor</strong></span> <span class='ocrx_word' id='word_1_504' title='bbox 1719 3704 1950 3745; x_wconf 90' lang='lat' dir='ltr'><strong>vestrum</strong></span> <span class='ocrx_word' id='word_1_505' title='bbox 1993 3693 2240 3759; x_wconf 84' lang='lat' dir='ltr'><strong>vepribus</strong></span> 
     </span>
    </p>
   </div>
   <div class='ocr_carea' id='block_1_69' title="bbox 660 3784 2238 3852">
    <p class='ocr_par' dir='ltr' id='par_1_69' title="bbox 660 3784 2238 3852">
     <span class='ocr_line' id='line_1_69' title="bbox 660 3784 2238 3852; baseline -0.004 -6"><span class='ocrx_word' id='word_1_506' title='bbox 660 3790 968 3852; x_wconf 81' lang='lat' dir='ltr'><strong>sulfocatur,</strong></span> <span class='ocrx_word' id='word_1_507' title='bbox 1016 3799 1069 3843; x_wconf 90' lang='lat' dir='ltr'><strong>et</strong></span> <span class='ocrx_word' id='word_1_508' title='bbox 1121 3788 1330 3840; x_wconf 73' lang='lat' dir='ltr'><strong>interna</strong></span> <span class='ocrx_word' id='word_1_509' title='bbox 1381 3786 1504 3839; x_wconf 89' lang='lat' dir='ltr'><strong>vitia</strong></span> <span class='ocrx_word' id='word_1_510' title='bbox 1552 3784 1670 3838; x_wconf 87' lang='lat' dir='ltr'><strong>aliis</strong></span> <span class='ocrx_word' id='word_1_511' title='bbox 1720 3794 1889 3837; x_wconf 88' lang='lat' dir='ltr'><strong>certat</strong></span> <span class='ocrx_word' id='word_1_512' title='bbox 1948 3785 2238 3839; x_wconf 85' lang='lat' dir='ltr'><strong>ascribere.</strong></span> 
     </span>
    </p>
   </div>
   <div class='ocr_carea' id='block_1_70' title="bbox 660 3875 2240 3945">
    <p class='ocr_par' dir='ltr' id='par_1_70' title="bbox 660 3875 2240 3945">
     <span class='ocr_line' id='line_1_70' title="bbox 660 3875 2240 3945; baseline -0.006 -8"><span class='ocrx_word' id='word_1_513' title='bbox 660 3885 682 3913; x_wconf 82' lang='grc'>³</span> <span class='ocrx_word' id='word_1_514' title='bbox 705 3881 923 3937; x_wconf 84' lang='lat' dir='ltr'><strong>Joannis</strong></span> <span class='ocrx_word' id='word_1_515' title='bbox 957 3880 1117 3935; x_wconf 88' lang='lat' dir='ltr'><strong>etiam</strong></span> <span class='ocrx_word' id='word_1_516' title='bbox 1156 3877 1381 3945; x_wconf 84' lang='lat' dir='ltr'><strong>apostoli</strong></span> <span class='ocrx_word' id='word_1_517' title='bbox 1408 3877 1622 3945; x_wconf 87' lang='lat' dir='ltr'><strong>jactatis</strong></span> <span class='ocrx_word' id='word_1_518' title='bbox 1657 3878 1853 3943; x_wconf 89' lang='lat' dir='ltr'><strong>scripta</strong></span> <span class='ocrx_word' id='word_1_519' title='bbox 1886 3875 2090 3941; x_wconf 87' lang='lat' dir='ltr'><strong>violari,</strong></span> <span class='ocrx_word' id='word_1_520' title='bbox 2120 3877 2240 3943; x_wconf 85' lang='lat' dir='ltr'><strong>quia</strong></span> 
     </span>
    </p>
   </div>
   <div class='ocr_carea' id='block_1_71' title="bbox 656 3964 2243 4037">
    <p class='ocr_par' dir='ltr' id='par_1_71' title="bbox 656 3964 2243 4037">
     <span class='ocr_line' id='line_1_71' title="bbox 656 3964 2243 4037; baseline -0.008 -10"><span class='ocrx_word' id='word_1_521' title='bbox 656 3987 729 4027; x_wconf 77' lang='lat' dir='ltr'><strong>ex</strong></span> <span class='ocrx_word' id='word_1_522' title='bbox 760 3970 936 4024; x_wconf 85' lang='lat' dir='ltr'><strong>vetbis</strong></span> <span class='ocrx_word' id='word_1_523' title='bbox 967 3968 1083 4037; x_wconf 79' lang='lat' dir='ltr'><strong>ejus</strong></span> <span class='ocrx_word' id='word_1_524' title='bbox 1112 3968 1307 4020; x_wconf 84' lang='lat' dir='ltr'><strong>dictum</strong></span> <span class='ocrx_word' id='word_1_525' title='bbox 1341 3974 1422 4019; x_wconf 84' lang='lat' dir='ltr'><strong>est</strong></span> <span class='ocrx_word' id='word_1_526' title='bbox 1451 3983 1461 4015; x_wconf 93' lang='lat'>:</span> <span class='ocrx_word' id='word_1_527' title='bbox 1494 3964 1554 4019; x_wconf 90' lang='lat' dir='ltr'><strong>Si</strong></span> <span class='ocrx_word' id='word_1_528' title='bbox 1584 3966 1813 4016; x_wconf 83' lang='lat' dir='ltr'><strong>dicamus</strong></span> <span class='ocrx_word' id='word_1_529' title='bbox 1843 3965 1962 4032; x_wconf 84' lang='lat' dir='ltr'><strong>quia</strong></span> <span class='ocrx_word' id='word_1_530' title='bbox 1984 3975 2243 4029; x_wconf 83' lang='lat' dir='ltr'><strong>peccatum</strong></span> 
     </span>
    </p>
   </div>
   <div class='ocr_carea' id='block_1_72' title="bbox 662 4055 2242 4120">
    <p class='ocr_par' dir='ltr' id='par_1_72' title="bbox 662 4055 2242 4120">
     <span class='ocr_line' id='line_1_72' title="bbox 662 4055 2242 4120; baseline -0.003 -7"><span class='ocrx_word' id='word_1_531' title='bbox 662 4077 766 4114; x_wconf 83' lang='lat' dir='ltr'><strong>non</strong></span> <span class='ocrx_word' id='word_1_532' title='bbox 786 4058 1047 4120; x_wconf 75' lang='lat' dir='ltr'><strong>habemus,</strong></span> <span class='ocrx_word' id='word_1_533' title='bbox 1079 4056 1341 4108; x_wconf 80' lang='lat' dir='ltr'><strong>mendaces</strong></span> <span class='ocrx_word' id='word_1_534' title='bbox 1371 4070 1569 4119; x_wconf 88' lang='lat' dir='ltr'><strong>sumus,</strong></span> <span class='ocrx_word' id='word_1_535' title='bbox 1601 4066 1645 4106; x_wconf 88' lang='lat' dir='ltr'><strong>et</strong></span> <span class='ocrx_word' id='word_1_536' title='bbox 1677 4055 1857 4106; x_wconf 81' lang='lat' dir='ltr'><strong>veritas</strong></span> <span class='ocrx_word' id='word_1_537' title='bbox 1889 4055 1938 4106; x_wconf 89' lang='lat' dir='ltr'><strong>in</strong></span> <span class='ocrx_word' id='word_1_538' title='bbox 1970 4056 2112 4107; x_wconf 88' lang='lat' dir='ltr'><strong>nobis</strong></span> <span class='ocrx_word' id='word_1_539' title='bbox 2143 4073 2242 4108; x_wconf 84' lang='lat' dir='ltr'><strong>non</strong></span> 
     </span>
    </p>
   </div>
   <div class='ocr_carea' id='block_1_73' title="bbox 663 4146 2241 4221">
    <p class='ocr_par' dir='ltr' id='par_1_73' title="bbox 663 4146 2241 4221">
     <span class='ocr_line' id='line_1_73' title="bbox 663 4146 2241 4221; baseline -0.003 -16"><span class='ocrx_word' id='word_1_540' title='bbox 663 4163 737 4205; x_wconf 87' lang='lat' dir='ltr'><strong>est</strong></span> <span class='ocrx_word' id='word_1_541' title='bbox 770 4148 823 4221; x_wconf 86' lang='grc'><strong>(1</strong></span> <span class='ocrx_word' id='word_1_542' title='bbox 844 4150 1000 4202; x_wconf 85' lang='lat' dir='ltr'><strong>Joan.</strong></span> <span class='ocrx_word' id='word_1_543' title='bbox 1026 4162 1062 4209; x_wconf 84' lang='grc' dir='ltr'><strong>ι,</strong></span> <span class='ocrx_word' id='word_1_544' title='bbox 1098 4148 1177 4215; x_wconf 90' lang='grc'><strong>8).</strong></span> <span class='ocrx_word' id='word_1_545' title='bbox 1214 4148 1285 4199; x_wconf 89' lang='lat' dir='ltr'><strong>De</strong></span> <span class='ocrx_word' id='word_1_546' title='bbox 1314 4146 1556 4200; x_wconf 69' lang='lat' dir='ltr'><strong>Codicum</strong></span> <span class='ocrx_word' id='word_1_547' title='bbox 1588 4146 1896 4199; x_wconf 87' lang='lat' dir='ltr'><strong>diversitate</strong></span> <span class='ocrx_word' id='word_1_548' title='bbox 1924 4147 1994 4198; x_wconf 88' lang='lat' dir='ltr'><strong>nil</strong></span> <span class='ocrx_word' id='word_1_549' title='bbox 2022 4162 2241 4214; x_wconf 90' lang='lat' dir='ltr'><strong>queror.</strong></span> 
     </span>
    </p>
   </div>
   <div class='ocr_carea' id='block_1_74' title="bbox 665 4237 2245 4309">
    <p class='ocr_par' dir='ltr' id='par_1_74' title="bbox 665 4237 2245 4309">
     <span class='ocr_line' id='line_1_74' title="bbox 665 4237 2245 4309; baseline -0.004 -12"><span class='ocrx_word' id='word_1_550' title='bbox 665 4243 789 4297; x_wconf 88' lang='lat' dir='ltr'><strong>ldeo</strong></span> <span class='ocrx_word' id='word_1_551' title='bbox 832 4255 959 4309; x_wconf 85' lang='lat' dir='ltr'><strong>ergo</strong></span> <span class='ocrx_word' id='word_1_552' title='bbox 999 4246 1246 4307; x_wconf 68' lang='lat' dir='ltr'><strong>corrupti</strong></span> <span class='ocrx_word' id='word_1_553' title='bbox 1289 4245 1413 4290; x_wconf 87' lang='lat' dir='ltr'><strong>sunt</strong></span> <span class='ocrx_word' id='word_1_554' title='bbox 1451 4237 1680 4304; x_wconf 86' lang='lat' dir='ltr'><strong>apostoli</strong></span> <span class='ocrx_word' id='word_1_555' title='bbox 1724 4237 1943 4301; x_wconf 89' lang='lat' dir='ltr'><strong>monita,</strong></span> <span class='ocrx_word' id='word_1_556' title='bbox 1977 4238 2095 4305; x_wconf 59' lang='grc' dir='ltr'><strong>(ιυίιι</strong></span> <span class='ocrx_word' id='word_1_557' title='bbox 2141 4254 2245 4290; x_wconf 90' lang='lat' dir='ltr'><strong>non</strong></span> 
     </span>
    </p>
   </div>
   <div class='ocr_carea' id='block_1_75' title="bbox 665 4328 2245 4404">
    <p class='ocr_par' dir='ltr' id='par_1_75' title="bbox 665 4328 2245 4404">
     <span class='ocr_line' id='line_1_75' title="bbox 665 4328 2245 4404; baseline -0.004 -16"><span class='ocrx_word' id='word_1_558' title='bbox 665 4334 975 4404; x_wconf 74' lang='lat' dir='ltr'><strong>junxerunt.</strong></span> <span class='ocrx_word' id='word_1_559' title='bbox 1029 4328 1140 4381; x_wconf 87' lang='lat' dir='ltr'><strong>Nos</strong></span> <span class='ocrx_word' id='word_1_560' title='bbox 1179 4329 1318 4397; x_wconf 85' lang='lat' dir='ltr'><strong>ipsos</strong></span> <span class='ocrx_word' id='word_1_561' title='bbox 1344 4328 1640 4396; x_wconf 74' lang='lat' dir='ltr'><strong>decipimus,</strong></span> <span class='ocrx_word' id='word_1_562' title='bbox 1689 4337 1739 4381; x_wconf 91' lang='lat' dir='ltr'><strong>et</strong></span> <span class='ocrx_word' id='word_1_563' title='bbox 1793 4328 1915 4396; x_wconf 91' lang='lat' dir='ltr'><strong>quia</strong></span> <span class='ocrx_word' id='word_1_564' title='bbox 1956 4329 2245 4395; x_wconf 77' lang='lat' dir='ltr'><strong>junxerunt</strong></span> 
     </span>
    </p>
   </div>
   <div class='ocr_carea' id='block_1_76' title="bbox 665 4419 2245 4484">
    <p class='ocr_par' dir='ltr' id='par_1_76' title="bbox 665 4419 2245 4484">
     <span class='ocr_line' id='line_1_76' title="bbox 665 4419 2245 4484; baseline -0.004 -7"><span class='ocrx_word' id='word_1_565' title='bbox 665 4423 933 4478; x_wconf 76' lang='lat' dir='ltr'><strong>mendaces</strong></span> <span class='ocrx_word' id='word_1_566' title='bbox 962 4421 1175 4473; x_wconf 82' lang='lat' dir='ltr'><strong>smnus?</strong></span> <span class='ocrx_word' id='word_1_567' title='bbox 1213 4419 1328 4472; x_wconf 81' lang='lat' dir='ltr'><strong>Non</strong></span> <span class='ocrx_word' id='word_1_568' title='bbox 1360 4420 1531 4472; x_wconf 86' lang='lat' dir='ltr'><strong>solum</strong></span> <span class='ocrx_word' id='word_1_569' title='bbox 1563 4419 1786 4484; x_wconf 72' lang='lat' dir='ltr'><strong>divinm,</strong></span> <span class='ocrx_word' id='word_1_570' title='bbox 1819 4419 1912 4471; x_wconf 87' lang='lat' dir='ltr'><strong>sed</strong></span> <span class='ocrx_word' id='word_1_571' title='bbox 1955 4420 2114 4472; x_wconf 89' lang='lat' dir='ltr'><strong>etiam</strong></span> <span class='ocrx_word' id='word_1_572' title='bbox 2148 4420 2245 4471; x_wconf 91' lang='lat' dir='ltr'><strong>bu-</strong></span> 
     </span>
    </p>
   </div>
   <div class='ocr_carea' id='block_1_77' title="bbox 2340 3251 3913 3329">
    <p class='ocr_par' dir='ltr' id='par_1_77' title="bbox 2340 3251 3913 3329">
     <span class='ocr_line' id='line_1_77' title="bbox 2340 3251 3913 3329; baseline -0.001 -24"><span class='ocrx_word' id='word_1_573' title='bbox 2340 3268 2551 3329; x_wconf 74' lang='lat' dir='ltr'><strong>semper</strong></span> <span class='ocrx_word' id='word_1_574' title='bbox 2594 3267 2727 3305; x_wconf 82' lang='lat' dir='ltr'><strong>usus</strong></span> <span class='ocrx_word' id='word_1_575' title='bbox 2765 3260 2847 3305; x_wconf 90' lang='lat' dir='ltr'><strong>cst</strong></span> <span class='ocrx_word' id='word_1_576' title='bbox 2891 3252 3086 3317; x_wconf 88' lang='lat' dir='ltr'><strong>eloquii</strong></span> <span class='ocrx_word' id='word_1_577' title='bbox 3135 3251 3362 3304; x_wconf 89' lang='lat' dir='ltr'><strong>intonuit</strong></span> <span class='ocrx_word' id='word_1_578' title='bbox 3390 3254 3630 3305; x_wconf 82' lang='lat' dir='ltr'><strong>libertate</strong></span> <span class='ocrx_word' id='word_1_579' title='bbox 3658 3272 3670 3304; x_wconf 89' lang='lat'>:</span> <span class='ocrx_word' id='word_1_580' title='bbox 3702 3263 3913 3319; x_wconf 82' lang='lat' dir='ltr'><strong>aposto-</strong></span> 
     </span>
    </p>
   </div>
   <div class='ocr_carea' id='block_1_78' title="bbox 2341 3340 3914 3408">
    <p class='ocr_par' dir='ltr' id='par_1_78' title="bbox 2341 3340 3914 3408">
     <span class='ocr_line' id='line_1_78' title="bbox 2341 3340 3914 3408; baseline -0.003 -13"><span class='ocrx_word' id='word_1_581' title='bbox 2341 3344 2511 3395; x_wconf 87' lang='lat' dir='ltr'><strong>lorum</strong></span> <span class='ocrx_word' id='word_1_582' title='bbox 2554 3343 2845 3407; x_wconf 87' lang='lat' dir='ltr'><strong>principem</strong></span> <span class='ocrx_word' id='word_1_583' title='bbox 2890 3341 3120 3394; x_wconf 88' lang='lat' dir='ltr'><strong>lenitatis</strong></span> <span class='ocrx_word' id='word_1_584' title='bbox 3160 3341 3462 3402; x_wconf 87' lang='lat' dir='ltr'><strong>incessens,</strong></span> <span class='ocrx_word' id='word_1_585' title='bbox 3507 3343 3643 3408; x_wconf 84' lang='lat' dir='ltr'><strong>quod</strong></span> <span class='ocrx_word' id='word_1_586' title='bbox 3676 3340 3839 3394; x_wconf 75' lang='lat' dir='ltr'><strong>ﬂuxis</strong></span> <span class='ocrx_word' id='word_1_587' title='bbox 3867 3351 3914 3393; x_wconf 90' lang='lat' dir='ltr'><strong>et</strong></span> 
     </span>
    </p>
   </div>
   <div class='ocr_carea' id='block_1_79' title="bbox 2345 3432 3915 3501">
    <p class='ocr_par' dir='ltr' id='par_1_79' title="bbox 2345 3432 3915 3501">
     <span class='ocr_line' id='line_1_79' title="bbox 2345 3432 3915 3501; baseline 0.001 -17"><span class='ocrx_word' id='word_1_588' title='bbox 2345 3449 2376 3500; x_wconf 93' lang='lat' dir='ltr'><strong>p</strong></span> <span class='ocrx_word' id='word_1_589' title='bbox 2408 3434 2634 3501; x_wconf 74' lang='lat' dir='ltr'><strong>eligatis</strong></span> <span class='ocrx_word' id='word_1_590' title='bbox 2681 3434 2949 3485; x_wconf 89' lang='lat' dir='ltr'><strong>mentibus</strong></span> <span class='ocrx_word' id='word_1_591' title='bbox 3005 3435 3238 3500; x_wconf 87' lang='lat' dir='ltr'><strong>parentis</strong></span> <span class='ocrx_word' id='word_1_592' title='bbox 3286 3432 3457 3485; x_wconf 91' lang='lat' dir='ltr'><strong>adhuc</strong></span> <span class='ocrx_word' id='word_1_593' title='bbox 3498 3441 3736 3486; x_wconf 87' lang='lat' dir='ltr'><strong>servaret</strong></span> <span class='ocrx_word' id='word_1_594' title='bbox 3790 3432 3915 3486; x_wconf 74' lang='lat' dir='ltr'><strong>affe~</strong></span> 
     </span>
    </p>
   </div>
   <div class='ocr_carea' id='block_1_80' title="bbox 2342 3520 3915 3589">
    <p class='ocr_par' dir='ltr' id='par_1_80' title="bbox 2342 3520 3915 3589">
     <span class='ocr_line' id='line_1_80' title="bbox 2342 3520 3915 3589; baseline -0.003 -13"><span class='ocrx_word' id='word_1_595' title='bbox 2342 3534 2485 3576; x_wconf 87' lang='lat' dir='ltr'><strong>ctum</strong></span> <span class='ocrx_word' id='word_1_596' title='bbox 2521 3542 2530 3573; x_wconf 94' lang='lat'>:</span> <span class='ocrx_word' id='word_1_597' title='bbox 2560 3539 2656 3577; x_wconf 80' lang='lat' dir='ltr'><strong>nec</strong></span> <span class='ocrx_word' id='word_1_598' title='bbox 2686 3524 2735 3574; x_wconf 92' lang='lat' dir='ltr'><strong>in</strong></span> <span class='ocrx_word' id='word_1_599' title='bbox 2763 3523 3077 3589; x_wconf 88' lang='lat' dir='ltr'><strong>profundum</strong></span> <span class='ocrx_word' id='word_1_600' title='bbox 3101 3520 3273 3575; x_wconf 88' lang='lat' dir='ltr'><strong>ductis</strong></span> <span class='ocrx_word' id='word_1_601' title='bbox 3302 3524 3565 3575; x_wconf 76' lang='lat' dir='ltr'><strong>ulceribus</strong></span> <span class='ocrx_word' id='word_1_602' title='bbox 3592 3524 3729 3575; x_wconf 87' lang='lat' dir='ltr'><strong>ferro</strong></span> <span class='ocrx_word' id='word_1_603' title='bbox 3750 3523 3915 3575; x_wconf 85' lang='lat' dir='ltr'><strong>medi-</strong></span> 
     </span>
    </p>
   </div>
   <div class='ocr_carea' id='block_1_81' title="bbox 2343 3613 3917 3667">
    <p class='ocr_par' dir='ltr' id='par_1_81' title="bbox 2343 3613 3917 3667">
     <span class='ocr_line' id='line_1_81' title="bbox 2343 3613 3917 3667; baseline -0.001 -2"><span class='ocrx_word' id='word_1_604' title='bbox 2343 3624 2496 3666; x_wconf 89' lang='lat' dir='ltr'><strong>cante</strong></span> <span class='ocrx_word' id='word_1_605' title='bbox 2519 3621 2853 3666; x_wconf 84' lang='lat' dir='ltr'><strong>succurreret</strong></span> <span class='ocrx_word' id='word_1_606' title='bbox 2871 3614 3219 3665; x_wconf 77' lang='lat' dir='ltr'><strong>rescindendo</strong></span> <span class='ocrx_word' id='word_1_607' title='bbox 3243 3613 3440 3667; x_wconf 91' lang='lat' dir='ltr'><strong>docens</strong></span> <span class='ocrx_word' id='word_1_608' title='bbox 3464 3614 3685 3665; x_wconf 87' lang='lat' dir='ltr'><strong>lanienis</strong></span> <span class='ocrx_word' id='word_1_609' title='bbox 3708 3623 3917 3665; x_wconf 85' lang='lat' dir='ltr'><strong>secreta</strong></span> 
     </span>
    </p>
   </div>
   <div class='ocr_carea' id='block_1_82' title="bbox 2342 3703 3917 3771">
    <p class='ocr_par' dir='ltr' id='par_1_82' title="bbox 2342 3703 3917 3771">
     <span class='ocr_line' id='line_1_82' title="bbox 2342 3703 3917 3771; baseline -0.003 -15"><span class='ocrx_word' id='word_1_610' title='bbox 2342 3703 2649 3756; x_wconf 80' lang='lat' dir='ltr'><strong>methorutn</strong></span> <span class='ocrx_word' id='word_1_611' title='bbox 2678 3744 2693 3767; x_wconf 95' lang='lat'><strong>,</strong></span> <span class='ocrx_word' id='word_1_612' title='bbox 2744 3712 2797 3757; x_wconf 85' lang='lat' dir='ltr'><strong>et</strong></span> <span class='ocrx_word' id='word_1_613' title='bbox 2844 3705 3135 3757; x_wconf 63' lang='lat' dir='ltr'><strong>manifesta:</strong></span> <span class='ocrx_word' id='word_1_614' title='bbox 3185 3703 3539 3771; x_wconf 84' lang='lat' dir='ltr'><strong>desperationi</strong></span> <span class='ocrx_word' id='word_1_615' title='bbox 3586 3703 3695 3753; x_wconf 70' lang='lat' dir='ltr'><strong>salu</strong></span> <span class='ocrx_word' id='word_1_616' title='bbox 3725 3703 3917 3754; x_wconf 63' lang='lat' dir='ltr'><strong>iterum</strong></span> 
     </span>
    </p>
   </div>
   <div class='ocr_carea' id='block_1_83' title="bbox 2346 3792 3921 3859">
    <p class='ocr_par' dir='ltr' id='par_1_83' title="bbox 2346 3792 3921 3859">
     <span class='ocr_line' id='line_1_83' title="bbox 2346 3792 3921 3859; baseline 0 -14"><span class='ocrx_word' id='word_1_617' title='bbox 2346 3808 2465 3846; x_wconf 88' lang='lat' dir='ltr'><strong>esse</strong></span> <span class='ocrx_word' id='word_1_618' title='bbox 2496 3795 2685 3846; x_wconf 90' lang='lat' dir='ltr'><strong>vulnus</strong></span> <span class='ocrx_word' id='word_1_619' title='bbox 2712 3794 3067 3847; x_wconf 89' lang='lat' dir='ltr'><strong>adhibendum</strong></span> <span class='ocrx_word' id='word_1_620' title='bbox 3104 3812 3115 3845; x_wconf 88' lang='lat'><strong>:</strong></span> <span class='ocrx_word' id='word_1_621' title='bbox 3146 3810 3211 3847; x_wconf 89' lang='lat' dir='ltr'><strong>ne</strong></span> <span class='ocrx_word' id='word_1_622' title='bbox 3242 3797 3362 3846; x_wconf 87' lang='lat' dir='ltr'><strong>dum</strong></span> <span class='ocrx_word' id='word_1_623' title='bbox 3396 3808 3578 3846; x_wconf 84' lang='lat' dir='ltr'><strong>manus</strong></span> <span class='ocrx_word' id='word_1_624' title='bbox 3609 3792 3797 3845; x_wconf 89' lang='lat' dir='ltr'><strong>tnedici</strong></span> <span class='ocrx_word' id='word_1_625' title='bbox 3829 3810 3877 3859; x_wconf 81' lang='lat' dir='ltr'><strong>pl</strong></span> <span class='ocrx_word' id='word_1_626' title='bbox 3900 3808 3921 3845; x_wconf 89' lang='lat' dir='ltr'><strong>r</strong></span> 
     </span>
    </p>
   </div>
   <div class='ocr_carea' id='block_1_84' title="bbox 2344 3884 3921 3954">
    <p class='ocr_par' dir='ltr' id='par_1_84' title="bbox 2344 3884 3921 3954">
     <span class='ocr_line' id='line_1_84' title="bbox 2344 3884 3921 3954; baseline 0.001 -19"><span class='ocrx_word' id='word_1_627' title='bbox 2344 3886 2591 3951; x_wconf 83' lang='lat' dir='ltr'><strong>pietatem</strong></span> <span class='ocrx_word' id='word_1_628' title='bbox 2622 3902 2647 3934; x_wconf 89' lang='lat' dir='ltr'><strong>a</strong></span> <span class='ocrx_word' id='word_1_629' title='bbox 2682 3886 2921 3939; x_wconf 89' lang='lat' dir='ltr'><strong>sectione</strong></span> <span class='ocrx_word' id='word_1_630' title='bbox 2954 3885 3130 3937; x_wconf 89' lang='lat' dir='ltr'><strong>carnis</strong></span> <span class='ocrx_word' id='word_1_631' title='bbox 3161 3894 3425 3954; x_wconf 73' lang='lat' dir='ltr'><strong>corrupta:</strong></span> <span class='ocrx_word' id='word_1_632' title='bbox 3455 3884 3817 3953; x_wconf 75' lang='lat' dir='ltr'><strong>su~penditur,</strong></span> <span class='ocrx_word' id='word_1_633' title='bbox 3858 3885 3921 3937; x_wconf 88' lang='lat' dir='ltr'><strong>de</strong></span> 
     </span>
    </p>
   </div>
   <div class='ocr_carea' id='block_1_85' title="bbox 2343 3976 3923 4044">
    <p class='ocr_par' dir='ltr' id='par_1_85' title="bbox 2343 3976 3923 4044">
     <span class='ocr_line' id='line_1_85' title="bbox 2343 3976 3923 4044; baseline 0.001 -18"><span class='ocrx_word' id='word_1_634' title='bbox 2343 3976 2663 4029; x_wconf 73' lang='lat' dir='ltr'><strong>abstinentia</strong></span> <span class='ocrx_word' id='word_1_635' title='bbox 2706 3977 2793 4029; x_wconf 87' lang='lat' dir='ltr'><strong>teli</strong></span> <span class='ocrx_word' id='word_1_636' title='bbox 2837 3978 3088 4029; x_wconf 89' lang='lat' dir='ltr'><strong>invitetur</strong></span> <span class='ocrx_word' id='word_1_637' title='bbox 3126 3977 3349 4029; x_wconf 79' lang='lat' dir='ltr'><strong>exitium</strong></span> <span class='ocrx_word' id='word_1_638' title='bbox 3387 3995 3397 4029; x_wconf 91' lang='lat'><strong>:</strong></span> <span class='ocrx_word' id='word_1_639' title='bbox 3432 3979 3551 4044; x_wconf 60' lang='lat' dir='ltr'><strong>quia</strong></span> <span class='ocrx_word' id='word_1_640' title='bbox 3594 3977 3717 4029; x_wconf 87' lang='lat' dir='ltr'><strong>dum</strong></span> <span class='ocrx_word' id='word_1_641' title='bbox 3752 3978 3923 4044; x_wconf 74' lang='lat' dir='ltr'><strong>parcit</strong></span> 
     </span>
    </p>
   </div>
   <div class='ocr_carea' id='block_1_86' title="bbox 2344 4065 3925 4135">
    <p class='ocr_par' dir='ltr' id='par_1_86' title="bbox 2344 4065 3925 4135">
     <span class='ocr_line' id='line_1_86' title="bbox 2344 4065 3925 4135; baseline -0.001 -18"><span class='ocrx_word' id='word_1_642' title='bbox 2344 4065 2501 4131; x_wconf 59' lang='lat' dir='ltr'><strong>agris</strong></span> <span class='ocrx_word' id='word_1_643' title='bbox 2530 4066 2753 4127; x_wconf 76' lang='lat' dir='ltr'><strong>dextera</strong></span> <span class='ocrx_word' id='word_1_644' title='bbox 2784 4107 2797 4129; x_wconf 94' lang='lat'><strong>,</strong></span> <span class='ocrx_word' id='word_1_645' title='bbox 2831 4066 3095 4119; x_wconf 81' lang='lat' dir='ltr'><strong>curandos</strong></span> <span class='ocrx_word' id='word_1_646' title='bbox 3141 4067 3421 4131; x_wconf 86' lang='lat' dir='ltr'><strong>interficit;</strong></span> <span class='ocrx_word' id='word_1_647' title='bbox 3475 4082 3571 4119; x_wconf 83' lang='lat' dir='ltr'><strong>nec</strong></span> <span class='ocrx_word' id='word_1_648' title='bbox 3600 4066 3815 4135; x_wconf 86' lang='lat' dir='ltr'><strong>grandis</strong></span> <span class='ocrx_word' id='word_1_649' title='bbox 3844 4076 3925 4118; x_wconf 68' lang='lat' dir='ltr'><strong>Cal</strong></span> 
     </span>
    </p>
   </div>
   <div class='ocr_carea' id='block_1_87' title="bbox 2346 4156 3926 4219">
    <p class='ocr_par' dir='ltr' id='par_1_87' title="bbox 2346 4156 3926 4219">
     <span class='ocr_line' id='line_1_87' title="bbox 2346 4156 3926 4219; baseline -0.001 -9"><span class='ocrx_word' id='word_1_650' title='bbox 2346 4156 2665 4219; x_wconf 69' lang='lat' dir='ltr'><strong>differentia,</strong></span> <span class='ocrx_word' id='word_1_651' title='bbox 2695 4165 2869 4210; x_wconf 88' lang='lat' dir='ltr'><strong>utrunt</strong></span> <span class='ocrx_word' id='word_1_652' title='bbox 2901 4157 3098 4211; x_wconf 89' lang='lat' dir='ltr'><strong>lethum</strong></span> <span class='ocrx_word' id='word_1_653' title='bbox 3125 4157 3339 4217; x_wconf 82' lang='lat' dir='ltr'><strong>inferas,</strong></span> <span class='ocrx_word' id='word_1_654' title='bbox 3364 4173 3427 4209; x_wconf 88' lang='lat' dir='ltr'><strong>an</strong></span> <span class='ocrx_word' id='word_1_655' title='bbox 3453 4157 3701 4209; x_wconf 86' lang='lat' dir='ltr'><strong>admittas</strong></span> <span class='ocrx_word' id='word_1_656' title='bbox 3737 4174 3747 4207; x_wconf 92' lang='lat'><strong>:</strong></span> <span class='ocrx_word' id='word_1_657' title='bbox 3782 4174 3926 4209; x_wconf 79' lang='lat' dir='ltr'><strong>mm-</strong></span> 
     </span>
    </p>
   </div>
   <div class='ocr_carea' id='block_1_88' title="bbox 2348 4248 3929 4318">
    <p class='ocr_par' dir='ltr' id='par_1_88' title="bbox 2348 4248 3929 4318">
     <span class='ocr_line' id='line_1_88' title="bbox 2348 4248 3929 4318; baseline -0.002 -17"><span class='ocrx_word' id='word_1_658' title='bbox 2348 4257 2451 4301; x_wconf 86' lang='lat' dir='ltr'><strong>tetn</strong></span> <span class='ocrx_word' id='word_1_659' title='bbox 2486 4249 2734 4317; x_wconf 89' lang='lat' dir='ltr'><strong>languent</strong></span> <span class='ocrx_word' id='word_1_660' title='bbox 2757 4250 2851 4302; x_wconf 91' lang='lat' dir='ltr'><strong>bus</strong></span> <span class='ocrx_word' id='word_1_661' title='bbox 2875 4290 2889 4312; x_wconf 91' lang='lat'><strong>,</strong></span> <span class='ocrx_word' id='word_1_662' title='bbox 2922 4251 3008 4318; x_wconf 91' lang='lat' dir='ltr'><strong>qui</strong></span> <span class='ocrx_word' id='word_1_663' title='bbox 3048 4265 3164 4301; x_wconf 92' lang='lat' dir='ltr'><strong>cum</strong></span> <span class='ocrx_word' id='word_1_664' title='bbox 3210 4250 3371 4317; x_wconf 88' lang='lat' dir='ltr'><strong>possit</strong></span> <span class='ocrx_word' id='word_1_665' title='bbox 3411 4265 3511 4300; x_wconf 75' lang='lat' dir='ltr'><strong>non</strong></span> <span class='ocrx_word' id='word_1_666' title='bbox 3544 4248 3818 4312; x_wconf 84' lang='lat' dir='ltr'><strong>excludit,</strong></span> <span class='ocrx_word' id='word_1_667' title='bbox 3852 4254 3929 4298; x_wconf 83' lang='lat' dir='ltr'><strong>in-</strong></span> 
     </span>
    </p>
   </div>
   <div class='ocr_carea' id='block_1_89' title="bbox 2346 4338 3928 4407">
    <p class='ocr_par' dir='ltr' id='par_1_89' title="bbox 2346 4338 3928 4407">
     <span class='ocr_line' id='line_1_89' title="bbox 2346 4338 3928 4407; baseline 0 -16"><span class='ocrx_word' id='word_1_668' title='bbox 2346 4338 2501 4391; x_wconf 77' lang='lat' dir='ltr'><strong>llixit.</strong></span> <span class='ocrx_word' id='word_1_669' title='bbox 2558 4339 2647 4391; x_wconf 91' lang='lat' dir='ltr'><strong>llis</strong></span> <span class='ocrx_word' id='word_1_670' title='bbox 2691 4354 2816 4402; x_wconf 77' lang='lat' dir='ltr'><strong>ergo</strong></span> <span class='ocrx_word' id='word_1_671' title='bbox 2859 4339 3111 4391; x_wconf 23' lang='lat' dir='ltr'><strong>:‘dversus</strong></span> <span class='ocrx_word' id='word_1_672' title='bbox 3149 4355 3241 4392; x_wconf 82' lang='lat' dir='ltr'><strong>eos</strong></span> <span class='ocrx_word' id='word_1_673' title='bbox 3284 4342 3389 4391; x_wconf 82' lang='lat' dir='ltr'><strong>oris</strong></span> <span class='ocrx_word' id='word_1_674' title='bbox 3426 4340 3639 4407; x_wconf 86' lang='lat' dir='ltr'><strong>januam</strong></span> <span class='ocrx_word' id='word_1_675' title='bbox 3682 4340 3928 4405; x_wconf 67' lang='lat' dir='ltr'><strong>patefecit</strong></span> 
     </span>
    </p>
   </div>
   <div class='ocr_carea' id='block_1_90' title="bbox 2350 4428 2618 4497">
    <p class='ocr_par' dir='ltr' id='par_1_90' title="bbox 2350 4428 2618 4497">
     <span class='ocr_line' id='line_1_90' title="bbox 2350 4428 2618 4497; baseline 0.011 -18"><span class='ocrx_word' id='word_1_676' title='bbox 2350 4428 2618 4497; x_wconf 48' lang='lat' dir='ltr'><strong>alloquiis.</strong></span> 
     </span>
    </p>
   </div>
   <div class='ocr_carea' id='block_1_91' title="bbox 667 4498 3933 4590">
    <p class='ocr_par' dir='ltr' id='par_1_91' title="bbox 667 4498 3933 4590">
     <span class='ocr_line' id='line_1_91' title="bbox 667 4498 3933 4590; baseline 0 -22"><span class='ocrx_word' id='word_1_677' title='bbox 667 4529 843 4568; x_wconf 82' lang='lat' dir='ltr'><strong>mane</strong></span> <span class='ocrx_word' id='word_1_678' title='bbox 891 4512 1111 4565; x_wconf 87' lang='lat' dir='ltr'><strong>rationis</strong></span> <span class='ocrx_word' id='word_1_679' title='bbox 1167 4508 1333 4578; x_wconf 87' lang='lat' dir='ltr'><strong>ignari</strong></span> <span class='ocrx_word' id='word_1_680' title='bbox 1360 4548 1374 4571; x_wconf 96' lang='lat'><strong>,</strong></span> <span class='ocrx_word' id='word_1_681' title='bbox 1434 4509 1522 4576; x_wconf 88' lang='lat' dir='ltr'><strong>qui</strong></span> <span class='ocrx_word' id='word_1_682' title='bbox 1578 4511 1853 4561; x_wconf 87' lang='lat' dir='ltr'><strong>veritatem</strong></span> <span class='ocrx_word' id='word_1_683' title='bbox 1913 4524 2016 4561; x_wconf 87' lang='lat' dir='ltr'><strong>non</strong></span> <span class='ocrx_word' id='word_1_684' title='bbox 2066 4508 2247 4576; x_wconf 72' lang='lat' dir='ltr'><strong>habet,</strong></span> <span class='ocrx_word' id='word_1_685' title='bbox 2279 4498 2326 4558; x_wconf 89' lang='lat' dir='ltr'><strong>D</strong></span> <span class='ocrx_word' id='word_1_686' title='bbox 2428 4518 2603 4570; x_wconf 74' lang='grc' dir='ltr'><strong>οηιηίσ</strong></span> <span class='ocrx_word' id='word_1_687' title='bbox 2638 4520 2724 4586; x_wconf 70' lang='lat' dir='ltr'><strong>qui</strong></span> <span class='ocrx_word' id='word_1_688' title='bbox 2749 4519 2982 4588; x_wconf 58' lang='grc' dir='ltr'><strong>μαίνεαι,</strong></span> <span class='ocrx_word' id='word_1_689' title='bbox 3016 4520 3066 4571; x_wconf 85' lang='lat' dir='ltr'><strong>in</strong></span> <span class='ocrx_word' id='word_1_690' title='bbox 3093 4536 3190 4578; x_wconf 83' lang='lat' dir='ltr'><strong>quo</strong></span> <span class='ocrx_word' id='word_1_691' title='bbox 3220 4522 3377 4572; x_wconf 83' lang='lat' dir='ltr'><strong>alium</strong></span> <span class='ocrx_word' id='word_1_692' title='bbox 3402 4519 3610 4590; x_wconf 81' lang='lat' dir='ltr'><strong>judicas</strong></span> <span class='ocrx_word' id='word_1_693' title='bbox 3632 4562 3645 4583; x_wconf 91' lang='lat'><strong>,</strong></span> <span class='ocrx_word' id='word_1_694' title='bbox 3680 4529 3725 4569; x_wconf 83' lang='lat' dir='ltr'><strong>te</strong></span> <span class='ocrx_word' id='word_1_695' title='bbox 3755 4519 3933 4585; x_wconf 81' lang='lat' dir='ltr'><strong>ipsum</strong></span> 
     </span>
    </p>
   </div>
   <div class='ocr_carea' id='block_1_92' title="bbox 669 4598 2249 4666">
    <p class='ocr_par' dir='ltr' id='par_1_92' title="bbox 669 4598 2249 4666">
     <span class='ocr_line' id='line_1_92' title="bbox 669 4598 2249 4666; baseline -0.003 -8"><span class='ocrx_word' id='word_1_696' title='bbox 669 4604 897 4658; x_wconf 79' lang='lat' dir='ltr'><strong>mendax</strong></span> <span class='ocrx_word' id='word_1_697' title='bbox 923 4611 1070 4656; x_wconf 90' lang='lat' dir='ltr'><strong>recte</strong></span> <span class='ocrx_word' id='word_1_698' title='bbox 1089 4608 1339 4653; x_wconf 82' lang='lat' dir='ltr'><strong>censetur</strong></span> <span class='ocrx_word' id='word_1_699' title='bbox 1372 4615 1382 4650; x_wconf 92' lang='lat'>:</span> <span class='ocrx_word' id='word_1_700' title='bbox 1416 4613 1513 4650; x_wconf 92' lang='lat' dir='ltr'><strong>nec</strong></span> <span class='ocrx_word' id='word_1_701' title='bbox 1534 4599 1633 4649; x_wconf 88' lang='lat' dir='ltr'><strong>alia</strong></span> <span class='ocrx_word' id='word_1_702' title='bbox 1664 4614 1719 4651; x_wconf 89' lang='lat' dir='ltr'><strong>re</strong></span> <span class='ocrx_word' id='word_1_703' title='bbox 1750 4598 1849 4650; x_wconf 73' lang='lat' dir='ltr'><strong>nisi</strong></span> <span class='ocrx_word' id='word_1_704' title='bbox 1881 4599 2109 4653; x_wconf 79' lang='lat' dir='ltr'><strong>falsitate</strong></span> <span class='ocrx_word' id='word_1_705' title='bbox 2139 4598 2249 4666; x_wconf 84' lang='lat' dir='ltr'><strong>ple-</strong></span> 
     </span>
    </p>
   </div>
   <div class='ocr_carea' id='block_1_93' title="bbox 668 4687 2251 4761">
    <p class='ocr_par' dir='ltr' id='par_1_93' title="bbox 668 4687 2251 4761">
     <span class='ocr_line' id='line_1_93' title="bbox 668 4687 2251 4761; baseline -0.004 -13"><span class='ocrx_word' id='word_1_706' title='bbox 668 4710 769 4748; x_wconf 92' lang='lat' dir='ltr'><strong>nus</strong></span> <span class='ocrx_word' id='word_1_707' title='bbox 799 4702 901 4759; x_wconf 87' lang='lat' dir='ltr'><strong>est,</strong></span> <span class='ocrx_word' id='word_1_708' title='bbox 926 4691 1014 4761; x_wconf 91' lang='lat' dir='ltr'><strong>qui</strong></span> <span class='ocrx_word' id='word_1_709' title='bbox 1044 4690 1350 4758; x_wconf 84' lang='lat' dir='ltr'><strong>integritate</strong></span> <span class='ocrx_word' id='word_1_710' title='bbox 1378 4703 1572 4740; x_wconf 88' lang='lat' dir='ltr'><strong>vacuus</strong></span> <span class='ocrx_word' id='word_1_711' title='bbox 1600 4689 1901 4745; x_wconf 84' lang='lat' dir='ltr'><strong>in..o:escit.</strong></span> <span class='ocrx_word' id='word_1_712' title='bbox 1931 4687 2035 4741; x_wconf 89' lang='lat' dir='ltr'><strong>Sed</strong></span> <span class='ocrx_word' id='word_1_713' title='bbox 2060 4688 2176 4741; x_wconf 68' lang='lat' dir='ltr'><strong>hinc</strong></span> <span class='ocrx_word' id='word_1_714' title='bbox 2201 4692 2251 4742; x_wconf 91' lang='lat' dir='ltr'><strong>in</strong></span> 
     </span>
    </p>
   </div>
   <div class='ocr_carea' id='block_1_94' title="bbox 669 4779 2250 4847">
    <p class='ocr_par' dir='ltr' id='par_1_94' title="bbox 669 4779 2250 4847">
     <span class='ocr_line' id='line_1_94' title="bbox 669 4779 2250 4847; baseline 0.001 -15"><span class='ocrx_word' id='word_1_715' title='bbox 669 4785 822 4835; x_wconf 86' lang='lat' dir='ltr'><strong>vobis</strong></span> <span class='ocrx_word' id='word_1_716' title='bbox 860 4799 965 4836; x_wconf 88' lang='lat' dir='ltr'><strong>non</strong></span> <span class='ocrx_word' id='word_1_717' title='bbox 995 4780 1230 4836; x_wconf 69' lang='lat' dir='ltr'><strong>curanda</strong></span> <span class='ocrx_word' id='word_1_718' title='bbox 1265 4789 1389 4834; x_wconf 88' lang='lat' dir='ltr'><strong>sunt</strong></span> <span class='ocrx_word' id='word_1_719' title='bbox 1420 4780 1608 4847; x_wconf 72' lang='lat' dir='ltr'><strong>lingua:</strong></span> <span class='ocrx_word' id='word_1_720' title='bbox 1647 4779 1908 4844; x_wconf 86' lang='lat' dir='ltr'><strong>oratione,</strong></span> <span class='ocrx_word' id='word_1_721' title='bbox 1953 4780 2043 4833; x_wconf 90' lang='lat' dir='ltr'><strong>sed</strong></span> <span class='ocrx_word' id='word_1_722' title='bbox 2081 4781 2250 4847; x_wconf 75' lang='lat' dir='ltr'><strong>genti~</strong></span> 
     </span>
    </p>
   </div>
   <div class='ocr_carea' id='block_1_95' title="bbox 670 4870 2251 4939">
    <p class='ocr_par' dir='ltr' id='par_1_95' title="bbox 670 4870 2251 4939">
     <span class='ocr_line' id='line_1_95' title="bbox 670 4870 2251 4939; baseline 0.002 -18"><span class='ocrx_word' id='word_1_723' title='bbox 670 4881 817 4923; x_wconf 91' lang='lat' dir='ltr'><strong>tuum</strong></span> <span class='ocrx_word' id='word_1_724' title='bbox 852 4887 863 4920; x_wconf 90' lang='lat'><strong>:</strong></span> <span class='ocrx_word' id='word_1_725' title='bbox 902 4886 999 4924; x_wconf 90' lang='lat' dir='ltr'><strong>nec</strong></span> <span class='ocrx_word' id='word_1_726' title='bbox 1030 4876 1195 4939; x_wconf 83' lang='lat' dir='ltr'><strong>magis</strong></span> <span class='ocrx_word' id='word_1_727' title='bbox 1223 4880 1347 4924; x_wconf 92' lang='lat' dir='ltr'><strong>sunt</strong></span> <span class='ocrx_word' id='word_1_728' title='bbox 1374 4870 1525 4923; x_wconf 86' lang='lat' dir='ltr'><strong>vobis</strong></span> <span class='ocrx_word' id='word_1_729' title='bbox 1554 4870 1852 4923; x_wconf 77' lang='lat' dir='ltr'><strong>exhibenda</strong></span> <span class='ocrx_word' id='word_1_730' title='bbox 1884 4871 2068 4937; x_wconf 87' lang='lat' dir='ltr'><strong>verba,</strong></span> <span class='ocrx_word' id='word_1_731' title='bbox 2094 4886 2251 4937; x_wconf 90' lang='lat' dir='ltr'><strong>quam</strong></span> 
     </span>
    </p>
   </div>
   <div class='ocr_carea' id='block_1_96' title="bbox 674 4961 2249 5030">
    <p class='ocr_par' dir='ltr' id='par_1_96' title="bbox 674 4961 2249 5030">
     <span class='ocr_line' id='line_1_96' title="bbox 674 4961 2249 5030; baseline 0.001 -16"><span class='ocrx_word' id='word_1_732' title='bbox 674 4963 932 5030; x_wconf 73' lang='lat' dir='ltr'><strong>laeryma:</strong></span> <span class='ocrx_word' id='word_1_733' title='bbox 967 4978 979 5012; x_wconf 89' lang='lat'><strong>:</strong></span> <span class='ocrx_word' id='word_1_734' title='bbox 1011 4964 1130 5029; x_wconf 84' lang='lat' dir='ltr'><strong>quia</strong></span> <span class='ocrx_word' id='word_1_735' title='bbox 1176 4963 1375 5030; x_wconf 87' lang='lat' dir='ltr'><strong>liqttidu</strong></span> <span class='ocrx_word' id='word_1_736' title='bbox 1425 4976 1621 5014; x_wconf 89' lang='lat' dir='ltr'><strong>nocens</strong></span> <span class='ocrx_word' id='word_1_737' title='bbox 1666 4970 1767 5025; x_wconf 89' lang='lat' dir='ltr'><strong>est,</strong></span> <span class='ocrx_word' id='word_1_738' title='bbox 1814 4961 1903 5029; x_wconf 88' lang='lat' dir='ltr'><strong>qui</strong></span> <span class='ocrx_word' id='word_1_739' title='bbox 1954 4963 2249 5017; x_wconf 88' lang='lat' dir='ltr'><strong>insontibus</strong></span> 
     </span>
    </p>
   </div>
   <div class='ocr_carea' id='block_1_97' title="bbox 671 5051 2247 5121">
    <p class='ocr_par' dir='ltr' id='par_1_97' title="bbox 671 5051 2247 5121">
     <span class='ocr_line' id='line_1_97' title="bbox 671 5051 2247 5121; baseline 0.001 -16"><span class='ocrx_word' id='word_1_740' title='bbox 671 5061 762 5105; x_wconf 88' lang='lat' dir='ltr'><strong>aut</strong></span> <span class='ocrx_word' id='word_1_741' title='bbox 791 5051 1037 5106; x_wconf 89' lang='lat' dir='ltr'><strong>meritum</strong></span> <span class='ocrx_word' id='word_1_742' title='bbox 1068 5053 1367 5120; x_wconf 90' lang='lat' dir='ltr'><strong>culpabilis,</strong></span> <span class='ocrx_word' id='word_1_743' title='bbox 1400 5064 1491 5109; x_wconf 91' lang='lat' dir='ltr'><strong>aut</strong></span> <span class='ocrx_word' id='word_1_744' title='bbox 1529 5068 1721 5106; x_wconf 91' lang='lat' dir='ltr'><strong>nomen</strong></span> <span class='ocrx_word' id='word_1_745' title='bbox 1756 5054 1997 5119; x_wconf 91' lang='lat' dir='ltr'><strong>opponit.</strong></span> <span class='ocrx_word' id='word_1_746' title='bbox 2032 5055 2247 5121; x_wconf 82' lang='lat' dir='ltr'><strong>lteliqua</strong></span> 
     </span>
    </p>
   </div>
   <div class='ocr_carea' id='block_1_98' title="bbox 673 5142 2251 5212">
    <p class='ocr_par' dir='ltr' id='par_1_98' title="bbox 673 5142 2251 5212">
     <span class='ocr_line' id='line_1_98' title="bbox 673 5142 2251 5212; baseline -0.001 -15"><span class='ocrx_word' id='word_1_747' title='bbox 673 5142 1030 5211; x_wconf 85' lang='lat' dir='ltr'><strong>ohjectionum</strong></span> <span class='ocrx_word' id='word_1_748' title='bbox 1058 5154 1356 5196; x_wconf 82' lang='lat' dir='ltr'><strong>vestrarum</strong></span> <span class='ocrx_word' id='word_1_749' title='bbox 1382 5145 1551 5212; x_wconf 86' lang='lat' dir='ltr'><strong>capita</strong></span> <span class='ocrx_word' id='word_1_750' title='bbox 1577 5158 1680 5196; x_wconf 90' lang='lat' dir='ltr'><strong>non</strong></span> <span class='ocrx_word' id='word_1_751' title='bbox 1706 5142 1970 5195; x_wconf 90' lang='lat' dir='ltr'><strong>revolvam</strong></span> <span class='ocrx_word' id='word_1_752' title='bbox 1994 5160 2004 5193; x_wconf 89' lang='lat'><strong>:</strong></span> <span class='ocrx_word' id='word_1_753' title='bbox 2034 5152 2251 5208; x_wconf 75' lang='lat' dir='ltr'><strong>priestat</strong></span> 
     </span>
    </p>
   </div>
   <div class='ocr_carea' id='block_1_99' title="bbox 676 5232 2250 5302">
    <p class='ocr_par' dir='ltr' id='par_1_99' title="bbox 676 5232 2250 5302">
     <span class='ocr_line' id='line_1_99' title="bbox 676 5232 2250 5302; baseline 0 -13"><span class='ocrx_word' id='word_1_754' title='bbox 676 5233 889 5290; x_wconf 87' lang='lat' dir='ltr'><strong>silentio</strong></span> <span class='ocrx_word' id='word_1_755' title='bbox 916 5232 1211 5285; x_wconf 88' lang='lat' dir='ltr'><strong>damnanda</strong></span> <span class='ocrx_word' id='word_1_756' title='bbox 1241 5236 1474 5302; x_wconf 89' lang='lat' dir='ltr'><strong>sepeliri.</strong></span> <span class='ocrx_word' id='word_1_757' title='bbox 1524 5235 1860 5289; x_wconf 82' lang='lat' dir='ltr'><strong>Nobilitatem</strong></span> <span class='ocrx_word' id='word_1_758' title='bbox 1892 5234 1981 5287; x_wconf 87' lang='lat' dir='ltr'><strong>dat</strong></span> <span class='ocrx_word' id='word_1_759' title='bbox 2008 5235 2070 5286; x_wconf 78' lang='lat' dir='ltr'><strong>fat</strong></span> <span class='ocrx_word' id='word_1_760' title='bbox 2091 5236 2250 5289; x_wconf 84' lang='lat' dir='ltr'><strong>inuri-</strong></span> 
     </span>
    </p>
   </div>
   <div class='ocr_carea' id='block_1_100' title="bbox 753 5361 2249 5433">
    <p class='ocr_par' dir='ltr' id='par_1_100' title="bbox 753 5361 2249 5433">
     <span class='ocr_line' id='line_1_100' title="bbox 753 5361 2249 5433; baseline -0.001 -16"><span class='ocrx_word' id='word_1_761' title='bbox 753 5368 769 5397; x_wconf 83' lang='grc'>¹</span> <span class='ocrx_word' id='word_1_762' title='bbox 800 5364 936 5433; x_wconf 86' lang='lat' dir='ltr'><strong>Ergo</strong></span> <span class='ocrx_word' id='word_1_763' title='bbox 963 5363 1080 5431; x_wconf 83' lang='lat' dir='ltr'><strong>quia</strong></span> <span class='ocrx_word' id='word_1_764' title='bbox 1112 5361 1367 5431; x_wconf 76' lang='lat' dir='ltr'><strong>dixerunt]</strong></span> <span class='ocrx_word' id='word_1_765' title='bbox 1393 5363 1561 5415; x_wconf 77' lang='lat' dir='ltr'><strong>Verba</strong></span> <span class='ocrx_word' id='word_1_766' title='bbox 1592 5364 1779 5433; x_wconf 82' lang='lat' dir='ltr'><strong>synodi</strong></span> <span class='ocrx_word' id='word_1_767' title='bbox 1815 5381 1826 5415; x_wconf 77' lang='grc' dir='ltr'>ε</span> <span class='ocrx_word' id='word_1_768' title='bbox 1856 5364 2100 5417; x_wconf 67' lang='lat' dir='ltr'><strong>Senatum</strong></span> <span class='ocrx_word' id='word_1_769' title='bbox 2140 5382 2249 5416; x_wconf 68' lang='lat' dir='ltr'><strong>mn-</strong></span> 
     </span>
    </p>
   </div>
   <div class='ocr_carea' id='block_1_101' title="bbox 681 5435 2246 5507">
    <p class='ocr_par' dir='ltr' id='par_1_101' title="bbox 681 5435 2246 5507">
     <span class='ocr_line' id='line_1_101' title="bbox 681 5435 2246 5507; baseline -0.006 -9"><span class='ocrx_word' id='word_1_770' title='bbox 681 5437 961 5507; x_wconf 75' lang='grc' dir='ltr'><strong>ριὶεδὶηιιιυι</strong></span> <span class='ocrx_word' id='word_1_771' title='bbox 1004 5444 1255 5507; x_wconf 75' lang='lat' dir='ltr'><strong>monentes</strong></span> <span class='ocrx_word' id='word_1_772' title='bbox 1298 5436 1685 5507; x_wconf 30' lang='lat' dir='ltr'><strong>dl‘I-HMI&#39;iltflllffs</strong></span> <span class='ocrx_word' id='word_1_773' title='bbox 1723 5451 1898 5487; x_wconf 78' lang='lat' dir='ltr'><strong>musas</strong></span> <span class='ocrx_word' id='word_1_774' title='bbox 1943 5435 2033 5487; x_wconf 75' lang='lat' dir='ltr'><strong>Dei</strong></span> <span class='ocrx_word' id='word_1_775' title='bbox 2088 5439 2246 5497; x_wconf 75' lang='lat' dir='ltr'><strong>ipsius</strong></span> 
     </span>
    </p>
   </div>
   <div class='ocr_carea' id='block_1_102' title="bbox 675 5504 2225 5578">
    <p class='ocr_par' dir='ltr' id='par_1_102' title="bbox 675 5504 2225 5578">
     <span class='ocr_line' id='line_1_102' title="bbox 675 5504 2225 5578; baseline -0.003 -18"><span class='ocrx_word' id='word_1_776' title='bbox 675 5504 872 5578; x_wconf 69' lang='lat' dir='ltr'><strong>judicio</strong></span> <span class='ocrx_word' id='word_1_777' title='bbox 912 5522 1017 5557; x_wconf 84' lang='lat' dir='ltr'><strong>esse</strong></span> <span class='ocrx_word' id='word_1_778' title='bbox 1046 5504 1448 5578; x_wconf 68' lang='lat' dir='ltr'><strong>committendas,</strong></span> <span class='ocrx_word' id='word_1_779' title='bbox 1492 5506 1575 5569; x_wconf 87' lang='lat' dir='ltr'><strong>qui</strong></span> <span class='ocrx_word' id='word_1_780' title='bbox 1625 5506 1752 5556; x_wconf 73' lang='lat' dir='ltr'><strong>tale!</strong></span> <span class='ocrx_word' id='word_1_781' title='bbox 1790 5522 1972 5578; x_wconf 79' lang='lat' dir='ltr'><strong>corpus</strong></span> <span class='ocrx_word' id='word_1_782' title='bbox 2002 5506 2225 5578; x_wconf 81' lang='lat' dir='ltr'><strong>occidere</strong></span> 
     </span>
    </p>
   </div>
   <div class='ocr_carea' id='block_1_103' title="bbox 683 5574 2248 5641">
    <p class='ocr_par' dir='ltr' id='par_1_103' title="bbox 683 5574 2248 5641">
     <span class='ocr_line' id='line_1_103' title="bbox 683 5574 2248 5641; baseline 0.001 -13"><span class='ocrx_word' id='word_1_783' title='bbox 683 5574 729 5628; x_wconf 79' lang='lat' dir='ltr'><strong>et</strong></span> <span class='ocrx_word' id='word_1_784' title='bbox 768 5580 989 5628; x_wconf 88' lang='lat' dir='ltr'><strong>animam</strong></span> <span class='ocrx_word' id='word_1_785' title='bbox 1035 5574 1103 5625; x_wconf 83' lang='lat' dir='ltr'><strong>mi</strong></span> <span class='ocrx_word' id='word_1_786' title='bbox 1126 5584 1228 5626; x_wconf 76' lang='lat' dir='ltr'><strong>tete</strong></span> <span class='ocrx_word' id='word_1_787' title='bbox 1268 5574 1321 5625; x_wconf 87' lang='lat' dir='ltr'><strong>in</strong></span> <span class='ocrx_word' id='word_1_788' title='bbox 1360 5574 1654 5641; x_wconf 79' lang='lat' dir='ltr'><strong>ge/tcnnatit.</strong></span> <span class='ocrx_word' id='word_1_789' title='bbox 1705 5577 1799 5638; x_wconf 82' lang='lat' dir='ltr'><strong>Qui</strong></span> <span class='ocrx_word' id='word_1_790' title='bbox 1848 5577 1897 5626; x_wconf 91' lang='lat' dir='ltr'><strong>in</strong></span> <span class='ocrx_word' id='word_1_791' title='bbox 1949 5576 1977 5625; x_wconf 90' lang='lat' dir='ltr'><strong>lt</strong></span> <span class='ocrx_word' id='word_1_792' title='bbox 2004 5591 2029 5627; x_wconf 89' lang='lat' dir='ltr'><strong>s</strong></span> <span class='ocrx_word' id='word_1_793' title='bbox 2074 5577 2248 5629; x_wconf 82' lang='lat' dir='ltr'><strong>verbis</strong></span> 
     </span>
    </p>
   </div>
   <div class='ocr_carea' id='block_1_104' title="bbox 687 5644 2242 5710">
    <p class='ocr_par' dir='ltr' id='par_1_104' title="bbox 687 5644 2242 5710">
     <span class='ocr_line' id='line_1_104' title="bbox 687 5644 2242 5710; baseline -0.001 -13"><span class='ocrx_word' id='word_1_794' title='bbox 687 5645 909 5697; x_wconf 66' lang='lat' dir='ltr'><strong>lla-resin</strong></span> <span class='ocrx_word' id='word_1_795' title='bbox 948 5645 1284 5708; x_wconf 81' lang='lat' dir='ltr'><strong>astruchant,</strong></span> <span class='ocrx_word' id='word_1_796' title='bbox 1332 5660 1433 5694; x_wconf 84' lang='lat' dir='ltr'><strong>non</strong></span> <span class='ocrx_word' id='word_1_797' title='bbox 1484 5644 1533 5694; x_wconf 90' lang='lat' dir='ltr'><strong>in</strong></span> <span class='ocrx_word' id='word_1_798' title='bbox 1575 5644 1781 5695; x_wconf 88' lang='lat' dir='ltr'><strong>beatum</strong></span> <span class='ocrx_word' id='word_1_799' title='bbox 1822 5646 2011 5697; x_wconf 85' lang='lat' dir='ltr'><strong>Lucam</strong></span> <span class='ocrx_word' id='word_1_800' title='bbox 2049 5644 2242 5710; x_wconf 78' lang='lat' dir='ltr'><strong>injurii,</strong></span> 
     </span>
    </p>
   </div>
   <div class='ocr_carea' id='block_1_105' title="bbox 686 5713 2242 5783">
    <p class='ocr_par' dir='ltr' id='par_1_105' title="bbox 686 5713 2242 5783">
     <span class='ocr_line' id='line_1_105' title="bbox 686 5713 2242 5783; baseline 0.001 -16"><span class='ocrx_word' id='word_1_801' title='bbox 686 5714 777 5767; x_wconf 76' lang='lat' dir='ltr'><strong>Sed</strong></span> <span class='ocrx_word' id='word_1_802' title='bbox 824 5714 874 5766; x_wconf 92' lang='lat' dir='ltr'><strong>in</strong></span> <span class='ocrx_word' id='word_1_803' title='bbox 913 5714 1179 5767; x_wconf 78' lang='lat' dir='ltr'><strong>Christum</strong></span> <span class='ocrx_word' id='word_1_804' title='bbox 1236 5715 1403 5783; x_wconf 85' lang='lat' dir='ltr'><strong>ipsum</strong></span> <span class='ocrx_word' id='word_1_805' title='bbox 1447 5713 1535 5783; x_wconf 90' lang='lat' dir='ltr'><strong>qui</strong></span> <span class='ocrx_word' id='word_1_806' title='bbox 1577 5714 1714 5780; x_wconf 90' lang='lat' dir='ltr'><strong>apud</strong></span> <span class='ocrx_word' id='word_1_807' title='bbox 1756 5713 1945 5768; x_wconf 84' lang='lat' dir='ltr'><strong>Lucam</strong></span> <span class='ocrx_word' id='word_1_808' title='bbox 1994 5716 2007 5766; x_wconf 97' lang='lat' dir='ltr'><strong>l</strong></span> <span class='ocrx_word' id='word_1_809' title='bbox 2046 5731 2242 5783; x_wconf 83' lang='lat' dir='ltr'><strong>quitur,</strong></span> 
     </span>
    </p>
   </div>
   <div class='ocr_carea' id='block_1_106' title="bbox 2352 4606 3934 4677">
    <p class='ocr_par' dir='ltr' id='par_1_106' title="bbox 2352 4606 3934 4677">
     <span class='ocr_line' id='line_1_106' title="bbox 2352 4606 3934 4677; baseline 0.001 -19"><span class='ocrx_word' id='word_1_810' title='bbox 2352 4609 2653 4658; x_wconf 82' lang='lat' dir='ltr'><strong>condemnas</strong></span> <span class='ocrx_word' id='word_1_811' title='bbox 2696 4623 2711 4658; x_wconf 94' lang='lat'><em>:</em></span> <span class='ocrx_word' id='word_1_812' title='bbox 2751 4609 2926 4659; x_wconf 77' lang='lat' dir='ltr'><strong>eodeni</strong></span> <span class='ocrx_word' id='word_1_813' title='bbox 2974 4610 3105 4660; x_wconf 83' lang='lat' dir='ltr'><strong>enim</strong></span> <span class='ocrx_word' id='word_1_814' title='bbox 3149 4610 3259 4677; x_wconf 83' lang='lat' dir='ltr'><strong>agis</strong></span> <span class='ocrx_word' id='word_1_815' title='bbox 3303 4625 3412 4676; x_wconf 67' lang='lat' dir='ltr'><strong>quae</strong></span> <span class='ocrx_word' id='word_1_816' title='bbox 3445 4609 3671 4677; x_wconf 83' lang='lat' dir='ltr'><strong>judicas.</strong></span> <span class='ocrx_word' id='word_1_817' title='bbox 3722 4606 3934 4660; x_wconf 84' lang='lat' dir='ltr'><strong>Scimus</strong></span> 
     </span>
    </p>
   </div>
   <div class='ocr_carea' id='block_1_107' title="bbox 2357 4696 3935 4765">
    <p class='ocr_par' dir='ltr' id='par_1_107' title="bbox 2357 4696 3935 4765">
     <span class='ocr_line' id='line_1_107' title="bbox 2357 4696 3935 4765; baseline 0.002 -16"><span class='ocrx_word' id='word_1_818' title='bbox 2357 4707 2521 4749; x_wconf 88' lang='lat' dir='ltr'><strong>autem</strong></span> <span class='ocrx_word' id='word_1_819' title='bbox 2544 4698 2663 4765; x_wconf 88' lang='lat' dir='ltr'><strong>quia</strong></span> <span class='ocrx_word' id='word_1_820' title='bbox 2694 4698 2936 4759; x_wconf 80' lang='lat' dir='ltr'><strong>judicium</strong></span> <span class='ocrx_word' id='word_1_821' title='bbox 2966 4696 3059 4749; x_wconf 76' lang='lat' dir='ltr'><strong>Dei</strong></span> <span class='ocrx_word' id='word_1_822' title='bbox 3081 4709 3154 4751; x_wconf 88' lang='lat' dir='ltr'><strong>est</strong></span> <span class='ocrx_word' id='word_1_823' title='bbox 3177 4700 3450 4750; x_wconf 81' lang='lat' dir='ltr'><strong>secundum</strong></span> <span class='ocrx_word' id='word_1_824' title='bbox 3473 4699 3726 4750; x_wconf 76' lang='lat' dir='ltr'><strong>veritatem</strong></span> <span class='ocrx_word' id='word_1_825' title='bbox 3750 4698 3800 4749; x_wconf 82' lang='lat' dir='ltr'><strong>in</strong></span> <span class='ocrx_word' id='word_1_826' title='bbox 3825 4714 3935 4753; x_wconf 85' lang='lat' dir='ltr'><strong>eos.</strong></span> 
     </span>
    </p>
   </div>
   <div class='ocr_carea' id='block_1_108' title="bbox 2354 4776 3936 4857">
    <p class='ocr_par' dir='ltr' id='par_1_108' title="bbox 2354 4776 3936 4857">
     <span class='ocr_line' id='line_1_108' title="bbox 2354 4776 3936 4857; baseline -0.001 -18"><span class='ocrx_word' id='word_1_827' title='bbox 2354 4776 2438 4857; x_wconf 87' lang='lat' dir='ltr'><strong>qui</strong></span> <span class='ocrx_word' id='word_1_828' title='bbox 2472 4788 2593 4839; x_wconf 81' lang='lat' dir='ltr'><strong>talin</strong></span> <span class='ocrx_word' id='word_1_829' title='bbox 2622 4800 2778 4855; x_wconf 84' lang='lat' dir='ltr'><strong>agunt</strong></span> <span class='ocrx_word' id='word_1_830' title='bbox 2822 4787 2991 4856; x_wconf 82' lang='lat' dir='ltr'><strong>(Rom.</strong></span> <span class='ocrx_word' id='word_1_831' title='bbox 3031 4803 3065 4839; x_wconf 88' lang='lat' dir='ltr'><strong>It</strong></span> <span class='ocrx_word' id='word_1_832' title='bbox 3089 4829 3101 4848; x_wconf 89' lang='lat'><strong>,</strong></span> <span class='ocrx_word' id='word_1_833' title='bbox 3145 4787 3214 4855; x_wconf 84' lang='lat' dir='ltr'><strong>l).</strong></span> <span class='ocrx_word' id='word_1_834' title='bbox 3272 4788 3333 4840; x_wconf 79' lang='lat' dir='ltr'><strong>Et</strong></span> <span class='ocrx_word' id='word_1_835' title='bbox 3361 4789 3548 4840; x_wconf 89' lang='lat' dir='ltr'><strong>iterum</strong></span> <span class='ocrx_word' id='word_1_836' title='bbox 3584 4806 3595 4837; x_wconf 85' lang='lat'><strong>:</strong></span> <span class='ocrx_word' id='word_1_837' title='bbox 3628 4786 3816 4838; x_wconf 78' lang='lat' dir='ltr'><strong>Beatus</strong></span> <span class='ocrx_word' id='word_1_838' title='bbox 3846 4788 3936 4855; x_wconf 76' lang='lat' dir='ltr'><strong>qui</strong></span> 
     </span>
    </p>
   </div>
   <div class='ocr_carea' id='block_1_109' title="bbox 2355 4877 3933 4949">
    <p class='ocr_par' dir='ltr' id='par_1_109' title="bbox 2355 4877 3933 4949">
     <span class='ocr_line' id='line_1_109' title="bbox 2355 4877 3933 4949; baseline -0.001 -19"><span class='ocrx_word' id='word_1_839' title='bbox 2355 4895 2453 4930; x_wconf 90' lang='lat' dir='ltr'><strong>non</strong></span> <span class='ocrx_word' id='word_1_840' title='bbox 2474 4878 2705 4949; x_wconf 68' lang='lat' dir='ltr'><strong>judicar,</strong></span> <span class='ocrx_word' id='word_1_841' title='bbox 2739 4881 2791 4930; x_wconf 88' lang='lat' dir='ltr'><strong>in</strong></span> <span class='ocrx_word' id='word_1_842' title='bbox 2831 4894 2927 4943; x_wconf 90' lang='lat' dir='ltr'><strong>quo</strong></span> <span class='ocrx_word' id='word_1_843' title='bbox 2958 4878 3133 4947; x_wconf 69' lang='lat' dir='ltr'><strong>probat</strong></span> <span class='ocrx_word' id='word_1_844' title='bbox 3178 4880 3396 4946; x_wconf 84' lang='lat' dir='ltr'><strong>:eipsum</strong></span> <span class='ocrx_word' id='word_1_845' title='bbox 3442 4877 3616 4946; x_wconf 83' lang='lat' dir='ltr'><strong>(Rom.</strong></span> <span class='ocrx_word' id='word_1_846' title='bbox 3656 4892 3772 4938; x_wconf 70' lang='lat' dir='ltr'><strong>xlv,</strong></span> <span class='ocrx_word' id='word_1_847' title='bbox 3811 4877 3933 4941; x_wconf 71' lang='lat'><strong>2‘2).</strong></span> 
     </span>
    </p>
   </div>
   <div class='ocr_carea' id='block_1_110' title="bbox 2353 4968 3936 5036">
    <p class='ocr_par' dir='ltr' id='par_1_110' title="bbox 2353 4968 3936 5036">
     <span class='ocr_line' id='line_1_110' title="bbox 2353 4968 3936 5036; baseline -0.003 -13"><span class='ocrx_word' id='word_1_848' title='bbox 2353 4970 2480 5035; x_wconf 75' lang='lat' dir='ltr'><strong>Qua:</strong></span> <span class='ocrx_word' id='word_1_849' title='bbox 2511 4970 2702 5023; x_wconf 87' lang='lat' dir='ltr'><strong>malum</strong></span> <span class='ocrx_word' id='word_1_850' title='bbox 2734 4970 2866 5022; x_wconf 84' lang='lat' dir='ltr'><strong>ratio</strong></span> <span class='ocrx_word' id='word_1_851' title='bbox 2892 4978 2990 5031; x_wconf 89' lang='lat' dir='ltr'><strong>cst,</strong></span> <span class='ocrx_word' id='word_1_852' title='bbox 3018 4982 3072 5020; x_wconf 90' lang='lat' dir='ltr'><strong>ttt</strong></span> <span class='ocrx_word' id='word_1_853' title='bbox 3100 4970 3347 5036; x_wconf 67' lang='lat' dir='ltr'><strong>priedicet</strong></span> <span class='ocrx_word' id='word_1_854' title='bbox 3380 4983 3482 5020; x_wconf 81' lang='lat' dir='ltr'><strong>ltuit</strong></span> <span class='ocrx_word' id='word_1_855' title='bbox 3514 4968 3813 5030; x_wconf 85' lang='lat' dir='ltr'><strong>furandum,</strong></span> <span class='ocrx_word' id='word_1_856' title='bbox 3843 4968 3936 5034; x_wconf 87' lang='lat' dir='ltr'><strong>qui</strong></span> 
     </span>
    </p>
   </div>
   <div class='ocr_carea' id='block_1_111' title="bbox 2352 5061 3935 5129">
    <p class='ocr_par' dir='ltr' id='par_1_111' title="bbox 2352 5061 3935 5129">
     <span class='ocr_line' id='line_1_111' title="bbox 2352 5061 3935 5129; baseline -0.001 -15"><span class='ocrx_word' id='word_1_857' title='bbox 2352 5062 2553 5115; x_wconf 72' lang='lat' dir='ltr'><strong>{utatur</strong></span> <span class='ocrx_word' id='word_1_858' title='bbox 2588 5080 2600 5114; x_wconf 92' lang='lat'>:</span> <span class='ocrx_word' id='word_1_859' title='bbox 2636 5075 2683 5115; x_wconf 90' lang='lat' dir='ltr'><strong>ct</strong></span> <span class='ocrx_word' id='word_1_860' title='bbox 2720 5062 2989 5129; x_wconf 83' lang='lat' dir='ltr'><strong>prodigtm</strong></span> <span class='ocrx_word' id='word_1_861' title='bbox 3038 5061 3367 5114; x_wconf 67' lang='lat' dir='ltr'><strong>verecundia:</strong></span> <span class='ocrx_word' id='word_1_862' title='bbox 3407 5061 3637 5113; x_wconf 88' lang='lat' dir='ltr'><strong>frontem</strong></span> <span class='ocrx_word' id='word_1_863' title='bbox 3670 5062 3808 5112; x_wconf 89' lang='lat' dir='ltr'><strong>nube</strong></span> <span class='ocrx_word' id='word_1_864' title='bbox 3841 5074 3935 5112; x_wconf 80' lang='lat' dir='ltr'><strong>vc-</strong></span> 
     </span>
    </p>
   </div>
   <div class='ocr_carea' id='block_1_112' title="bbox 2351 5149 3937 5218">
    <p class='ocr_par' dir='ltr' id='par_1_112' title="bbox 2351 5149 3937 5218">
     <span class='ocr_line' id='line_1_112' title="bbox 2351 5149 3937 5218; baseline -0.002 -14"><span class='ocrx_word' id='word_1_865' title='bbox 2351 5152 2477 5205; x_wconf 90' lang='lat' dir='ltr'><strong>stiat</strong></span> <span class='ocrx_word' id='word_1_866' title='bbox 2525 5152 2939 5218; x_wconf 74' lang='lat' dir='ltr'><strong>intpugnationls</strong></span> <span class='ocrx_word' id='word_1_867' title='bbox 2981 5151 3219 5203; x_wconf 69' lang='lat' dir='ltr'><strong>alienae?</strong></span> <span class='ocrx_word' id='word_1_868' title='bbox 3268 5152 3431 5203; x_wconf 79' lang='lat' dir='ltr'><strong>Nemo</strong></span> <span class='ocrx_word' id='word_1_869' title='bbox 3476 5161 3617 5203; x_wconf 70' lang='lat' dir='ltr'><strong>rtcte</strong></span> <span class='ocrx_word' id='word_1_870' title='bbox 3648 5149 3937 5201; x_wconf 89' lang='lat' dir='ltr'><strong>monitoris</strong></span> 
     </span>
    </p>
   </div>
   <div class='ocr_carea' id='block_1_113' title="bbox 2353 5242 3927 5311">
    <p class='ocr_par' dir='ltr' id='par_1_113' title="bbox 2353 5242 3927 5311">
     <span class='ocr_line' id='line_1_113' title="bbox 2353 5242 3927 5311; baseline -0.002 -16"><span class='ocrx_word' id='word_1_871' title='bbox 2353 5256 2633 5310; x_wconf 73' lang='lat' dir='ltr'><strong>personam</strong></span> <span class='ocrx_word' id='word_1_872' title='bbox 2670 5242 2921 5310; x_wconf 87' lang='lat' dir='ltr'><strong>suscipit,</strong></span> <span class='ocrx_word' id='word_1_873' title='bbox 2966 5244 3065 5295; x_wconf 82' lang='lat' dir='ltr'><strong>nisi</strong></span> <span class='ocrx_word' id='word_1_874' title='bbox 3098 5245 3184 5311; x_wconf 90' lang='lat' dir='ltr'><strong>qui</strong></span> <span class='ocrx_word' id='word_1_875' title='bbox 3216 5245 3425 5296; x_wconf 88' lang='lat' dir='ltr'><strong>actibus</strong></span> <span class='ocrx_word' id='word_1_876' title='bbox 3454 5244 3563 5295; x_wconf 79' lang='lat' dir='ltr'><strong>suis</strong></span> <span class='ocrx_word' id='word_1_877' title='bbox 3592 5251 3766 5295; x_wconf 88' lang='lat' dir='ltr'><strong>errata</strong></span> <span class='ocrx_word' id='word_1_878' title='bbox 3795 5255 3927 5293; x_wconf 83' lang='lat' dir='ltr'><strong>con-</strong></span> 
     </span>
    </p>
   </div>
   <div class='ocr_carea' id='block_1_114' title="bbox 2357 5369 2679 5423">
    <p class='ocr_par' dir='ltr' id='par_1_114' title="bbox 2357 5369 2679 5423">
     <span class='ocr_line' id='line_1_114' title="bbox 2357 5369 2679 5423; baseline 0 -1"><span class='ocrx_word' id='word_1_879' title='bbox 2357 5369 2500 5423; x_wconf 87' lang='lat' dir='ltr'><strong>imnii</strong></span> <span class='ocrx_word' id='word_1_880' title='bbox 2530 5379 2679 5423; x_wconf 63' lang='lat' dir='ltr'><strong>erant</strong></span> 
     </span>
    </p>
   </div>
   <div class='ocr_carea' id='block_1_115' title="bbox 2426 5386 3937 5509">
    <p class='ocr_par' dir='ltr' id='par_1_115' title="bbox 2426 5386 3937 5509">
     <span class='ocr_line' id='line_1_115' title="bbox 2470 5386 2679 5423; baseline 0.019 -5"><span class='ocrx_word' id='word_1_881' title='bbox 2470 5387 2500 5421; x_wconf 88' lang='lat' dir='ltr'><strong>ll</strong></span> <span class='ocrx_word' id='word_1_882' title='bbox 2530 5386 2679 5423; x_wconf 64' lang='lat' dir='ltr'><strong>erant</strong></span> 
     </span>
     <span class='ocr_line' id='line_1_116' title="bbox 2426 5386 3937 5509; baseline 0 -18"><span class='ocrx_word' id='word_1_883' title='bbox 2426 5386 2691 5492; x_wconf 70' lang='lat' dir='ltr'><strong>’pJoannis</strong></span> <span class='ocrx_word' id='word_1_884' title='bbox 2733 5441 2952 5504; x_wconf 72' lang='grc' dir='ltr'><strong>προδιοιί</strong></span> <span class='ocrx_word' id='word_1_885' title='bbox 2990 5441 3178 5507; x_wconf 82' lang='lat' dir='ltr'><strong>scripta</strong></span> <span class='ocrx_word' id='word_1_886' title='bbox 3220 5439 3416 5509; x_wconf 52' lang='lat' dir='ltr'><strong>violavi]</strong></span> <span class='ocrx_word' id='word_1_887' title='bbox 3460 5440 3571 5492; x_wconf 84' lang='lat' dir='ltr'><strong>Non</strong></span> <span class='ocrx_word' id='word_1_888' title='bbox 3617 5451 3719 5492; x_wconf 87' lang='lat' dir='ltr'><strong>tam</strong></span> <span class='ocrx_word' id='word_1_889' title='bbox 3766 5438 3937 5491; x_wconf 82' lang='lat' dir='ltr'><strong>verba</strong></span> 
     </span>
    </p>
   </div>
   <div class='ocr_carea' id='block_1_116' title="bbox 2356 5509 3935 5578">
    <p class='ocr_par' dir='ltr' id='par_1_116' title="bbox 2356 5509 3935 5578">
     <span class='ocr_line' id='line_1_117' title="bbox 2356 5509 3935 5578; baseline -0.001 -18"><span class='ocrx_word' id='word_1_890' title='bbox 2356 5509 2465 5575; x_wconf 90' lang='lat' dir='ltr'><strong>ipsa</strong></span> <span class='ocrx_word' id='word_1_891' title='bbox 2494 5510 2713 5562; x_wconf 82' lang='lat' dir='ltr'><strong>Joannis</strong></span> <span class='ocrx_word' id='word_1_892' title='bbox 2742 5512 2929 5562; x_wconf 85' lang='lat' dir='ltr'><strong>citarat</strong></span> <span class='ocrx_word' id='word_1_893' title='bbox 2968 5516 3221 5578; x_wconf 84' lang='lat' dir='ltr'><strong>synolus,</strong></span> <span class='ocrx_word' id='word_1_894' title='bbox 3269 5527 3423 5577; x_wconf 89' lang='lat' dir='ltr'><strong>quant</strong></span> <span class='ocrx_word' id='word_1_895' title='bbox 3476 5528 3539 5561; x_wconf 77' lang='lat' dir='ltr'><strong>ex</strong></span> <span class='ocrx_word' id='word_1_896' title='bbox 3578 5527 3656 5562; x_wconf 62' lang='grc' dir='ltr'><strong>νηί</strong></span> <span class='ocrx_word' id='word_1_897' title='bbox 3674 5511 3753 5562; x_wconf 89' lang='lat' dir='ltr'><strong>bis</strong></span> <span class='ocrx_word' id='word_1_898' title='bbox 3802 5523 3935 5560; x_wconf 83' lang='lat' dir='ltr'><strong>sen-</strong></span> 
     </span>
    </p>
   </div>
   <div class='ocr_carea' id='block_1_117' title="bbox 2358 5578 3932 5646">
    <p class='ocr_par' dir='ltr' id='par_1_117' title="bbox 2358 5578 3932 5646">
     <span class='ocr_line' id='line_1_118' title="bbox 2358 5578 3932 5646; baseline -0.001 -17"><span class='ocrx_word' id='word_1_899' title='bbox 2358 5580 2597 5630; x_wconf 71' lang='lat' dir='ltr'><strong>tentiain.</strong></span> <span class='ocrx_word' id='word_1_900' title='bbox 2629 5581 2716 5633; x_wconf 83' lang='lat' dir='ltr'><strong>Sic</strong></span> <span class='ocrx_word' id='word_1_901' title='bbox 2741 5581 2882 5633; x_wconf 87' lang='lat' dir='ltr'><strong>enim</strong></span> <span class='ocrx_word' id='word_1_902' title='bbox 2915 5580 3016 5631; x_wconf 86' lang='lat' dir='ltr'><strong>hab</strong></span> <span class='ocrx_word' id='word_1_903' title='bbox 3054 5591 3070 5631; x_wconf 90' lang='lat' dir='ltr'><strong>t</strong></span> <span class='ocrx_word' id='word_1_904' title='bbox 3103 5602 3110 5628; x_wconf 88' lang='lat'><em>:</em></span> <span class='ocrx_word' id='word_1_905' title='bbox 3141 5580 3378 5641; x_wconf 73' lang='lat' dir='ltr'><strong>Quantus</strong></span> <span class='ocrx_word' id='word_1_906' title='bbox 3407 5581 3574 5631; x_wconf 80' lang='lat' dir='ltr'><strong>nullus</strong></span> <span class='ocrx_word' id='word_1_907' title='bbox 3603 5592 3695 5640; x_wconf 73' lang='lat' dir='ltr'><strong>est,</strong></span> <span class='ocrx_word' id='word_1_908' title='bbox 3719 5595 3800 5646; x_wconf 85' lang='lat' dir='ltr'><strong>qut</strong></span> <span class='ocrx_word' id='word_1_909' title='bbox 3832 5578 3932 5628; x_wconf 81' lang='lat' dir='ltr'><strong>de-</strong></span> 
     </span>
    </p>
   </div>
   <div class='ocr_carea' id='block_1_118' title="bbox 2354 5648 3938 5715">
    <p class='ocr_par' dir='ltr' id='par_1_118' title="bbox 2354 5648 3938 5715">
     <span class='ocr_line' id='line_1_119' title="bbox 2354 5648 3938 5715; baseline 0 -18"><span class='ocrx_word' id='word_1_910' title='bbox 2354 5648 2472 5698; x_wconf 80' lang='lat' dir='ltr'><strong>licto</strong></span> <span class='ocrx_word' id='word_1_911' title='bbox 2501 5662 2686 5710; x_wconf 82' lang='lat' dir='ltr'><strong>careat,</strong></span> <span class='ocrx_word' id='word_1_912' title='bbox 2711 5651 2837 5701; x_wconf 85' lang='lat' dir='ltr'><strong>sicut</strong></span> <span class='ocrx_word' id='word_1_913' title='bbox 2865 5648 3088 5700; x_wconf 81' lang='lat' dir='ltr'><strong>Joannes</strong></span> <span class='ocrx_word' id='word_1_914' title='bbox 3117 5658 3326 5700; x_wconf 73' lang='lat' dir='ltr'><strong>testatur</strong></span> <span class='ocrx_word' id='word_1_915' title='bbox 3349 5652 3629 5715; x_wconf 72' lang='lat' dir='ltr'><strong>apostolus,</strong></span> <span class='ocrx_word' id='word_1_916' title='bbox 3659 5650 3717 5701; x_wconf 77' lang='lat' dir='ltr'><strong>Si</strong></span> <span class='ocrx_word' id='word_1_917' title='bbox 3741 5650 3938 5710; x_wconf 69' lang='lat' dir='ltr'><strong>diram,</strong></span> 
     </span>
    </p>
   </div>
   <div class='ocr_carea' id='block_1_119' title="bbox 2354 5718 3505 5784">
    <p class='ocr_par' dir='ltr' id='par_1_119' title="bbox 2354 5718 3505 5784">
     <span class='ocr_line' id='line_1_120' title="bbox 2354 5718 3505 5784; baseline 0.002 -16"><span class='ocrx_word' id='word_1_918' title='bbox 2354 5718 2473 5784; x_wconf 78' lang='lat' dir='ltr'><strong>quia</strong></span> <span class='ocrx_word' id='word_1_919' title='bbox 2506 5730 2759 5783; x_wconf 76' lang='lat' dir='ltr'><strong>peccatum</strong></span> <span class='ocrx_word' id='word_1_920' title='bbox 2791 5735 2889 5771; x_wconf 87' lang='lat' dir='ltr'><strong>non</strong></span> <span class='ocrx_word' id='word_1_921' title='bbox 2922 5720 3099 5784; x_wconf 80' lang='lat' dir='ltr'><strong>habeo,</strong></span> <span class='ocrx_word' id='word_1_922' title='bbox 3134 5722 3348 5770; x_wconf 64' lang='lat' dir='ltr'><strong>mendax</strong></span> <span class='ocrx_word' id='word_1_923' title='bbox 3376 5734 3505 5770; x_wconf 88' lang='lat' dir='ltr'><strong>sum.</strong></span> 
     </span>
    </p>
   </div>
  </div>
