4184 6260
284 303 388 360 205

1248 277 1573 352 LIBELLUS
1601 271 2114 353 Aretoc’e’nc'os
2151 275 2289 353 rtto
2329 277 2607 354 s'vnoo'o.

3432 301 3540 361 9υὲ

282 414 519 475 dcmnat,
541 419 594 464 et
614 425 850 464 antorem
873 408 1189 461 innocentia:
1210 408 1618 461 conversatione
1638 407 1933 464 denton-A
1964 407 2134 473 mina;
2187 411 2342 476 quam
2395 410 2674 476 religiosus
2735 407 2989 461 reddebat
3048 409 3192 461 varia
3260 411 3541 466 devotione

283 513 435 560 strat.
467 501 600 556 Nam
630 501 841 569 adjacet
863 499 1026 554 etiam
1059 499 1358 567 publicanis
1387 538 1402 562 ,
1430 497 1599 552 amica
1631 497 1866 550 moribus

285 595 406 651 vitia
453 594 714 648 damnare
761 605 1045 654 sermone,
1095 599 1149 643 et
1193 590 1626 644 sceleratioribus
1675 589 1868 656 linguae

285 685 478 740 oltlciis
529 683 718 752 punire
761 681 902 750 quod
946 681 1191 749 diligant.
1240 680 1401 746 Quasi
1449 693 1555 734 non
1602 678 1866 749 quoddam

284 788 451 845 genus
490 773 561 826 sit
607 771 870 840 majorum
915 784 1229 824 excessuum
1258 809 1273 834 ,
1318 769 1449 822 dare
1499 769 1572 822 rei
1621 768 1866 821 allectum

285 865 461 928 labiis,
489 878 648 933 quam
687 871 864 915 mente
896 860 1182 929 despicias,
1209 869 1262 914 et
1291 860 1490 928 ingenii
1519 863 1664 912 virus
1700 859 1866 912 collo-

286 955 390 1023 quii
425 953 586 1007 melle
618 952 836 1006 vestire.
874 949 996 1003 Hice
1037 950 1116 1007 sic
1141 963 1239 1017 ago
1259 988 1273 1011 ,
1301 949 1450 1016 quasi
1481 947 1527 1000 si
1553 945 1700 1001 vobis
1730 957 1871 999 esset

220 1052 226 1058 ‘
289 1044 478 1113 pudor,
513 1042 786 1112 pudicitia,
821 1049 1069 1094 venustas
1098 1039 1346 1103 aﬂ'ectui;
1394 1039 1580 1092 liceret
1617 1039 1872 1091 accusare

292 1139 568 1191 doctorem
595 1177 608 1196 ,
655 1144 711 1188 et
749 1133 1004 1187 adversus
1051 1132 1278 1186 electum
1321 1131 1432 1185 oris
1474 1131 1620 1184 lividi
1663 1138 1873 1184 moi-sus

289 1233 475 1294 aptare
507 1242 520 1276 :
555 1239 676 1278 cum
715 1232 840 1277 ante
877 1220 1038 1276 futuri
1075 1222 1330 1292 prmscius
1370 1235 1466 1290 per
1495 1222 1776 1290 epistolam
1807 1221 1871 1273 ad

293 1333 385 1371 vos
406 1317 584 1370 datam
609 1317 761 1385 plena
795 1330 923 1369 voce
954 1317 1276 1368 mouuisscm
1313 1331 1326 1366 :
1363 1315 1486 1378 Quis
1506 1313 1760 1366 accusabit
1781 1314 1872 1364 ad-

294 1424 461 1461 versus
483 1408 664 1460 electos
685 1406 816 1460 Dei?
844 1406 981 1459 Deus
1009 1407 1094 1474 qui
1110 1406 1363 1476 justiﬁcat
1390 1406 1538 1473 :quis
1564 1406 1734 1471 estqui
1756 1419 1875 1456 con-

297 1501 494 1550 demnet
528 1497 705 1567 (Rom.
737 1512 852 1560 rut,
883 1498 1011 1563 53)?
1041 1497 1106 1550 Et
1131 1497 1320 1550 iterum
1359 1515 1369 1548 ε
1405 1496 1448 1548 0
1470 1496 1640 1558 homo,
1670 1495 1757 1564 qui
1781 1497 1876 1564 ju-

301 1590 438 1640 dicas
463 1603 547 1640 eos
571 1587 654 1653 qui
683 1589 810 1638 talia
841 1596 996 1653 agunt
1019 1626 1033 1649 ,
1071 1595 1117 1638 et
1146 1587 1274 1654 [aris
1311 1581 1432 1650 illa,
1467 1594 1613 1654 putas
1640 1585 1875 1653 quottiam

301 1677 504 1744 effugies
530 1676 786 1746 judicium
830 1675 969 1729 Dei?
1023 1677 1100 1729 An
1145 1676 1346 1728 divitias
1377 1675 1612 1728 bonitatis
1649 1675 1792 1743 ejus,
1831 1683 1876 1726 et

1972 500 2268 550 mendicant
2295 537 2310 561 ,
2353 515 2508 565 quam
2549 507 2756 565 egeStas
2794 505 3136 566 ostpreSSerat
3177 497 3467 568 frequentia
3510 521 3540 556 a

1970 586 2074 639 diis
2113 587 2224 639 suis
2270 585 2522 639 beneficia
2565 588 2917 654 postulantem
2961 604 3120 657 :qua-
3143 585 3366 654 Curios,
3413 591 3546 645 Tor-

1971 686 2191 743 quatos,
2225 677 2504 736 (Zatnillos,
2533 691 2668 744 quos
2695 669 2937 731 Ecclesia
2965 683 3072 732 non
3109 681 3463 748 rcgeueravit,
3492 694 3547 736 et

1968 765 2202 832 refiquos
2265 766 2382 818 misi
2442 766 2682 832 plurima:
2739 769 2898 829 irolis
2944 769 3220 822 infecunda
3269 782 3435 824 mater
3480 773 3546 826 ad

1972 855 2280 920 Tartarum,
2313 857 2440 908 dum
2471 857 2743 912 exhaustis
2771 860 3005 913 etttarcui
3037 861 3174 914 male
3205 861 3305 915 fcta
3335 864 3551 918 visceri-

1973 945 2071 998 bus
2101 961 2112 994 :
2142 945 2261 1012 quia
2287 943 2483 999 Fabios
2508 952 2714 1000 servata
2745 949 2913 1016 patria
2948 963 3052 1004 non
3095 951 3340 1020 redemit,
3373 953 3550 1008 Deciis

1976 1035 2141 1086 multo
2166 1037 2359 1089 sudori:
2387 1037 2550 1104 gloria
2581 1049 2726 1106 parta
2755 1040 2828 1092 nil
2857 1044 3104 1108 praestitit
3131 1061 3146 1096 :
3179 1044 3446 1113 proﬂigata
3469 1057 3552 1100 εει

1975 1135 2194 1191 operum
2227 1125 2342 1179 sine
2373 1127 2476 1181 lide
2507 1129 2806 1184 innocentia
2839 1148 2851 1182 ε
2885 1134 3187 1188 criminosis
3220 1135 3436 1204 junctus
3469 1149 3553 1192 est

1975 1213 2110 1280 inqui
2161 1213 2706 1283 observantissimus,
2758 1222 2879 1288 quia
2925 1222 3196 1276 Chriswtn
3246 1225 3548 1293 ignoravit,

1976 1302 2175 1370 Scipio.
2219 1305 2320 1359 Pe‘r
2360 1315 2520 1360 totam
2561 1309 2750 1364 vellem
2781 1314 2977 1380 stylutu
3011 1315 3206 1370 ducere
3227 1358 3242 1382 ,
3275 1319 3319 1370 si
3352 1319 3552 1373 orbata:

1979 1404 2164 1460 pectus
2194 1405 2481 1462 pateretur,
2509 1399 2801 1452 infantiam.
2825 1399 2928 1457 Sed
2954 1405 3192 1472 quisquis
3222 1383 3552 1462 lamentatio-

1979 1482 2062 1534 nis
2094 1491 2359 1536 transacta
2390 1487 2616 1554 relegit,
2664 1488 3016 1558 lacrymarum
3068 1504 3303 1560 tempora
3344 1499 3553 1550 videtur

1977 1583 2183 1639 Optare.
2223 1573 2390 1628 Nemo
2421 1577 2654 1632 Cl‘t‘dillll‘
2684 1597 2786 1632 non
2812 1583 3012 1649 odisse,
3041 1596 3266 1652 quorum
3297 1585 3553 1640 relatiooe

1982 1677 2085 1714 non
2111 1663 2321 1726 laeditur
2347 1684 2356 1717 :
2381 1669 2468 1736 qui
2491 1670 2686 1723 siccam
2715 1673 2901 1725 faciem
2933 1676 2999 1728 de
3024 1675 3254 1730 filiorum
3280 1677 3554 1732 funeribus

307 1765 590 1832 patientur,
623 1775 668 1816 ct
698 1765 1102 1833 longanimitatis
1144 1766 1420 1816 caulenmis
1460 1763 1634 1832 (Rom,
1674 1779 1706 1815 ιι
1727 1805 1738 1823 ,
1782 1764 1873 1831 5)?
1908 1757 1949 1813 Β
1981 1753 2218 1807 referens
2247 1766 2440 1821 servat,
2475 1768 2623 1812 certo
2653 1773 2787 1815 teste
2814 1765 3141 1818 crudclt'atis
3172 1768 3428 1836 arguitur.
3463 1769 3552 1821 Illa

305 1856 575 1910 Accusatis
623 1855 878 1908 malitiam
927 1856 1107 1925 repleti
1153 1857 1460 1926 iniquitate,
1516 1858 1869 1926 fornicatione,

303 1946 531 2009 avaritia,
566 1947 805 2014 nequitia,
840 1946 1045 2006 iit-idin,
1087 1946 1408 2007 homicidiis,
1437 1948 1872 2011 condemnatione,

303 2036 446 2098 dolo,
477 2036 817 2104 malignitate,
848 2035 1082 2102 superbi,
1115 2035 1256 2098 elati,
1295 2036 1573 2088 inventores
1605 2038 1875 2094 malorum,

305 2126 505 2194 portati
535 2143 634 2178 non
667 2126 974 2192 obedientes,
1023 2127 1342 2194 insipientes,
1384 2127 1703 2196 incompositi
1724 2170 1736 2192 ,
1773 2128 1879 2179 sine

312 2216 656 2269 misericordia
708 2215 902 2285 (Rom.
957 2233 1007 2278 ι,
1047 2217 1180 2282 9.9).-
1226 2217 1448 2270 Docctis
1499 2217 1879 2270 fornicantibus

307 2305 575 2359 neminem
600 2321 716 2360 esse
745 2306 1092 2369 miscendum,
1123 2306 1345 2359 adulteri
1377 2306 1644 2359 Laurentii
1675 2317 1767 2358 aut
1795 2320 1878 2367 se-

303 2408 521 2460 quaces,
553 2405 641 2447 aut
675 2411 705 2462 p
738 2395 852 2447 a-vii
889 2412 901 2446 :
937 2411 1028 2463 per
1069 2410 1203 2464 quos
1245 2396 1331 2449 ille
1371 2405 1462 2448 aut
1499 2409 1734 2448 esset-tut
1764 2411 1879 2459 qua:

304 2483 526 2537 habebat
555 2487 725 2538 toxica
747 2523 764 2549 ,
794 2496 882 2538 aut
912 2501 1027 2551 qua:
1054 2485 1334 2539 effundens
1366 2486 1699 2549 monstravit,
1732 2499 1880 2538 acce-

305 2575 396 2642 pit.
449 2575 579 2628 Post
617 2575 761 2629 illam
794 2575 1126 2630 illecebrosis
1167 2575 1558 2629 communionis
1597 2575 1880 2638 maculam,

302 2677 350 2719 et
380 2674 582 2734 pestem
624 2673 739 2718 toto
772 2665 906 2721 orbe
948 2667 1336 2720 exsecrabilem
1363 2706 1378 2729 ,
1430 2665 1736 2720 sacerdotes
1766 2665 1877 2728 Dei,

304 2758 449 2826 quasi
486 2757 734 2811 obsoleta
773 2766 1112 2826 comparatos
1153 2758 1559 2823 communione,
1600 2755 1828 2821 culpatis
1869 2773 1878 2806 :

310 2865 428 2903 reos
456 2851 651 2918 putatis
679 2865 820 2913 csse,
849 2850 939 2918 qui
970 2850 1181 2904 subiere
1207 2852 1534 2904 consortium
1569 2851 1714 2903 nullo
1751 2859 1883 2902 teste

307 2936 528 2993 convicti
571 2950 673 2996 :ct
716 2940 994 2994 sectamini
1047 2940 1314 2994 hominem
1358 2949 1468 2994 toto
1509 2940 1884 2994 ecclesiastica:

304 3029 698 3096 inscriptionis,
738 3044 841 3082 nou
872 3029 1044 3082 dicam
1076 3031 1240 3099 stylo,
1274 3031 1367 3084 sed
1400 3046 1528 3083 ense
1560 3028 1880 3095 let-fossam.

1981 1847 2265 1911 posteritas
2288 1850 2412 1915 plus
2442 1856 2688 1906 llltBt‘Ol'iS
2714 1856 2888 1908 attulit
2920 1858 3121 1923 perdita
3142 1901 3155 1924 ,
3184 1873 3340 1926 quam
3369 1859 3554 1928 jucun-

1979 1935 2160 1989 ditatis
2212 1940 2490 2006 acquisita.
2541 1941 2857 2012 Relegatuus
2908 1957 3084 2002 tamen
3133 1951 3324 2018 quibus
3357 1964 3553 2005 tutttata

1980 2024 2089 2077 sint
2116 2027 2212 2078 ista
2246 2031 2604 2085 successibus.
2639 2034 2775 2088 Ecre
2798 2036 2905 2104 jatn
2939 2039 2989 2089 in
3022 2039 3110 2090 illo
3137 2041 3370 2092 sacrario
3402 2042 3554 2095 liber-

1983 2116 2103 2167 tatis
2124 2117 2252 2170 niltil
2275 2120 2468 2171 servile
2490 2121 2554 2174 de
2576 2121 2733 2175 idolot
2751 2141 2836 2177 um
2858 2128 3087 2180 cultibus
3110 2129 3406 2183 invenitur:
3429 2146 3555 2184 ecce

1983 2204 2241 2256 bonorum
2283 2221 2478 2260 corona
2509 2249 2522 2271 ,
2566 2211 2712 2264 orbis
2742 2215 2926 2280 genios
2954 2217 3052 2269 llos
3091 2216 3356 2271 llomanus
3384 2258 3398 2281 ,
3439 2236 3556 2287 qua:

1981 2296 2070 2349 ditt
2099 2311 2342 2351 venerata
2373 2311 2453 2353 est
2487 2301 2637 2368 plena
2669 2307 2947 2359 sanctitate
2975 2311 3145 2362 calcat
3172 2309 3384 2362 altaria.
3420 2310 3557 2363 Ecce

1979 2387 2087 2455 jam
2119 2389 2265 2440 curia
2298 2405 2413 2442 mea
2454 2391 2518 2443 ad
2555 2393 2746 2445 malum
2778 2405 3021 2460 vocatur,
3061 2398 3334 2460 laudatur,
3368 2401 3556 2466 accipi-

1986 2488 2069 2531 tur
2101 2496 2112 2530 :
2145 2495 2240 2532 nec
2270 2495 2482 2548 possunt
2515 2483 2714 2549 dicere,
2747 2489 3040 2554 perdidissi:
3068 2506 3152 2543 tne
3175 2493 3410 2546 sobolem
3445 2505 3558 2560 post

1983 2569 2207 2636 gratiam
2240 2570 2508 2637 baptisioi,
2539 2588 2698 2641 qua."
2730 2577 2806 2628 vel
2841 2579 3117 2644 repentina
3147 2595 3292 2633 mors
3319 2581 3557 2634 abstulit.

1986 2661 2177 2715 Multos
2211 2661 2512 2716 trabearum
2564 2666 2652 2719 vel
2682 2668 2946 2737 curulium
2987 2682 3322 2736 possessores
3367 2686 3557 2738 supte-

1987 2767 2105 2803 ntus
2135 2762 2384 2820 regnator
2414 2757 2530 2810 sine
2575 2757 2854 2826 dispt-ndio
2902 2759 3117 2822 cultus,
3162 2770 3251 2813 aut
3296 2760 3560 2829 dignitatis

1987 2841 2176 2908 ample-
2199 2842 2344 2896 titur.
2382 2844 2523 2900 Pcue
2547 2847 2657 2914 jam
2693 2850 2886 2901 terreni
2923 2849 3278 2913 tttuuiliCentia
3309 2853 3560 2917 triumphi

1987 2931 2224 2985 divinum
2265 2947 2533 2990 uterentur
2569 2940 2852 3002 allectum;
2895 2950 2948 2993 et
2987 2941 3086 2994 ltoc
3124 2944 3188 2994 ad
3221 2942 3416 2997 Christi
3445 2960 3561 3010 gra-

1991 3021 2116 3073 tiam
2146 3023 2371 3089 prolicit,
2402 3028 2542 3092 quod
2575 3032 2772 3079 mundo
2797 3031 3018 3083 stttdetis
3051 3047 3173 3084 esse
3211 3034 3561 3086 venerabiles.

302 3119 447 3184 Quod
477 3119 627 3182 licet,
653 3134 756 3173 non
783 3119 938 3182 licet;
969 3127 1022 3173 ει
1041 3120 1182 3188 quod
1213 3136 1316 3173 non
1348 3120 1492 3186 licet,
1521 3120 1663 3173 ιίεει,
1699 3120 1882 3182 Quam-
1908 3099 1954 3158 C
1988 3109 2231 3173 Mentior,
2253 3111 2350 3162 lliSl
2379 3128 2540 3179 egena
2568 3118 2774 3182 agmina
2801 3119 3107 3171 CttllSUi.tlllS
3136 3123 3291 3173 vestri
3321 3124 3372 3174 in
3397 3126 3562 3176 bUitSii

303 3214 576 3266 admodum
606 3213 819 3266 Jamnes
848 3223 894 3267 et
922 3213 1180 3266 Mambrcs
1216 3217 1498 3267 restiterunt
1531 3214 1728 3265 veritati
1753 3231 1769 3274 ,-
1812 3213 1884 3262 sic

290 3313 348 3353 et
370 3320 450 3357 eos
485 3314 654 3356 mente
681 3303 907 3373 reprobi,
941 3305 1076 3356 circa
1103 3305 1257 3372 ﬁdem
1294 3304 1605 3372 proditores,
1642 3301 1881 3369 protei-ri,

308 3395 484 3461 ἐπίιαιὶ,
519 3403 749 3445 tit-antes
779 3394 1084 3459 voluptatem
1115 3394 1272 3463 magis
1295 3408 1447 3460 quam
1473 3390 1663 3456 Deum;
1695 3391 1883 3443 haben-

308 3494 373 3538 tes
398 3488 626 3554 speciem-
639 3487 845 3555 quidem
873 3488 1101 3555 pietatis,
1134 3489 1363 3539 rirtutem
1403 3496 1570 3538 autem
1603 3486 1758 3554 ipsius
1795 3486 1884 3552 ab:

309 3588 547 3644 negantes
575 3576 658 3646 (fl
679 3577 816 3631 Tim.
844 3593 920 3640 ut,
945 3581 998 3643 8',
1023 3589 1073 3632 et
1099 3579 1193 3647 Iv).
1223 3585 1265 3631 υ
1297 3582 1398 3629 vim
1433 3567 1632 3630 doloris
1658 3579 1830 3630 intcrn
1868 3578 1880 3628 !

315 3668 399 3735 qui
426 3669 604 3736 nequit
633 3670 886 3737 cspcdi:e
911 3662 1052 3737 quod
1076 3669 1313 3738 concepit
1341 3686 1353 3733 ;
1387 3670 1472 3737 qui
1505 3668 1778 3736 profundis
1804 3668 1884 3721 itt—

307 3771 512 3828 gestum
541 3762 837 3816 visceribus
864 3762 1110 3830 loquendi
1134 3762 1378 3815 alfcczutu
1402 3776 1558 3828 quem
1585 3760 1884 3827 imperavit,

304 3849 575 3920 irrumpit.
629 3851 763 3904 Nihil
808 3852 957 3905 vobis
999 3852 1134 3905 ultra
1184 3851 1299 3920 plus
1340 3853 1604 3920 eloquar:
1637 3850 1779 3919 quod
1820 3851 1886 3903 de

303 3941 547 3994 oratione
577 3951 840 4004 remanet,
869 3942 1102 3996 lamenta
1129 3942 1472 4011 supplebunt.

369 4030 498 4086 Post
551 4031 669 4086 lucc
713 4032 758 4086 si
811 4033 948 4087 inter
1001 4048 1187 4087 manus
1237 4035 1564 4088 mediemum
1613 4034 1888 4087 curatione

303 4122 635 4190 :rgrescitis,
675 4137 775 4176 uec
817 4125 991 4193 aliqua
1035 4140 1063 4176 a
1093 4134 1270 4191 ctepto
1312 4125 1498 4178 salutis
1533 4124 1888 4178 consideratio

304 4225 393 4264 vos
421 4211 643 4265 reducit
673 4227 690 4274 ;
739 4213 927 4265 saltent
960 4213 1106 4266 orbis
1138 4223 1410 4280 parentem
1441 4215 1623 4267 urbem
1658 4226 1885 4269 testram

303 4304 565 4372 respicite
597 4318 611 4354 :
644 4303 766 4370 ipsa.
795 4317 889 4355 vos
939 4313 1056 4370 post
1095 4303 1402 4357 defensores
1446 4318 1573 4357 suos
1619 4306 1887 4372 apostolos

303 4409 546 4448 atterens
579 4393 924 4462 aggreditur,
965 4395 1073 4461 ipsa
1117 4397 1434 4464 compellat;
1475 4397 1600 4450 etsi
1641 4397 1764 4464 quid
1805 4408 1886 4450 est

298 4481 519 4549 pietatis
551 4482 603 4535 in
628 4483 922 4548 reliquum,
954 4485 1156 4535 ord.tur
1182 4484 1524 4552 impetratura
1556 4501 1880 4538 sermoni-tn.

364 4573 470 4638 Me,
503 4587 669 4641 quam
704 4572 793 4626 Dci
825 4572 1018 4626 summi
1053 4575 1277 4641 templa,
1310 4575 1528 4641 repudia
1559 4576 1601 4627 is
1637 4575 1883 4628 fanorum

299 4662 536 4716 cultbus
562 4703 575 4725 ,
599 4671 676 4722 et
717 4679 868 4714 nova:
905 4663 1035 4716 lucis
1065 4665 1235 4717 ttito.e
1263 4665 1614 4732 gaudentem,
1644 4664 1888 4720 fecerunt

300 4770 415 4810 esse
451 4757 845 4824 conspicuam;
894 4772 1052 4826 quam
1106 4766 1226 4825 post
1260 4759 1452 4810 sacella
1493 4759 1756 4812 sordentia
1785 4802 1798 4825 ,
1834 4775 1887 4813 et

302 4840 468 4900 multo
512 4847 774 4916 pecudum
817 4848 938 4902 tabo
969 4863 1002 4916 p
1025 4849 1161 4902 illuta
1188 4891 1203 4914 ,
1236 4851 1303 4902 ab
1347 4848 1637 4902 hostiarum
1671 4866 1881 4916 cruore,

299 4936 561 4991 dominici
577 4947 628 4991 et
651 4939 926 5006 apostolici
944 4944 1120 5008 sangu'
1134 4939 1212 4992 nis
1231 4939 1418 4992 effusio
1439 4943 1678 5007 purgavit
1698 4958 1710 4994 :
1728 4958 1882 5008 qttatu

306 5026 525 5082 reducta
562 5039 680 5094 post
727 5029 937 5097 longum
977 5031 1176 5082 sanitas
1218 5030 1442 5083 febrium
1498 5029 1621 5083 fecit
1666 5031 1885 5083 delubra

303 5128 694 5181 contemnere;
727 5133 881 5186 quam
909 5135 937 5171 a
974 5119 1199 5172 victimis
1237 5121 1483 5173 liberavit
1511 5121 1738 5182 oblatio;
1772 5137 1928 5188 quo,

307 5219 489 5270 pacem
544 5207 746 5260 Christi
795 5223 886 5276 per
931 5207 1192 5262 idolorum
1243 5209 1545 5262 inimicitias
1593 5209 1887 5276 acquisivi;

302 5301 384 5352 cui
415 5317 528 5354 non
562 5299 779 5353 fuerunt
809 5316 944 5369 pene
986 5302 1352 5355 numerosiora
1385 5301 1553 5366 dona,
1589 5316 1745 5370 quam
1787 5317 1886 5354 nu-

376 5449 390 5476 ¹
439 5447 617 5520 Prope
644 5451 757 5516 jam
821 5447 1035 5520 iterum]
1083 5447 1371 5502 Consulum
1415 5449 1539 5502 olim
1574 5465 1688 5501 mos
1721 5448 1893 5502 fuerat

309 5520 563 5581 pecunias
609 5519 658 5568 in
703 5520 950 5585 populum
992 5519 1279 5586 spargcte,
1323 5535 1442 5571 cum
1486 5521 1840 5582 procedebant
1875 5536 1887 5571 :

313 5600 427 5636 cum
454 5602 663 5639 merent
689 5588 970 5653 abrogant
997 5589 1312 5648 Marcianus,
1339 5591 1451 5654 lege
1473 5590 1506 5640 ‘2
1525 5590 1644 5641 cod.
1670 5589 1736 5642 de
1753 5588 1889 5641 Cott-

312 5655 536 5708 sulibus.
586 5657 765 5725 Itaque
810 5660 1030 5710 ICnnodii
1071 5670 1308 5726 tempore
1349 5674 1450 5710 non
1483 5660 1884 5728 spargcbautur.

1986 3197 2072 3250 dio
2105 3199 2436 3253 tttiseriarom
2472 3208 2838 3270 pra-stolatum
2865 3207 3171 3260 adventum.
3205 3210 3412 3264 Etenim
3441 3229 3563 3281 pur-

1987 3303 2115 3355 pura
2158 3303 2336 3345 vestra
2376 3309 2477 3361 qua
2513 3295 2638 3348 anui
2683 3299 2994 3352 vocabulum
3041 3303 3360 3369 nobilitatis,
3394 3309 3564 3361 Subri-

1988 3381 2219 3450 pientem
2258 3385 2468 3438 miseris
2499 3388 2942 3443 testimentorum
2972 3393 3213 3460 largitate
3245 3397 3394 3464 pellit
3422 3398 3565 3466 algo-

1987 3486 2122 3526 rem.
2178 3474 2192 3502 ¹
2247 3471 2416 3542 Prope
2474 3475 2582 3542 jam
2650 3479 2839 3531 iterum
2895 3483 3298 3537 necessitatibus
3357 3487 3565 3541 fuerunt

1988 3561 2238 3614 auxilium
2261 3563 2451 3617 decora
2483 3565 2767 3632 fastorum;
2798 3577 2851 3623 et
2875 3575 3040 3625 veteri
3071 3575 3381 3629 inﬁdelitate
3401 3578 3562 3643 depo-

1990 3652 2108 3718 sita,
2139 3656 2190 3706 itt
2220 3655 2306 3706 tali
2333 3661 2720 3724 prmparatione
2747 3677 2940 3717 census
2959 3665 3235 3732 dispendéa
3264 3669 3566 3724 efficiuntur

1990 3741 2135 3795 lucra
2177 3743 2494 3799 animarum.
2538 3749 2688 3802 Ecce»
2718 3767 2856 3805 nunc
2895 3755 2961 3807 ad
2999 3757 3338 3822 gcstatoriant
3378 3760 3563 3812 sellam

1989 3837 2295 3902 aposmlicze
2324 3840 2679 3895 confessionis
2719 3843 2820 3897 uda
2863 3847 3078 3900 mittunt
3108 3849 3287 3902 limina
3315 3853 3566 3906 candida-

1991 3935 2095 3989 tos,
2127 3935 2181 3979 ct
2211 3927 2460 3984 uberibus
2485 3933 2676 3999 gaudio
2704 3946 2953 3990 exactore
2997 3939 3207 3997 fletibus
3245 3944 3434 3998 collata
3468 3948 3560 4000 Dei

1993 4014 2250 4069 leucftcio
2296 4019 2434 4071 dona
2479 4023 2833 4089 geminantur.
2885 4028 3014 4093 Quis
3043 4040 3284 4101 tempore
3310 4051 3416 4104 quo
3448 4052 3566 4104 pre-
3653 4037 3660 4041 ⁷

1992 4107 2143 4159 tiasis
2171 4105 2433 4162 siccantus
2463 4114 2620 4165 ubera
2652 4121 2932 4181 portubus,
2967 4133 3072 4187 qtto
3101 4123 3299 4189 prolem
3331 4136 3564 4178 nostram

1992 4209 2192 4253 interna
2223 4203 2452 4268 genitrix
2485 4220 2671 4258 rursus
2713 4210 2942 4274 paritura
2970 4227 3110 4264 nunc
3141 4215 3382 4282 SllSt'ipil,
3415 4217 3565 4283 cujus

1993 4301 2113 4357 post
2143 4288 2365 4356 primam
2397 4291 2726 4344 ttatii'itatetu
2754 4300 3052 4362 grandaevis
3078 4301 3266 4354 ictibus
3297 4303 3444 4354 alvus
3472 4304 3566 4356 im-

1995 4380 2208 4446 pletur,
2241 4396 2358 4447 qua:
2390 4381 2516 4432 mibi
2551 4384 2750 4448 prolem
2803 4391 3167 4453 rrgencrando
3206 4393 3411 4444 dulcem
3445 4395 3560 4446 facit

1989 4482 2128 4530 esse,
2157 4483 2315 4536 quam
2348 4472 2548 4537 peperi,
2580 4488 2695 4540 qum
2725 4474 2789 4526 ad
2818 4491 2875 4527 se
2904 4479 3089 4528 venien
3119 4491 3178 4531 es
3203 4481 3408 4532 senium
3443 4483 3564 4536 facit

1993 4572 2191 4611 exuere
2212 4600 2225 4622 ,
2256 4572 2308 4614 et
2348 4562 2412 4613 ad
2443 4562 2562 4616 vita:
2599 4566 2850 4634 principia
2883 4567 3053 4618 redire
3081 4575 3382 4621 con'ractos
3405 4611 3418 4634 ,
3449 4575 3570 4640 quis

1995 4650 2131 4704 lianc
2177 4651 2480 4706 felicitatem
2506 4694 2522 4718 ,
2560 4669 2687 4724 rogo
2714 4697 2728 4720 ,
2771 4658 3193 4723 interpellatione
3234 4667 3569 4718 commutat?

1993 4743 2125 4808 Qu's
2158 4760 2248 4810 per
2275 4743 2593 4798 discordiam
2628 4750 2860 4815 viperina
2891 4760 3065 4801 mente
3095 4749 3442 4817 compositam
3477 4768 3571 4806 au-

1995 4833 2071 4885 rci
2104 4833 2230 4884 mihi
2261 4833 2439 4884 sa'culi
2467 4833 2616 4900 jubet
2653 4838 2827 4902 perire
2860 4836 3155 4889 beneficia?
3183 4839 3302 4906 quis
3331 4841 3380 4892 itt
3415 4857 3574 4896 reno-

1990 4923 2205 4976 vatione
2251 4937 2366 4976 mea
2414 4937 2660 4977 occasum
2702 4925 3063 4979 clandestinus
3105 4927 3351 4996 inspirat,
3384 4940 3439 4984 et
3484 4949 3575 4998 ιιι-ι·

1992 5015 2200 5070 blandae
2254 5015 2443 5068 frontis
2494 5016 2722 5082 speciem
2786 5015 3076 5070 inimicitiis
3115 5019 3278 5090 vires.
3298 5021 3575 5088 acquirit?

1993 5105 2318 5160 Gcnerosam
2353 5105 2404 5157 in
2437 5105 2523 5157 tali
2571 5106 2782 5172 negotio
2831 5106 3126 5171 prosapiam
3173 5123 3276 5162 non
3317 5123 3571 5176 agnoseo.

1994 5196 2053 5251 Si
2082 5195 2171 5264 qui
2203 5204 2325 5248 sunt
2357 5204 2531 5247 tamen
2569 5208 2896 5247 summorum
2916 5235 2930 5258 ,
2971 5210 3105 5263 quos
3135 5197 3328 5249 vilibus
3375 5210 3572 5261 tempe-

1999 5289 2152 5341 statis
2178 5287 2334 5354 ltujus
2365 5285 2596 5354 procella
2627 5284 2870 5347 sociavit,
2893 5285 3010 5338 aliis
3035 5287 3342 5340 auctoribus
3371 5285 3568 5337 facino-

2002 5449 2106 5504 Sed
2148 5446 2267 5510 quia
2296 5444 2413 5511 ej.:s
2440 5441 2538 5495 :cvi
2565 5443 2843 5506 consules,
2876 5443 2926 5493 itt
2956 5441 3173 5511 lienoris
3202 5440 3290 5511 sui
3320 5434 3569 5500 auspiciis

2001 5509 2173 5571 multa
2190 5518 2239 5566 itt
2268 5509 2452 5581 paupet
2467 5527 2525 5565 es
2545 5530 2591 5566 e:
2606 5529 2763 5579 ngare
2780 5515 3043 5584 solebant,
3068 5509 3349 5574 pristinum
3369 5522 3568 5584 tument

2001 5580 2418 5654 quodattttttodo,
2451 5583 2543 5636 sed
2578 5582 2796 5637 l'cliciori
2829 5580 3142 5632 liberalitate
3164 5614 3176 5638 ,
3208 5590 3464 5627 renovare
3499 5580 3606 5627 \‘i-‘

2001 5661 2279 5711 debatttnr.
