4192 6260
609 309 713 369 207

1689 281 1954 356 armos"
2000 300 2303 356 muscum
2343 298 2715 354 TICINENSIS

3757 292 3867 353 203

612 438 731 475 rum
763 420 1166 489 participatione
1209 419 1559 472 maculantur.
1603 415 1867 483 Splendor
1894 413 2185 482 sangu'nis,
2218 415 2263 472 Α
2294 412 2463 480 gionis
2501 412 2744 481 gaudetis
2782 411 3095 479 impunitate
3127 409 3371 463 vitiorum
3405 426 3416 460 :
3458 422 3684 477 quorum
3729 410 3860 466 labia

611 515 708 566 ctsi
741 511 1167 565 communionem
1208 507 1444 561 criminis
1488 506 1749 568 incurrit,
1796 504 1963 557 nescit
2012 511 2186 555 tamen

611 603 795 655 ducem
831 615 889 653 se
922 601 1157 664 pra-bere
1194 596 1555 664 peccantibus.
1605 594 1773 647 llabet
1809 593 2027 646 forsitan
2074 607 2187 645 rea-

610 700 720 742 tum
746 690 819 742 de
851 688 1087 755 ncglccta
1115 685 1379 747 cautione,
1424 701 1527 738 non
1546 683 1718 736 ‘ha‘bct
1743 683 1959 750 dignum
1988 682 2187 750 suppli-

610 784 748 830 cium
772 777 838 829 de
860 776 1120 829 scelerum
1146 773 1464 841 principatu.
1492 772 1601 827 Sub
1620 772 1845 839 quadam
1868 770 2185 825 verecundia

609 866 845 932 jungitur
874 862 1334 931 delinquentibus,
1363 860 1451 930 qni
1480 860 1542 913 ad
1574 860 1749 913 adulta
1776 859 1949 929 jurgia
1986 874 2188 915 convo-

609 966 760 1008 catur
792 973 803 1006 :
839 970 942 1007 non
989 962 1225 1007 meretur
1268 950 1692 1020 desperatiooem
1734 949 1965 1018 perditi,
2002 949 2051 1002 in
2082 964 2187 1017 quo

609 1045 779 1098 facilis
803 1054 1004 1097 tantum
1021 1042 1306 1096 crudelitas
1322 1039 1668 1108 improbatur.
1691 1038 1795 1092 Vos
1816 1039 1989 1107 potius
2010 1039 2187 1105 video,

609 1135 883 1186 triviorum
916 1132 1151 1200 germina
1180 1170 1194 1195 ,
1237 1144 1330 1182 vos
1361 1142 1592 1196 agnosco
1625 1144 1637 1178 :
1672 1128 1723 1179 in
1754 1126 1944 1195 quibus
1984 1137 2189 1182 natura:

610 1223 784 1275 vilitas
814 1221 1191 1273 convenientes
1226 1219 1327 1271 sibi
1372 1232 1546 1269 mores
1587 1216 1793 1283 peperit
1825 1233 1837 1267 :
1874 1231 2005 1284 quos
2034 1217 2193 1287 dege-

610 1327 829 1364 neras~c
854 1311 1069 1363 claritas
1100 1310 1269 1362 fuerat
1292 1324 1305 1363 :
1329 1307 1416 1375 (ιιιί
1450 1322 1542 1375 pcr
1566 1306 1799 1360 mentita:
1828 1310 2038 1360 titulum
2069 1309 2193 1362 reli-

613 1440 955 1462 ———-———"

2294 516 2561 569 nunquam
2591 510 2683 554 aut
2713 500 2972 553 honorum
3004 514 3163 567 sapor
3192 499 3382 563 tetigit,
3407 507 3496 551 aut
3516 498 3708 567 quietis
3740 518 3750 551 :
3779 502 3861 567 qui

2292 590 2371 645 fas
2396 606 2553 646 omne
2582 591 2769 660 origini
2802 590 3037 659 parendo
3062 590 3292 651 violatis.
3316 604 3450 659 quos
3474 591 3541 644 de
3570 590 3784 645 latebris
3811 602 3864 645 et

2291 680 2558 749 Specubus
2588 682 2872 749 productos
2911 694 3143 748 przesens
3175 694 3332 734 causa
3362 680 3691 734 monstravit.
3739 682 3866 748 Quis

2292 780 2414 825 ante
2439 771 2904 825 concinnationcm
2930 771 3055 823 mali
3080 772 3255 839 hujus,
3282 771 3370 839 qui
3392 771 3601 834 essetis,
3626 774 3868 840 agnovit?

2292 859 2379 913 diu
2427 860 2631 913 fovistis
2680 868 2883 914 secreta
2913 899 2930 922 ,
2979 860 3171 928 quibus
3217 874 3315 913 vos
3364 876 3467 913 nox
3514 863 3870 930 generationis

2291 950 2589 1003 abdiderat.
2623 949 2812 1004 Redite
2855 949 3030 1019 potius
3056 949 3120 1003 ad
3152 950 3374 1004 amicam
3405 950 3698 1004 emcitatem
3734 968 3749 1005 :
3778 969 3870 1005 nn-

2294 1040 2375 1095 bis
2404 1056 2648 1095 serenam
2692 1049 2747 1094 et
2774 1040 3077 1094 diuturnam
3101 1042 3272 1095 lucem
3304 1040 3588 1109 relinquite
3613 1059 3624 1091 :
3649 1056 3871 1096 concor-

2293 1131 2434 1185 diam
2469 1131 2752 1194 Ecclesiaz,
2788 1140 2880 1184 aut
2917 1130 3189 1197 absentia,
3220 1140 3311 1184 aut
3350 1131 3687 1185 correctione
3730 1146 3867 1199 pra:-

2292 1228 2451 1274 SIate.
2496 1218 2551 1275 Si
2581 1230 2755 1273 tamen
2788 1220 2946 1274 vultis
2967 1235 3072 1274 vos
3103 1222 3370 1274 numerari
3403 1220 3540 1275 inter
3569 1220 3870 1289 splendidas

2301 1311 2598 1379 prosapies,
2630 1318 2841 1365 actuum
2873 1310 3607 1379 cmendationecognoscam.

978 1438 3831 1461 *β’-*Ἦ

1552 1525 2290 1606 ΟΡΠΞΕΗΙᾸΙΜ
2346 1527 2926 1608 TERTIUM.

1008 1666 1019 1692 ί
1054 1668 1223 1717 νιτΑ
1250 1665 1668 1733 BBA'I‘ISSIMI
1695 1666 1850 1714 νιω
1879 1665 2261 1713 EPIPHANII
2288 1666 2619 1715 EPISGOPI
2644 1665 3049 1715 “GINENSIB
3077 1664 3467 1715 EGOLEIIE.

2103 1776 2386 1791 ψ

656 1843 930 1907 Quamvis
962 1856 1045 1895 me
1078 1850 1256 1908 urgeat
1296 1838 1617 1908 suscipiendi
1661 1839 1837 1907 Operis
1866 1853 2060 1904 anceps
2095 1854 2189 1893 ne-
2223 1845 2268 1904 Β
2296 1847 2354 1892 ut
2379 1839 2617 1908 plerique
2638 1841 2830 1903 solent,
2857 1839 3019 1893 vividi
3046 1843 3308 1893 sermonis
3328 1838 3666 1907 amplificem.
3689 1836 3871 1895 Testes

613 1932 833 1984 cessitas
860 1971 874 1993 ,
905 1941 960 1984 ct
985 1946 1013 1983 e
1042 1931 1260 1997 regione
1290 1929 1567 1995 impositus
1595 1927 1665 1980 sit
1691 1971 1703 1990 ,
1741 1942 1837 1981 nec
1864 1942 1983 1981 meo
2012 1928 2192 1982 labore

614 2036 813 2074 vacuus
835 2061 849 2082 ,
878 2034 976 2073 nec
1000 2019 1378 2072 maledicorum
1409 2018 1792 2086 disceptatione
1819 2027 2105 2082 tractatus;
2140 2018 2191 2071 in

613 2130 717 2181 quo
747 2113 953 2179 gemina
986 2112 1162 2163 cautio
1188 2110 1467 2172 dictionis,
1513 2108 1633 2161 hinc
1669 2108 1963 2161 ubertatem
1996 2123 2187 2175 exspa-

612 2212 715 2255 etet
748 2202 973 2270 ingenii,
994 2200 1114 2253 inde
1132 2200 1301 2254 etiam
1329 2201 1502 2268 lingua
1531 2198 1785 2253 divitibus
1813 2199 2058 2251 narrandi
2090 2198 2193 2255 fre-

604 2307 712 2345 stus
738 2293 970 2358 imponat
993 2290 1325 2358 acum-ipsas
1346 2288 1815 2352 enzinentissimas,
1836 2298 1899 2342 ut
1923 2297 2194 2357 putantur,

616 2381 668 2433 in
716 2383 909 2433 εωουιυ
950 2396 1079 2431 vana
1134 2378 1402 2433 inflatione
1442 2392 1699 2445 personas
1741 2379 1783 2432 si
1823 2379 1939 2446 quis
1971 2389 2197 2433 ventoso

614 2470 836 2524 nimium
867 2470 1129 2523 studio-rit
1159 2469 1371 2523 elevare
1399 2468 1697 2537 praeconio,
1738 2478 1828 2521 aut
1859 2470 1995 2522 intra
2024 2480 2196 2538 gesto-

617 2564 1047 2616 rum-terminum
1083 2560 1257 2630 inopia
1289 2561 1499 2630 eloquii
1548 2562 1822 2614 continere
1848 2602 1861 2622 .
1919 2573 2198 2629 utrumque

612 2653 759 2722 apud
788 2669 878 2706 eas
907 2654 1180 2722 judiietur
1210 2655 1495 2722 ingratum.
1528 2654 1593 2706 -ln
1626 2654 1867 2708 laudibus
1899 2655 2038 2707 cnim
2072 2654 2199 2723 ipsis

618 2755 775 2811 turpe
800 2754 881 2797 est
914 2744 1001 2797 illa
1034 2744 1251 2807 cudere,
1284 2760 1400 2812 quae
1429 2760 1525 2798 nec
1552 2746 1637 2799 ille
1666 2747 1731 2799 de
1758 2760 1863 2814 quo
1895 2758 2196 2810 narrantur,

602 2842 872 2901 .agnoscat
903 2833 1025 2899 :,sic
1056 2833 1367 2901 injuriusum
1410 2844 1463 2886 et
1501 2834 1688 2888 dolore
1716 2834 1931 2904 dignum
1966 2844 2195 2901 putatur,

620 2923 745 2976 illud
775 2924 1048 2990 prmterire
1075 2924 1209 2976 silen
1239 2924 1308 2990 io,
1335 2923 1471 2990 quod
1498 2925 1683 2978 relatio
1704 2939 1826 2977 vera
1856 2926 2020 2992 possit
2046 2926 2201 2978 attol-

619 3017 755 3067 lere.
795 3015 1002 3066 Etenim
1033 3028 1120 3067 res
1152 3014 1287 3067 bene
1317 3022 1478 3082 gesta:
1510 3023 1746 3067 veterum
1777 3022 2077 3068 nostrorum
2107 3029 2202 3083 pro

607 3104 905 3158 referentis
927 3102 1063 3171 apud
1088 3119 1184 3155 nos
1207 3103 1470 3171 accipiunt
1495 3103 1743 3158 facultate
1766 3105 2038 3157 virtutem.
2066 3105 2197 3157 Nam

2295 1931 2492 1982 etenim
2520 1927 2807 1981 calentium
2837 1929 3013 1981 citabo
3044 1929 3395 1996 negotiorum,
3425 1936 3479 1981 et
3510 1937 3703 1997 troptca
3734 1928 3873 1981 illius

2298 2018 2470 2071 adhuc
2499 2014 2750 2071 fumantia
2776 2057 2791 2082 ,
2843 2027 2896 2071 et
2928 2025 3177 2071 exornata
3217 2017 3284 2071 de
3309 2017 3573 2071 manubiis
3595 2016 3874 2071 diabolica:

2299 2109 2556 2163 nuditatis
2581 2109 2878 2163 ostendam.
2906 2108 3075 2162 Nemo
3104 2110 3245 2162 enim
3274 2109 3373 2163 sub
3397 2110 3566 2163 oculis
3592 2110 3875 2176 praesentia

2300 2213 2436 2268 pene
2462 2208 2516 2252 et
2544 2199 2764 2252 nimium
2798 2208 2918 2252 nota
2952 2209 3364 2265 commemorat,
3391 2200 3499 2253 nisi
3526 2201 3613 2269 qui
3642 2200 3706 2254 de
3732 2200 3877 2253 veri-

2302 2298 2408 2345 tate
2445 2289 2659 2343 conﬁdit
2691 2306 2705 2342 :
2739 2299 2793 2342 ut
2822 2305 2953 2359 quos
2997 2286 3215 2345 lorsitan
3264 2292 3381 2344 ficta
3425 2292 3664 2347 dicturus
3688 2331 3704 2357 ,
3735 2291 3878 2345 velut

2303 2378 2647 2446 impudentia:
2680 2394 2812 2433 mea:
2841 2380 3105 2442 conscius,
3138 2381 3415 2445 evitarem,
3446 2368 3630 2435 eorum
3660 2382 3879 2435 auribus

2302 2469 2534 2537 relegam
2568 2470 2652 2522 illa
2682 2486 2798 2537 qum
2823 2470 3068 2537 cognovit
3099 2480 3361 2538 aspectus.

2377 2559 2539 2627 Igitur
2592 2562 2841 2627 prastatus
2896 2561 2973 2613 vir
3018 2560 3238 2627 insignis
3285 2561 3610 2629 Epiphanius
3654 2562 3881 2615 oriundo

2306 2650 2602 2703 Ticinensis
2632 2650 2809 2719 Oppidi
2842 2651 3086 2719 indigena
3111 2652 3239 2718 fuit,
3273 2662 3422 2720 patre
3449 2653 3630 2706 Mauro
3656 2668 3881 2721 genera-

2306 2748 2390 2791 tus
2419 2749 2472 2791 et
2502 2749 2669 2792 matre
2701 2739 2918 2793 Focaria
2949 2740 3120 2793 editus
3140 2781 3156 2806 ,
3186 2756 3304 2809 quae
3332 2741 3353 2771 ³
3380 2742 3549 2794 sancti
3589 2744 3746 2795 ctiam
3787 2743 3882 2795 Mi-

2304 2831 2516 2883 rocletis
2543 2830 2867 2883 confrssoris
2892 2839 2950 2885 et
2992 2832 3225 2901 episcopi
3270 2833 3516 2900 tangebat
3560 2834 3863 2903 prosapiem

2300 2903 2610 2973 hominibus
2636 2935 2699 2973 ex
2732 2920 2931 2987 liquido
2962 2922 3304 2989 ingenuitatis
3341 2922 3487 2976 fonte
3518 2924 3877 2977 venientibus.

2304 3008 2413 3063 Sed
2445 3010 2570 3075 quid
2621 3010 2832 3062 illorum
2883 3020 3115 3065 retexam
3144 3012 3420 3080 sanguinis
3452 3014 3882 3081 przcrogativam,

2305 3111 2526 3165 quorum
2552 3098 2763 3151 familia:
2785 3108 2839 3152 et
2857 3100 3145 3154 nobilitatis
3171 3110 3329 3170 caput
3354 3111 3435 3155 est
3464 3102 3634 3155 illius?
3663 3104 3758 3169 Qui
3782 3105 3884 3157 sub

620 3203 895 3247 veneant
942 3195 1077 3260 perit
1126 3195 1327 3246 notitizc
1357 3233 1370 3253 .
1419 3202 1508 3246 aut
1557 3202 1883 3247 attenuatum
1918 3195 2104 3248 transit
2133 3196 2197 3246 ad
2228 3204 2272 3263 ρ
2305 3194 2586 3249 decessore
2631 3209 2727 3248 suo
2769 3198 2884 3248 viro
2924 3196 3265 3264 integerrimo
3303 3197 3323 3227 ‘
3355 3193 3600 3265 Crispino
3632 3198 3885 3265 p0utifi08

620 3294 865 3352 posteros
891 3285 1029 3353 quod
1054 3284 1118 3337 ad
1142 3286 1509 3351 explicandum
1539 3300 1737 3352 pauper
1761 3285 2044 3339 verborum
2067 3301 2199 3339 vena

622 3388 746 3427 snsc
783 3376 918 3440 perit
955 3391 967 3425 :
998 3383 1051 3426 et
1082 3373 1170 3425 illa
1203 3374 1341 3426 haud
1367 3374 1508 3439 justo
1536 3376 1554 3403 ¹
1588 3374 1803 3428 liberior
1830 3374 2063 3427 laudatio
2089 3383 2202 3427 tan—

622 3475 734 3518 tum
786 3464 1025 3532 decerpit
1070 3462 1290 3532 gloriae,
1341 3471 1594 3530 quantum
1640 3462 1881 3515 falsitatis
1922 3462 2197 3529 adjecerit.

622 3557 708 3610 Fit
738 3571 865 3610 vero
898 3556 1212 3622 plerumque
1233 3595 1245 3617 ,
1279 3566 1335 3607 ut
1376 3552 1477 3608 ﬁde
1507 3568 1697 3607 carens
1727 3555 1969 3607 cumulus
1998 3554 2201 3607 minuat

622 3649 793 3717 probe
819 3646 955 3698 facta
988 3650 1273 3698 multorum
1295 3684 1309 3707 ,
1341 3653 1390 3696 cl
1426 3644 1495 3697 sit
1522 3660 1654 3697 vana
1683 3646 1914 3696 narratio
1942 3659 2059 3712 qua:
2084 3658 2203 3697 cre-

574 3790 577 3791 ν
623 3738 725 3790 scit
755 3752 817 3790 ex
847 3735 1136 3789 mendaciis
1168 3750 1180 3789 :
1212 3733 1578 3802 intempestiva
1610 3742 1663 3787 et
1691 3735 1930 3786 mendica
1956 3734 2196 3796 nimium,

618 3841 743 3894 qua:
777 3841 879 3878 non
927 3824 1212 3893 pertransit
1261 3825 1326 3878 ad
1368 3825 1673 3878 tcrminum.
1727 3822 1983 3888 Quocirca
2038 3823 2197 3876 vitam

622 3920 915 3972 beatissimi
951 3918 1225 3986 Epiphanii
1256 3917 1550 3970 Ticinensis
1578 3916 1832 3968 antistitis
1863 3922 2197 3980 narraturus,

622 4008 791 4061 invito
820 4008 1074 4075 Spiritum
1098 4020 1339 4060 sanetum
1366 4016 1554 4059 testem
1576 4018 1789 4057 actuum
1812 4004 1926 4072 ejus
1951 4017 2002 4058 et
2028 4005 2199 4059 Comi-

624 4108 732 4151 tem
761 4138 775 4159 ,
815 4106 871 4150 ut
904 4097 1075 4165 ipsius
1111 4096 1307 4149 auxilio
1348 4095 1570 4163 gloriam
1601 4094 1940 4147 εοηεείθηιίω
1971 4094 2200 4147 serenis-

623 4188 777 4240 sima:
809 4202 964 4255 quam
998 4186 1170 4240 cidem
1202 4184 1496 4247 concessit,
1527 4184 1729 4237 tradam
1759 4183 1957 4238 chartis
1984 4185 2200 4239 vieturis

622 4280 676 4331 in
709 4278 943 4341 smeulo;
996 4287 1051 4330 ut
1081 4277 1381 4344 exemplum
1428 4271 1713 4344 praebitura
1769 4276 2020 4329 virtutum
2067 4292 2201 4330 nan-

621 4383 783 4438 quam
811 4369 945 4421 fama
973 4369 1248 4423 moriatur.
1280 4368 1334 4421 In
1365 4383 1469 4430 quo
1500 4378 1673 4421 limen
1703 4384 1884 4438 opere,
1917 4371 1959 4421 si
1994 4384 2078 4423 me
2106 4384 2200 4422 an.

620 4472 791 4531 gusta
836 4477 937 4515 neu
986 4460 1335 4515 coarctaverit
1382 4462 1699 4528 eloquentia:
1742 4462 1840 4514 sub
1887 4472 2031 4514 ccrta
2086 4463 2200 4528 lege

2305 3284 2542 3338 caelestis
2570 3284 2771 3337 militiae
2805 3284 3107 3339 tirocinium
3139 3287 3360 3339 sortitus
3381 3327 3394 3349 ,
3418 3300 3683 3338 aiinorum
3711 3286 3885 3339 ferme

2300 3383 2425 3428 octo
2448 3376 2661 3428 lectoris
2683 3375 3028 3429 ecclvsiaStici
3059 3377 3281 3444 suscipit
3304 3376 3559 3441 ofiic'um,
3583 3380 3734 3443 signo
3756 3386 3885 3430 ante

2300 3464 2509 3517 cmlitus
2537 3463 2919 3517 drmoustrato.
2971 3464 3100 3518 Nam
3133 3466 3257 3519 dum
3302 3476 3444 3520 esset
3483 3467 3545 3519 in
3576 3468 3886 3534 crepundiis

2304 3555 2545 3607 lactentis
2596 3554 2870 3616 infantizc,
2924 3554 3136 3609 fulsisse
3182 3558 3299 3623 ejus
3343 3557 3605 3610 euuabula
3643 3571 3884 3623 superno

2291 3644 2499 3698 lumine
2556 3645 2735 3698 videre
2786 3645 3117 3713 complurimi
3158 3656 3254 3700 :ut
3281 3646 3507 3701 futuram
3541 3648 3731 3699 mentis
3769 3650 3886 3699 c‘a-

2301 3733 2512 3787 ritatem
2541 3734 2773 3787 lustrans
2797 3750 2918 3788 eum
2947 3742 3000 3788 et
3022 3734 3329 3801 prmcedens
3356 3735 3525 3805 fulgor
3549 3740 3880 3801 ostenderet,

2301 3830 2717 3891 secuturumque
2746 3824 3086 3892 splendorem
3139 3827 3189 3878 in
3225 3826 3462 3879 moribus
3500 3828 3605 3894 jam
3640 3834 3766 3878 tunc
3796 3834 3885 3895 ty-

2303 3914 2417 3981 pica
2445 3914 2561 3968 lure
2589 3916 2843 3983 signaret.
2874 3915 3128 3969 Natarum
3154 3917 3205 3969 in
3233 3917 3514 3971 scribendo
3542 3916 3883 3989 compendia,

2301 4014 2354 4057 et
2385 4004 2776 4076 figuras_v.trias
2803 4004 3081 4059 verborum
3111 4006 3260 4059 multi
3288 4007 3499 4060 udinem
3529 4005 3886 4075 comprehen-

2301 4095 2489 4149 dcntes
2520 4096 2667 4149 brevi
2694 4105 2971 4151 assecutus
2991 4137 3005 4161 ,
3036 4097 3087 4151 in
3123 4098 3477 4167 Exceptoruiu
3535 4114 3759 4152 numero
3786 4098 3886 4153 de-

2301 4185 2504 4239 dicatus
2534 4189 2719 4240 enituit
2746 4228 2760 4251 ,
2796 4202 2895 4255 cm;
2916 4188 3059 4255 itque
3101 4190 3207 4255 jam
3243 4190 3360 4243 talis
3389 4191 3636 4257 excipere
3659 4231 3673 4253 ,
3708 4191 3886 4259 qualis

2305 4281 2474 4345 pOSsit
2502 4280 2617 4331 sine
2649 4281 2908 4332 bonorum
2940 4279 3280 4334 oblocutione
3306 4283 3531 4335 dictare.
3567 4281 3728 4350 Igitur
3757 4297 3887 4349 pro-

2301 4383 2454 4421 cesut
2507 4371 2758 4438 temporis
2806 4382 2858 4423 et
2906 4369 3101 4422 laboris
3144 4372 3207 4422 ad
3257 4382 3470 4424 renum
3514 4381 3565 4423 ιιι
3611 4371 3883 4424 όθιίίιιιηη

2301 4464 2473 4515 mtatis
2502 4477 2697 4515 annum
2731 4463 2912 4515 divino
2942 4466 3120 4517 favore
3153 4464 3461 4530 perductus,
3495 4477 3624 4515 cana
3653 4464 3881 4515 consilia

620 4554 907 4617 currentis,
935 4564 990 4607 ut
1010 4556 1195 4607 saltem
1219 4553 1381 4607 cruda
1414 4568 1506 4618 per
1531 4554 1769 4606 ordinem
1798 4554 2031 4621 digeram
2063 4553 2194 4605 facta
2228 4552 2274 4609 υ
2301 4551 2352 4605 in
2383 4554 2538 4607 annis
2560 4548 2847 4620 puerilibus
2870 4555 3241 4607 meditabatur.
3278 4555 3545 4607 V'ernabat
3577 4557 3626 4607 in
3656 4555 3745 4608 illo
3767 4572 3883 4621 pne

619 4646 929 4705 meritorum
967 4664 979 4698 :
1012 4644 1141 4697 nihil
1171 4653 1345 4695 tamen
1385 4642 1450 4695 de
1482 4643 1749 4695 labor.bus
1795 4642 1909 4709 ejus
1950 4652 2052 4694 tam
2088 4658 2197 4696 nc-

619 4736 799 4788 diuere
823 4735 900 4789 vel
925 4735 1121 4787 humile
1144 4733 1429 4796 inveniam,
1450 4742 1501 4783 ut
1527 4733 1840 4785 necessariis
1866 4732 1991 4785 illud
2018 4734 2190 4795 bullis,

696 4845 709 4873 ¹
760 4843 875 4896 Vita
907 4846 1174 4897 beatissimi
1212 4841 1515 4912 Epiphanii]
1561 4842 1727 4910 Hujus
1758 4842 1886 4895 Vita!
1920 4845 2005 4897 vix
2040 4847 2191 4900 tertia

620 4926 745 4978 pars
771 4925 884 4965 erat
914 4929 965 4964 Ill
995 4915 1225 4967 editione
1266 4913 1538 4967 Basilieusi
1574 4931 1587 4965 :
1621 4929 1716 4965 nos
1747 4914 1947 4981 reliqua
1979 4917 2189 4982 supple-

619 4984 809 5051 vimus‘
837 4997 900 5033 ex
946 4982 1339 5048 manuscriptis.
1393 4983 1469 5035 Ac
1522 4996 1652 5035 sane
1698 4986 1951 5035 intererat
1994 4986 2190 5051 publici

618 5050 753 5119 juris
786 5049 950 5103 fieri‘t
988 5060 1096 5102 tum
1140 5052 1239 5104 hoc
1283 5053 1631 5119 opusculum,
1665 5053 1803 5119 quod
1848 5049 2189 5106 inter—Enno-

619 5118 798 5181 diana,
830 5128 885 5171 ut
911 5120 1229 5183 maximum,
1261 5118 1329 5172 ita
1358 5124 1613 5189 optimum
1646 5118 1877 5183 videtur,
1912 5132 1962 5173 et
1992 5124 2189 5175 variam

620 5202 688 5268 ac
716 5191 1054 5255 multiplicem
1088 5190 1298 5242 illorum
1328 5201 1625 5259 temporum
1656 5191 1928 5244 historiam
1961 5193 2191 5259 complc-

608 5267 799 5313 ειίιιιτ.

695 5329 716 5359 ⁸
755 5329 808 5401 ln
838 5327 964 5401 ed_it.
999 5326 1204 5401 Scliotti
1224 5366 1238 5389 ,
1270 5328 1464 5401 liberuIi
1485 5346 1542 5401 ir.
1584 5330 1800 5383 Bolland
1826 5345 1867 5385 .s
1888 5376 1899 5393 ,
1932 5328 2025 5382 illa
2045 5333 2193 5401 justo

622 5398 846 5450 fibirior.
882 5397 1036 5450 Forte
1068 5396 1157 5449 ilfa
1178 5398 1322 5464 justo
1349 5398 1623 5453 liberalior.

693 5467 714 5497 ³
752 5468 811 5521 8.
850 5465 1143 5536 Miracletis]
1183 5465 1423 5533 Episcopi
1457 5468 1885 5532 Mediolaneusis,
1916 5470 2001 5535 qui
2029 5470 2189 5537 judcx

622 5538 761 5590 inter
788 5540 919 5589 aiios
948 5540 1086 5590 sed.t
1108 5538 1156 5589 in
1188 5551 1343 5587 causa
1375 5538 1665 5601 (lu-ciliani,
1698 5540 2018 5603 temporibus
2051 5542 2190 5592 Con-

618 5608 833 5658 Slatttlilli
857 5648 871 5670 ,
907 5618 961 5659 ut
1012 5617 1188 5661 narrat
1225 5608 1445 5673 U.ptatus
1482 5607 1567 5656 lib.
1606 5622 1639 5661 ι.
1676 5608 1956 5660 liliruc'ctis
2006 5611 2184 5662 smculi

619 5673 753 5731 Vitio
777 5678 993 5741 dictum,
1025 5694 1118 5745 pro
1148 5677 1393 5739 Mirociis,
1421 5691 1525 5744 quo
1548 5690 1672 5729 usus
1699 5689 1775 5730 cst
1807 5678 2045 5732 Miroeles
2077 5696 2187 5746 ipse

2299 4643 2503 4696 caeteris
2527 4653 2694 4697 mater
2719 4646 2976 4698 bonorum
3000 4662 3217 4713 operum
3242 4646 3575 4699 verecundia.
3609 4648 3679 4699 lta
3707 4646 3886 4699 famn-

2301 4736 2507 4787 labatur
2526 4736 2747 4788 antistiti
2779 4735 2970 4793 lbens.
3003 4746 3059 4789 ut
3086 4737 3128 4788 si
3158 4736 3281 4804 quid
3313 4736 3491 4802 operis
3511 4749 3785 4804 gerere1ur
3809 4737 3886 4789 ab

2298 4845 2347 4896 in
2396 4845 2812 4913 epigrammate,
2859 4847 2996 4910 quod
3050 4846 3204 4899 beato
3256 4847 3571 4900 Anatholoni
3620 4848 3885 4915 episcopo

2298 4917 2565 4982 jirredeees
2595 4917 2673 4970 ori
2704 4932 2800 4971 suo
2836 4919 3042 4985 posuit,
3069 4918 3364 4985 clausitque
3395 4920 3493 4969 hoc
3522 4918 3750 4969 disticho
3787 4935 3797 4967 :

2420 5027 2503 5075 Hic
2526 5028 2718 5074 titulum
2746 5064 2759 5086 ,
2803 5035 2852 5076 et
2878 5029 3001 5088 picto
3023 5030 3326 5076 venerandos
3349 5030 3533 5088 pariete
3560 5028 3719 5075 vultus

2545 5088 2748 5136 Mirorlis
2771 5090 2929 5135 reddit
2953 5090 3183 5136 l’rmstitis
3200 5089 3320 5135 alma
3344 5090 3479 5137 fides.

2663 5148 2971 5197 MIBOL'LES
2998 5149 3356 5198 EPISCOPUS.

2368 5251 2387 5280 ⁸
2426 5251 2659 5314 Crispino
2691 5251 2946 5323 pontiﬁce]
2976 5253 3263 5313 Ticinensi.
3294 5254 3443 5320 cujus
3473 5270 3506 5306 ιι
3546 5268 3665 5307 men
3698 5264 3884 5307 ex-tat

2297 5321 2677 5391 inti-rea-teros
2701 5321 2840 5374 Illius
2864 5321 3147 5388 previncitc
3171 5323 3468 5389 episcopos,
3493 5327 3578 5390 qui
3604 5324 3883 5391 synodicae

2304 5390 2513 5441 Ειιδιιιιίί
2547 5391 2781 5459 episcopi
2825 5393 3232 5446 Mediolancnsis
3263 5395 3323 5444 ad
3360 5395 3466 5445 Lco
3492 5410 3590 5445 ein
3627 5390 3885 5459 M-tglllllﬂ

2299 5461 2537 5524 epistol:c
2577 5460 3023 5528 subscripserunt.
3060 5463 3293 5515 Meminit
3323 5463 3561 5530 ejusdem
3603 5463 3886 5515 Eunodins

2295 5530 2624 5599 earinine9,
2672 5531 2827 5598 eique
2900 5542 3174 5599 acceptum
3223 5532 3324 5585 fert
3394 5534 3645 5599 quidquid
3701 5531 3886 5585 laudis

2296 5598 2386 5652 fuit
2419 5600 2468 5651 in
2498 5599 2612 5666 cjus
2641 5601 2896 5669 discipulo
2927 5612 2977 5655 et
3003 5598 3311 5656 successore
3344 5598 3656 5669 Epiphanio.
