4184 6260
293 457 404 513 209

290 750 709 817 coercebatjam
736 760 858 804 tunc
884 748 1207 807 facinorosos
1235 756 1487 813 audacter
1511 778 1523 812 :
1551 771 1665 815 erat
1688 766 1873 831 primis

289 828 588 908 subjectus,
605 840 868 908 prioribus
880 852 1061 895 sancta
1076 844 1471 913 injungentibus
1484 850 1874 919 obsecundans,

290 930 586 998 aequalibus
608 930 834 985 blandus
861 940 1023 1000 atque
1048 932 1338 1003 officiosus,
1363 942 1704 1007 sequentibus
1732 959 1875 999 mera

290 1039 373 1077 cat
390 1024 519 1077 itate
540 1024 842 1077 communis
866 1039 881 1076 :
908 1024 1040 1078 nulli
1063 1039 1120 1079 se
1147 1027 1452 1094 praeferens,
1477 1046 1596 1085 cum
1623 1035 1872 1105 religioso

288 1129 448 1167 cursu
483 1129 578 1182 per
606 1116 879 1169 cre‘estem
913 1117 1177 1171 tramitem
1208 1121 1455 1174 omnibus
1479 1126 1732 1191 anteiret,
1760 1129 1872 1180 lau-

289 1204 522 1258 dationis
548 1219 739 1258 amore
762 1219 986 1270 vacuus,
1016 1221 1136 1259 cum
1166 1210 1400 1277 quotidie
1430 1211 1483 1266 in
1514 1229 1578 1267 eo
1609 1215 1871 1272 laudanda

288 1296 661 1349 ado'escerent
686 1310 700 1347 :
729 1310 956 1363 cumque
980 1311 1066 1350 res
1090 1297 1270 1364 gloria:
1296 1301 1483 1369 dignas
1506 1320 1601 1372 per
1622 1307 1869 1363 horarum

290 1395 559 1438 momenta
583 1395 1000 1451 consummaret,
1025 1389 1201 1454 perire
1229 1388 1458 1444 fructum
1485 1394 1669 1460 gloria:
1689 1398 1873 1465 opina-

290 1474 445 1527 batur
465 1484 621 1541 atque
642 1475 971 1539 mercedem,
994 1476 1036 1529 si
1063 1479 1418 1544 praetulissent
1441 1482 1705 1551 homines,
1731 1488 1869 1555 quod

292 1564 388 1618 soli
410 1565 515 1617 Deo
527 1564 808 1619 exhibebat
821 1565 1149 1623 abscondite.
1169 1569 1222 1623 In
1237 1577 1744 1641 summa,aposwlici
1760 1595 1871 1634 me-

291 1669 405 1707 mor
416 1654 634 1722 oraculi,
650 1656 1039 1710 assentationes
1054 1672 1329 1728 respuens,
1351 1662 1402 1716 in
1420 1668 1869 1736 semetipso,teste

292 1743 604 1797 conscientia
627 1784 643 1807 ,
674 1758 771 1812 pro
797 1745 925 1799 boni
956 1746 1132 1814 operis
1160 1753 1517 1818 recognitione
1565 1757 1862 1823 plaudebat.

364 1833 489 1887 lllud
523 1850 647 1888 vero
678 1836 951 1891 libandum
983 1852 1101 1894 «sse
1130 1855 1234 1894 non
1266 1842 1467 1909 abnuo,
1499 1847 1637 1913 quod
1666 1847 1864 1904 formo-

290 1921 414 1975 sitas
442 1922 492 1975 in
519 1923 611 1976 illo
644 1923 776 1977 lucis
815 1939 1087 1994 corporea:-
1118 1927 1275 1984 index
1305 1933 1495 1988 animae
1523 1935 1639 2003 fuit,
1671 1947 1723 1992 et
1753 1948 1863 1995 tan-
1895 1936 1942 1995 B

293 2024 399 2068 tum
421 2025 609 2069 contra
638 2017 875 2070 studium
900 2018 1039 2074 illius
1064 2021 1248 2077 forma:
1277 2024 1439 2080 decus
1459 2029 1663 2095 enituit,
1692 2044 1746 2086 ut
1767 2049 1862 2090 nec

288 2104 413 2157 forti
431 2106 551 2159 viro
575 2116 751 2173 posset
767 2117 1107 2177 oppugnante
1124 2112 1380 2168 subverti.
1406 2115 1671 2173 Ridebant
1688 2136 1856 2191 gente,

294 2194 454 2247 etiam
500 2210 620 2249 cum
656 2197 857 2251 animus
899 2200 1262 2256 mtestitudine
1312 2205 1645 2274 torpuisset:
1696 2210 1860 2265 nitida

284 2285 441 2339 simul
481 2286 619 2341 labia
658 2288 1093 2344 commendabant
1132 2291 1415 2361 dupliciter
1460 2296 1615 2352 mella
1644 2312 1848 2355 sermo-

280 2390 403 2429 num
426 2394 442 2429 :
464 2393 671 2433 necnon
692 2394 1008 2449 quocunque
1030 2369 1273 2438 vertisset
1294 2386 1497 2453 oculos,
1518 2390 1861 2446 serenitatem

278 2468 469 2521 utentis
509 2469 792 2523 nuntiabat
836 2480 1086 2538 aspectus
1119 2490 1131 2524 :
1163 2473 1306 2527 frons
1353 2490 1525 2531 cerea:
1569 2479 1863 2546 pulchritu-

274 2559 441 2621 dinis,
482 2569 534 2611 et
566 2558 816 2612 candoris
857 2559 998 2614 illius
1024 2575 1142 2629 quae
1175 2564 1301 2615 solis
1332 2578 1481 2630 passa
1513 2567 1689 2621 radios
1717 2570 1862 2633 colo_

998 2670 1012 2710 :
1052 2669 1207 2708 nares
1254 2656 1304 2708 in
1356 2667 1500 2712 tanto
1548 2663 1861 2718 naturaliter

274 2741 471 2808 splend«
494 2756 555 2794 re
585 2740 848 2807 formatze,
885 2753 939 2795 ut
982 2743 1098 2796 illas
1128 2746 1369 2813 nequiret
1397 2750 1713 2819 imaginibus
1739 2769 1857 2809 cor-

275 2665 384 2705 rem
432 2651 598 2703 traxit
643 2652 709 2704 ab
755 2652 956 2705 aethere

278 2846 403 2898 pora
446 2842 841 2901 repraesentans
878 2836 1048 2903 pictor
1083 2838 1319 2892 aemulari
1355 2856 1369 2893 :
1403 2856 1589 2897 manus
1636 2856 1850 2912 teretes,

276 2923 465 2989 prolixi
488 2924 659 2993 digiti,
685 2924 752 2979 de
771 2924 964 2994 quibus
987 2928 1181 2996 aliquid
1208 2939 1258 2983 et
1280 2932 1571 3001 alienigena
1593 2938 1848 3004 gauderet

268 3012 532 3080 accipere.
559 3014 791 3069 Statura:
818 3018 1108 3083 proceritas
1130 3018 1345 3086 decens,
1368 3038 1483 3091 qua?
1506 3028 1850 3085 eminentiam

266 3114 527 3158 secutura:
579 3104 852 3174 dignitatis
898 3109 1263 3178 praefigurarct
1309 3114 1360 3166 in
1400 3117 1697 3184 membris;
1750 3136 1850 3175 nec

267 3201 438 3248 tamen
469 3194 689 3248 modum
727 3196 1079 3251 ornatissimae
1111 3200 1426 3265 prolixitatis
1454 3207 1770 3261 excederet.

1222 463 1368 520 VlTA
1411 467 1467 522 Β.
1514 470 1847 531 ΕΡΙΡΗΑΝΙΙ
1892 478 2195 539 EPISCOPI
2231 489 2634 552 TlClNENSIS.

293 572 469 623 altero
491 610 506 633 ,
546 568 782 637 graviter
829 569 992 624 ferret
1026 571 1335 642 subreptum
1373 578 1474 632 sibi
1509 580 1667 638 fuisse
1706 589 1869 641 scrvi-
1900 596 1947 649 Α
1980 595 2118 647 Cttrri

293 662 449 713 tium.
482 660 796 727 Accipiebat
824 674 977 714 senes
1012 663 1260 731 graviter,
1288 666 1515 734 juvenes
1544 674 1788 739 comiter,
1827 686 1881 731 et

3436 478 3559 570 lato

2126 598 2342 662 piendos
2384 606 2625 674 singulos
2664 615 2977 671 auctoritate
3017 620 3234 689 plenus,
3266 626 3331 680 ad
3363 633 3558 683 exho:‘

1985 685 2173 739 tandos
2204 704 2440 760 quosque
2479 703 2780 757 necessario
2816 706 2993 774 lepore
3040 712 3379 772 dulcissimus
3411 737 3422 771 :
3456 738 3556 776 vos

1978 786 2171 829 sonora
2197 817 2212 842 ,
2256 794 2416 836 succo
2449 786 2615 843 virilis
2652 792 2925 862 elegantia:
2956 802 3165 856 condita
3192 846 3208 871 ,
3253 823 3353 863 nec
3381 821 3554 869 tamen

1978 866 2202 928 agrestis
2232 883 2294 921 ac
2335 877 2562 942 rustica,
2601 895 2699 934 nec
2736 882 2958 940 infracta
2999 866 3362 963 gradatimque
3390 916 3418 954 a
3445 919 3554 957 nta-

1975 954 2119 1007 scula
2148 958 2416 1017 soliditate
2447 965 2709 1035 deposita.
2745 973 2895 1030 Illum
2926 954 3228 1053 quicunque
3253 954 3406 1056 vidit,
3432 1007 3551 1048 eum

1977 1048 2203 1103 necdum
2237 1052 2554 1123 dignitatum
2582 1064 2795 1133 aliquod
2839 1069 2997 1125 limen
3042 1048 3330 1140 intrasset,
3375 1085 3552 1140 omnia

1975 1148 2095 1191 eum
2126 1144 2381 1199 transisse
2410 1150 2657 1217 credidit,
2689 1171 2808 1224 quae
2838 1164 3198 1229 sequebantur
3228 1170 3476 1241 insignia.
3572 1180 3589 1237 ἢ

2046 1228 2189 1284 Talis
2204 1232 2313 1298 jam
2341 1237 2406 1291 ad
2429 1237 2693 1295 decimum
2718 1257 2962 1303 octavum
2990 1256 3160 1310 :ctatis
3180 1272 3289 1311 suae
3311 1274 3550 1328 perventt

1975 1331 2189 1375 annum.
2221 1324 2276 1378 In
2307 1342 2433 1395 quo,
2460 1334 2696 1387 secundo
2722 1350 2749 1387 a
2791 1338 2964 1393 levitis
3003 1359 3225 1401 numero
3249 1348 3547 1419 dedicatus,

1973 1420 2158 1463 senum
2187 1415 2415 1469 coetibus
2447 1433 2577 1487 puer
2612 1423 2891 1490 adjunctus
2918 1442 3019 1485 est.
3068 1432 3394 1502 Stupuerunt
3432 1440 3547 1508 plu-

1973 1498 2116 1565 rimi,
2149 1502 2241 1556 scd
2267 1509 2495 1574 externi,
2526 1512 2612 1579 qui
2644 1528 2819 1570 mores
2850 1518 2987 1573 illius
3012 1535 3132 1575 cum
3164 1527 3334 1579 astatis
3356 1527 3546 1583 imma-

1973 1590 2184 1645 turitate
2207 1592 2499 1664 jungebant
2524 1616 2535 1652 :
2562 1616 2735 1657 seram
2764 1607 3383 1679 credebant'dignitatem
3407 1618 3545 1674 hanc

1971 1678 2227 1734 redditam
2256 1699 2398 1749 esse,
2429 1690 2517 1756 qui
2550 1705 2825 1747 noverant.
2860 1698 2928 1751 At
2962 1700 3047 1754 ille
3083 1678 3399 1762 venerabilis
3416 1708 3544 1764 'Cri-

1970 1769 2152 1834 spinus
2180 1774 2461 1845 episcopus
2486 1820 2499 1844 ,
2547 1780 2741 1836 favoris
2782 1788 2992 1841 nescius
3016 1831 3031 1855 ,
3065 1793 3319 1859 pertinaci
3353 1805 3541 1854 tenens

1969 1857 2301 1918 districtione
2340 1881 2619 1925 censuram
2648 1912 2661 1938 ,
2692 1884 2745 1928 et
2771 1892 2927 1945 quem
2959 1895 3225 1950 nunquam
3269 1887 3371 1940 nisi
3403 1889 3538 1944 bona

1974 1954 2299 2009 conscientia
2326 1958 2473 2013 duxit
2499 1962 2563 2017 ad
2592 1966 2833 2033 gratiam,
2865 1970 2941 2024 sic
2971 1987 3091 2026 eum
3125 1978 3388 2034 mu'cebat
3415 1996 3538 2036 sen-

1965 2040 2135 2105 sibus,
2160 2052 2219 2097 ut
2243 2047 2509 2105 morderet
2532 2054 2751 2121 obtutu;
2785 2068 2837 2112 et
2864 2061 2963 2114 sub
2994 2065 3170 2131 specie
3202 2066 3391 2125 frontis
3411 2074 3535 2143 rigi-

1966 2129 2047 2184 da:
2065 2134 2451 2194 clandestinum
2474 2143 2610 2196 circa
2636 2145 2949 2217 discipulam
2978 2129 3242 2211 nutriebat
3262 2161 3527 2218 affectum.

1965 2220 2287 2279 Pascebatur
2325 2229 2519 2285 alumni
2552 2236 2632 2288 sui
2664 2240 2879 2305 optabili
2924 2250 3327 2307 conversatione
3358 2263 3531 2324 pater,

1964 2323 2018 2367 ct
2045 2319 2290 2373 omnibus
2318 2323 2433 2390 ejus
2479 2327 2683 2382 actibus
2731 2334 2914 2389 oculos
2960 2341 3279 2396 amoeuabat.
3325 2319 3378 2399 ln
3421 2363 3529 2417 quo

1966 2412 2141 2461 tamen
2192 2410 2280 2465 ille
2322 2413 2631 2471 subdiaconi
2683 2422 2871 2479 ordine
2917 2426 3045 2481 nihil
3103 2434 3327 2499 amplius
3369 2452 3527 2505 quam

1966 2496 2177 2555 biennio
2222 2517 2616 2574 commoratus,
2662 2516 2971 2571 meritorum
3034 2534 3248 2578 suorum
3305 2527 3529 2586 saltibus

1964 2600 2176 2645 evectus
2211 2596 2422 2650 exsiluit
2446 2639 2458 2661 ,
2502 2615 2599 2655 nec
2628 2616 2685 2656 se
2722 2603 2809 2659 diu
2851 2607 2983 2661 intra
3022 2615 3290 2681 angustias
3335 2621 3527 2677 modici

1963 2677 2179 2736 honoris
2206 2685 2378 2739 anima
2410 2700 2494 2744 est
2538 2691 2683 2747 dives
2735 2712 2883 2761 passa
2915 2702 3031 2754 rcfr.
3056 2706 3189 2759 nari.
3224 2701 3532 2767 FeStinabat

1961 2768 2024 2821 ad
2066 2771 2325 2827 leviticam
2368 2777 2603 2843 dignitate
2625 2798 2674 2836 m
2703 2790 3050 2855 conscientia,
3074 2810 3229 2862 quam
3258 2815 3524 2869 nunquam

1959 2870 2075 2913 vota
2109 2878 2549 2936 praesumpserant
2582 2893 2592 2926 :
2623 2876 2866 2945 exigebat
2889 2889 3241 2953 conversatio,
3267 2892 3407 2958 quod
3433 2894 3525 2947 dc-

1954 2948 2146 3004 sideria
2179 2957 2384 3021 penitus
2413 2959 2742 3028 ignorabant.

2025 3036 2173 3093 Circa
2208 3053 2373 3097 metas
2404 3056 2579 3102 tamen
2626 3054 2826 3118 praefati
2875 3058 3091 3112 honoris
3130 3072 3181 3115 et
3211 3069 3523 3136 terminum,

1954 3141 2114 3178 unum
2152 3129 2267 3195 ejus
2302 3136 2610 3198 opusculum
2645 3154 2854 3195 summo
2899 3155 3049 3200 tenus
3082 3150 3208 3204 lihct
3237 3155 3518 3225 attingere.

1951 3212 1971 3241 ¹
1998 3215 2259 3269 t'ummias
2287 3218 2550 3275 vocitatur
2579 3240 2722 3291 ager,
2754 3231 2841 3297 qui
2872 3232 2922 3286 in
2954 3250 3019 3288 eo
3051 3238 3149 3292 loci
3180 3243 3314 3296 situs
3343 3257 3444 3314 est,
3468 3249 3519 3305 in

2610 3285 2638 3291 _
2714 3285 2720 3289 .
2772 3285 2785 3297 .
2895 3285 2902 3286 κ
2963 3285 3012 3288 --
3051 3285 3148 3292 --ν-
3181 3285 3313 3296 -.-ην
3343 3285 3519 3314 ηιμ..

332 3285 435 3340 Sed
467 3301 537 3341 ne
566 3286 685 3355 quis
724 3286 941 3343 forsitan
971 3292 1265 3347 malitiosus
1294 3294 1555 3364 interpres
1587 3299 1843 3369 iutempe—
1868 3292 1912 3354 C
1946 3316 2049 3369 quo
2074 3313 2347 3360 terrenum
2365 3312 2656 3380 marginem
2678 3318 2802 3385 gulo
2833 3334 2895 3375 us
2917 3322 3110 3380 Padani
3135 3332 3355 3400 gurgitis
3379 3351 3521 3391 mor-

265 3379 398 3431 stive
426 3379 658 3447 positum
701 3379 863 3447 jactet
888 3420 902 3443 ,
943 3383 996 3435 in
1039 3383 1152 3437 viro
1196 3393 1459 3440 tantarum
1493 3389 1744 3445 virtutum
1776 3394 1843 3448 de

265 3468 445 3538 lepore
468 3470 649 3525 carnis
669 3470 860 3525 factam
888 3488 1008 3529 esse
1031 3476 1373 3542 mentionem,
1400 3494 1520 3533 cum
1553 3482 1603 3534 in
1637 3483 1719 3536 illa
1752 3501 1842 3541 ve-

260 3558 363 3612 teri
384 3560 754 3616 mandatorum
777 3563 1072 3618 ctelestium
1096 3566 1273 3621 radice
1300 3568 1367 3622 sit
1396 3570 1631 3637 insitum,
1655 3588 1839 3630 sacer-

259 3648 443 3703 dotum
475 3665 699 3720 corpora
730 3654 904 3722 sagaci
940 3653 1140 3710 debere
1176 3658 1539 3716 insinuatione
1576 3662 1788 3718 lustrari
1823 3684 1835 3718 :

256 3754 323 3791 ne
347 3740 474 3809 quid
516 3742 726 3811 debile,
759 3744 839 3796 vel
872 3743 1112 3799 deforme
1134 3787 1148 3809 ,
1194 3764 1258 3801 ne
1287 3751 1410 3818 quid
1453 3752 1567 3820 plus
1599 3755 1838 3813 minusve

251 3844 367 3885 esse
396 3833 685 3902 contingat
704 3876 718 3895 ,
748 3848 886 3888 neve
917 3836 1151 3890 inolitam
1191 3840 1411 3895 maculis
1444 3853 1834 3915 cutem‘super-

250 3921 389 3975 ficies
428 3922 580 3977 fteda
612 3922 901 3979 dedecoret
952 3924 1096 3994 (Lev.
1131 3943 1292 3994 xvtn,
1324 3931 1385 3984 2|
1422 3933 1586 4002 seq.);
1633 3949 1699 3988 ne
1726 3935 1836 3989 fra-

249 4021 387 4066 ctura
415 4027 638 4078 manus,
671 4024 758 4067 aut
790 4014 1020 4069 fractura
1054 4018 1201 4084 pedis
1228 4028 1316 4071 aut
1339 4021 1528 4088 gibbus
1557 4022 1831 4093 indignum

241 4101 496 4158 altaribus
548 4104 739 4159 reddat
782 4106 1076 4163 antistitem
1107 4124 1121 4162 :
1154 4119 1208 4163 et
1235 4109 1430 4164 clamet
1475 4112 1659 4167 doctor
1702 4130 1833 4185 gen-

243 4190 365 4247 tium
394 4207 450 4250 et
480 4196 768 4251 electionis
795 4213 889 4253 vas
918 4199 1095 4268 (Rom.
1130 4216 1237 4266 xiv,
1267 4201 1345 4271 2).
1378 4202 1646 4259 hominem
1677 4221 1831 4262 mun-

243 4281 359 4340 dum
402 4287 484 4351 ad
526 4288 789 4357 ejusmodi
832 4290 1029 4345 debere
1066 4290 1299 4345 officium
1341 4297 1617 4361 pervenire
1646 4314 1659 4350 :
1688 4298 1827 4367 quod

240 4391 337 4432 non
364 4380 554 4433 solum
585 4378 653 4434 de
680 4381 894 4444 animm,
925 4381 1019 4436 sed
1049 4382 1207 4435 etiam
1234 4383 1300 4437 de
1329 4387 1568 4453 corporis
1593 4389 1828 4443 creditur

238 4472 405 4527 nitore
431 4472 669 4526 dixisse.
715 4472 811 4537 Qui
851 4472 1145 4527 deformem
1184 4489 1246 4527 ac
1282 4475 1510 4530 debilem
1551 4492 1580 4530 a
1622 4478 1825 4533 libami-

237 4562 384 4621 nibus
426 4564 557 4617 suis
602 4562 817 4616 mandat
856 4564 1062 4629 arceri,
1094 4565 1357 4619 invenitur
1384 4584 1478 4622 eos
1514 4570 1603 4638 qui
1647 4571 1823 4625 multi-

1944 3406 2035 3445 sus
2064 3395 2285 3463 arrodit,
2318 3406 2372 3453 et
2419 3400 2654 3459 flexuose
2698 3422 2920 3476 serpens
2969 3413 3159 3470 fluvius
3204 3419 3426 3490 largitur
3468 3426 3540 3480 in.

1942 3483 2260 3549 compendio
2281 3488 2521 3554 alterius,
2547 3493 2687 3560 quod
2715 3495 2917 3551 furatur
2938 3501 3003 3553 ab
3025 3503 3223 3571 altero;
3256 3509 3524 3582 simulque

1945 3569 2001 3622 fit
2035 3569 2239 3624 lucrum
2270 3573 2478 3631 finititni
2509 3580 2680 3635 aliena
2711 3584 3003 3641 calamitas.
3034 3590 3108 3646 De
3146 3569 3298 3662 hujus
3335 3569 3519 3666 praedii

1942 3656 2136 3712 finibus
2177 3663 2388 3731 antiqua
2436 3681 2555 3720 cum
2596 3670 2805 3725 clericis
2847 3674 3014 3730 Burco
3044 3681 3254 3747 quidam
3286 3686 3376 3741 lite
3405 3703 3518 3743 eer-

1942 3750 2084 3802 tabat
2113 3765 2126 3804 :
2155 3750 2219 3803 ad
2250 3752 2390 3819 quod
2415 3753 2644 3822 jurgium
2677 3759 3030 3818 dirimendum
3058 3771 3225 3825 senile
3255 3775 3431 3842 nimis,
3465 3788 3517 3831 et

1938 3850 2133 3908 praeter
2170 3858 2326 3911 quam
2367 3847 2558 3914 conjici
2611 3852 2775 3917 possit
2811 3870 3068 3911 annosum
3103 3905 3116 3927 ,
3165 3864 3337 3920 adhuc
3386 3886 3518 3936 puer

1939 3928 2038 3983 iste
2066 3929 2331 4000 dirigitun
2363 3934 2585 3989 Electus
2605 3948 2687 3992 est
2715 3944 2878 4008 enim,
2908 3948 2995 4013 qui
3028 3958 3080 4002 ct
3114 3951 3321 4009 fortiter
3352 3928 3515 4015 3'illas

1939 4018 2258 4075 intentiones
2286 4025 2558 4092 exciperet
2578 4067 2592 4090 ,
2626 4036 2680 4081 et
2706 4034 3013 4089 maturitate
3042 4041 3249 4095 consilii
3283 4045 3513 4102 inferen-

1933 4105 2030 4161 das
2059 4118 2398 4178 temperaret.
2450 4116 2643 4169 Attulit
2676 4129 2891 4185 tamen,
2938 4125 3075 4191 quod
3114 4130 3243 4182 solet
3275 4135 3512 4192 omniunt

1940 4206 2109 4250 mater
2137 4200 2381 4256 intentio.
2416 4202 2546 4256 Nam
2569 4221 2833 4271 .processu
2861 4216 3143 4277 Sermonis,
3170 4227 3220 4270 et
3253 4222 3511 4291 scaudali,

1934 4287 2048 4356 ipse
2077 4290 2246 4343 Burco
2274 4293 2360 4359 qui
2391 4295 2606 4347 malitiae
2630 4309 2738 4348 suae
2769 4301 2985 4355 sordido
3015 4304 3404 4363 lenocinarelur
3423 4328 3510 4367 as-

1932 4387 2114 4438 sensu,
2140 4391 2402 4430 summum
2433 4378 2639 4433 facinus
2659 4382 2773 4436 sine
2796 4386 2974 4454 aliquo
2996 4391 3184 4445 timore
3205 4400 3507 4453 commisit:

1930 4479 2051 4519 nam
2082 4475 2324 4520 sanctum
2358 4466 2528 4522 virum
2579 4469 2647 4523 ita
2690 4469 2830 4526 fuste
2870 4478 3127 4542 percussit
3152 4520 3166 4541 ,
3212 4490 3509 4551 tit-sanguis

1931 4553 2168 4622 protinus
2190 4555 2458 4611 ebullitet.
2484 4557 2550 4611 At
2575 4557 2667 4611 ille
2689 4559 3048 4627 paratissimus
3071 4564 3201 4618 iram
3228 4573 3506 4637 repressit,

235 4653 441 4720 ρηεηετ
466 4655 612 4724 gn”
645 4664 795 4721 sum,
828 4656 1112 4711 admmere
1144 4658 1371 4713 “nemo,
1405 4678 1417 4711 ε
1452 4663 1747 4729 praesertim
1776 4664 1828 4718 ίη
1857 4649 1906 4707 D
1935 4662 2032 4699 nec
2063 4647 2310 4702 vindicta:
2345 4664 2438 4717 spe
2470 4661 2783 4719 provocatus
2808 4654 3088 4721 efferbuit;
3136 4661 3508 4734 turbatumque

232 4758 329 4811 quo
359 4746 551 4800 lucem
587 4746 945 4801 membrorum
974 4747 1163 4801 animae
1194 4748 1363 4818 fulgor
1388 4762 1696 4820 exsuperat;
1731 4770 1830 4808 nec

232 4839 558 4893 naturaliter
597 4838 726 4892 illud
767 4848 1035 4894 terrenum
1076 4842 1239 4897 decus
1278 4845 1542 4912 aliquibus
1589 4847 1828 4901 arti‘liciis

231 4927 544 4995 adjuvetur.

294 5019 642 5076 Praestrictis
680 5036 807 5091 ergo
851 5023 933 5077 his
961 5038 1080 5093 quae
1109 5025 1342 5095 oportuit
1380 5041 1483 5079 non
1523 5027 1724 5091 omitti,
1773 5040 1827 5082 ut

230 5117 304 5168 cui
334 5117 717 5170 innotesceret
743 5131 906 5184 opere
943 5118 1024 5171 vir
1054 5120 1378 5182 immensus,
1413 5129 1825 5186 prmsentaretur

231 5214 276 5258 et
302 5209 456 5262 vultu
488 5226 503 5261 :
541 5215 813 5263 transeam
844 5209 908 5262 ad
938 5211 1022 5263 illa
1053 5227 1170 5279 quae
1191 5212 1259 5265 de
1279 5210 1569 5266 cultoribus
1598 5213 1687 5266 Dei
1718 5218 1823 5267 uon’

232 5297 580 5352 mediocriter
621 5297 885 5352 laudanda
919 5299 1092 5355 froote
1123 5310 1429 5355 narrantur.
1478 5302 1602 5355 Erat
1649 5304 1699 5356 iit
1732 5319 1823 5358 eo-

232 5383 342 5438 dem
386 5402 583 5441 sermo
623 5387 689 5440 ad
736 5380 1033 5442 doctrinam
1078 5404 1342 5459 congruus
1368 5430 1382 5455 ,
1428 5390 1713 5445 fabricatus
1755 5393 1818 5446 ad

227 5471 551 5543 blanditias,
584 5480 599 5509 ¹
631 5478 709 5533 ad‘
734 5479 1146 5536 intercessiones
1182 5482 1289 5550 jam
1333 5491 1455 5537 tunc
1492 5484 1711 5549 artifex,
1753 5485 1819 5539 ad

294 5568 310 5598 ³
349 5571 431 5621 Ad
462 5572 850 5653 intercessiones
874 5577 990 5644 jam
1031 5574 1246 5655 artifex]
1270 5574 1387 5659 .Ad-
1417 5576 1819 5659 de_precatiot_tcs

219 5650 347 5699 quas
375 5656 483 5706 pro
518 5641 730 5694 miseris
758 5653 811 5696 et
838 5641 1109 5713 oppressis
1134 5641 1293 5712 apud
1318 5641 1817 5727 put-t'tttioresadltj-

221 5703 337 5727 1..-Δ
376 5724 394 5727 _
446 5714 456 5727 ι
507 5711 593 5727 ιν-.
628 5711 665 5727 h
738 5713 749 5727 I
819 5714 827 5723 -
970 5724 979 5727 _
1035 5716 1064 5727 ιο
1108 5725 1115 5727 _
1315 5726 1319 5727 ν

220 5703 343 5759 bere
373 5703 600 5761 solebat
628 5703 985 5777 Ecclesia,'ttt
1016 5703 1212 5768 dictum
1244 5703 1329 5767 est.
1364 5716 1453 5765 lib.
1491 5731 1541 5778 ι,
1573 5716 1729 5784 epist.
1761 5719 1813 5779 7,

221 5773 285 5828 de
314 5779 529 5843 quibus
565 5782 736 5834 semel
772 5773 1154 5862 atqueitcrum
1176 5773 1619 5862 patilo_iitfcritis.'
1661 5853 1668 5861 .

283 5847 306 5877 ³
347 5848 627 5903 Summius
662 5850 809 5915 ager}-
845 5847 1026 5906 Τίς-ἱνα
1061 5847 1284 5907 vicinus.
1339 5854 1462 5906 l’adt
1512 5853 1810 5909 alluviones

1934 4736 2105 4804 potius
2131 4746 2185 4789 et
2213 4740 2494 4792 attonitum
2542 4756 2912 4808 percussorem
2947 4744 3287 4802 blandissime
3318 4753 3509 4808 dolini~

1932 4826 2023 4879 bat
2060 4827 2243 4880 affatu.
2304 4828 2449 4882 Illico
2492 4829 2741 4884 miseram
2778 4848 2836 4885 se
2875 4833 3140 4901 clamans,
3174 4849 3223 4892 et
3266 4843 3507 4899 orbitam

1932 4916 2038 4970 filio
2065 4916 2135 4968 ob
2162 4919 2496 4971 atrocitatem
2544 4917 2666 4973 facti
2696 4964 2709 4986 ,
2753 4919 3000 4987 Capraria
3045 4925 3299 4985 Burconis
3339 4946 3505 4988 mater

1929 5004 2176 5058 occurrit.
2212 5003 2469 5060 Crederes
2499 5022 2617 5060 eam
2657 5010 2801 5061 circa
2835 5008 2987 5062 funus
3022 5014 3255 5082 pignoris
3285 5022 3364 5073 sui
3419 5024 3506 5075 illa

1928 5110 2031 5164 qua
2072 5096 2281 5164 fugatur
2309 5112 2466 5150 omne
2509 5098 2785 5150 consilium
2842 5099 2891 5150 iu
2938 5114 3181 5157 carorum
3222 5109 3502 5175 mortibus,

1929 5184 2310 5240 lamentatione
2339 5186 2551 5255 jactari.
2596 5186 2890 5242 Lambebat
2928 5194 3149 5261 vestigia
3186 5200 3503 5253 sanctissimi

1923 5277 2136 5345 juvenis
2159 5280 2363 5348 ejulaus
2394 5290 2581 5344 mater,
2613 5290 2688 5345 et,
2716 5281 2899 5345 Parce,
2922 5284 3205 5352 clamabat,
3225 5290 3317 5356 illi,
3345 5307 3499 5359 quem

1930 5387 2198 5440 nunquam
2230 5372 2294 5424 ad
2338 5373 2750 5442 indignationcnt
2782 5376 2861 5429 vis
2890 5378 2992 5431 ulla
3040 5383 3384 5448 compulerat.
3436 5389 3498 5436 At

1929 5459 2016 5513 ille
2048 5461 2429 5531 supplicantem
2469 5464 2820 5530 prohibebat,
2862 5484 2927 5522 ne
2968 5470 3067 5522 sibi
3110 5471 3357 5523 invidiam
3407 5486 3495 5526 ro-

1924 5559 2053 5610 scito
2086 5557 2333 5612 describit
2358 5577 2368 5610 :
2403 5559 2468 5614 de
2497 5562 2689 5629 quibus
2717 5572 2769 5616 et
2798 5564 3068 5616 Lucanus:

2046 5646 2157 5694 Illos
2182 5654 2312 5695 terra
2335 5648 2455 5709 fugit
2478 5650 2713 5707 dominos,
2739 5652 2812 5699 his
2838 5665 2943 5697 rura
2968 5651 3146 5698 colonis

2046 5709 2293 5756 Accedunt
2321 5710 2527 5759 donante
2558 5712 2700 5759 Pado.

1990 5789 2007 5817 ³
2048 5790 2292 5843 δριιίιιυδ
2330 5801 2379 5844 ct
2428 5793 2725 5851 liollandus,
2761 5791 2946 5841 illotus.
