4184 6260
640 424 738 477 9H

1766 414 2033 468 ENNODII
2078 408 2371 465 EPISCOPI
2412 408 2781 462 TlClNENSlS

3774 396 3885 451 9.12

636 534 807 594 gando
832 532 1143 595 concitaret,
1170 546 1233 585 ne
1256 545 1312 583 se
1344 544 1445 581 non
1481 537 1767 581 merentem
1797 529 1954 581 de'ati
1984 526 2199 581 honoris
2228 525 2277 582 Α
2308 520 2577 586 Scriptura
2625 520 2777 572 index
2821 519 3142 577 revelstsscl.
3182 515 3433 567 οοιιῑὶηιιο
3476 526 3538 565 0!
3580 526 3673 565 ore
3716 512 3885 581 ἱρείης

636 620 861 673 sarcinis
892 619 1191 685 impediret.
1227 618 1457 669 Turbata
1489 626 1568 670 est
1595 628 1809 685 repente
1837 616 2021 671 civitas
2056 636 2065 668 :
2096 633 2207 670 om-

641 710 785 763 nium
811 709 1230 761 Christianorum
1262 708 1310 759 iu
1339 706 1570 759 furorem
1598 720 1765 760 versa:
1790 714 2015 759 mentes.
2043 707 2210 759 Burco

639 798 701 847 ad
733 798 951 849 exitium
983 794 1303 860 poscebatur
1324 836 1337 857 ,
1378 804 1431 848 et
1474 795 1523 846 in
1558 803 1698 847 tanta
1732 795 2003 848 hominum
2032 795 2209 846 multi—

641 885 821 937 unline
844 898 999 937 nemo
1018 883 1275 950 placidus,
1302 884 1399 935 nisi
1422 883 1509 946 qui
1535 883 1783 950 injuriam
1811 882 1977 935 fuerat
1999 896 2209 949 passus,

641 974 885 1027 inventus
916 980 1015 1028 est.
1050 971 1235 1025 Flebat
1268 972 1511 1038 egregius
1543 970 1799 1037 pontifex,
1838 971 1903 1025 de
1935 970 2212 1023 infirmiti-

641 1064 778 1113 lbtls
809 1062 919 1115 suis
956 1072 1008 1114 et
1049 1060 1309 1114 molestiis
1343 1061 1606 1130 gaudente
1635 1060 1918 1128 discipulo.
1964 1061 2093 1113 Nam
2144 1062 2211 1112 ita

640 1149 995 1203 satisfaciebat
1023 1164 1118 1215 pro
1142 1163 1207 1202 eo
1241 1150 1327 1216 qui
1362 1149 1646 1214 putabatur
1674 1150 1936 1213 inimicus,
1970 1149 2209 1216 singulis,

640 1248 696 1290 ut
740 1254 837 1292 nec
883 1238 1106 1305 gloriam
1156 1239 1422 1305 parcendo
1463 1239 1727 1305 jactanter
1768 1249 2069 1307 quaereret,
2118 1252 2215 1291 nec

641 1327 962 1383 vindicando
992 1327 1237 1380 mandata
1267 1327 1504 1381 caelestia
1536 1329 1857 1395 praeteriret.

714 1415 867 1467 Brevi
894 1425 1008 1481 poSt
1039 1413 1102 1464 ad
1140 1413 1365 1467 diaconii
1398 1425 1616 1468 evectus
1650 1414 1875 1485 infulas,
1908 1416 2213 1468 vicesimum

638 1519 833 1556 annum
863 1503 1036 1555 aetatis
1062 1500 1338 1565 ascendit,
1371 1500 1501 1555 facie.
1532 1517 1630 1555 nec
1658 1503 1779 1554 dum
1813 1502 1946 1555 bene
1978 1504 2008 1553 b
2028 1502 2213 1554 .rhnta.

638 1592 971 1646 Turbabatur
1001 1590 1230 1655 suscepti
1266 1589 1481 1644 honoris
1505 1590 1750 1645 tirocinio
1782 1590 1963 1653 homo,
1993 1593 2079 1658 qui
2108 1590 2213 1657 jam

638 1680 829 1737 ducem
853 1688 1057 1745 poterat
1088 1678 1309 1745 implere
1337 1675 1695 1731 Christianum
1724 1698 1735 1732 :
1766 1679 2092 1747 singulorum
2122 1693 2217 1741 pro

637 1770 840 1837 pudore
869 1768 1173 1821 declinabat
1218 1774 1469 1833 aspectus
1492 1806 1505 1828 ,
1536 1782 1692 1834 quem
1731 1769 1975 1821 universa
2007 1765 2215 1827 civitas,

2314 606 2548 659 dulciora
2583 607 2713 659 favis
2752 607 2908 659 verba
2950 605 3235 658 fluxerunt.
3287 603 3563 657 Postremo
3599 600 3723 671 quid
3765 601 3886 655 libri

2313 696 2642 757 docuissent,
2674 695 2775 747 vita
2802 694 3124 761 signabatur.

2384 782 2605 835 Domum
2636 783 2811 835 taliter
2837 783 3049 851 regebat
3080 781 3347 844 Eccle-ize,
3373 789 3427 833 ut
3455 793 3550 833 nec
3578 778 3897 867 profusione‘

2316 871 2660 925 immoderata
2692 872 3028 924 commissam
3061 885 3254 939 penum
3280 868 3606 927 exhauriret,
3638 880 3736 921 nec
3762 867 3886 920 odia

2313 961 2549 1014 sordenti
2584 962 2835 1030 parcitate
2862 961 3216 1017 contraheret.
3248 956 3692 1011 lntercessionum
3723 956 3888 1009 etiam

2317 1058 2439 1098 tunc
2468 1050 2753 1104 certamina
2792 1048 3117 1117 profundebat.
3163 1046 3291 1099 Nam
3335 1045 3635 1112 ubicunque
3664 1057 3761 1112 pro
3800 1057 3890 1095 re-

2318 1138 2502 1190 mediis
2535 1139 2847 1201 miserorum
2876 1137 3107 1203 episcOpi
3136 1136 3442 1193 mittebatur
3470 1134 3712 1202 imperio,
3743 1142 3891 1185 tanta

2316 1228 2559 1295 exigebat
2604 1227 2919 1280 beneficium
2963 1235 3075 1279 arte
3122 1223 3494 1292 supplicandi,
3535 1231 3591 1275 ut
3629 1222 3895 1276 sentirent

2317 1319 2417 1372 sibi
2460 1319 2510 1370 in
2550 1318 2725 1372 causis
2771 1318 3028 1384 profuisse
3070 1314 3405 1385 complurimi
3432 1354 3445 1378 ,
3493 1314 3663 1382 ipsum
3705 1328 3803 1381 per
3829 1326 3895 1367 sc

2317 1408 2622 1475 episcopum
2648 1424 2750 1459 non
2775 1409 3003 1460 venisse.
3031 1406 3213 1474 Augeb
3250 1415 3336 1465 tur
3355 1405 3491 1458 circa
3516 1419 3635 1458 eum
3663 1418 3757 1471 per
3776 1402 3895 1457 dies

2318 1503 2553 1570 singulos
2610 1501 2879 1570 popularis
2938 1500 3157 1557 affecms
3205 1508 3256 1555 et
3304 1498 3506 1566 magnis
3554 1494 3895 1549 successibus

2318 1591 2686 1644 cumulabatur
2711 1605 2892 1655 amor,
2929 1591 3017 1657 qui
3047 1604 3111 1643 ex
3148 1589 3349 1658 judicio
3383 1585 3756 1643 descendebat.
3792 1583 3895 1637 De—

2318 1677 2649 1733 siderabatur
2684 1680 2733 1731 in
2762 1693 2828 1733 eo
2854 1679 3203 1732 sacerdotium
3237 1720 3249 1741 ,
3282 1691 3401 1730 cum
3434 1688 3589 1729 nemo
3619 1672 3897 1726 nutritoris

2319 1769 2399 1822 sui
2428 1779 2637 1838 Optaret
2676 1771 2967 1823 interitum.
3011 1770 3184 1838 Ipsum
3218 1779 3393 1823 tamen
3425 1781 3490 1821 ne
3517 1766 3648 1819 odor
3676 1764 3893 1833 quidem

638 1860 785 1926 quasi
809 1859 993 1917 salutis
1014 1858 1222 1925 signum
1245 1855 1455 1924 aliquod
1483 1856 1808 1908 attendebat.
1835 1855 2033 1907 Interea
2057 1867 2213 1918 supra
2250 1874 2292 1933 Β
2324 1857 2475 1925 hujus
2504 1858 2767 1926 opinionis
2795 1855 3067 1911 amaverat
3092 1873 3106 1909 :
3137 1856 3495 1910 arbitrabatur
3514 1853 3576 1906 ad
3600 1851 3897 1921 profectum

639 1947 809 1999 dictus
848 1945 1069 1999 antistes
1119 1959 1330 1996 omnem
1376 1944 1750 1998 ecclesiastica:
1796 1943 2216 1997 conversa'iunis

640 2035 989 2091 substantiam
1023 2043 1073 2088 et
1105 2033 1313 2087 divitias
1345 2049 1631 2101 pauperum
1666 2049 1879 2087 suorum
1904 2036 1953 2086 in
1984 2033 2095 2101 ejus
2127 2048 2217 2099 po-

641 2133 829 2177 testate
868 2123 1192 2186 committit,
1240 2124 1425 2177 volens
1462 2134 1583 2175 ante
1624 2125 1985 2190 episcopatum
2022 2138 2217 2190 cogno-

640 2227 817 2275 scere,
850 2214 1057 2282 qualem
1094 2214 1283 2265 futuris
1315 2215 1637 2278 temporibus
1666 2222 1989 2280 pra'pararet
2015 2214 2217 2280 cpisco-

641 2317 784 2365 pum.
822 2302 887 2354 Et
912 2318 1029 2358 cum
1061 2301 1149 2354 vix
1179 2303 1278 2364 sit,
1310 2312 1366 2354 ut
1395 2305 1460 2355 ah
1490 2317 1673 2354 eorum
1705 2303 1977 2369 personis,
2012 2303 2079 2356 de
2102 2305 2216 2370 qui-

641 2387 737 2441 bus
780 2389 1132 2445 successionis
1193 2389 1387 2441 seritur
1442 2390 1906 2458 quantulacunque
1962 2394 2214 2460 suspicio,

640 2475 834 2530 invidia
884 2486 1246 2543 temperetur;
1305 2476 1356 2529 in
1406 2478 1556 2529 istius
1604 2479 1768 2543 gratia
1817 2479 1920 2532 sibi
1970 2480 2218 2533 credebat

642 2565 814 2631 perire
844 2567 857 2595 ¹
888 2575 1104 2619 sanctus
1138 2575 1319 2631 pater,
1353 2567 1607 2634 quidquid
1642 2568 1824 2623 fuisset
1865 2571 2040 2623 minus
2069 2571 2217 2624 exhi-

641 2656 803 2708 bitum
842 2673 855 2705 :
892 2657 1131 2721 qumdam
1178 2656 1227 2708 in
1270 2656 1360 2707 illo
1400 2672 1525 2719 sui,
1566 2658 1806 2722 qumdam
1853 2660 2063 2713 volebat
2099 2674 2217 2712 esse

642 2743 859 2810 majora.
898 2746 961 2795 At
995 2744 1093 2798 iste
1130 2744 1453 2812 quotidianis
1492 2746 1849 2813 profectibus,
1880 2750 2037 2802 etiam
2069 2752 2217 2813 cupi-

641 2834 844 2887 dissimi
869 2835 919 2886 in
944 2835 1185 2886 oratione
1212 2835 1465 2901 genitoris
1489 2845 1606 2886 vuta
1642 2842 2058 2893 transcenderat.
2092 2838 2219 2894 Erat

643 2925 783 2976 enim
810 2926 1041 2992 genitor,
1070 2925 1223 2993 cujus
1251 2940 1370 2977 cum
1410 2940 1503 2993 per
1534 2926 1874 2994 Evangelinm
1905 2939 2216 2993 conceptum

643 3013 787 3071 verbi
818 3014 1054 3073 cmlestis
1083 3015 1286 3068 semine
1336 3014 1437 3067 feta
1485 3014 1634 3067 alvus
1664 3015 1939 3072 effuderat.
1992 3016 2122 3068 Nam
2156 3017 2220 3070 de

643 3101 889 3169 pudicitia
934 3101 1141 3168 juvenis
1180 3101 1283 3154 mei
1325 3100 1453 3168 quid
1504 3102 1730 3169 loquar?
1774 3104 1824 3156 in
1863 3120 1966 3172 quo
2008 3106 2219 3162 domum

2319 1960 2470 1998 suum
2499 1946 2764 2009 sufﬁcere,
2792 1945 2834 1999 si
2858 1960 2976 1999 cum
3006 1942 3138 1998 bona
3169 1959 3379 2013 semper
3406 1941 3755 1997 aestimatione
3781 1954 3899 1993 ser-

2320 2036 2468 2087 viret.
2507 2034 2788 2103 Postquam
2820 2042 2997 2087 tatnen
3030 2032 3259 2086 invalida
3293 2038 3572 2093 senectus,
3603 2038 3651 2083 et
3683 2043 3897 2096 semper

2317 2124 2383 2175 de
2414 2122 2810 2197 infirmitatibus
2841 2123 3059 2189 querula
3102 2121 3458 2174 venerabilem
3490 2119 3658 2171 virum
3690 2117 3893 2184 Crispi-

2319 2229 2441 2265 num
2474 2213 2773 2281 pontificem
2804 2214 3117 2280 occupavit,
3160 2212 3310 2266 istius
3353 2211 3746 2265 sustentabatur
3784 2224 3899 2263 ma-

2320 2301 2511 2364 nibus,
2562 2301 2613 2354 in
2662 2301 2816 2366 hujus
2862 2304 3037 2356 nitens
3087 2302 3392 2372 erigebatur
3438 2301 3751 2369 amplexus,
3801 2313 3898 2367 pes

2320 2388 2458 2441 illius
2483 2399 2599 2441 erat
2618 2428 2633 2453 ,
2663 2390 2849 2443 oculus
2874 2433 2888 2457 ,
2917 2389 3131 2444 dextera
3155 2406 3169 2453 ;
3214 2389 3365 2457 cujus
3396 2388 3706 2451 ministerio,
3735 2387 3896 2456 quid-

2320 2476 2443 2544 quid
2496 2486 2733 2545 0ptasset
2783 2476 2895 2530 fieri
2924 2517 2937 2538 ,
2988 2486 3109 2531 ante
3151 2477 3443 2545 juss‘onem
3489 2490 3635 2529 suam
3685 2475 3901 2528 videbat

2319 2565 2621 2633 impletum.
2676 2566 3035 2621 l’rmsentiunt
3077 2567 3218 2619 enim
3268 2566 3419 2617 home
3462 2576 3668 2619 mentes
3711 2578 3897 2617 eorum

2319 2656 2577 2708 desideria
2602 2698 2615 2719 ,
2657 2655 2849 2724 quibus
2882 2670 3000 2709 cum
3036 2654 3337 2722 integritate
3377 2653 3716 2706 famulantur.
3752 2651 3901 2705 Talis

2321 2745 2371 2797 in
2403 2744 2706 2808 diaconatu,
2740 2759 2766 2795 a
2800 2743 3053 2811 vigesimo
3086 2742 3368 2805 incipiens,
3409 2752 3530 2795 octo
3578 2755 3744 2794 annos
3798 2756 3898 2794 ex-

2322 2833 2485 2900 plevit
2516 2850 2528 2884 :
2558 2842 2610 2885 et
2658 2833 2868 2901 quidem
2912 2841 3037 2887 tunc
3079 2842 3250 2884 status
3302 2833 3553 2885 Ecclesia:
3601 2832 3900 2885 'I'iiiuensis

2322 2922 2456 2975 bona
2485 2923 2799 2977 clericorum
2836 2922 2982 2988 fruge
3014 2922 3265 2989 pollebat.
3305 2921 3466 2973 Erant
3500 2920 3745 2975 cmlestes
3771 2921 3899 2983 viri,

2321 3028 2451 3082 quos
2482 3016 2579 3069 iste
2609 3029 2635 3065 a
2666 3014 2988 3081 perfectione
3037 3013 3292 3079 incipiens
3326 3014 3344 3043 '
3372 3012 3585 3064 amabat
3614 3029 3624 3062 :
3657 3011 3752 3064 fuit
3794 3011 3901 3064 Sil-

2325 3114 2502 3159 vester
2533 3105 2940 3157 archidiaconus
2969 3119 3028 3156 ea
3063 3111 3398 3169 tempestate,
3431 3101 3591 3154 homo
3620 3101 3670 3154 in
3696 3108 3902 3153 vetusta

643 3194 741 3251 sibi
770 3201 1031 3257 statuerat
1064 3192 1282 3245 ca5titas
1303 3231 1318 3253 ,
1347 3201 1399 3244 et
1430 3194 1754 3247 centinentia
1795 3197 2004 3251 radices
2034 3197 2213 3251 fixerat
2245 3215 2289 3275 (ς
2328 3180 2721 3265 disciplinarum
2790 3194 3139 3248 instructione
3192 3191 3599 3261 probatissimos
3624 3206 3638 3255 ;
3665 3192 3903 3245 lienosos

643 3283 693 3336 in
723 3283 1074 3352 profundum?
1105 3281 1283 3335 Virum
1309 3296 1366 3335 se
1387 3296 1526 3343 esse.
1555 3285 1652 3337 nisi
1684 3300 1774 3351 per
1798 3286 1994 3341 laboris
2019 3293 2221 3357 patien-
2282 3278 2285 3283 ί
2330 3288 2627 3357 presbyter,
2675 3295 2779 3338 tam
2834 3284 3024 3337 nobilis
3072 3284 3353 3339 sanctitate
3401 3294 3562 3348 quam
3608 3278 3897 3347 sanguine;

643 3372 790 3434 tiam,
824 3372 1101 3443 ignorabat
1126 3388 1135 3421 :
1163 3385 1377 3431 carnem
1407 3371 1619 3432 habere,
1646 3372 1744 3426 n'si
1768 3388 1884 3426 cmn
1908 3377 2218 3430 moriturum

644 3478 701 3517 se
731 3478 850 3516 esse
881 3461 1235 3523 meminerat,
1278 3460 1567 3514 nesciebat.
1613 3460 1833 3526 Quo:ies
1864 3469 2039 3514 tamen
2075 3466 2219 3518 illum

644 3566 933 3620 corporeus
980 3549 1283 3618 appetitus,
1332 3549 1469 3605 sicut
1512 3550 1579 3601 ab
1627 3551 1741 3617 ipso
1770 3550 1965 3617 didici,
2011 3552 2223 3608 ludebat

646 3639 961 3710 imaginibus
1007 3637 1337 3691 somniorum
1366 3679 1378 3699 ,
1434 3636 1574 3689 illico
1626 3636 1701 3695 ad
1740 3637 1946 3705 vigilias
1987 3649 2217 3707 sanctas,

647 3729 947 3789 continuata
989 3726 1189 3794 jejunia
1216 3766 1231 3789 ,
1284 3724 1456 3780 standi
1508 3726 1807 3781 diutissime
1852 3730 2220 3783 necessitatem

648 3820 797 3886 plena
825 3817 1077 3877 aviditate
1114 3816 1392 3879 currebat;
1433 3816 1697 3883 talemque
1728 3817 1967 3871 bellatrix
2004 3817 2221 3871 dextera

649 3912 841 3965 animm
879 3908 990 3961 suis
1034 3894 1416 3963 certaminibus
1464 3905 1717 3960 reddebat
1767 3922 2011 3969 carnem,
2055 3917 2109 3960 ut
2153 3910 2222 3961 illi

650 4013 780 4066 opus
799 4005 943 4053 esset
964 4004 1146 4064 postea
1171 4011 1266 4063 pro
1286 3996 1606 4048 necessitate
1629 3999 1890 4050 succurri.
1918 3998 2024 4052 Nec
2050 4010 2223 4059 tamen

649 4088 844 4138 refecto
870 4084 1190 4151 corpusculo
1218 4082 1527 4152 indulgebat
1552 4084 1660 4136 otio
1685 4102 1697 4136 :
1726 4086 1977 4140 utebatur
2003 4089 2226 4145 lectione

650 4187 745 4239 pro
771 4170 952 4238 requie
973 4210 987 4233 ,
1021 4171 1276 4223 librorum
1310 4170 1692 4237 venerabilium
1723 4187 1820 4240 pro
1848 4174 2228 4232 blandimentis

651 4268 998 4327 instrumenta
1026 4258 1321 4327 suscipiens
1352 4274 1365 4310 :
1399 4260 1706 4315 memoriter
1730 4264 1892 4318 semel
1925 4274 2228 4320 transcursa

651 4348 904 4413 reddebat
936 4366 947 4399 :
980 4356 1034 4401 et
1062 4362 1129 4401 ne
1164 4348 1474 4409 crederetur
1510 4348 1901 4414 Seripturarum
1932 4352 2228 4408 divinarum

652 4440 916 4507 tramitem
948 4439 1228 4499 verborum
1274 4443 1643 4493 tantummodo
1671 4444 1945 4501 celeritate
1983 4453 2227 4502 transvo-

653 4533 826 4597 lasse,
864 4531 1119 4601 pingebat
1144 4529 1351 4587 actibus
1376 4530 1488 4585 suis
1520 4532 1763 4600 paginam
1802 4551 1957 4601 quam
1991 4537 2223 4604 legisset.

654 4625 707 4681 Si
730 4625 985 4693 prepheta
1012 4623 1199 4676 fuisset
1221 4622 1272 4673 in
1301 4622 1566 4683 manibus.
1593 4625 1995 4692 proplietantem
2021 4627 2229 4683 videres

654 4715 837 4770 codice
877 4715 1076 4768 amisso
1118 4714 1374 4767 lectorem
1412 4730 1421 4762 :
1456 4714 1498 4765 si
1530 4712 1855 4768 Testanienti
1906 4716 2107 4771 Veteris
2146 4734 2228 4770 re-

652 4805 950 4859 censuisset
981 4804 1270 4867 volumina,
1302 4803 1464 4873 Moysi
1492 4803 1683 4871 dignus
1713 4808 1990 4861 aemulator
2021 4808 2232 4862 incede-

652 4894 791 4946 bat:
833 4894 1009 4948 taliter
1060 4910 1121 4948 ac
1168 4896 1212 4949 si
1263 4894 1408 4947 illum
1469 4894 1753 4951 Israelitica
1817 4914 1910 4961 per
1963 4897 2229 4961 desertum

654 4985 861 5051 agmina
888 4994 1267 5053 sequerentur.
1298 4986 1351 5039 Si
1376 4984 1722 5052 apostolicum
1759 4986 1838 5037 Iac.
1869 4988 2151 5041 verborum
2181 4997 2234 5041 et

656 5073 759 5125 mel
804 5072 1085 5127 dominiem
1137 5072 1399 5139 passionis
1430 5074 1769 5128 severitatem
1818 5075 1946 5141 legis
1975 5076 2231 5132 condiens

730 5191 741 5219 ‘
794 5190 1011 5243 Sanctus
1057 5187 1236 5257 pater]
1289 5188 1606 5241 Basilienses
1646 5196 1851 5239 sanctus
1894 5204 2059 5255 papa,
2093 5191 2230 5256 quod

658 5260 756 5313 etsi
784 5260 834 5313 in
867 5257 984 5311 aliis
1016 5257 1137 5308 ferri
1170 5267 1368 5322 posset,
1402 5259 1521 5324 quia
1558 5274 1702 5323 papzc
1733 5273 1921 5309 nomen
1960 5258 2234 5322 quibusvis

659 5330 921 5397 episcopis
967 5326 1209 5395 plerique
1250 5327 1592 5397 tribuebant,
1640 5327 1875 5379 Enuodio
1922 5336 2093 5381 tamen
2130 5345 2233 5385 non

660 5394 1089 5464 convenit,’qni
1141 5406 1193 5444 ut
1242 5395 1305 5445 ad
1358 5394 1607 5456 epistol‘s
1654 5398 1969 5458 docuimus,
2021 5399 2231 5451 unicum

663 5471 911 5523 Romame
944 5467 1083 5519 sedis
1121 5464 1421 5525 pontificem
1462 5479 1650 5531 papatu
1696 5477 1865 5519 vocat.
1921 5467 2048 5519 Nam
2097 5470 2235 5534 quod

660 5534 820 5604 Objii-i
868 5546 1085 5605 posset,
1128 5535 1479 5605 Epiphaniam
1513 5550 1722 5605 quoque
1774 5552 1959 5604 papam
2006 5538 2137 5591 infra
2186 5542 2235 5590 in

662 5603 764 5658 hoc
795 5603 1050 5673 Opusculo
1089 5604 1376 5675 appellari,
1415 5604 1463 5655 id
1496 5603 1623 5655 nihil
1665 5603 1860 5673 officit,
1906 5608 2026 5675 quia
2063 5609 2234 5660 Eurici

667 5677 823 5727 verba
871 5685 993 5726 sunt
1042 5690 1156 5739 qum
1204 5688 1268 5725 eo
1319 5674 1435 5726 loco
1483 5675 1810 5737 recitantur,
1854 5693 1956 5728 non
1992 5678 2234 5731 linnoilii.

664 5742 917 5808 idemque
946 5742 1200 5808 judicium
1242 5743 1308 5795 de
1345 5744 1473 5795 Viue
1520 5744 1703 5801 titulo,
1748 5748 1829 5797 ubi
1870 5764 1997 5812 papa
2048 5748 2237 5798 dcitur

666 5812 993 5885 Epiphanius
1032 5830 1038 5859 :
1083 5830 1201 5865 nam
1242 5816 1523 5868 asvititium
1568 5812 1789 5865 videtur.
1855 5816 2030 5883 Itaque
2078 5820 2238 5884 patris

2261 4577 2310 4635 Π

2284 4627 2309 4653 ⁵
2334 4630 2574 4683 soliditas
2605 4639 2657 4682 et
2688 4630 2854 4682 virtus
2882 4628 3074 4681 anima:
3112 4627 3529 4681 imbecillitatem
3571 4641 3742 4680 meam
3786 4642 3917 4693 ραι-ο,

2322 5198 2535 5245 ‘nomen
2571 5194 2669 5244 hoc
2708 5192 2825 5244 loco
2864 5192 3190 5245 reddidimus

2324 3376 2505 3433 Gallus
2531 3376 2741 3443 quidem
2775 3374 3042 3441 prosapia,
3073 3372 3163 3425 sed
3188 3370 3421 3424 cmlestis
3442 3368 3686 3435 indigena
3715 3384 3729 3420 :
3755 3366 3903 3421 fuere

2323 3465 2408 3517 alii
2445 3472 2499 3516 et
2532 3478 2753 3515 numero
2788 3463 2969 3527 plures
3001 3469 3055 3514 et
3083 3461 3278 3513 virtute
3317 3465 3648 3525 praestantes,
3676 3469 3901 3522 quorum

2325 3554 2522 3607 idcirco
2568 3553 2703 3607 facio
2749 3552 3072 3604 mentionem
3100 3590 3114 3615 ,
3159 3549 3278 3618 quia
3321 3562 3477 3613 parva
3518 3545 3674 3599 laude
3712 3544 3904 3611 dignus

2324 3655 2425 3706 est,
2456 3644 2542 3709 qui
2576 3650 2781 3695 tantum
2814 3640 3024 3693 miseris
3054 3637 3369 3691 antefertur.

2394 3730 2543 3785 Circa
2585 3730 2742 3783 linem
2778 3739 2951 3781 tamen
2986 3728 3106 3780 vitm
3137 3740 3291 3795 quem
3342 3722 3529 3791 Spiritu
3575 3717 3904 3787 prmvidebat

2326 3829 2540 3876 sanctus
2570 3821 2791 3873 antistes
2814 3859 2828 3881 ,
2869 3818 3222 3871 Mediolanum
3262 3814 3487 3867 vicinam
3530 3808 3740 3877 expetiit
3766 3806 3905 3859 civi-

2329 3920 2488 3966 tatem
2515 3951 2528 3973 ,
2558 3910 2644 3962 ubi
2680 3907 2931 3962 nobilium
2964 3906 3200 3974 germina
3233 3917 3407 3955 messe
3438 3901 3663 3967 quadam
3694 3894 3908 3948 munda:

2330 4000 2662 4070 ingenuitatis
2698 4004 3063 4052 excreverant.
3106 3995 3251 4061 Quos
3282 3991 3599 4045 visitationis
3627 3988 3791 4057 gratia
3821 4002 3908 4040 re-

2329 4091 2574 4157 quisitos,
2591 4090 2782 4145 talibus
2804 4090 2883 4141 vir
2897 4088 2988 4141 Dei
3011 4085 3348 4139 sermonibus
3369 4082 3675 4161 appellavit.
3705 4099 3722 4132 ι
3747 4080 3907 4143 Ecce,

2331 4181 2442 4244 lilii,
2471 4180 2578 4248 jam
2604 4194 2688 4233 me
2715 4187 2843 4231 aetas
2867 4176 3135 4245 compellit
3160 4176 3225 4228 ad
3257 4175 3558 4228 transitum.
3590 4174 3708 4227 1am
3739 4171 3906 4240 origi-

2331 4273 2532 4329 nariam
2563 4270 2631 4326 ad
2654 4271 2741 4339 jus
2765 4285 2917 4323 suum
2950 4274 3165 4321 revocat
3192 4275 3331 4320 terra
3377 4266 3708 4331 particulam.
3743 4263 3908 4317 Com-

2333 4361 2525 4417 mendo
2555 4361 2822 4423 civitatem
2848 4399 2862 4421 ,
2893 4356 3210 4412 commendo
3243 4355 3563 4422 Ecclesiam,
3591 4354 3909 4411 commendo

2334 4451 2508 4516 hunc,
2551 4451 2701 4519 cuius
2732 4449 2897 4503 labori
2931 4457 2984 4501 et
3014 4448 3195 4515 gratia:
3226 4446 3395 4503 debeo
3422 4488 3437 4511 ,
3479 4449 3621 4517 quod
3649 4462 3812 4516 usque
3839 4446 3910 4501 ad

2334 4541 2435 4596 hoc
2465 4550 2671 4609 tempus
2696 4540 2821 4601 vixi,
2849 4546 2903 4594 et
2929 4537 3242 4607 grandmvus
3271 4546 3322 4591 et
3350 4537 3563 4591 debilis.
3595 4538 3615 4567 ³
3644 4536 3910 4602 Corporea

2338 4722 2465 4777 tavit
2508 4720 2628 4774 sine.
2675 4718 2886 4773 fastidio
2919 4737 2931 4770 :
2964 4719 3115 4784 cuius
3160 4717 3425 4772 ambulavi
3477 4716 3726 4784 pedibus,
3766 4715 3913 4770 tenui

2337 4809 2532 4877 aliquid
2562 4810 2825 4871 manibus,
2857 4809 2962 4861 vidi
2990 4810 3182 4872 oculis,
3212 4807 3450 4861 ordinavi
3477 4821 3725 4861 sermone
3758 4823 3770 4857 :
3805 4806 3913 4860 duo

2339 4901 2644 4955 videbamur
2667 4901 3010 4963 intuentibus,
3035 4917 3153 4954 cum
3180 4916 3315 4953 unus
3334 4916 3427 4967 per
3452 4899 3788 4953 concordiam
3817 4899 3914 4953 lle-

2341 5002 2421 5047 ret
2468 5008 2533 5047 ex
2581 4993 2805 5047 duobus.
2845 5010 2861 5041 ›
2920 4991 3042 5045 Ηςυο
3082 4991 3103 5019 ⁸
3153 4991 3367 5043 Rustico
3408 4990 3599 5042 illustri
3630 4988 3746 5041 viro
3774 4988 3914 5041 dicta

2340 5084 2548 5151 penitus
2579 5084 2907 5145 insederunt,
2934 5084 3020 5151 qui
3053 5083 3104 5135 in
3135 5083 3282 5137 omni
3309 5080 3514 5134 dicendi
3542 5094 3739 5149 genere
3760 5094 3917 5133 εχιτ-

3228 5206 3242 5241 :
3286 5193 3422 5260 quod
3459 5203 3917 5247 asserunt‘vctera

2341 5262 2688 5328 exemplaria.
2715 5272 2765 5315 et
2791 5278 2907 5329 qua:
2934 5278 3051 5315 mox
3083 5273 3397 5330 sequuntur,
3424 5263 3550 5317 satis
3572 5264 3917 5323 confirmant,

2342 5331 2427 5383 ubi
2465 5331 2672 5396 genitor
2705 5342 3053 5399 nuncupatur.

2413 5402 2431 5429 ’
2476 5400 2785 5461 Bollandus,
2820 5402 3056 5453 anteibat.

2417 5470 2436 5541 ξ
2474 5470 2677 5541 S_choll.
2711 5481 2762 5523 et
2796 5473 2948 5533 Boll.,
2983 5473 3126 5539 cujus
3156 5489 3413 5541 corporea.

2417 5538 2438 5567 δ
2481 5539 2690 5592 Rustico
2721 5541 2768 5595 Ι.
2811 5542 2896 5609 v.1
2929 5538 3261 5609 Illi,opiuor‘,
3294 5546 3377 5609 qui
3409 5543 3588 5607 paucis
3616 5551 3737 5595 ante
3764 5542 3920 5593 annis

2345 5610 2529 5679 consul
2565 5609 2734 5661 fuerat
2778 5626 2894 5663 cum
2940 5612 3195 5679 Olybrio,
3241 5628 3383 5665 anno
3422 5613 3625 5666 scilicet
3656 5612 3777 5665 462.
3826 5610 3921 5663 llic

2348 5678 2597 5729 Rusticus
2645 5679 3087 5743 Mediolanensis,
3145 5682 3275 5734 alter
3330 5682 3518 5735 eodem
3575 5692 3814 5748 tempore
3867 5680 3922 5731 iu

2349 5748 2515 5799 Gallia
2550 5748 2795 5799 Rusticus
2826 5748 3238 5813 Burdigalensis,
3270 5751 3332 5802 ad
3360 5768 3514 5818 quem
3548 5752 3732 5803 scribit
3765 5750 3920 5799 Sido-

2352 5820 2467 5870 nius
2496 5818 2583 5871 lib.
2622 5834 2675 5881 ll,
2705 5827 2753 5870 et
2784 5820 2847 5871 de
2879 5835 2981 5886 quo
3014 5820 3134 5872 item
3166 5821 3253 5873 lib.
3292 5837 3377 5873 vm
3402 5861 3415 5885 ,
3448 5822 3603 5889 epist.
3638 5820 3693 5871 ll
3733 5836 3743 5870 :
3776 5818 3921 5873 Sam
