4192 6260
314 366 415 420 εειδ

1239 357 1385 411 VITA
1432 358 1489 410 Β.
1535 355 1871 409 EPlPilANll
1917 354 2223 411 EPISCOPI
2263 355 2655 411 TlClNENSiS.

3454 350 3556 405 ΞΗ

315 475 671 534 citatissitttus,
710 473 797 524 [aii
828 481 907 524 cst
939 485 1088 523 orsus
1118 470 1349 538 eloquio.
1389 488 1406 518 σ
1445 470 1674 535 Scimus,
1705 476 1887 522 sancte
1918 470 1965 527 Α
1994 470 2141 520 vobis
2173 486 2382 523 (’mnnm
2426 471 2598 523 ioncm
2649 485 2797 521 serva
2842 468 2872 518 tl
2912 478 2958 519 in
3004 482 3123 519 curn
3156 465 3299 519 oumi
3346 467 3557 518 Immin-

319 568 498 627 Pater,
530 564 761 625 scimus,
789 572 841 614 et
874 559 1126 629 profunda
1165 558 1591 612 consideratione
1620 557 1888 626 perSpexi-

316 671 454 717 mus,
482 655 740 721 juvenem
773 653 931 705 istum
961 666 1064 703 non
1096 658 1341 717 oportere
1371 663 1467 716 pro
1498 652 1667 701 aetatis
1699 649 1883 700 imma-

314 746 519 798 turitate
542 742 783 806 censeri,
812 755 909 794 nec
930 740 1126 794 debere
1150 739 1324 808 gravis
1350 739 1562 792 concilii
1585 739 1885 792 hominibus

314 844 521 886 teneros
552 845 648 897 pro
675 829 899 898 quadam
927 828 1079 882 obice
1107 842 1275 881 annos
1302 828 1475 882 afferri
1506 846 1519 882 :
1552 830 1633 881 vir
1659 843 1885 897 namque

311 936 431 974 cana
478 934 695 971 morum
747 917 1050 985 integritate
1103 916 1387 983 probabilis
1427 919 1687 985 geminata
1733 920 1885 974 laude

311 1012 488 1080 dignus
539 1018 621 1064 est
646 1050 661 1073 ,
703 1009 746 1061 si
787 1008 860 1060 illi
900 1008 965 1059 ad
1022 1007 1325 1061 venerabile
1370 1007 1561 1062 mentis
1602 1009 1880 1074 imperum

314 1102 507 1170 puerile
558 1114 753 1166 corpus
802 1099 1154 1165 obtemperet.
1203 1097 1329 1151 Vive
1372 1106 1426 1151 tu
1478 1107 1685 1163 tamen,
1745 1102 1880 1163 vive,

313 1193 607 1258 exemplum
638 1201 690 1244 et
722 1189 887 1243 forma
928 1190 1189 1242 bonotum
1231 1203 1483 1257 operum,
1527 1198 1581 1242 et
1610 1189 1881 1243 uberiores

313 1285 358 1334 in
379 1296 462 1343 eo,
495 1281 546 1335 si
575 1281 747 1332 adhuc
776 1287 995 1344 possunt
1018 1292 1284 1341 crescere,
1312 1278 1499 1332 lucida:
1522 1280 1885 1332 conversatio—

313 1373 387 1425 nis
415 1371 617 1423 fruetus
658 1368 907 1436 adjunge.
949 1386 966 1418 ι
1022 1368 1114 1421 His
1154 1368 1310 1421 dietis
1352 1367 1625 1421 conticuit.
1682 1370 1746 1420 At
1792 1369 1882 1423 ille

316 1463 574 1531 piissimus
606 1460 841 1529 pontifex
874 1460 1255 1514 benevolentiae
1284 1460 1398 1527 ejus
1428 1460 1739 1528 impendens
1761 1477 1879 1529 gra-

318 1554 445 1616 tias,
483 1551 621 1618 quod
672 1564 855 1604 secum
907 1549 1017 1618 pari
1069 1549 1136 1603 de
1183 1548 1444 1616 discipulo
1489 1550 1880 1607 existimatione

323 1643 531 1695 sentiret
550 1681 564 1703 ,
597 1640 741 1693 dicto
770 1641 884 1693 vale
903 1681 917 1705 ,
948 1640 1193 1693 discessit
1218 1655 1232 1703 ;
1277 1648 1432 1709 atque
1460 1641 1700 1695 Ticinum
1730 1644 1877 1711 quasi

324 1733 381 1785 ad
409 1732 705 1799 sepulcrum
742 1732 997 1784 festinans
1030 1744 1304 1798 tegressus
1329 1740 1408 1784 est
1439 1746 1451 1781 :
1485 1732 1569 1797 qui
1602 1732 1879 1800 aliquantis

1993 574 2095 613 tate
2140 562 2422 627 polliceor;
2458 576 2627 627 neque
2660 560 2891 612 futurum
2932 575 3052 613 esse
3088 573 3433 627 quemquam,
3466 559 3556 623 qni

1990 670 2094 715 me,
2124 654 2221 705 nisi
2250 669 2366 705 cum
2398 653 2505 706 Deo
2532 662 2735 717 nostro,
2761 652 2923 720 possit
2954 650 3222 703 offendere
3248 666 3263 701 :
3286 657 3555 702 auctorem

1990 743 2245 795 bonorum
2275 743 2510 793 omnium
2542 751 2758 795 servate
2805 742 3129 809 pudicitiam,
3163 748 3216 793 et
3242 754 3307 791 ne
3334 737 3558 805 injurio—

1986 846 2101 883 sum
2175 832 2366 897 putetis
2418 832 2555 899 quod
2614 831 2925 899 grandzevos
2980 840 3033 884 et
3102 832 3441 898 presbyteros
3488 827 3556 879 de

1986 922 2311 976 continentia
2362 932 2415 975 et
2459 922 2761 989 integritate
2803 918 3063 973 servanda
3111 936 3241 988 puer
3284 918 3550 987 appellat:

1984 1015 2340 1076 conversatio,
2377 1030 2477 1065 non
2508 1013 2655 1074 anni,
2685 1020 2774 1064 aut
2803 1011 3213 1065 adolescentiam
3244 1011 3435 1077 aperit,
3463 1018 3554 1061 aut

1985 1112 2272 1156 senectam.
2299 1101 2651 1167 Speculamini
2696 1117 2826 1154 mem
2856 1100 3276 1153 conversationis
3320 1100 3549 1159 interna,

1981 1202 2033 1243 et
2062 1193 2104 1245 si
2138 1193 2407 1258 indignum
2437 1190 2632 1257 aliqttid
2665 1190 2972 1258 agnoscitis.
3003 1199 3267 1243 coercete.
3302 1187 3469 1242 Nemo
3496 1198 3551 1241 ut

1983 1281 2235 1334 Ecclesiae
2265 1281 2553 1347 principem
2586 1282 2872 1333 admonere
2920 1279 3121 1343 timeat,
3154 1279 3196 1332 si
3240 1278 3423 1345 probat
3465 1292 3553 1330 er-

1984 1382 2206 1422 rantem.
2232 1389 2259 1420 »ν
2289 1370 2378 1422 llis
2406 1370 2477 1421 ita
2509 1369 2685 1431 dictis,
2730 1369 3002 1422 conticuit.
3039 1370 3404 1423 Snrrexerunt
3435 1382 3550 1421 om-

1982 1474 2094 1524 nes,
2125 1470 2177 1514 et
2205 1475 2459 1521 censona,
2486 1460 2633 1526 qua~i
2666 1474 2729 1513 ex
2785 1460 3005 1527 pristina
3052 1460 3417 1520 meditatione,
3449 1458 3553 1511 sub

1980 1561 2344 1605 momeuttnea
2378 1562 2550 1605 tamen
2579 1565 2707 1605 voce
2742 1552 2991 1603 dixerunt
3021 1565 3034 1604 :
3059 1554 3216 1611 «Ave,
3250 1551 3404 1602 Pater
3428 1563 3548 1617 pro-

1980 1641 2271 1701 batissimo,
2299 1656 2395 1694 ave
2424 1640 2659 1708 pontifex
2687 1640 3002 1706 singularis:
3031 1641 3224 1692 bonum
3256 1648 3305 1692 te
3335 1638 3551 1706 quidem

1980 1732 2349 1783 universorum
2393 1729 2562 1782 sensit
2608 1729 2831 1791 electio;
2864 1728 2955 1781 sed
2987 1730 3241 1795 Optimum
3271 1728 3429 1780 etiam
3460 1736 3546 1779 ttta

321 1823 495 1876 diebus
525 1824 757 1875 emensis
792 1823 980 1875 morbo
1016 1824 1160 1888 rigio
1188 1821 1459 1888 perfusus.
1492 1822 1661 1876 lucem
1690 1824 1868 1877 szeculi
1904 1809 1948 1866 Β
1977 1829 2238 1872 testantur
2295 1819 2544 1883 alloquio.
2610 1817 2820 1872 Creseis
2878 1820 3075 1871 sanctis
3142 1817 3343 1870 meritis
3405 1817 3545 1885 apud

322 1911 472 1963 nostri
503 1924 731 1976 superna
775 1908 1099 1962 habitatione
1129 1909 1491 1961 commutavit.

383 2000 654 2067 Extemplo
683 2001 733 2051 in
766 1998 924 2051 istum
973 1998 1229 2051 bonorum
1271 1998 1506 2051 omnium
1555 2012 1872 2053 consensum

316 2087 586 2140 adducitur
626 2104 638 2137 ε
680 2100 900 2154 magnus
954 2086 1093 2138 illico
1134 2086 1183 2137 itt
1221 2095 1326 2139 tota
1369 2087 1501 2140 urbe
1537 2102 1827 2141 concursus
1859 2107 1869 2139 :

323 2178 518 2244 rapitur
556 2191 584 2229 a
631 2176 1003 2229 lamentatione
1050 2175 1257 2229 funebri
1306 2176 1354 2227 in
1400 2176 1648 2243 gaudium
1696 2178 1872 2245 pepuli

315 2269 695 2323 consecrandus
743 2268 983 2320 antistes.
1053 2266 1235 2320 Flebat
1296 2266 1394 2321 iste
1459 2268 1874 2335 intemperanter

312 2360 492 2411 dolore
518 2359 702 2411 mortis
735 2367 986 2425 paternm,
1021 2358 1104 2410 eui
1140 2356 1287 2409 reddi
1334 2356 1539 2427 debitas
1570 2357 1772 2424 aliquas
1801 2357 1873 2409 la-

312 2462 510 2518 crym‘ts
539 2449 853 2515 promiscuae
887 2446 1237 2499 multitudinis
1277 2447 1453 2499 Iustitia
1488 2462 1590 2499 non
1639 2448 1866 2501 sinebat.

311 2539 599 2593 Resistebat
630 2540 681 2590 in
714 2550 969 2605 quantum
1016 2546 1241 2603 po'erat,
1277 2544 1330 2590 et
1364 2537 1638 2605 indignum
1680 2552 1738 2590 se
1763 2536 1868 2604 jam

310 2631 585 2699 apo-lolica
628 2628 931 2682 imitatione
976 2629 1281 2680 clamitabat
1308 2645 1319 2677 :
1344 2627 1436 2679 sed
1467 2635 1669 2680 tantum
1701 2629 1868 2694 magis

312 2721 549 2789 surgebat
574 2722 627 2773 in
652 2735 715 2773 eo
745 2719 959 2771 dilectio
984 2726 1326 2780 cunctorum,
1356 2726 1607 2785 quantum
1642 2717 1691 2769 itt
1736 2718 1871 2769 mul—

318 2813 533 2864 titudine
556 2827 737 2879 magna
761 2812 902 2863 solus
932 2818 1067 2872 erat,
1092 2809 1178 2876 qui
1207 2823 1265 2862 se
1290 2808 1551 2862 vocitaret
1576 2808 1865 2877 indignum.

315 2902 463 2955 Nunc
498 2901 616 2965 quid
658 2902 884 2968 pluribus
923 2907 1061 2961 utar,
1096 2899 1184 2965 qui
1230 2899 1406 2951 omnia
1457 2899 1726 2964 explicare
1764 2914 1867 2952 non

310 2993 499 3044 valeo?
526 2991 886 3044 Finitimarnm
941 2989 1211 3041 civitatum
1252 2989 1545 3056 junguntur
1590 2988 1782 3052 studia,
1816 2998 1868 3041 et

307 3084 584 3137 attrahitur
614 3092 752 3135 tanta
783 3082 1049 3141 c-dlcctio,
1079 3096 1140 3132 ac
1162 3083 1204 3131 si
1229 3079 1515 3132 initiandus
1539 3088 1679 3132 esset
1708 3080 1868 3131 totius

1976 1909 2351 1961 conscientiam
2372 1918 2628 1970 nostram,
2655 1918 2703 1962 et
2727 1909 2950 1975 aperiris
2980 1908 3128 1959 lucet
3155 1922 3359 1972 perum,
3386 1921 3549 1972 supra

1975 2014 2131 2063 quem
2180 1999 2549 2066 porrigebatur
2599 1999 2841 2065 Opinio.»
2892 1997 3096 2063 Quibus
3149 1997 3379 2049 breviter
3426 2011 3537 2062 per-

1976 2090 2190 2153 strictis,
2221 2099 2467 2157 suscepto
2497 2104 2684 2141 omnes
2712 2104 2931 2143 munere
2961 2089 3341 2142 discesserunt.

2045 2180 2161 2233 Mox
2193 2179 2296 2233 sibi
2322 2180 2503 2233 beatus
2531 2181 2757 2234 antistes
2804 2181 3019 2248 proprio
3050 2196 3141 2232 ore
3170 2180 3315 2245 leges
3353 2177 3546 2246 quibus

1974 2286 2031 2323 se
2058 2280 2232 2338 posset
2259 2279 2459 2332 tenere,
2485 2270 2722 2324 dictavit.
2749 2272 2980 2325 Primum
3012 2273 3193 2325 statuit
3220 2285 3321 2323 non
3358 2272 3541 2323 lavan-

1973 2361 2115 2423 dum,
2148 2375 2213 2413 ne
2243 2360 2465 2413 nitorem
2496 2362 2688 2413 animre
2713 2373 2766 2414 et
2798 2362 3067 2415 interioris
3114 2362 3345 2415 hominis
3393 2363 3544 2415 forti-

1973 2451 2203 2505 tudinem
2236 2452 2418 2505 balnea
2449 2454 2612 2519 magis
2639 2452 2884 2505 sordibus
2910 2454 3076 2505 amica
3109 2453 3536 2520 confringerent.

1975 2540 2172 2593 Deinde
2200 2540 2509 2593 decreverat
2540 2556 2805 2608 nunquam
2852 2556 2970 2594 esse
3016 2542 3414 2608 prandendum;
3448 2543 3539 2594 sed

1973 2645 2039 2684 ne
2086 2632 2335 2696 propositi
2388 2632 2703 2685 sententiam
2760 2634 3250 2699 supervenientium
3308 2634 3385 2685 vis
3437 2634 3539 2685 ulla

1973 2729 2275 2785 temeraret,
2302 2732 2353 2775 et
2383 2733 2471 2773 aut
2494 2722 2760 2787 jactantiae
2784 2723 3010 2786 nebulis,
3030 2730 3119 2775 aut
3144 2723 3381 2776 avaritiae
3404 2722 3538 2774 fama

1975 2811 2289 2873 latdt-retur,
2341 2811 2590 2865 diffioivit
2638 2826 2900 2880 nunquam
2950 2812 3048 2867 sibi
3090 2813 3442 2875 cenandum;
3486 2823 3542 2865 ut

1969 2904 2316 2955 commutatio
2357 2903 2625 2965 horarum,
2657 2917 2716 2953 ac
2747 2917 2839 2969 per
2870 2902 2970 2954 Itoc
3010 2903 3174 2955 semel
3220 2902 3271 2955 in
3301 2902 3386 2954 die
3415 2901 3539 2955 refic

1969 2993 2140 3045 eiendi
2185 3004 2391 3059 tempus
2443 2993 2675 3045 afferret.
2708 2994 2863 3046 Cibo:
2907 2993 3064 3060 jussit
3093 2993 3193 3045 sibi
3228 2995 3437 3060 placere
3464 2994 3540 3046 vi-

1970 3082 2149 3140 liores,
2204 3080 2443 3147 nihilque
2500 3083 2548 3131 in
2599 3064 2944 3148 apparatione
3002 3082 3324 3134 ferculorum
3382 3097 3543 3136 nares

308 3174 444 3225 orbis
460 3173 759 3239 episcopus.
784 3171 997 3222 Ducitur
1016 3169 1364 3221 Mediolanum
1383 3168 1557 3221 adhuc
1580 3169 1862 3232 reluctans,
1897 3147 1940 3207 (ἶ
1974 3182 2321 3236 saporemque
2352 3184 2502 3221 somn
2540 3183 2691 3235 posse
2720 3169 3009 3233 offendere,
3038 3170 3136 3223 nisi
3161 3171 3298 3237 quod
3332 3185 3538 3224 aroma-

308 3272 355 3316 ct
384 3279 563 3332 magna
598 3264 642 3317 si
671 3264 1027 3315 dimitteretur
1076 3276 1292 3313 munera
1327 3261 1662 3327 promittens,
1693 3261 1779 3325 qui
1813 3269 1868 3312 ιιι

312 3358 470 3418 fieret,
492 3356 664 3421 noluit
690 3355 952 3423 spondere
984 3355 1063 3407 vel
1096 3355 1335 3407 minima.
1367 3351 1722 3406 Consecratur
1748 3368 1865 3406 cum

308 3450 439 3502 omni
471 3449 785 3503 celebritate
817 3456 1150 3501 cunctorum.
1200 3446 1507 3499 Exsultabat
1547 3445 1774 3499 mundus
1802 3446 1867 3499 de

309 3548 410 3592 tam
454 3550 653 3595 sancta:
708 3541 1060 3595 ordinationis
1111 3542 1421 3608 insignibus.
1486 3542 1865 3594 Extranearum

312 3628 621 3684 habitatores
650 3632 859 3684 urbium
889 3640 1034 3684 tanto
1059 3646 1115 3685 se
1139 3633 1368 3698 tripudio
1394 3632 1683 3698 jactabant,
1720 3631 1867 3699 quasi

307 3724 423 3789 ipsis
468 3726 693 3792 proprie
747 3724 1051 3791 profuturus
1096 3724 1287 3777 infulas
1336 3724 1688 3778 sacerdota'es
1716 3738 1871 3776 exec-

296 3813 443 3877 perit.
469 3813 698 3882 Aliquos
727 3824 900 3867 tamen
937 3829 1243 3882 magnarum
1277 3815 1483 3867 urbium
1514 3815 1714 3867 incolas
1736 3814 1869 3867 edax

300 3904 650 3957 consumebat
700 3904 911 3965 invidia,
948 3904 1084 3971 quod
1129 3914 1327 3956 tantum
1370 3903 1548 3971 oppidi
1580 3903 1871 3957 Ticinensis

300 3996 527 4059 angustia
566 3994 765 4046 habere
790 3994 1070 4047 meruisset
1092 3992 1401 4053 antistitem,
1427 4008 1544 4045 cum
1567 3993 1703 4060 apud
1731 3994 1873 4060 ipsos

295 4088 397 4137 sola
466 4085 759 4154 pontiﬁces
822 4086 1241 4153 metropolitanze
1296 4085 1563 4151 jactantim
1620 4085 1869 4138 vocabula

294 4184 594 4229 iUt‘anllll'.

361 4268 571 4320 Exacto
606 4279 737 4334 ergo
766 4264 1115 4320 dedicationis
1146 4279 1253 4316 sua:
1283 4263 1390 4327 die,
1420 4263 1660 4316 Ticinum
1694 4265 1869 4327 rediit,

295 4357 717 4425 convocatisque
744 4356 1009 4410 universis
1040 4356 1366 4424 presbyteris
1392 4370 1454 4408 ac
1485 4354 1761 4421 ministris,
1798 4366 1874 4409 ta-

292 4450 421 4502 libus
448 4465 551 4503 eos
582 4449 833 4501 instruxit
860 4461 908 4501 et
933 4448 1251 4503 confortatit
1284 4448 1546 4517 alloquiis.
1572 4467 1589 4497 ι
1623 4448 1873 4513 Quamvis

290 4552 395 4601 me,
450 4538 658 4591 fratres
710 4537 1003 4602 carissimi,
1058 4540 1193 4593 inter
1242 4538 1529 4607 primordia
1592 4540 1868 4590 immatura

290 4628 618 4681 titubantem
660 4626 840 4692 judicii
873 4628 1031 4681 vestri
1062 4639 1113 4682 et
1156 4638 1415 4696 suscepta:
1445 4628 1716 4695 dignitatis
1745 4642 1873 4695 pon-

290 4717 384 4771 dus
415 4712 792 4788 oppresserit,
829 4718 1040 4768 numini
1075 4726 1248 4770 tamen
1293 4718 1416 4784 quid
1461 4718 1644 4784 gratim
1685 4726 1874 4771 vestra:

288 4810 543 4874 debeam,
574 4809 663 4863 cui
693 4808 918 4861 maxima
946 4808 1262 4861 contulistis.
1296 4808 1358 4861 Et
1384 4808 1502 4861 licet
1534 4809 1749 4875 parendi
1780 4824 1873 4861 vo-

290 4902 364 4952 bis
395 4901 580 4969 magis
630 4913 785 4965 quam
819 4897 1036 4965 jubendi
1068 4897 1338 4950 habuerim
1382 4897 1729 4962 voluntatem,
1763 4913 1874 4950 mu—

290 4992 386 5040 tavi
413 5001 607 5042 tamen
637 5002 731 5053 per
756 4986 986 5039 officium
1018 5002 1299 5053 personam
1325 4986 1613 5049 serviendi,
1642 4986 1877 5039 animum

290 5095 394 5131 non
438 5077 631 5131 amisi.
688 5076 869 5129 Estote
922 5077 1149 5143 pacifici,
1181 5086 1351 5130 estote.
1399 5076 1708 5140 unanimes;
1746 5091 1880 5130 onus

291 5185 469 5227 meum
506 5180 725 5219 mecum
750 5165 967 5218 dividite
996 5183 1005 5215 :
1036 5165 1085 5216 fit
1113 5166 1253 5218 enim
1283 5166 1345 5218 ad
1375 5166 1687 5232 portandum
1717 5164 1884 5219 facilis

287 5259 539 5325 sarcina,
571 5269 733 5323 quam
785 5253 1072 5306 multorum
1126 5255 1262 5307 colla
1311 5265 1608 5309 sustentant
1651 5272 1667 5309 :
1712 5269 1881 5307 meam

294 5370 549 5429 facetum,
575 5364 705 5417 Solo
732 5365 1003 5423 elrttomine
1030 5362 1287 5416 Rusticum
1311 5366 1488 5417 videto.
1526 5365 1713 5417 Verum
1746 5381 1881 5430 pra:-

294 5437 465 5495 ripnm
496 5447 642 5485 nota:
669 5433 893 5487 Codices
913 5436 1010 5484 hoc
1041 5435 1154 5487 loco
1180 5433 1468 5485 Rusticutm
1503 5436 1694 5501 legunt.

364 5506 375 5530 ¹
416 5504 501 5553 Ad
532 5518 682 5571 aures
709 5500 997 5571 liicemeris]
1024 5503 1257 5553 Ricimer
1281 5506 1356 5553 An
1387 5502 1540 5555 hemii
1566 5508 1695 5568 Aug.
1722 5506 1880 5558 ﬁliam

294 5586 526 5623 uxorem
562 5570 711 5621 duxit
738 5587 875 5625 anno
917 5570 1042 5642 467,
1076 5584 1129 5622 ιιι
1163 5574 1319 5642 docet
1361 5588 1453 5624 nos
1496 5573 1763 5635 Sidonius,
1794 5579 1881 5642 qui

295 5643 391 5691 sub
422 5642 555 5707 ejus
583 5642 702 5691 anni
742 5642 894 5691 fittcnt
930 5640 1147 5694 Romam
1196 5639 1342 5701 iugre
1375 5656 1463 5693 sus
1495 5644 1689 5707 nuptiis
1722 5639 1882 5696 inter-

294 5709 469 5772 venit,
505 5709 599 5762 lib.
632 5725 666 5772 ι,
697 5710 849 5778 epist.
885 5710 935 5762 5.
972 5710 1111 5762 Idem
1150 5710 1481 5763 Anthemium
1524 5726 1761 5766 socerum
1803 5715 1878 5768 ci-

1970 3258 2106 3310 tibos
2148 3258 2472 3313 condiretur.
2533 3261 2746 3312 Olcrum
2796 3271 2847 3313 et
2898 3260 3177 3328 leguminis
3227 3262 3542 3329 pascebatur

1968 3346 2166 3415 epulis;
2196 3347 2285 3401 sed
2322 3357 2561 3402 neutrum
2592 3350 2776 3402 borum
2821 3365 2986 3419 usque
3015 3350 3078 3403 ad
3120 3352 3418 3405 satietatem
3453 3365 3542 3406 ca-

1972 3439 2118 3505 piens
2143 3456 2154 3490 :
2177 3438 2279 3490 vini
2310 3438 2557 3505 quiddam
2589 3453 2791 3505 parum,
2811 3456 2968 3509 quam
2992 3451 3167 3494 tamen
3197 3442 3536 3509 exiguitatem

1970 3528 2273 3594 apusto'ica:
2295 3527 2674 3581 admonitionis
2696 3544 2900 3582 memor
2920 3531 3164 3584 sumebat
3184 3531 3251 3586 ob
3275 3533 3538 3586 stomachi
3614 3590 3621 3599 ι

1970 3620 2258 3673 cavendam
2282 3619 2630 3674 debilitatem.
2652 3621 3046 3675 Procedendum
3069 3622 3272 3677 censuit
3295 3623 3540 3678 omnibus

1973 3712 2024 3763 in
2056 3712 2288 3777 quolibet
2326 3710 2464 3763 aeris
2496 3720 2699 3765 terrore
2731 3713 2988 3765 maturius
3017 3732 3026 3764 ;
3054 3715 3122 3765 ita
3152 3716 3212 3765 itt
3242 3715 3537 3783 vigiliarum

1973 3800 2194 3853 formam
2228 3800 2513 3854 lectoribus
2541 3802 2857 3861 antecedens
2904 3803 2968 3854 ad
3014 3804 3295 3856 ecclesiam
3340 3806 3544 3873 pratbe-

1975 3901 2052 3944 ret
2098 3893 2396 3958 cpiscopus.
2442 3892 2728 3959 Postquam
2782 3906 2910 3945 vero
2954 3891 3027 3945 ad.
3076 3894 3258 3946 altaris
3311 3896 3539 3949 conlinia

1977 3983 2322 4051 pervenisset,
2354 3983 2548 4035 nul'am
2594 3983 2908 4038 deliberavit
2952 3984 3179 4039 futuram
3211 4001 3331 4041 esse
3362 4002 3547 4041 neces-

1975 4076 2207 4137 sitatem,
2245 4091 2344 4144 qua
2393 4074 2515 4128 inde
2567 4075 2665 4127 nisi
2714 4074 2953 4143 impletis
2996 4077 3324 4133 solemnibus
3370 4088 3549 4146 posset

1975 4166 2185 4219 abduci.
2219 4168 2422 4220 .lunetis
2462 4167 2684 4235 pedibus
2731 4183 2896 4232 usque
2939 4168 3002 4219 ad
3032 4169 3546 4224 consummationem

1978 4260 2191 4327 mystici
2216 4261 2391 4326 operis
2420 4270 2561 4312 stare
2589 4274 2647 4312 se
2674 4260 2873 4313 debere
2913 4264 3185 4315 constituit
3214 4281 3224 4313 :
3252 4264 3321 4315 ita
3350 4274 3406 4316 ttt
3448 4263 3547 4317 hu-

1978 4364 2125 4401 more
2152 4349 2487 4414 vestigiorum
2521 4349 2692 4400 locum
2741 4363 2891 4400 suum
2943 4351 3277 4418 depingeret,
3309 4364 3359 4406 ct
3391 4354 3549 4420 longe

1985 4438 2364 4507 aspicientibus
2413 4438 2687 4490 indicaret.
2743 4439 3190 4493 Intertessionum
3225 4450 3422 4494 tantam
3451 4444 3549 4515 sibi

1988 4528 2261 4597 proposuit
2286 4541 2489 4594 curam,
2517 4538 2574 4581 ιιι
2602 4529 2769 4597 ipsum
2801 4543 2865 4582 se
2902 4528 3109 4582 miseris
3138 4531 3334 4586 inferre
3361 4532 3549 4585 crede-

1982 4629 2062 4675 ret
2080 4619 2399 4683 molestiam,
2417 4636 2573 4689 quam
2594 4636 2685 4690 per
2706 4622 3077 4691 negligentiam
3098 4637 3125 4674 a
3149 4623 3551 4693 quibuscunqne

1988 4712 2311 4779 permisisset
2356 4712 2562 4770 inferti.
2610 4712 2687 4767 Ad
2732 4714 3051 4781 patientiam.
3092 4714 3286 4769 laboris
3316 4724 3553 4783 tempore

1984 4802 2114 4865 otii,
2152 4802 2453 4855 necessitati
2499 4811 2555 4854 ut
2593 4803 2888 4867 subiceret,
2935 4818 3127 4870 corpus
3180 4805 3399 4873 aptavit.
3445 4806 3554 4861 Iloc

1986 4893 2083 4944 sibi
2117 4885 2328 4946 vaendi
2362 4892 2738 4960 pragmaticum
2768 4893 2849 4945 vel
2882 4892 3179 4960 disciplina:
3205 4895 3393 4965 dogma
3426 4913 3553 4966 pro-

1986 4984 2178 5049 posuit,
2209 4997 2493 5051 aggressus
2523 4993 2624 5047 est,
2654 4982 2909 5048 servavit,
2939 4984 3198 5052 implevit.

2059 5072 2179 5126 Mox
2206 5088 2335 5128 vero
2375 5089 2470 5142 per
2512 5074 2812 5127 universum
2860 5077 3114 5129 mundum
3149 5089 3385 5132 sanctam
3419 5081 3557 5134 illius

1986 5165 2448 5219 conversationem
2496 5165 2605 5226 illa,
2636 5179 2753 5232 (pta:
2802 5166 2923 5220 licet
2978 5169 3029 5222 in
3070 5169 3316 5236 gloriosis
3354 5173 3558 5223 actibus

1989 5255 2189 5309 tardior
2220 5270 2338 5309 esse
2382 5254 2533 5316 solet,
2569 5255 2704 5308 fama
2744 5273 2847 5309 non
2892 5260 3078 5313 tacuit.
3120 5260 3224 5315 Sed
3266 5262 3372 5313 'ad
3404 5275 3558 5314 aures

1991 5369 2078 5421 vili
2112 5369 2252 5421 bello
2282 5367 2495 5419 adortus
2532 5368 2799 5423 interemit
2828 5387 2967 5426 anno
3006 5374 3129 5428 472.
3160 5374 3266 5428 Nec
3298 5380 3558 5436 posterior

1987 5438 2145 5509 igitur
2175 5438 2273 5509 hoc
2297 5452 2453 5509 anno,
2482 5454 2577 5489 nec
2605 5440 2748 5507 prior
2776 5442 2866 5494 illo
2889 5446 3055 5509 potuit
3082 5459 3199 5496 esse
3224 5442 3431 5509 legatio,
3456 5456 3573 5509 qut

1999 5506 2518 5577 liicimerisnomine
2550 5506 2755 5562 tunetus
2792 5521 2869 5562 est
2892 5506 2969 5563 'ad
3002 5506 3359 5563 Anthemium.
3403 5506 3557 5577 Sigo-

1990 5576 2127 5645 nius,
2169 5584 2220 5627 et
2249 5574 2333 5626 alii
2369 5577 2555 5641 partim
2593 5583 2655 5629 ad
2699 5597 2889 5631 annum
2938 5581 3031 5634 471
3081 5581 3335 5643 referunt,
3368 5574 3559 5645 pattim

1988 5644 2051 5695 ad
2083 5653 2411 5710 sequentem,
2445 5650 2725 5713 perspicuo
2754 5649 3177 5700 anarbronisnm.
3213 5649 3388 5702 Novus
3414 5652 3555 5704 enim

1990 5714 2158 5767 adhuc
2187 5714 2461 5779 CttiSCttltlL‘T
2496 5730 2600 5769 erat
2633 5718 2972 5783 Epiphanius.
2998 5718 3060 5770 ad
3092 5717 3387 5774 TiCilit'llSiS
3414 5723 3567 5775 tubis
