  <div class='ocr_page' id='page_1' title='image "/cluster/home/n/w/nwhite01/storage/ocr_20150623/63/hvd.32044073498792/113.png"; bbox 0 0 4192 6260; ppageno 0'>
   <div class='ocr_carea' id='block_1_1' title="bbox 626 332 729 393">
    <p class='ocr_par' dir='ltr' id='par_1_1' title="bbox 626 332 729 393">
     <span class='ocr_line' id='line_1_1' title="bbox 626 332 729 393; baseline 0.058 -6"><span class='ocrx_word' id='word_1_1' title='bbox 626 332 729 393; x_wconf 68' lang='grc' dir='ltr'><strong>ε’.ίῦ</strong></span> 
     </span>
    </p>
   </div>
   <div class='ocr_carea' id='block_1_2' title="bbox 1752 340 2768 404">
    <p class='ocr_par' dir='ltr' id='par_1_2' title="bbox 1752 340 2768 404">
     <span class='ocr_line' id='line_1_2' title="bbox 1752 340 2768 404; baseline 0.009 -9"><span class='ocrx_word' id='word_1_2' title='bbox 1752 340 2021 395; x_wconf 77' lang='lat' dir='ltr'><strong>ENNODII</strong></span> <span class='ocrx_word' id='word_1_3' title='bbox 2058 341 2356 397; x_wconf 76' lang='lat' dir='ltr'><strong>EPISCOPI</strong></span> <span class='ocrx_word' id='word_1_4' title='bbox 2400 345 2768 404; x_wconf 79' lang='lat' dir='ltr'><strong>TlClNENSlS</strong></span> 
     </span>
    </p>
   </div>
   <div class='ocr_carea' id='block_1_3' title="bbox 3756 350 3860 407">
    <p class='ocr_par' dir='ltr' id='par_1_3' title="bbox 3756 350 3860 407">
     <span class='ocr_line' id='line_1_3' title="bbox 3756 350 3860 407; baseline 0.029 -3"><span class='ocrx_word' id='word_1_5' title='bbox 3756 350 3860 407; x_wconf 71' lang='lat' dir='ltr'><strong>2i6</strong></span> 
     </span>
    </p>
   </div>
   <div class='ocr_carea' id='block_1_4' title="bbox 622 449 3861 534">
    <p class='ocr_par' dir='ltr' id='par_1_4' title="bbox 622 449 3861 534">
     <span class='ocr_line' id='line_1_4' title="bbox 622 449 3861 534; baseline 0.005 -31"><span class='ocrx_word' id='word_1_6' title='bbox 622 449 957 515; x_wconf 70' lang='lat' dir='ltr'><strong>Bicemeris,</strong></span> <span class='ocrx_word' id='word_1_7' title='bbox 986 452 1073 520; x_wconf 85' lang='lat' dir='ltr'><strong>qui</strong></span> <span class='ocrx_word' id='word_1_8' title='bbox 1106 459 1229 504; x_wconf 77' lang='lat' dir='ltr'><strong>tunc</strong></span> <span class='ocrx_word' id='word_1_9' title='bbox 1257 450 1501 505; x_wconf 76' lang='lat' dir='ltr'><strong>secundis</strong></span> <span class='ocrx_word' id='word_1_10' title='bbox 1532 450 1598 503; x_wconf 90' lang='lat' dir='ltr'><strong>ab</strong></span> <span class='ocrx_word' id='word_1_11' title='bbox 1637 450 1925 503; x_wconf 84' lang='lat' dir='ltr'><strong>Anthemio</strong></span> <span class='ocrx_word' id='word_1_12' title='bbox 1958 455 2194 519; x_wconf 79' lang='lat' dir='ltr'><strong>principe</strong></span> <span class='ocrx_word' id='word_1_13' title='bbox 2223 459 2267 513; x_wconf 76' lang='grc' dir='ltr'>Α</span> <span class='ocrx_word' id='word_1_14' title='bbox 2301 470 2509 520; x_wconf 72' lang='lat' dir='ltr'><strong>parcus,</strong></span> <span class='ocrx_word' id='word_1_15' title='bbox 2557 462 2619 511; x_wconf 86' lang='lat' dir='ltr'><strong>ad</strong></span> <span class='ocrx_word' id='word_1_16' title='bbox 2676 461 3001 515; x_wconf 67' lang='lat' dir='ltr'><strong>fiiceutercm</strong></span> <span class='ocrx_word' id='word_1_17' title='bbox 3053 464 3329 531; x_wconf 87' lang='lat' dir='ltr'><strong>patric&#39;um</strong></span> <span class='ocrx_word' id='word_1_18' title='bbox 3373 471 3604 531; x_wconf 75' lang='lat' dir='ltr'><strong>pert-ent</strong></span> <span class='ocrx_word' id='word_1_19' title='bbox 3642 481 3656 517; x_wconf 91' lang='lat'>:</span> <span class='ocrx_word' id='word_1_20' title='bbox 3699 479 3728 518; x_wconf 89' lang='lat' dir='ltr'><strong>a</strong></span> <span class='ocrx_word' id='word_1_21' title='bbox 3758 480 3861 534; x_wconf 92' lang='lat' dir='ltr'><strong>quo</strong></span> 
     </span>
    </p>
   </div>
   <div class='ocr_carea' id='block_1_5' title="bbox 626 540 2194 610">
    <p class='ocr_par' dir='ltr' id='par_1_5' title="bbox 626 540 2194 610">
     <span class='ocr_line' id='line_1_5' title="bbox 626 540 2194 610; baseline 0.001 -17"><span class='ocrx_word' id='word_1_22' title='bbox 626 540 850 595; x_wconf 82' lang='lat' dir='ltr'><strong>habenis</strong></span> <span class='ocrx_word' id='word_1_23' title='bbox 889 542 1267 610; x_wconf 83' lang='lat' dir='ltr'><strong>rempublicam</strong></span> <span class='ocrx_word' id='word_1_24' title='bbox 1311 541 1667 609; x_wconf 76' lang='lat' dir='ltr'><strong>gubernabat,</strong></span> <span class='ocrx_word' id='word_1_25' title='bbox 1695 541 1899 594; x_wconf 75' lang='lat' dir='ltr'><strong>detulit.</strong></span> <span class='ocrx_word' id='word_1_26' title='bbox 1934 543 2063 595; x_wconf 88' lang='lat' dir='ltr'><strong>Nam</strong></span> <span class='ocrx_word' id='word_1_27' title='bbox 2096 545 2194 595; x_wconf 83' lang='lat' dir='ltr'><strong>im-</strong></span> 
     </span>
    </p>
   </div>
   <div class='ocr_carea' id='block_1_6' title="bbox 623 632 2195 702">
    <p class='ocr_par' dir='ltr' id='par_1_6' title="bbox 623 632 2195 702">
     <span class='ocr_line' id='line_1_6' title="bbox 623 632 2195 702; baseline 0.001 -17"><span class='ocrx_word' id='word_1_28' title='bbox 623 644 870 699; x_wconf 89' lang='lat' dir='ltr'><strong>peratore</strong></span> <span class='ocrx_word' id='word_1_29' title='bbox 915 633 1098 685; x_wconf 73' lang='lat' dir='ltr'><strong>Roma:</strong></span> <span class='ocrx_word' id='word_1_30' title='bbox 1144 632 1335 699; x_wconf 82' lang='lat' dir='ltr'><strong>posito,</strong></span> <span class='ocrx_word' id='word_1_31' title='bbox 1369 632 1710 685; x_wconf 82' lang='lat' dir='ltr'><strong>seminarium</strong></span> <span class='ocrx_word' id='word_1_32' title='bbox 1757 633 1896 689; x_wconf 87' lang='lat' dir='ltr'><strong>inter</strong></span> <span class='ocrx_word' id='word_1_33' title='bbox 1932 648 2025 687; x_wconf 92' lang='lat' dir='ltr'><strong>eos</strong></span> <span class='ocrx_word' id='word_1_34' title='bbox 2063 634 2195 702; x_wconf 85' lang='lat' dir='ltr'><strong>jecit</strong></span> 
     </span>
    </p>
   </div>
   <div class='ocr_carea' id='block_1_7' title="bbox 624 721 2193 790">
    <p class='ocr_par' dir='ltr' id='par_1_7' title="bbox 624 721 2193 790">
     <span class='ocr_line' id='line_1_7' title="bbox 624 721 2193 790; baseline 0.003 -16"><span class='ocrx_word' id='word_1_35' title='bbox 624 722 859 775; x_wconf 87' lang='lat' dir='ltr'><strong>scandali</strong></span> <span class='ocrx_word' id='word_1_36' title='bbox 890 722 982 775; x_wconf 90' lang='lat' dir='ltr'><strong>illa.</strong></span> <span class='ocrx_word' id='word_1_37' title='bbox 1019 737 1136 790; x_wconf 61' lang='lat' dir='ltr'><strong>quae</strong></span> <span class='ocrx_word' id='word_1_38' title='bbox 1171 721 1508 775; x_wconf 74' lang='lat' dir='ltr'><strong>dominantes</strong></span> <span class='ocrx_word' id='word_1_39' title='bbox 1538 733 1856 790; x_wconf 81' lang='lat' dir='ltr'><strong>sequeSIrat,</strong></span> <span class='ocrx_word' id='word_1_40' title='bbox 1889 724 2106 789; x_wconf 85' lang='lat' dir='ltr'><strong>invidia,</strong></span> <span class='ocrx_word' id='word_1_41' title='bbox 2139 734 2193 778; x_wconf 88' lang='lat' dir='ltr'><strong>et</strong></span> 
     </span>
    </p>
   </div>
   <div class='ocr_carea' id='block_1_8' title="bbox 624 808 2191 880">
    <p class='ocr_par' dir='ltr' id='par_1_8' title="bbox 624 808 2191 880">
     <span class='ocr_line' id='line_1_8' title="bbox 624 808 2191 880; baseline 0.002 -17"><span class='ocrx_word' id='word_1_42' title='bbox 624 826 720 878; x_wconf 90' lang='lat' dir='ltr'><strong>par</strong></span> <span class='ocrx_word' id='word_1_43' title='bbox 747 811 975 880; x_wconf 76' lang='lat' dir='ltr'><strong>dignitas</strong></span> <span class='ocrx_word' id='word_1_44' title='bbox 1003 826 1165 864; x_wconf 84' lang='lat' dir='ltr'><strong>causa</strong></span> <span class='ocrx_word' id='word_1_45' title='bbox 1191 811 1495 866; x_wconf 64' lang='lat' dir='ltr'><strong>discordiis.</strong></span> <span class='ocrx_word' id='word_1_46' title='bbox 1540 812 1853 867; x_wconf 77' lang='lat' dir='ltr'><strong>Surrexerat</strong></span> <span class='ocrx_word' id='word_1_47' title='bbox 1880 814 2019 867; x_wconf 91' lang='lat' dir='ltr'><strong>enim</strong></span> <span class='ocrx_word' id='word_1_48' title='bbox 2050 808 2191 868; x_wconf 78' lang='lat' dir='ltr'><strong>tanta</strong></span> 
     </span>
    </p>
   </div>
   <div class='ocr_carea' id='block_1_9' title="bbox 625 900 2190 971">
    <p class='ocr_par' dir='ltr' id='par_1_9' title="bbox 625 900 2190 971">
     <span class='ocr_line' id='line_1_9' title="bbox 625 900 2190 971; baseline 0.003 -18"><span class='ocrx_word' id='word_1_49' title='bbox 625 900 801 953; x_wconf 78' lang='lat' dir='ltr'><strong>rabies</strong></span> <span class='ocrx_word' id='word_1_50' title='bbox 828 910 986 968; x_wconf 89' lang='lat' dir='ltr'><strong>atque</strong></span> <span class='ocrx_word' id='word_1_51' title='bbox 1017 900 1298 966; x_wconf 82' lang='lat' dir='ltr'><strong>dissensio,</strong></span> <span class='ocrx_word' id='word_1_52' title='bbox 1331 911 1387 955; x_wconf 91' lang='lat' dir='ltr'><strong>ut</strong></span> <span class='ocrx_word' id='word_1_53' title='bbox 1414 911 1595 955; x_wconf 91' lang='lat' dir='ltr'><strong>mutuo</strong></span> <span class='ocrx_word' id='word_1_54' title='bbox 1626 902 1764 955; x_wconf 88' lang='lat' dir='ltr'><strong>bella</strong></span> <span class='ocrx_word' id='word_1_55' title='bbox 1805 914 2190 971; x_wconf 63' lang='lat' dir='ltr'><strong>praepararent;</strong></span> 
     </span>
    </p>
   </div>
   <div class='ocr_carea' id='block_1_10' title="bbox 623 992 2194 1063">
    <p class='ocr_par' dir='ltr' id='par_1_10' title="bbox 623 992 2194 1063">
     <span class='ocr_line' id='line_1_10' title="bbox 623 992 2194 1063; baseline 0.003 -20"><span class='ocrx_word' id='word_1_56' title='bbox 623 1000 673 1044; x_wconf 90' lang='lat' dir='ltr'><strong>et</strong></span> <span class='ocrx_word' id='word_1_57' title='bbox 708 999 1058 1061; x_wconf 78' lang='lat' dir='ltr'><strong>prteterquam</strong></span> <span class='ocrx_word' id='word_1_58' title='bbox 1082 992 1232 1061; x_wconf 87' lang='lat' dir='ltr'><strong>origo</strong></span> <span class='ocrx_word' id='word_1_59' title='bbox 1260 993 1453 1047; x_wconf 87' lang='lat' dir='ltr'><strong>irarum</strong></span> <span class='ocrx_word' id='word_1_60' title='bbox 1486 996 1727 1062; x_wconf 90' lang='lat' dir='ltr'><strong>pr0prios</strong></span> <span class='ocrx_word' id='word_1_61' title='bbox 1756 994 2073 1063; x_wconf 77' lang='lat' dir='ltr'><strong>suggerebat</strong></span> <span class='ocrx_word' id='word_1_62' title='bbox 2101 996 2194 1048; x_wconf 90' lang='lat' dir='ltr'><strong>sti-</strong></span> 
     </span>
    </p>
   </div>
   <div class='ocr_carea' id='block_1_11' title="bbox 622 1080 2193 1143">
    <p class='ocr_par' dir='ltr' id='par_1_11' title="bbox 622 1080 2193 1143">
     <span class='ocr_line' id='line_1_11' title="bbox 622 1080 2193 1143; baseline 0.006 -12"><span class='ocrx_word' id='word_1_63' title='bbox 622 1080 818 1143; x_wconf 89' lang='lat' dir='ltr'><strong>mulos,</strong></span> <span class='ocrx_word' id='word_1_64' title='bbox 847 1081 910 1133; x_wconf 88' lang='lat' dir='ltr'><strong>lis</strong></span> <span class='ocrx_word' id='word_1_65' title='bbox 936 1082 1034 1133; x_wconf 88' lang='lat' dir='ltr'><strong>ista</strong></span> <span class='ocrx_word' id='word_1_66' title='bbox 1062 1082 1519 1137; x_wconf 89' lang='lat' dir='ltr'><strong>circumstantium</strong></span> <span class='ocrx_word' id='word_1_67' title='bbox 1563 1084 1790 1137; x_wconf 62' lang='lat' dir='ltr'><strong>consilio</strong></span> <span class='ocrx_word' id='word_1_68' title='bbox 1833 1085 2193 1141; x_wconf 86' lang='lat' dir='ltr'><strong>nutriebatur.</strong></span> 
     </span>
    </p>
   </div>
   <div class='ocr_carea' id='block_1_12' title="bbox 622 1169 2194 1243">
    <p class='ocr_par' dir='ltr' id='par_1_12' title="bbox 622 1169 2194 1243">
     <span class='ocr_line' id='line_1_12' title="bbox 622 1169 2194 1243; baseline 0.005 -22"><span class='ocrx_word' id='word_1_69' title='bbox 622 1169 867 1229; x_wconf 26' lang='lat' dir='ltr'><strong>Nutabat,</strong></span> <span class='ocrx_word' id='word_1_70' title='bbox 907 1179 1077 1225; x_wconf 85' lang='lat' dir='ltr'><strong>status</strong></span> <span class='ocrx_word' id='word_1_71' title='bbox 1133 1174 1479 1240; x_wconf 83' lang='lat' dir='ltr'><strong>periclitantis</strong></span> <span class='ocrx_word' id='word_1_72' title='bbox 1527 1175 1713 1238; x_wconf 80' lang='lat' dir='ltr'><strong>italiae,</strong></span> <span class='ocrx_word' id='word_1_73' title='bbox 1759 1183 1813 1228; x_wconf 91' lang='lat' dir='ltr'><strong>et</strong></span> <span class='ocrx_word' id='word_1_74' title='bbox 1861 1175 2194 1243; x_wconf 84' lang='lat' dir='ltr'><strong>afﬂigebatur</strong></span> 
     </span>
    </p>
   </div>
   <div class='ocr_carea' id='block_1_13' title="bbox 623 1260 2192 1333">
    <p class='ocr_par' dir='ltr' id='par_1_13' title="bbox 623 1260 2192 1333">
     <span class='ocr_line' id='line_1_13' title="bbox 623 1260 2192 1333; baseline 0.004 -22"><span class='ocrx_word' id='word_1_75' title='bbox 623 1260 752 1327; x_wconf 56' lang='lat' dir='ltr'><strong>ipsis</strong></span> <span class='ocrx_word' id='word_1_76' title='bbox 781 1261 1179 1316; x_wconf 85' lang='lat' dir='ltr'><strong>discriminibus</strong></span> <span class='ocrx_word' id='word_1_77' title='bbox 1220 1265 1453 1331; x_wconf 81' lang='lat' dir='ltr'><strong>gravius,</strong></span> <span class='ocrx_word' id='word_1_78' title='bbox 1480 1264 1605 1317; x_wconf 90' lang='lat' dir='ltr'><strong>dum</strong></span> <span class='ocrx_word' id='word_1_79' title='bbox 1649 1266 1992 1333; x_wconf 69' lang='lat' dir='ltr'><strong>exspectabat</strong></span> <span class='ocrx_word' id='word_1_80' title='bbox 2018 1266 2192 1319; x_wconf 89' lang='lat' dir='ltr'><strong>futura</strong></span> 
     </span>
    </p>
   </div>
   <div class='ocr_carea' id='block_1_14' title="bbox 621 1350 2192 1422">
    <p class='ocr_par' dir='ltr' id='par_1_14' title="bbox 621 1350 2192 1422">
     <span class='ocr_line' id='line_1_14' title="bbox 621 1350 2192 1422; baseline 0.004 -20"><span class='ocrx_word' id='word_1_81' title='bbox 621 1350 955 1405; x_wconf 70' lang='lat' dir='ltr'><strong>discrimina.</strong></span> <span class='ocrx_word' id='word_1_82' title='bbox 980 1351 1183 1405; x_wconf 80' lang='lat' dir='ltr'><strong>interea</strong></span> <span class='ocrx_word' id='word_1_83' title='bbox 1214 1353 1352 1420; x_wconf 89' lang='lat' dir='ltr'><strong>apud</strong></span> <span class='ocrx_word' id='word_1_84' title='bbox 1395 1354 1719 1407; x_wconf 77' lang='lat' dir='ltr'><strong>Ricemerem</strong></span> <span class='ocrx_word' id='word_1_85' title='bbox 1754 1357 2048 1422; x_wconf 88' lang='lat' dir='ltr'><strong>patricium,</strong></span> <span class='ocrx_word' id='word_1_86' title='bbox 2083 1357 2192 1409; x_wconf 83' lang='lat' dir='ltr'><strong>Me-</strong></span> 
     </span>
    </p>
   </div>
   <div class='ocr_carea' id='block_1_15' title="bbox 622 1440 2195 1521">
    <p class='ocr_par' dir='ltr' id='par_1_15' title="bbox 622 1440 2195 1521">
     <span class='ocr_line' id='line_1_15' title="bbox 622 1440 2195 1521; baseline 0.003 -28"><span class='ocrx_word' id='word_1_87' title='bbox 622 1440 817 1494; x_wconf 90' lang='lat' dir='ltr'><strong>diolani</strong></span> <span class='ocrx_word' id='word_1_88' title='bbox 850 1456 908 1493; x_wconf 90' lang='lat' dir='ltr'><strong>ea</strong></span> <span class='ocrx_word' id='word_1_89' title='bbox 949 1450 1265 1508; x_wconf 85' lang='lat' dir='ltr'><strong>tempestate</strong></span> <span class='ocrx_word' id='word_1_90' title='bbox 1303 1443 1644 1505; x_wconf 85' lang='lat' dir='ltr'><strong>residentem,</strong></span> <span class='ocrx_word' id='word_1_91' title='bbox 1678 1445 1735 1521; x_wconf 84' lang='lat' dir='ltr'><strong>l_it</strong></span> <span class='ocrx_word' id='word_1_92' title='bbox 1762 1445 2005 1498; x_wconf 85' lang='lat' dir='ltr'><strong>eollectio</strong></span> <span class='ocrx_word' id='word_1_93' title='bbox 2036 1446 2195 1514; x_wconf 83' lang='lat' dir='ltr'><strong>Ligu-</strong></span> 
     </span>
    </p>
   </div>
   <div class='ocr_carea' id='block_1_16' title="bbox 621 1532 2190 1605">
    <p class='ocr_par' dir='ltr' id='par_1_16' title="bbox 621 1532 2190 1605">
     <span class='ocr_line' id='line_1_16' title="bbox 621 1532 2190 1605; baseline 0.004 -22"><span class='ocrx_word' id='word_1_94' title='bbox 621 1546 739 1583; x_wconf 67' lang='lat' dir='ltr'><strong>rum</strong></span> <span class='ocrx_word' id='word_1_95' title='bbox 770 1532 1063 1586; x_wconf 85' lang='lat' dir='ltr'><strong>nobilitatis</strong></span> <span class='ocrx_word' id='word_1_96' title='bbox 1088 1551 1098 1584; x_wconf 90' lang='lat'>:</span> <span class='ocrx_word' id='word_1_97' title='bbox 1124 1534 1213 1600; x_wconf 87' lang='lat' dir='ltr'><strong>qui</strong></span> <span class='ocrx_word' id='word_1_98' title='bbox 1244 1534 1393 1587; x_wconf 82' lang='lat' dir='ltr'><strong>ﬂexis</strong></span> <span class='ocrx_word' id='word_1_99' title='bbox 1419 1536 1639 1603; x_wconf 83' lang='lat' dir='ltr'><strong>genibus</strong></span> <span class='ocrx_word' id='word_1_100' title='bbox 1668 1536 1890 1604; x_wconf 88' lang='lat' dir='ltr'><strong>soloque</strong></span> <span class='ocrx_word' id='word_1_101' title='bbox 1917 1538 2190 1605; x_wconf 87' lang='lat' dir='ltr'><strong>prostrati,</strong></span> 
     </span>
    </p>
   </div>
   <div class='ocr_carea' id='block_1_17' title="bbox 625 1623 2194 1696">
    <p class='ocr_par' dir='ltr' id='par_1_17' title="bbox 625 1623 2194 1696">
     <span class='ocr_line' id='line_1_17' title="bbox 625 1623 2194 1696; baseline 0.006 -24"><span class='ocrx_word' id='word_1_102' title='bbox 625 1636 805 1686; x_wconf 88' lang='lat' dir='ltr'><strong>pacem</strong></span> <span class='ocrx_word' id='word_1_103' title='bbox 836 1623 1058 1677; x_wconf 83' lang='lat' dir='ltr'><strong>orabant</strong></span> <span class='ocrx_word' id='word_1_104' title='bbox 1086 1624 1402 1693; x_wconf 88' lang='lat' dir='ltr'><strong>principum,</strong></span> <span class='ocrx_word' id='word_1_105' title='bbox 1431 1636 1485 1680; x_wconf 92' lang='lat' dir='ltr'><strong>et</strong></span> <span class='ocrx_word' id='word_1_106' title='bbox 1508 1635 1563 1679; x_wconf 91' lang='lat' dir='ltr'><strong>ut</strong></span> <span class='ocrx_word' id='word_1_107' title='bbox 1590 1626 1656 1681; x_wconf 87' lang='lat' dir='ltr'><strong>ab</strong></span> <span class='ocrx_word' id='word_1_108' title='bbox 1684 1628 1934 1681; x_wconf 88' lang='lat' dir='ltr'><strong>scandalo</strong></span> <span class='ocrx_word' id='word_1_109' title='bbox 1957 1638 2194 1696; x_wconf 66' lang='lat' dir='ltr'><strong>utraeque</strong></span> 
     </span>
    </p>
   </div>
   <div class='ocr_carea' id='block_1_18' title="bbox 624 1713 2195 1789">
    <p class='ocr_par' dir='ltr' id='par_1_18' title="bbox 624 1713 2195 1789">
     <span class='ocr_line' id='line_1_18' title="bbox 624 1713 2195 1789; baseline 0.007 -27"><span class='ocrx_word' id='word_1_110' title='bbox 624 1721 807 1778; x_wconf 86' lang='lat' dir='ltr'><strong>partes</strong></span> <span class='ocrx_word' id='word_1_111' title='bbox 830 1713 1157 1779; x_wconf 84' lang='lat' dir='ltr'><strong>desinerent,</strong></span> <span class='ocrx_word' id='word_1_112' title='bbox 1185 1717 1493 1770; x_wconf 88' lang='lat' dir='ltr'><strong>occasiones</strong></span> <span class='ocrx_word' id='word_1_113' title='bbox 1540 1719 1723 1785; x_wconf 81' lang='lat' dir='ltr'><strong>gratiae</strong></span> <span class='ocrx_word' id='word_1_114' title='bbox 1769 1719 1835 1770; x_wconf 90' lang='lat' dir='ltr'><strong>ab</strong></span> <span class='ocrx_word' id='word_1_115' title='bbox 1874 1735 1979 1773; x_wconf 87' lang='lat' dir='ltr'><strong>una</strong></span> <span class='ocrx_word' id='word_1_116' title='bbox 2012 1736 2195 1789; x_wconf 84' lang='lat' dir='ltr'><strong>preca-</strong></span> 
     </span>
    </p>
   </div>
   <div class='ocr_carea' id='block_1_19' title="bbox 2298 547 3078 610">
    <p class='ocr_par' dir='ltr' id='par_1_19' title="bbox 2298 547 3078 610">
     <span class='ocr_line' id='line_1_19' title="bbox 2298 547 3078 610; baseline 0.015 -14"><span class='ocrx_word' id='word_1_117' title='bbox 2298 547 2453 597; x_wconf 81' lang='lat' dir='ltr'><strong>simul</strong></span> <span class='ocrx_word' id='word_1_118' title='bbox 2486 549 2627 600; x_wconf 81' lang='lat' dir='ltr'><strong>visus</strong></span> <span class='ocrx_word' id='word_1_119' title='bbox 2663 560 2717 603; x_wconf 90' lang='lat' dir='ltr'><strong>et</strong></span> <span class='ocrx_word' id='word_1_120' title='bbox 2751 552 2952 606; x_wconf 89' lang='lat' dir='ltr'><strong>electus</strong></span> <span class='ocrx_word' id='word_1_121' title='bbox 2983 562 3078 610; x_wconf 84' lang='lat' dir='ltr'><strong>est.</strong></span> 
     </span>
    </p>
   </div>
   <div class='ocr_carea' id='block_1_20' title="bbox 2367 636 3856 712">
    <p class='ocr_par' dir='ltr' id='par_1_20' title="bbox 2367 636 3856 712">
     <span class='ocr_line' id='line_1_20' title="bbox 2367 636 3856 712; baseline 0.007 -24"><span class='ocrx_word' id='word_1_122' title='bbox 2367 636 2610 692; x_wconf 83' lang='lat' dir='ltr'><strong>Mandato</strong></span> <span class='ocrx_word' id='word_1_123' title='bbox 2637 655 2765 708; x_wconf 86' lang='lat' dir='ltr'><strong>ergo</strong></span> <span class='ocrx_word' id='word_1_124' title='bbox 2813 642 2912 695; x_wconf 88' lang='lat' dir='ltr'><strong>sibi</strong></span> <span class='ocrx_word' id='word_1_125' title='bbox 2961 644 3233 712; x_wconf 80' lang='lat' dir='ltr'><strong>legationis</strong></span> <span class='ocrx_word' id='word_1_126' title='bbox 3275 644 3481 707; x_wconf 83' lang='lat' dir='ltr'><strong>ordine,</strong></span> <span class='ocrx_word' id='word_1_127' title='bbox 3511 644 3732 699; x_wconf 83' lang='lat' dir='ltr'><strong>Romam</strong></span> <span class='ocrx_word' id='word_1_128' title='bbox 3765 660 3856 712; x_wconf 81' lang='lat' dir='ltr'><strong>pe-</strong></span> 
     </span>
    </p>
   </div>
   <div class='ocr_carea' id='block_1_21' title="bbox 2296 726 3854 801">
    <p class='ocr_par' dir='ltr' id='par_1_21' title="bbox 2296 726 3854 801">
     <span class='ocr_line' id='line_1_21' title="bbox 2296 726 3854 801; baseline 0.006 -22"><span class='ocrx_word' id='word_1_129' title='bbox 2296 726 2395 781; x_wconf 91' lang='lat' dir='ltr'><strong>tiit.</strong></span> <span class='ocrx_word' id='word_1_130' title='bbox 2450 728 2503 780; x_wconf 92' lang='lat' dir='ltr'><strong>lu</strong></span> <span class='ocrx_word' id='word_1_131' title='bbox 2556 744 2661 797; x_wconf 90' lang='lat' dir='ltr'><strong>quo</strong></span> <span class='ocrx_word' id='word_1_132' title='bbox 2704 730 2891 786; x_wconf 88' lang='lat' dir='ltr'><strong>itinere</strong></span> <span class='ocrx_word' id='word_1_133' title='bbox 2937 734 3061 800; x_wconf 85' lang='lat' dir='ltr'><strong>quid</strong></span> <span class='ocrx_word' id='word_1_134' title='bbox 3104 734 3462 788; x_wconf 86' lang='lat' dir='ltr'><strong>molestiarum</strong></span> <span class='ocrx_word' id='word_1_135' title='bbox 3522 738 3854 801; x_wconf 81' lang='lat' dir='ltr'><strong>sustinuerit,</strong></span> 
     </span>
    </p>
   </div>
   <div class='ocr_carea' id='block_1_22' title="bbox 2295 822 3859 897">
    <p class='ocr_par' dir='ltr' id='par_1_22' title="bbox 2295 822 3859 897">
     <span class='ocr_line' id='line_1_22' title="bbox 2295 822 3859 897; baseline 0.008 -25"><span class='ocrx_word' id='word_1_136' title='bbox 2295 822 2490 889; x_wconf 83' lang='lat' dir='ltr'><strong>quidve</strong></span> <span class='ocrx_word' id='word_1_137' title='bbox 2533 823 2782 878; x_wconf 87' lang='lat' dir='ltr'><strong>virtutum</strong></span> <span class='ocrx_word' id='word_1_138' title='bbox 2830 827 3075 895; x_wconf 85' lang='lat' dir='ltr'><strong>gesserit,</strong></span> <span class='ocrx_word' id='word_1_139' title='bbox 3107 828 3361 882; x_wconf 89' lang='lat' dir='ltr'><strong>festinans</strong></span> <span class='ocrx_word' id='word_1_140' title='bbox 3390 829 3453 881; x_wconf 89' lang='lat' dir='ltr'><strong>ad</strong></span> <span class='ocrx_word' id='word_1_141' title='bbox 3490 829 3688 897; x_wconf 85' lang='lat' dir='ltr'><strong>majora</strong></span> <span class='ocrx_word' id='word_1_142' title='bbox 3730 846 3859 897; x_wconf 77' lang='lat' dir='ltr'><strong>pra:-</strong></span> 
     </span>
    </p>
   </div>
   <div class='ocr_carea' id='block_1_23' title="bbox 2297 913 3852 987">
    <p class='ocr_par' dir='ltr' id='par_1_23' title="bbox 2297 913 3852 987">
     <span class='ocr_line' id='line_1_23' title="bbox 2297 913 3852 987; baseline 0.007 -24"><span class='ocrx_word' id='word_1_143' title='bbox 2297 922 2462 965; x_wconf 75' lang='lat' dir='ltr'><strong>tereo.</strong></span> <span class='ocrx_word' id='word_1_144' title='bbox 2498 913 2614 965; x_wconf 80' lang='lat' dir='ltr'><strong>Mox</strong></span> <span class='ocrx_word' id='word_1_145' title='bbox 2661 922 2833 969; x_wconf 89' lang='lat' dir='ltr'><strong>tamen</strong></span> <span class='ocrx_word' id='word_1_146' title='bbox 2874 928 2931 971; x_wconf 91' lang='lat' dir='ltr'><strong>ut</strong></span> <span class='ocrx_word' id='word_1_147' title='bbox 2969 932 3127 986; x_wconf 90' lang='lat' dir='ltr'><strong>supra</strong></span> <span class='ocrx_word' id='word_1_148' title='bbox 3168 919 3320 972; x_wconf 66' lang='lat' dir='ltr'><strong>dicta:</strong></span> <span class='ocrx_word' id='word_1_149' title='bbox 3362 920 3504 974; x_wconf 90' lang='lat' dir='ltr'><strong>urbis</strong></span> <span class='ocrx_word' id='word_1_150' title='bbox 3550 928 3729 987; x_wconf 85' lang='lat' dir='ltr'><strong>portas</strong></span> <span class='ocrx_word' id='word_1_151' title='bbox 3775 922 3852 974; x_wconf 85' lang='lat' dir='ltr'><strong>in-</strong></span> 
     </span>
    </p>
   </div>
   <div class='ocr_carea' id='block_1_24' title="bbox 2294 1002 3860 1074">
    <p class='ocr_par' dir='ltr' id='par_1_24' title="bbox 2294 1002 3860 1074">
     <span class='ocr_line' id='line_1_24' title="bbox 2294 1002 3860 1074; baseline 0.008 -23"><span class='ocrx_word' id='word_1_152' title='bbox 2294 1014 2506 1066; x_wconf 80' lang='lat' dir='ltr'><strong>gressus</strong></span> <span class='ocrx_word' id='word_1_153' title='bbox 2526 1011 2625 1064; x_wconf 90' lang='lat' dir='ltr'><strong>est,</strong></span> <span class='ocrx_word' id='word_1_154' title='bbox 2653 1002 2786 1056; x_wconf 89' lang='lat' dir='ltr'><strong>fama</strong></span> <span class='ocrx_word' id='word_1_155' title='bbox 2808 1020 2927 1073; x_wconf 72' lang='lat' dir='ltr'><strong>qua:</strong></span> <span class='ocrx_word' id='word_1_156' title='bbox 2948 1006 3221 1061; x_wconf 90' lang='lat' dir='ltr'><strong>absentem</strong></span> <span class='ocrx_word' id='word_1_157' title='bbox 3249 1008 3396 1060; x_wconf 90' lang='lat' dir='ltr'><strong>illum</strong></span> <span class='ocrx_word' id='word_1_158' title='bbox 3429 1017 3608 1060; x_wconf 91' lang='lat' dir='ltr'><strong>notmn</strong></span> <span class='ocrx_word' id='word_1_159' title='bbox 3642 1010 3860 1074; x_wconf 80' lang='lat' dir='ltr'><strong>fecerat,</strong></span> 
     </span>
    </p>
   </div>
   <div class='ocr_carea' id='block_1_25' title="bbox 2295 1094 3858 1165">
    <p class='ocr_par' dir='ltr' id='par_1_25' title="bbox 2295 1094 3858 1165">
     <span class='ocr_line' id='line_1_25' title="bbox 2295 1094 3858 1165; baseline 0.007 -20"><span class='ocrx_word' id='word_1_160' title='bbox 2295 1094 2457 1163; x_wconf 81' lang='lat' dir='ltr'><strong>digito</strong></span> <span class='ocrx_word' id='word_1_161' title='bbox 2508 1097 2669 1165; x_wconf 73' lang='lat' dir='ltr'><strong>cmpit</strong></span> <span class='ocrx_word' id='word_1_162' title='bbox 2723 1098 3024 1154; x_wconf 88' lang='lat' dir='ltr'><strong>ostendere.</strong></span> <span class='ocrx_word' id='word_1_163' title='bbox 3098 1099 3350 1155; x_wconf 87' lang='lat' dir='ltr'><strong>Conversi</strong></span> <span class='ocrx_word' id='word_1_164' title='bbox 3422 1102 3563 1154; x_wconf 91' lang='lat' dir='ltr'><strong>illico</strong></span> <span class='ocrx_word' id='word_1_165' title='bbox 3623 1104 3858 1156; x_wconf 90' lang='lat' dir='ltr'><strong>omnium</strong></span> 
     </span>
    </p>
   </div>
   <div class='ocr_carea' id='block_1_26' title="bbox 2295 1185 3861 1258">
    <p class='ocr_par' dir='ltr' id='par_1_26' title="bbox 2295 1185 3861 1258">
     <span class='ocr_line' id='line_1_26' title="bbox 2295 1185 3861 1258; baseline 0.007 -22"><span class='ocrx_word' id='word_1_166' title='bbox 2295 1185 2455 1245; x_wconf 89' lang='lat' dir='ltr'><strong>oculi,</strong></span> <span class='ocrx_word' id='word_1_167' title='bbox 2487 1197 2803 1255; x_wconf 88' lang='lat' dir='ltr'><strong>stupuerunt</strong></span> <span class='ocrx_word' id='word_1_168' title='bbox 2832 1197 3037 1243; x_wconf 87' lang='lat' dir='ltr'><strong>mentes</strong></span> <span class='ocrx_word' id='word_1_169' title='bbox 3080 1190 3340 1252; x_wconf 72' lang='lat' dir='ltr'><strong>attonitre,</strong></span> <span class='ocrx_word' id='word_1_170' title='bbox 3364 1189 3505 1258; x_wconf 90' lang='lat' dir='ltr'><strong>quod</strong></span> <span class='ocrx_word' id='word_1_171' title='bbox 3534 1200 3731 1244; x_wconf 78' lang='lat' dir='ltr'><strong>tantam</strong></span> <span class='ocrx_word' id='word_1_172' title='bbox 3761 1193 3861 1247; x_wconf 86' lang='lat' dir='ltr'><strong>sibi</strong></span> 
     </span>
    </p>
   </div>
   <div class='ocr_carea' id='block_1_27' title="bbox 2295 1274 3862 1347">
    <p class='ocr_par' dir='ltr' id='par_1_27' title="bbox 2295 1274 3862 1347">
     <span class='ocr_line' id='line_1_27' title="bbox 2295 1274 3862 1347; baseline 0.005 -19"><span class='ocrx_word' id='word_1_173' title='bbox 2295 1274 2535 1328; x_wconf 87' lang='lat' dir='ltr'><strong>exhiberi</strong></span> <span class='ocrx_word' id='word_1_174' title='bbox 2587 1278 2936 1330; x_wconf 87' lang='lat' dir='ltr'><strong>reverentiam</strong></span> <span class='ocrx_word' id='word_1_175' title='bbox 2989 1278 3162 1347; x_wconf 83' lang='lat' dir='ltr'><strong>imago</strong></span> <span class='ocrx_word' id='word_1_176' title='bbox 3209 1278 3322 1345; x_wconf 83' lang='lat' dir='ltr'><strong>ejus</strong></span> <span class='ocrx_word' id='word_1_177' title='bbox 3371 1279 3524 1333; x_wconf 83' lang='lat' dir='ltr'><strong>iudex</strong></span> <span class='ocrx_word' id='word_1_178' title='bbox 3570 1282 3862 1336; x_wconf 82' lang='lat' dir='ltr'><strong>sanctita&#39;is</strong></span> 
     </span>
    </p>
   </div>
   <div class='ocr_carea' id='block_1_28' title="bbox 2294 1364 3861 1437">
    <p class='ocr_par' dir='ltr' id='par_1_28' title="bbox 2294 1364 3861 1437">
     <span class='ocr_line' id='line_1_28' title="bbox 2294 1364 3861 1437; baseline 0.006 -20"><span class='ocrx_word' id='word_1_179' title='bbox 2294 1364 2605 1430; x_wconf 90' lang='lat' dir='ltr'><strong>requireret.</strong></span> <span class='ocrx_word' id='word_1_180' title='bbox 2645 1366 2663 1396; x_wconf 82' lang='grc'>³</span> <span class='ocrx_word' id='word_1_181' title='bbox 2693 1366 3080 1435; x_wconf 81' lang='lat' dir='ltr'><strong>lnexplicabilis</strong></span> <span class='ocrx_word' id='word_1_182' title='bbox 3120 1382 3176 1421; x_wconf 88' lang='lat' dir='ltr'><strong>se</strong></span> <span class='ocrx_word' id='word_1_183' title='bbox 3215 1369 3379 1437; x_wconf 64' lang='lat' dir='ltr'><strong>culpat</strong></span> <span class='ocrx_word' id='word_1_184' title='bbox 3424 1385 3570 1423; x_wconf 91' lang='lat' dir='ltr'><strong>reum</strong></span> <span class='ocrx_word' id='word_1_185' title='bbox 3604 1370 3861 1426; x_wconf 88' lang='lat' dir='ltr'><strong>fatebatur</strong></span> 
     </span>
    </p>
   </div>
   <div class='ocr_carea' id='block_1_29' title="bbox 2296 1455 3861 1529">
    <p class='ocr_par' dir='ltr' id='par_1_29' title="bbox 2296 1455 3861 1529">
     <span class='ocr_line' id='line_1_29' title="bbox 2296 1455 3861 1529; baseline 0.006 -22"><span class='ocrx_word' id='word_1_186' title='bbox 2296 1455 2517 1521; x_wconf 88' lang='lat' dir='ltr'><strong>quilibet</strong></span> <span class='ocrx_word' id='word_1_187' title='bbox 2555 1466 2851 1523; x_wconf 91' lang='lat' dir='ltr'><strong>potentum,</strong></span> <span class='ocrx_word' id='word_1_188' title='bbox 2883 1459 2931 1511; x_wconf 89' lang='lat' dir='ltr'><strong>si</strong></span> <span class='ocrx_word' id='word_1_189' title='bbox 2978 1466 3176 1512; x_wconf 90' lang='lat' dir='ltr'><strong>tantum</strong></span> <span class='ocrx_word' id='word_1_190' title='bbox 3225 1475 3393 1527; x_wconf 87' lang='lat' dir='ltr'><strong>genua</strong></span> <span class='ocrx_word' id='word_1_191' title='bbox 3432 1461 3545 1528; x_wconf 86' lang='lat' dir='ltr'><strong>ejus</strong></span> <span class='ocrx_word' id='word_1_192' title='bbox 3587 1464 3861 1529; x_wconf 76' lang='lat' dir='ltr'><strong>amplexus</strong></span> 
     </span>
    </p>
   </div>
   <div class='ocr_carea' id='block_1_30' title="bbox 2295 1546 3860 1605">
    <p class='ocr_par' dir='ltr' id='par_1_30' title="bbox 2295 1546 3860 1605">
     <span class='ocr_line' id='line_1_30' title="bbox 2295 1546 3860 1605; baseline 0.004 -7"><span class='ocrx_word' id='word_1_193' title='bbox 2295 1555 2375 1598; x_wconf 55' lang='lat' dir='ltr'><strong>eat</strong></span> <span class='ocrx_word' id='word_1_194' title='bbox 2415 1563 2426 1597; x_wconf 89' lang='lat'><strong>:</strong></span> <span class='ocrx_word' id='word_1_195' title='bbox 2464 1546 2741 1600; x_wconf 71' lang='lat' dir='ltr'><strong>tollebatur</strong></span> <span class='ocrx_word' id='word_1_196' title='bbox 2778 1548 2981 1602; x_wconf 91' lang='lat' dir='ltr'><strong>clamor</strong></span> <span class='ocrx_word' id='word_1_197' title='bbox 3030 1550 3087 1602; x_wconf 89' lang='lat' dir='ltr'><strong>in</strong></span> <span class='ocrx_word' id='word_1_198' title='bbox 3126 1550 3314 1603; x_wconf 66' lang='lat' dir='ltr'><strong>caelum</strong></span> <span class='ocrx_word' id='word_1_199' title='bbox 3360 1568 3371 1601; x_wconf 92' lang='lat'><strong>:</strong></span> <span class='ocrx_word' id='word_1_200' title='bbox 3410 1565 3569 1604; x_wconf 87' lang='lat' dir='ltr'><strong>nemo</strong></span> <span class='ocrx_word' id='word_1_201' title='bbox 3614 1552 3759 1605; x_wconf 88' lang='lat' dir='ltr'><strong>illum</strong></span> <span class='ocrx_word' id='word_1_202' title='bbox 3809 1554 3860 1605; x_wconf 90' lang='lat' dir='ltr'><strong>in</strong></span> 
     </span>
    </p>
   </div>
   <div class='ocr_carea' id='block_1_31' title="bbox 2296 1637 3862 1706">
    <p class='ocr_par' dir='ltr' id='par_1_31' title="bbox 2296 1637 3862 1706">
     <span class='ocr_line' id='line_1_31' title="bbox 2296 1637 3862 1706; baseline 0.006 -19"><span class='ocrx_word' id='word_1_203' title='bbox 2296 1637 2592 1689; x_wconf 88' lang='lat' dir='ltr'><strong>mortalimn</strong></span> <span class='ocrx_word' id='word_1_204' title='bbox 2626 1654 2849 1692; x_wconf 90' lang='lat' dir='ltr'><strong>numero</strong></span> <span class='ocrx_word' id='word_1_205' title='bbox 2892 1639 3256 1706; x_wconf 88' lang='lat' dir='ltr'><strong>computabat,</strong></span> <span class='ocrx_word' id='word_1_206' title='bbox 3285 1640 3368 1693; x_wconf 88' lang='lat' dir='ltr'><strong>cui</strong></span> <span class='ocrx_word' id='word_1_207' title='bbox 3405 1642 3579 1693; x_wconf 86' lang='lat' dir='ltr'><strong>omnia</strong></span> <span class='ocrx_word' id='word_1_208' title='bbox 3627 1643 3862 1697; x_wconf 72' lang='lat' dir='ltr'><strong>cmlestis</strong></span> 
     </span>
    </p>
   </div>
   <div class='ocr_carea' id='block_1_32' title="bbox 2296 1727 3854 1796">
    <p class='ocr_par' dir='ltr' id='par_1_32' title="bbox 2296 1727 3854 1796">
     <span class='ocr_line' id='line_1_32' title="bbox 2296 1727 3854 1796; baseline 0.006 -20"><span class='ocrx_word' id='word_1_209' title='bbox 2296 1727 2476 1794; x_wconf 69' lang='lat' dir='ltr'><strong>gratia:</strong></span> <span class='ocrx_word' id='word_1_210' title='bbox 2507 1727 2755 1781; x_wconf 87' lang='lat' dir='ltr'><strong>videbant</strong></span> <span class='ocrx_word' id='word_1_211' title='bbox 2800 1728 2932 1781; x_wconf 87' lang='lat' dir='ltr'><strong>bona</strong></span> <span class='ocrx_word' id='word_1_212' title='bbox 2964 1739 3227 1782; x_wconf 85' lang='lat' dir='ltr'><strong>constare.</strong></span> <span class='ocrx_word' id='word_1_213' title='bbox 3267 1730 3534 1783; x_wconf 86' lang='lat' dir='ltr'><strong>Perfertur</strong></span> <span class='ocrx_word' id='word_1_214' title='bbox 3562 1733 3626 1783; x_wconf 89' lang='lat' dir='ltr'><strong>ad</strong></span> <span class='ocrx_word' id='word_1_215' title='bbox 3662 1734 3854 1796; x_wconf 87' lang='lat' dir='ltr'><strong>princi-</strong></span> 
     </span>
    </p>
   </div>
   <div class='ocr_carea' id='block_1_33' title="bbox 623 1804 3859 1886">
    <p class='ocr_par' dir='ltr' id='par_1_33' title="bbox 623 1804 3859 1886">
     <span class='ocr_line' id='line_1_33' title="bbox 623 1804 3859 1886; baseline 0.007 -32"><span class='ocrx_word' id='word_1_216' title='bbox 623 1804 816 1857; x_wconf 87' lang='lat' dir='ltr'><strong>bantur</strong></span> <span class='ocrx_word' id='word_1_217' title='bbox 862 1804 1059 1862; x_wconf 71' lang='lat' dir='ltr'><strong>oﬂ&#39;erri.</strong></span> <span class='ocrx_word' id='word_1_218' title='bbox 1110 1806 1245 1870; x_wconf 83' lang='lat' dir='ltr'><strong>Quid</strong></span> <span class='ocrx_word' id='word_1_219' title='bbox 1286 1807 1434 1873; x_wconf 89' lang='lat' dir='ltr'><strong>plura</strong></span> <span class='ocrx_word' id='word_1_220' title='bbox 1474 1810 1788 1862; x_wconf 78' lang='lat' dir='ltr'><strong>contexam?</strong></span> <span class='ocrx_word' id='word_1_221' title='bbox 1814 1810 2076 1864; x_wconf 89' lang='lat' dir='ltr'><strong>mulcetur</strong></span> <span class='ocrx_word' id='word_1_222' title='bbox 2102 1812 2194 1865; x_wconf 83' lang='lat' dir='ltr'><strong>Ri-</strong></span> <span class='ocrx_word' id='word_1_223' title='bbox 2224 1806 2270 1866; x_wconf 87' lang='lat' dir='ltr'><strong>B</strong></span> <span class='ocrx_word' id='word_1_224' title='bbox 2297 1831 2415 1884; x_wconf 85' lang='lat' dir='ltr'><strong>pem</strong></span> <span class='ocrx_word' id='word_1_225' title='bbox 2446 1816 2806 1885; x_wconf 81' lang='lat' dir='ltr'><strong>Anthemium,</strong></span> <span class='ocrx_word' id='word_1_226' title='bbox 2828 1818 2999 1871; x_wconf 90' lang='lat' dir='ltr'><strong>studio</strong></span> <span class='ocrx_word' id='word_1_227' title='bbox 3025 1818 3303 1885; x_wconf 81' lang='lat' dir='ltr'><strong>legationis</strong></span> <span class='ocrx_word' id='word_1_228' title='bbox 3320 1818 3625 1886; x_wconf 88' lang='lat' dir='ltr'><strong>episc0pum</strong></span> <span class='ocrx_word' id='word_1_229' title='bbox 3653 1823 3859 1876; x_wconf 62' lang='lat' dir='ltr'><strong>venisse</strong></span> 
     </span>
    </p>
   </div>
   <div class='ocr_carea' id='block_1_34' title="bbox 622 1897 2192 1969">
    <p class='ocr_par' dir='ltr' id='par_1_34' title="bbox 622 1897 2192 1969">
     <span class='ocr_line' id='line_1_34' title="bbox 622 1897 2192 1969; baseline 0.006 -22"><span class='ocrx_word' id='word_1_230' title='bbox 622 1910 819 1957; x_wconf 87' lang='lat' dir='ltr'><strong>cemer.</strong></span> <span class='ocrx_word' id='word_1_231' title='bbox 852 1905 905 1948; x_wconf 88' lang='lat' dir='ltr'><strong>et</strong></span> <span class='ocrx_word' id='word_1_232' title='bbox 954 1897 1093 1951; x_wconf 90' lang='lat' dir='ltr'><strong>velle</strong></span> <span class='ocrx_word' id='word_1_233' title='bbox 1139 1912 1197 1951; x_wconf 88' lang='lat' dir='ltr'><strong>se</strong></span> <span class='ocrx_word' id='word_1_234' title='bbox 1240 1913 1490 1966; x_wconf 86' lang='lat' dir='ltr'><strong>reparare</strong></span> <span class='ocrx_word' id='word_1_235' title='bbox 1536 1901 1872 1954; x_wconf 90' lang='lat' dir='ltr'><strong>concordiam</strong></span> <span class='ocrx_word' id='word_1_236' title='bbox 1923 1914 2192 1969; x_wconf 85' lang='lat' dir='ltr'><strong>permotus</strong></span> 
     </span>
    </p>
   </div>
   <div class='ocr_carea' id='block_1_35' title="bbox 625 1987 2191 2062">
    <p class='ocr_par' dir='ltr' id='par_1_35' title="bbox 625 1987 2191 2062">
     <span class='ocr_line' id='line_1_35' title="bbox 625 1987 2191 2062; baseline 0.007 -25"><span class='ocrx_word' id='word_1_237' title='bbox 625 1987 907 2039; x_wconf 83' lang='lat' dir='ltr'><strong>multorum</strong></span> <span class='ocrx_word' id='word_1_238' title='bbox 940 1988 1149 2042; x_wconf 89' lang='lat' dir='ltr'><strong>fletibus</strong></span> <span class='ocrx_word' id='word_1_239' title='bbox 1181 1990 1479 2057; x_wconf 86' lang='lat' dir='ltr'><strong>pollicetur.</strong></span> <span class='ocrx_word' id='word_1_240' title='bbox 1504 2010 1522 2042; x_wconf 74' lang='grc' dir='ltr'>ι</span> <span class='ocrx_word' id='word_1_241' title='bbox 1553 1992 1656 2046; x_wconf 89' lang='lat' dir='ltr'><strong>Sed</strong></span> <span class='ocrx_word' id='word_1_242' title='bbox 1691 1993 1828 2061; x_wconf 89' lang='lat' dir='ltr'><strong>quis,</strong></span> <span class='ocrx_word' id='word_1_243' title='bbox 1859 1993 1949 2055; x_wconf 86' lang='lat' dir='ltr'><strong>ait,</strong></span> <span class='ocrx_word' id='word_1_244' title='bbox 1983 1995 2191 2062; x_wconf 85' lang='lat' dir='ltr'><strong>potissi-</strong></span> 
     </span>
    </p>
   </div>
   <div class='ocr_carea' id='block_1_36' title="bbox 622 2076 2192 2154">
    <p class='ocr_par' dir='ltr' id='par_1_36' title="bbox 622 2076 2192 2154">
     <span class='ocr_line' id='line_1_36' title="bbox 622 2076 2192 2154; baseline 0.008 -26"><span class='ocrx_word' id='word_1_245' title='bbox 622 2092 766 2129; x_wconf 90' lang='lat' dir='ltr'><strong>mum</strong></span> <span class='ocrx_word' id='word_1_246' title='bbox 799 2076 956 2145; x_wconf 86' lang='lat' dir='ltr'><strong>hujus</strong></span> <span class='ocrx_word' id='word_1_247' title='bbox 984 2080 1259 2148; x_wconf 84' lang='lat' dir='ltr'><strong>legationis</strong></span> <span class='ocrx_word' id='word_1_248' title='bbox 1307 2084 1508 2149; x_wconf 77' lang='lat' dir='ltr'><strong>pondus</strong></span> <span class='ocrx_word' id='word_1_249' title='bbox 1548 2085 1809 2150; x_wconf 84' lang='lat' dir='ltr'><strong>excipiet?</strong></span> <span class='ocrx_word' id='word_1_250' title='bbox 1848 2101 2003 2154; x_wconf 90' lang='lat' dir='ltr'><strong>quem</strong></span> <span class='ocrx_word' id='word_1_251' title='bbox 2035 2096 2192 2141; x_wconf 74' lang='lat' dir='ltr'><strong>tanta:</strong></span> 
     </span>
    </p>
   </div>
   <div class='ocr_carea' id='block_1_37' title="bbox 623 2166 2193 2243">
    <p class='ocr_par' dir='ltr' id='par_1_37' title="bbox 623 2166 2193 2243">
     <span class='ocr_line' id='line_1_37' title="bbox 623 2166 2193 2243; baseline 0.008 -25"><span class='ocrx_word' id='word_1_252' title='bbox 623 2166 779 2220; x_wconf 85' lang='lat' dir='ltr'><strong>mulis</strong></span> <span class='ocrx_word' id='word_1_253' title='bbox 794 2183 932 2220; x_wconf 82' lang='lat' dir='ltr'><strong>.cura</strong></span> <span class='ocrx_word' id='word_1_254' title='bbox 966 2174 1213 2224; x_wconf 77' lang='lat' dir='ltr'><strong>maneat?</strong></span> <span class='ocrx_word' id='word_1_255' title='bbox 1257 2173 1373 2240; x_wconf 89' lang='lat' dir='ltr'><strong>quis</strong></span> <span class='ocrx_word' id='word_1_256' title='bbox 1401 2184 1481 2227; x_wconf 75' lang='lat' dir='ltr'><strong>est</strong></span> <span class='ocrx_word' id='word_1_257' title='bbox 1510 2174 1599 2243; x_wconf 91' lang='lat' dir='ltr'><strong>qui</strong></span> <span class='ocrx_word' id='word_1_258' title='bbox 1632 2176 1646 2204; x_wconf 74' lang='grc'>³</span> <span class='ocrx_word' id='word_1_259' title='bbox 1676 2174 1916 2229; x_wconf 87' lang='lat' dir='ltr'><strong>Galatam</strong></span> <span class='ocrx_word' id='word_1_260' title='bbox 1960 2177 2193 2231; x_wconf 87' lang='lat' dir='ltr'><strong>concita-</strong></span> 
     </span>
    </p>
   </div>
   <div class='ocr_carea' id='block_1_38' title="bbox 623 2262 2189 2333">
    <p class='ocr_par' dir='ltr' id='par_1_38' title="bbox 623 2262 2189 2333">
     <span class='ocr_line' id='line_1_38' title="bbox 623 2262 2189 2333; baseline 0.009 -27"><span class='ocrx_word' id='word_1_261' title='bbox 623 2264 731 2308; x_wconf 92' lang='lat' dir='ltr'><strong>tum</strong></span> <span class='ocrx_word' id='word_1_262' title='bbox 762 2272 1014 2313; x_wconf 88' lang='lat' dir='ltr'><strong>revocare</strong></span> <span class='ocrx_word' id='word_1_263' title='bbox 1044 2262 1212 2328; x_wconf 91' lang='lat' dir='ltr'><strong>possit</strong></span> <span class='ocrx_word' id='word_1_264' title='bbox 1232 2270 1289 2315; x_wconf 92' lang='lat' dir='ltr'><strong>et</strong></span> <span class='ocrx_word' id='word_1_265' title='bbox 1308 2263 1635 2330; x_wconf 74' lang='lat' dir='ltr'><strong>principem?</strong></span> <span class='ocrx_word' id='word_1_266' title='bbox 1664 2264 1793 2317; x_wconf 87' lang='lat' dir='ltr'><strong>Nam</strong></span> <span class='ocrx_word' id='word_1_267' title='bbox 1817 2279 2045 2333; x_wconf 90' lang='lat' dir='ltr'><strong>semper,</strong></span> <span class='ocrx_word' id='word_1_268' title='bbox 2069 2282 2189 2321; x_wconf 87' lang='lat' dir='ltr'><strong>cum</strong></span> 
     </span>
    </p>
   </div>
   <div class='ocr_carea' id='block_1_39' title="bbox 623 2351 2193 2421">
    <p class='ocr_par' dir='ltr' id='par_1_39' title="bbox 623 2351 2193 2421">
     <span class='ocr_line' id='line_1_39' title="bbox 623 2351 2193 2421; baseline 0.01 -24"><span class='ocrx_word' id='word_1_269' title='bbox 623 2354 837 2413; x_wconf 80' lang='lat' dir='ltr'><strong>rogatur</strong></span> <span class='ocrx_word' id='word_1_270' title='bbox 884 2351 1176 2416; x_wconf 69' lang='lat' dir='ltr'><strong>exuberat,</strong></span> <span class='ocrx_word' id='word_1_271' title='bbox 1223 2354 1309 2421; x_wconf 91' lang='lat' dir='ltr'><strong>qui</strong></span> <span class='ocrx_word' id='word_1_272' title='bbox 1361 2354 1490 2407; x_wconf 86' lang='lat' dir='ltr'><strong>iram</strong></span> <span class='ocrx_word' id='word_1_273' title='bbox 1555 2356 1779 2409; x_wconf 87' lang='lat' dir='ltr'><strong>naturali</strong></span> <span class='ocrx_word' id='word_1_274' title='bbox 1828 2358 2193 2414; x_wconf 90' lang='lat' dir='ltr'><strong>moderatione</strong></span> 
     </span>
    </p>
   </div>
   <div class='ocr_carea' id='block_1_40' title="bbox 623 2440 2188 2517">
    <p class='ocr_par' dir='ltr' id='par_1_40' title="bbox 623 2440 2188 2517">
     <span class='ocr_line' id='line_1_40' title="bbox 623 2440 2188 2517; baseline 0.009 -28"><span class='ocrx_word' id='word_1_275' title='bbox 623 2453 727 2490; x_wconf 89' lang='lat' dir='ltr'><strong>non</strong></span> <span class='ocrx_word' id='word_1_276' title='bbox 755 2440 1021 2493; x_wconf 83' lang='lat' dir='ltr'><strong>terminat.</strong></span> <span class='ocrx_word' id='word_1_277' title='bbox 1057 2460 1075 2492; x_wconf 79' lang='grc' dir='ltr'><strong><em>ι</em></strong></span> <span class='ocrx_word' id='word_1_278' title='bbox 1112 2442 1260 2496; x_wconf 84' lang='lat' dir='ltr'><strong>Tunc</strong></span> <span class='ocrx_word' id='word_1_279' title='bbox 1291 2459 1395 2497; x_wconf 92' lang='lat' dir='ltr'><strong>uno</strong></span> <span class='ocrx_word' id='word_1_280' title='bbox 1432 2460 1618 2501; x_wconf 81' lang='lat' dir='ltr'><strong>omnes</strong></span> <span class='ocrx_word' id='word_1_281' title='bbox 1643 2461 1734 2501; x_wconf 90' lang='lat' dir='ltr'><strong>ore</strong></span> <span class='ocrx_word' id='word_1_282' title='bbox 1756 2449 2150 2517; x_wconf 89' lang='lat' dir='ltr'><strong>responderunt</strong></span> <span class='ocrx_word' id='word_1_283' title='bbox 2176 2469 2188 2503; x_wconf 88' lang='lat'><strong>:</strong></span> 
     </span>
    </p>
   </div>
   <div class='ocr_carea' id='block_1_41' title="bbox 630 2526 2189 2602">
    <p class='ocr_par' dir='ltr' id='par_1_41' title="bbox 630 2526 2189 2602">
     <span class='ocr_line' id='line_1_41' title="bbox 630 2526 2189 2602; baseline 0.014 -27"><span class='ocrx_word' id='word_1_284' title='bbox 630 2546 647 2575; x_wconf 80' lang='grc' dir='ltr'>ι</span> <span class='ocrx_word' id='word_1_285' title='bbox 694 2526 883 2582; x_wconf 86' lang='lat' dir='ltr'><strong>Vester</strong></span> <span class='ocrx_word' id='word_1_286' title='bbox 907 2533 1271 2586; x_wconf 86' lang='lat' dir='ltr'><strong>tantummodo</strong></span> <span class='ocrx_word' id='word_1_287' title='bbox 1296 2535 1372 2595; x_wconf 80' lang='lat' dir='ltr'><strong>ad</strong></span> <span class='ocrx_word' id='word_1_288' title='bbox 1406 2549 1584 2602; x_wconf 89' lang='lat' dir='ltr'><strong>pacem</strong></span> <span class='ocrx_word' id='word_1_289' title='bbox 1608 2538 1900 2592; x_wconf 88' lang='lat' dir='ltr'><strong>declinetur</strong></span> <span class='ocrx_word' id='word_1_290' title='bbox 1919 2554 2189 2597; x_wconf 87' lang='lat' dir='ltr'><strong>assensus.</strong></span> 
     </span>
    </p>
   </div>
   <div class='ocr_carea' id='block_1_42' title="bbox 623 2616 2193 2689">
    <p class='ocr_par' dir='ltr' id='par_1_42' title="bbox 623 2616 2193 2689">
     <span class='ocr_line' id='line_1_42' title="bbox 623 2616 2193 2689; baseline 0.01 -20"><span class='ocrx_word' id='word_1_291' title='bbox 623 2616 719 2670; x_wconf 88' lang='lat' dir='ltr'><strong>Est</strong></span> <span class='ocrx_word' id='word_1_292' title='bbox 748 2618 901 2672; x_wconf 86' lang='lat' dir='ltr'><strong>nobis</strong></span> <span class='ocrx_word' id='word_1_293' title='bbox 942 2634 1171 2687; x_wconf 57' lang='lat' dir='ltr'><strong>persona.</strong></span> <span class='ocrx_word' id='word_1_294' title='bbox 1197 2638 1366 2689; x_wconf 89' lang='lat' dir='ltr'><strong>nuper</strong></span> <span class='ocrx_word' id='word_1_295' title='bbox 1403 2624 1469 2677; x_wconf 90' lang='lat' dir='ltr'><strong>ad</strong></span> <span class='ocrx_word' id='word_1_296' title='bbox 1516 2627 1871 2680; x_wconf 88' lang='lat' dir='ltr'><strong>sacerdotium</strong></span> <span class='ocrx_word' id='word_1_297' title='bbox 1898 2629 2193 2683; x_wconf 89' lang='lat' dir='ltr'><strong>Ticineusis</strong></span> 
     </span>
    </p>
   </div>
   <div class='ocr_carea' id='block_1_43' title="bbox 621 2709 2191 2778">
    <p class='ocr_par' dir='ltr' id='par_1_43' title="bbox 621 2709 2191 2778">
     <span class='ocr_line' id='line_1_43' title="bbox 621 2709 2191 2778; baseline 0.011 -20"><span class='ocrx_word' id='word_1_298' title='bbox 621 2709 766 2762; x_wconf 90' lang='lat' dir='ltr'><strong>urbis</strong></span> <span class='ocrx_word' id='word_1_299' title='bbox 809 2709 1029 2775; x_wconf 89' lang='lat' dir='ltr'><strong>adscita,</strong></span> <span class='ocrx_word' id='word_1_300' title='bbox 1057 2713 1142 2766; x_wconf 91' lang='lat' dir='ltr'><strong>cui</strong></span> <span class='ocrx_word' id='word_1_301' title='bbox 1182 2724 1234 2767; x_wconf 91' lang='lat' dir='ltr'><strong>et</strong></span> <span class='ocrx_word' id='word_1_302' title='bbox 1272 2714 1463 2768; x_wconf 66' lang='lat' dir='ltr'><strong>belluas</strong></span> <span class='ocrx_word' id='word_1_303' title='bbox 1506 2717 1703 2778; x_wconf 75' lang='lat' dir='ltr'><strong>rabida:</strong></span> <span class='ocrx_word' id='word_1_304' title='bbox 1750 2719 1887 2773; x_wconf 90' lang='lat' dir='ltr'><strong>colla</strong></span> <span class='ocrx_word' id='word_1_305' title='bbox 1916 2723 1933 2754; x_wconf 78' lang='lat'><strong><em>‘</em></strong></span> <span class='ocrx_word' id='word_1_306' title='bbox 1968 2722 2191 2775; x_wconf 83' lang='lat' dir='ltr'><strong>submit-</strong></span> 
     </span>
    </p>
   </div>
   <div class='ocr_carea' id='block_1_44' title="bbox 623 2801 2192 2879">
    <p class='ocr_par' dir='ltr' id='par_1_44' title="bbox 623 2801 2192 2879">
     <span class='ocr_line' id='line_1_44' title="bbox 623 2801 2192 2879; baseline 0.01 -28"><span class='ocrx_word' id='word_1_307' title='bbox 623 2807 738 2852; x_wconf 91' lang='lat' dir='ltr'><strong>tunt</strong></span> <span class='ocrx_word' id='word_1_308' title='bbox 764 2819 775 2853; x_wconf 89' lang='lat'><strong>:</strong></span> <span class='ocrx_word' id='word_1_309' title='bbox 804 2801 890 2854; x_wconf 89' lang='lat' dir='ltr'><strong>cui</strong></span> <span class='ocrx_word' id='word_1_310' title='bbox 934 2813 1058 2857; x_wconf 90' lang='lat' dir='ltr'><strong>ante</strong></span> <span class='ocrx_word' id='word_1_311' title='bbox 1102 2819 1287 2872; x_wconf 89' lang='lat' dir='ltr'><strong>preces</strong></span> <span class='ocrx_word' id='word_1_312' title='bbox 1334 2806 1587 2861; x_wconf 75' lang='lat' dir='ltr'><strong>offeratur</strong></span> <span class='ocrx_word' id='word_1_313' title='bbox 1630 2808 1966 2874; x_wconf 88' lang='lat' dir='ltr'><strong>beneficium,</strong></span> <span class='ocrx_word' id='word_1_314' title='bbox 1995 2814 2130 2879; x_wconf 91' lang='lat' dir='ltr'><strong>quod</strong></span> <span class='ocrx_word' id='word_1_315' title='bbox 2162 2829 2192 2867; x_wconf 91' lang='lat' dir='ltr'><strong>a</strong></span> 
     </span>
    </p>
   </div>
   <div class='ocr_carea' id='block_1_45' title="bbox 620 2890 2195 2959">
    <p class='ocr_par' dir='ltr' id='par_1_45' title="bbox 620 2890 2195 2959">
     <span class='ocr_line' id='line_1_45' title="bbox 620 2890 2195 2959; baseline 0.011 -19"><span class='ocrx_word' id='word_1_316' title='bbox 620 2890 855 2956; x_wconf 82' lang='lat' dir='ltr'><strong>quolibet</strong></span> <span class='ocrx_word' id='word_1_317' title='bbox 896 2893 1157 2959; x_wconf 88' lang='lat' dir='ltr'><strong>petiturus</strong></span> <span class='ocrx_word' id='word_1_318' title='bbox 1201 2895 1476 2950; x_wconf 87' lang='lat' dir='ltr'><strong>advenerit</strong></span> <span class='ocrx_word' id='word_1_319' title='bbox 1501 2914 1510 2947; x_wconf 77' lang='grc' dir='ltr'>ε</span> <span class='ocrx_word' id='word_1_320' title='bbox 1532 2898 1614 2952; x_wconf 91' lang='lat' dir='ltr'><strong>cui</strong></span> <span class='ocrx_word' id='word_1_321' title='bbox 1646 2908 1727 2953; x_wconf 88' lang='lat' dir='ltr'><strong>est</strong></span> <span class='ocrx_word' id='word_1_322' title='bbox 1770 2900 1944 2955; x_wconf 89' lang='lat' dir='ltr'><strong>vultus</strong></span> <span class='ocrx_word' id='word_1_323' title='bbox 1972 2902 2093 2956; x_wconf 61' lang='lat' dir='ltr'><strong>vitae</strong></span> <span class='ocrx_word' id='word_1_324' title='bbox 2124 2904 2195 2957; x_wconf 88' lang='lat' dir='ltr'><strong>si-</strong></span> 
     </span>
    </p>
   </div>
   <div class='ocr_carea' id='block_1_46' title="bbox 621 2979 2192 3057">
    <p class='ocr_par' dir='ltr' id='par_1_46' title="bbox 621 2979 2192 3057">
     <span class='ocr_line' id='line_1_46' title="bbox 621 2979 2192 3057; baseline 0.01 -28"><span class='ocrx_word' id='word_1_325' title='bbox 621 2979 784 3047; x_wconf 86' lang='lat' dir='ltr'><strong>milis,</strong></span> <span class='ocrx_word' id='word_1_326' title='bbox 814 2996 979 3046; x_wconf 85' lang='lat' dir='ltr'><strong>quem</strong></span> <span class='ocrx_word' id='word_1_327' title='bbox 1001 2986 1241 3037; x_wconf 86' lang='lat' dir='ltr'><strong>venerari</strong></span> <span class='ocrx_word' id='word_1_328' title='bbox 1275 2987 1440 3053; x_wconf 91' lang='lat' dir='ltr'><strong>possit</strong></span> <span class='ocrx_word' id='word_1_329' title='bbox 1476 2989 1798 3057; x_wconf 86' lang='lat' dir='ltr'><strong>quicunque,</strong></span> <span class='ocrx_word' id='word_1_330' title='bbox 1831 2991 1874 3044; x_wconf 90' lang='lat' dir='ltr'><strong>si</strong></span> <span class='ocrx_word' id='word_1_331' title='bbox 1898 3001 1977 3044; x_wconf 89' lang='lat' dir='ltr'><strong>est</strong></span> <span class='ocrx_word' id='word_1_332' title='bbox 2006 2992 2192 3046; x_wconf 89' lang='lat' dir='ltr'><strong>catho-</strong></span> 
     </span>
    </p>
   </div>
   <div class='ocr_carea' id='block_1_47' title="bbox 620 3071 2193 3142">
    <p class='ocr_par' dir='ltr' id='par_1_47' title="bbox 620 3071 2193 3142">
     <span class='ocr_line' id='line_1_47' title="bbox 620 3071 2193 3142; baseline 0.009 -20"><span class='ocrx_word' id='word_1_333' title='bbox 620 3071 751 3124; x_wconf 93' lang='lat' dir='ltr'><strong>licus</strong></span> <span class='ocrx_word' id='word_1_334' title='bbox 778 3081 832 3125; x_wconf 91' lang='lat' dir='ltr'><strong>et</strong></span> <span class='ocrx_word' id='word_1_335' title='bbox 861 3073 1157 3138; x_wconf 73' lang='lat' dir='ltr'><strong>Romanus;</strong></span> <span class='ocrx_word' id='word_1_336' title='bbox 1191 3091 1373 3131; x_wconf 89' lang='lat' dir='ltr'><strong>amare</strong></span> <span class='ocrx_word' id='word_1_337' title='bbox 1412 3090 1574 3142; x_wconf 89' lang='lat' dir='ltr'><strong>certe,</strong></span> <span class='ocrx_word' id='word_1_338' title='bbox 1604 3080 1649 3133; x_wconf 90' lang='lat' dir='ltr'><strong>si</strong></span> <span class='ocrx_word' id='word_1_339' title='bbox 1700 3080 1879 3133; x_wconf 81' lang='lat' dir='ltr'><strong>videre</strong></span> <span class='ocrx_word' id='word_1_340' title='bbox 1926 3091 2193 3136; x_wconf 89' lang='lat' dir='ltr'><strong>mereatur</strong></span> 
     </span>
    </p>
   </div>
   <div class='ocr_carea' id='block_1_48' title="bbox 2293 1907 3860 1976">
    <p class='ocr_par' dir='ltr' id='par_1_48' title="bbox 2293 1907 3860 1976">
     <span class='ocr_line' id='line_1_48' title="bbox 2293 1907 3860 1976; baseline 0.004 -17"><span class='ocrx_word' id='word_1_341' title='bbox 2293 1907 2537 1975; x_wconf 64' lang='lat' dir='ltr'><strong>Ligurite,</strong></span> <span class='ocrx_word' id='word_1_342' title='bbox 2571 1907 2837 1961; x_wconf 91' lang='lat' dir='ltr'><strong>hominem</strong></span> <span class='ocrx_word' id='word_1_343' title='bbox 2877 1923 3032 1976; x_wconf 90' lang='lat' dir='ltr'><strong>quem</strong></span> <span class='ocrx_word' id='word_1_344' title='bbox 3092 1908 3262 1961; x_wconf 83' lang='lat' dir='ltr'><strong>nullus</strong></span> <span class='ocrx_word' id='word_1_345' title='bbox 3309 1911 3476 1974; x_wconf 83' lang='lat' dir='ltr'><strong>possit</strong></span> <span class='ocrx_word' id='word_1_346' title='bbox 3507 1911 3669 1963; x_wconf 91' lang='lat' dir='ltr'><strong>etiam</strong></span> <span class='ocrx_word' id='word_1_347' title='bbox 3712 1911 3860 1965; x_wconf 89' lang='lat' dir='ltr'><strong>dives</strong></span> 
     </span>
    </p>
   </div>
   <div class='ocr_carea' id='block_1_49' title="bbox 2293 1997 3858 2065">
    <p class='ocr_par' dir='ltr' id='par_1_49' title="bbox 2293 1997 3858 2065">
     <span class='ocr_line' id='line_1_49' title="bbox 2293 1997 3858 2065; baseline 0.001 -13"><span class='ocrx_word' id='word_1_348' title='bbox 2293 1998 2504 2065; x_wconf 88' lang='lat' dir='ltr'><strong>eloquio</strong></span> <span class='ocrx_word' id='word_1_349' title='bbox 2523 1998 2842 2051; x_wconf 76' lang='lat' dir='ltr'><strong>sufficienter</strong></span> <span class='ocrx_word' id='word_1_350' title='bbox 2862 2012 3146 2062; x_wconf 73' lang='lat' dir='ltr'><strong>exponere.</strong></span> <span class='ocrx_word' id='word_1_351' title='bbox 3172 1998 3236 2051; x_wconf 89' lang='lat' dir='ltr'><strong>At</strong></span> <span class='ocrx_word' id='word_1_352' title='bbox 3260 1999 3365 2061; x_wconf 89' lang='lat' dir='ltr'><strong>ille,</strong></span> <span class='ocrx_word' id='word_1_353' title='bbox 3386 2017 3402 2047; x_wconf 80' lang='grc' dir='ltr'>ι</span> <span class='ocrx_word' id='word_1_354' title='bbox 3432 1997 3625 2051; x_wconf 87' lang='lat' dir='ltr'><strong>Callida</strong></span> <span class='ocrx_word' id='word_1_355' title='bbox 3650 2015 3858 2054; x_wconf 76' lang='lat' dir='ltr'><strong>mecum</strong></span> 
     </span>
    </p>
   </div>
   <div class='ocr_carea' id='block_1_50' title="bbox 2294 2085 3862 2156">
    <p class='ocr_par' dir='ltr' id='par_1_50' title="bbox 2294 2085 3862 2156">
     <span class='ocr_line' id='line_1_50' title="bbox 2294 2085 3862 2156; baseline 0.004 -16"><span class='ocrx_word' id='word_1_356' title='bbox 2294 2085 2535 2142; x_wconf 82' lang='lat' dir='ltr'><strong>Ricemer</strong></span> <span class='ocrx_word' id='word_1_357' title='bbox 2560 2098 2614 2143; x_wconf 90' lang='lat' dir='ltr'><strong>et</strong></span> <span class='ocrx_word' id='word_1_358' title='bbox 2644 2089 2694 2140; x_wconf 80' lang='lat' dir='ltr'><strong>in</strong></span> <span class='ocrx_word' id='word_1_359' title='bbox 2733 2088 3085 2156; x_wconf 80' lang='lat' dir='ltr'><strong>legationibus</strong></span> <span class='ocrx_word' id='word_1_360' title='bbox 3114 2088 3223 2142; x_wconf 91' lang='lat' dir='ltr'><strong>suis</strong></span> <span class='ocrx_word' id='word_1_361' title='bbox 3270 2099 3383 2142; x_wconf 88' lang='lat' dir='ltr'><strong>arte</strong></span> <span class='ocrx_word' id='word_1_362' title='bbox 3426 2090 3658 2143; x_wconf 76' lang='lat' dir='ltr'><strong>decertat</strong></span> <span class='ocrx_word' id='word_1_363' title='bbox 3688 2109 3699 2141; x_wconf 88' lang='lat'><strong>:</strong></span> <span class='ocrx_word' id='word_1_364' title='bbox 3727 2091 3862 2146; x_wconf 89' lang='lat' dir='ltr'><strong>tales</strong></span> 
     </span>
    </p>
   </div>
   <div class='ocr_carea' id='block_1_51' title="bbox 2292 2157 3865 2247">
    <p class='ocr_par' dir='ltr' id='par_1_51' title="bbox 2292 2157 3865 2247">
     <span class='ocr_line' id='line_1_51' title="bbox 2292 2157 3865 2247; baseline 0.001 -15"><span class='ocrx_word' id='word_1_365' title='bbox 2292 2179 2487 2247; x_wconf 90' lang='lat' dir='ltr'><strong>dirigit,</strong></span> <span class='ocrx_word' id='word_1_366' title='bbox 2520 2157 2619 2246; x_wconf 36' lang='lat' dir='ltr'><strong>qui,</strong></span> <span class='ocrx_word' id='word_1_367' title='bbox 2640 2179 3025 2246; x_wconf 89' lang='lat' dir='ltr'><strong>supplicatione</strong></span> <span class='ocrx_word' id='word_1_368' title='bbox 3052 2188 3373 2246; x_wconf 78' lang='lat' dir='ltr'><strong>expugnent,</strong></span> <span class='ocrx_word' id='word_1_369' title='bbox 3408 2194 3540 2247; x_wconf 78' lang='lat' dir='ltr'><strong>quos</strong></span> <span class='ocrx_word' id='word_1_370' title='bbox 3572 2180 3657 2233; x_wconf 90' lang='lat' dir='ltr'><strong>ille</strong></span> <span class='ocrx_word' id='word_1_371' title='bbox 3696 2180 3865 2234; x_wconf 55' lang='lat' dir='ltr'><strong>lacesr</strong></span> 
     </span>
    </p>
   </div>
   <div class='ocr_carea' id='block_1_52' title="bbox 2293 2268 3859 2336">
    <p class='ocr_par' dir='ltr' id='par_1_52' title="bbox 2293 2268 3859 2336">
     <span class='ocr_line' id='line_1_52' title="bbox 2293 2268 3859 2336; baseline 0.001 -14"><span class='ocrx_word' id='word_1_372' title='bbox 2293 2270 2365 2323; x_wconf 89' lang='lat' dir='ltr'><strong>sit</strong></span> <span class='ocrx_word' id='word_1_373' title='bbox 2389 2269 2595 2335; x_wconf 84' lang='lat' dir='ltr'><strong>injuriis</strong></span> <span class='ocrx_word' id='word_1_374' title='bbox 2623 2288 2633 2320; x_wconf 89' lang='lat'>:</span> <span class='ocrx_word' id='word_1_375' title='bbox 2662 2268 2931 2336; x_wconf 85' lang='lat' dir='ltr'><strong>perducite</strong></span> <span class='ocrx_word' id='word_1_376' title='bbox 2962 2278 3133 2321; x_wconf 87' lang='lat' dir='ltr'><strong>tamen</strong></span> <span class='ocrx_word' id='word_1_377' title='bbox 3182 2268 3245 2320; x_wconf 87' lang='lat' dir='ltr'><strong>ad</strong></span> <span class='ocrx_word' id='word_1_378' title='bbox 3296 2285 3377 2322; x_wconf 92' lang='lat' dir='ltr'><strong>me</strong></span> <span class='ocrx_word' id='word_1_379' title='bbox 3419 2268 3686 2322; x_wconf 88' lang='lat' dir='ltr'><strong>hominem</strong></span> <span class='ocrx_word' id='word_1_380' title='bbox 3731 2271 3859 2325; x_wconf 88' lang='lat' dir='ltr'><strong>Dei:</strong></span> 
     </span>
    </p>
   </div>
   <div class='ocr_carea' id='block_1_53' title="bbox 2292 2359 3859 2427">
    <p class='ocr_par' dir='ltr' id='par_1_53' title="bbox 2292 2359 3859 2427">
     <span class='ocr_line' id='line_1_53' title="bbox 2292 2359 3859 2427; baseline 0.001 -16"><span class='ocrx_word' id='word_1_381' title='bbox 2292 2360 2378 2427; x_wconf 89' lang='lat' dir='ltr'><strong>qui</strong></span> <span class='ocrx_word' id='word_1_382' title='bbox 2427 2359 2469 2412; x_wconf 89' lang='lat' dir='ltr'><strong>si</strong></span> <span class='ocrx_word' id='word_1_383' title='bbox 2515 2359 2781 2425; x_wconf 73' lang='lat' dir='ltr'><strong>possibilia</strong></span> <span class='ocrx_word' id='word_1_384' title='bbox 2838 2369 3109 2425; x_wconf 85' lang='lat' dir='ltr'><strong>precatur,</strong></span> <span class='ocrx_word' id='word_1_385' title='bbox 3159 2359 3468 2425; x_wconf 85' lang='lat' dir='ltr'><strong>admittam;</strong></span> <span class='ocrx_word' id='word_1_386' title='bbox 3510 2361 3552 2412; x_wconf 89' lang='lat' dir='ltr'><strong>si</strong></span> <span class='ocrx_word' id='word_1_387' title='bbox 3598 2361 3859 2425; x_wconf 86' lang='lat' dir='ltr'><strong>difficilia,</strong></span> 
     </span>
    </p>
   </div>
   <div class='ocr_carea' id='block_1_54' title="bbox 2292 2431 3859 2519">
    <p class='ocr_par' dir='ltr' id='par_1_54' title="bbox 2292 2431 3859 2519">
     <span class='ocr_line' id='line_1_54' title="bbox 2292 2431 3859 2519; baseline 0.002 -16"><span class='ocrx_word' id='word_1_388' title='bbox 2292 2450 2601 2517; x_wconf 82' lang='lat' dir='ltr'><strong>supplicabo</strong></span> <span class='ocrx_word' id='word_1_389' title='bbox 2624 2465 2686 2503; x_wconf 91' lang='lat' dir='ltr'><strong>ne</strong></span> <span class='ocrx_word' id='word_1_390' title='bbox 2710 2431 3105 2503; x_wconf 53' lang='lat' dir='ltr'><strong>eicusationem</strong></span> <span class='ocrx_word' id='word_1_391' title='bbox 3134 2464 3303 2503; x_wconf 88' lang='lat' dir='ltr'><strong>meam</strong></span> <span class='ocrx_word' id='word_1_392' title='bbox 3324 2460 3571 2518; x_wconf 87' lang='lat' dir='ltr'><strong>gravetur</strong></span> <span class='ocrx_word' id='word_1_393' title='bbox 3595 2453 3859 2519; x_wconf 89' lang='lat' dir='ltr'><strong>accipere.</strong></span> 
     </span>
    </p>
   </div>
   <div class='ocr_carea' id='block_1_55' title="bbox 2295 2541 3863 2609">
    <p class='ocr_par' dir='ltr' id='par_1_55' title="bbox 2295 2541 3863 2609">
     <span class='ocr_line' id='line_1_55' title="bbox 2295 2541 3863 2609; baseline 0.001 -15"><span class='ocrx_word' id='word_1_394' title='bbox 2295 2541 2486 2595; x_wconf 88' lang='lat' dir='ltr'><strong>Dubito</strong></span> <span class='ocrx_word' id='word_1_395' title='bbox 2518 2551 2690 2593; x_wconf 90' lang='lat' dir='ltr'><strong>tamen</strong></span> <span class='ocrx_word' id='word_1_396' title='bbox 2723 2556 2786 2592; x_wconf 86' lang='lat' dir='ltr'><strong>an</strong></span> <span class='ocrx_word' id='word_1_397' title='bbox 2820 2541 3061 2594; x_wconf 77' lang='lat' dir='ltr'><strong>Ricemer</strong></span> <span class='ocrx_word' id='word_1_398' title='bbox 3092 2541 3228 2607; x_wconf 86' lang='lat' dir='ltr'><strong>apud</strong></span> <span class='ocrx_word' id='word_1_399' title='bbox 3259 2555 3364 2605; x_wconf 91' lang='lat' dir='ltr'><strong>me,</strong></span> <span class='ocrx_word' id='word_1_400' title='bbox 3388 2541 3525 2608; x_wconf 89' lang='lat' dir='ltr'><strong>quod</strong></span> <span class='ocrx_word' id='word_1_401' title='bbox 3553 2544 3740 2609; x_wconf 86' lang='lat' dir='ltr'><strong>poscit,</strong></span> <span class='ocrx_word' id='word_1_402' title='bbox 3769 2544 3863 2596; x_wconf 82' lang='lat' dir='ltr'><strong>0b-</strong></span> 
     </span>
    </p>
   </div>
   <div class='ocr_carea' id='block_1_56' title="bbox 2295 2630 3863 2700">
    <p class='ocr_par' dir='ltr' id='par_1_56' title="bbox 2295 2630 3863 2700">
     <span class='ocr_line' id='line_1_56' title="bbox 2295 2630 3863 2700; baseline 0.001 -15"><span class='ocrx_word' id='word_1_403' title='bbox 2295 2634 2457 2685; x_wconf 86' lang='lat' dir='ltr'><strong>tineat</strong></span> <span class='ocrx_word' id='word_1_404' title='bbox 2486 2632 2670 2699; x_wconf 80' lang='lat' dir='ltr'><strong>zenjns</strong></span> <span class='ocrx_word' id='word_1_405' title='bbox 2699 2632 2807 2685; x_wconf 88' lang='lat' dir='ltr'><strong>scio</strong></span> <span class='ocrx_word' id='word_1_406' title='bbox 2833 2639 3073 2683; x_wconf 82' lang='lat' dir='ltr'><strong>votorum</strong></span> <span class='ocrx_word' id='word_1_407' title='bbox 3119 2630 3558 2697; x_wconf 85' lang='lat' dir='ltr'><strong>intemperantem</strong></span> <span class='ocrx_word' id='word_1_408' title='bbox 3589 2645 3705 2686; x_wconf 88' lang='lat' dir='ltr'><strong>esse</strong></span> <span class='ocrx_word' id='word_1_409' title='bbox 3741 2642 3863 2700; x_wconf 86' lang='lat' dir='ltr'><strong>per-</strong></span> 
     </span>
    </p>
   </div>
   <div class='ocr_carea' id='block_1_57' title="bbox 2294 2719 3867 2787">
    <p class='ocr_par' dir='ltr' id='par_1_57' title="bbox 2294 2719 3867 2787">
     <span class='ocr_line' id='line_1_57' title="bbox 2294 2719 3867 2787; baseline -0.001 -11"><span class='ocrx_word' id='word_1_410' title='bbox 2294 2738 2512 2787; x_wconf 81' lang='lat' dir='ltr'><strong>sonam,</strong></span> <span class='ocrx_word' id='word_1_411' title='bbox 2561 2732 2610 2776; x_wconf 93' lang='lat' dir='ltr'><strong>et</strong></span> <span class='ocrx_word' id='word_1_412' title='bbox 2665 2723 2715 2774; x_wconf 91' lang='lat' dir='ltr'><strong>in</strong></span> <span class='ocrx_word' id='word_1_413' title='bbox 2769 2719 3164 2775; x_wconf 89' lang='lat' dir='ltr'><strong>conditionibus</strong></span> <span class='ocrx_word' id='word_1_414' title='bbox 3229 2719 3586 2787; x_wconf 85' lang='lat' dir='ltr'><strong>proponendis</strong></span> <span class='ocrx_word' id='word_1_415' title='bbox 3644 2722 3867 2776; x_wconf 82' lang='lat' dir='ltr'><strong>rationis</strong></span> 
     </span>
    </p>
   </div>
   <div class='ocr_carea' id='block_1_58' title="bbox 2295 2810 3863 2877">
    <p class='ocr_par' dir='ltr' id='par_1_58' title="bbox 2295 2810 3863 2877">
     <span class='ocr_line' id='line_1_58' title="bbox 2295 2810 3863 2877; baseline 0 -10"><span class='ocrx_word' id='word_1_416' title='bbox 2295 2816 2576 2869; x_wconf 83' lang='lat' dir='ltr'><strong>terminum</strong></span> <span class='ocrx_word' id='word_1_417' title='bbox 2607 2829 2710 2866; x_wconf 91' lang='lat' dir='ltr'><strong>non</strong></span> <span class='ocrx_word' id='word_1_418' title='bbox 2753 2825 2955 2867; x_wconf 77' lang='lat' dir='ltr'><strong>tenere.</strong></span> <span class='ocrx_word' id='word_1_419' title='bbox 2988 2811 3091 2864; x_wconf 81' lang='lat' dir='ltr'><strong>Sed</strong></span> <span class='ocrx_word' id='word_1_420' title='bbox 3125 2812 3299 2864; x_wconf 87' lang='lat' dir='ltr'><strong>veniat</strong></span> <span class='ocrx_word' id='word_1_421' title='bbox 3345 2810 3580 2867; x_wconf 88' lang='lat' dir='ltr'><strong>directus</strong></span> <span class='ocrx_word' id='word_1_422' title='bbox 3616 2814 3863 2877; x_wconf 87' lang='lat' dir='ltr'><strong>antistes,</strong></span> 
     </span>
    </p>
   </div>
   <div class='ocr_carea' id='block_1_59' title="bbox 2295 2900 3866 2972">
    <p class='ocr_par' dir='ltr' id='par_1_59' title="bbox 2295 2900 3866 2972">
     <span class='ocr_line' id='line_1_59' title="bbox 2295 2900 3866 2972; baseline -0.001 -13"><span class='ocrx_word' id='word_1_423' title='bbox 2295 2913 2350 2959; x_wconf 91' lang='lat' dir='ltr'><strong>et</strong></span> <span class='ocrx_word' id='word_1_424' title='bbox 2393 2904 2652 2958; x_wconf 76' lang='lat' dir='ltr'><strong>laudatam</strong></span> <span class='ocrx_word' id='word_1_425' title='bbox 2690 2903 3006 2972; x_wconf 85' lang='lat' dir='ltr'><strong>jampridem</strong></span> <span class='ocrx_word' id='word_1_426' title='bbox 3056 2910 3338 2969; x_wconf 69' lang='lat' dir='ltr'><strong>prmsentet</strong></span> <span class='ocrx_word' id='word_1_427' title='bbox 3386 2900 3664 2968; x_wconf 66' lang='lat' dir='ltr'><strong>effigiem.»</strong></span> <span class='ocrx_word' id='word_1_428' title='bbox 3700 2901 3866 2971; x_wconf 70' lang='lat' dir='ltr'><strong>Egre~</strong></span> 
     </span>
    </p>
   </div>
   <div class='ocr_carea' id='block_1_60' title="bbox 2295 2996 3862 3065">
    <p class='ocr_par' dir='ltr' id='par_1_60' title="bbox 2295 2996 3862 3065">
     <span class='ocr_line' id='line_1_60' title="bbox 2295 2996 3862 3065; baseline -0.001 -14"><span class='ocrx_word' id='word_1_429' title='bbox 2295 2999 2512 3051; x_wconf 84' lang='lat' dir='ltr'><strong>diuntur</strong></span> <span class='ocrx_word' id='word_1_430' title='bbox 2556 2998 2728 3051; x_wconf 73' lang='lat' dir='ltr'><strong>officia</strong></span> <span class='ocrx_word' id='word_1_431' title='bbox 2781 2998 2908 3051; x_wconf 84' lang='lat' dir='ltr'><strong>urbe</strong></span> <span class='ocrx_word' id='word_1_432' title='bbox 2955 3006 3059 3051; x_wconf 88' lang='lat' dir='ltr'><strong>tota</strong></span> <span class='ocrx_word' id='word_1_433' title='bbox 3114 2996 3363 3064; x_wconf 87' lang='lat' dir='ltr'><strong>palatina.</strong></span> <span class='ocrx_word' id='word_1_434' title='bbox 3416 2996 3584 3061; x_wconf 88' lang='lat' dir='ltr'><strong>.lube,</strong></span> <span class='ocrx_word' id='word_1_435' title='bbox 3617 2997 3862 3065; x_wconf 78' lang='lat' dir='ltr'><strong>rogariS&#39;</strong></span> 
     </span>
    </p>
   </div>
   <div class='ocr_carea' id='block_1_61' title="bbox 2298 3091 2876 3158">
    <p class='ocr_par' dir='ltr' id='par_1_61' title="bbox 2298 3091 2876 3158">
     <span class='ocr_line' id='line_1_61' title="bbox 2298 3091 2876 3158; baseline 0 -15"><span class='ocrx_word' id='word_1_436' title='bbox 2298 3091 2546 3144; x_wconf 88' lang='lat' dir='ltr'><strong>audiebat</strong></span> <span class='ocrx_word' id='word_1_437' title='bbox 2575 3091 2876 3158; x_wconf 78' lang='lat' dir='ltr'><strong>cpiscopus.</strong></span> 
     </span>
    </p>
   </div>
   <div class='ocr_carea' id='block_1_62' title="bbox 620 3162 3867 3245">
    <p class='ocr_par' dir='ltr' id='par_1_62' title="bbox 620 3162 3867 3245">
     <span class='ocr_line' id='line_1_62' title="bbox 620 3162 3867 3245; baseline 0.004 -29"><span class='ocrx_word' id='word_1_438' title='bbox 620 3171 672 3216; x_wconf 83' lang='lat' dir='ltr'><strong>et</strong></span> <span class='ocrx_word' id='word_1_439' title='bbox 704 3162 994 3219; x_wconf 83' lang='lat' dir='ltr'><strong>Graeculus.</strong></span> <span class='ocrx_word' id='word_1_440' title='bbox 1025 3167 1141 3220; x_wconf 87' lang='lat' dir='ltr'><strong>Jam</strong></span> <span class='ocrx_word' id='word_1_441' title='bbox 1174 3168 1216 3220; x_wconf 90' lang='lat' dir='ltr'><strong>si</strong></span> <span class='ocrx_word' id='word_1_442' title='bbox 1264 3169 1327 3221; x_wconf 91' lang='lat' dir='ltr'><strong>ad</strong></span> <span class='ocrx_word' id='word_1_443' title='bbox 1358 3184 1659 3226; x_wconf 87' lang='lat' dir='ltr'><strong>sermonem</strong></span> <span class='ocrx_word' id='word_1_444' title='bbox 1707 3173 1848 3225; x_wconf 91' lang='lat' dir='ltr'><strong>illius</strong></span> <span class='ocrx_word' id='word_1_445' title='bbox 1894 3176 2187 3241; x_wconf 86' lang='lat' dir='ltr'><strong>veniamus,</strong></span> <span class='ocrx_word' id='word_1_446' title='bbox 2222 3170 2268 3231; x_wconf 83' lang='lat' dir='ltr'>C</span> <span class='ocrx_word' id='word_1_447' title='bbox 2372 3182 2439 3235; x_wconf 89' lang='lat' dir='ltr'><strong>At</strong></span> <span class='ocrx_word' id='word_1_448' title='bbox 2467 3181 2783 3235; x_wconf 80' lang='lat' dir='ltr'><strong>venerabilis</strong></span> <span class='ocrx_word' id='word_1_449' title='bbox 2809 3192 2862 3234; x_wconf 87' lang='lat' dir='ltr'><strong>et</strong></span> <span class='ocrx_word' id='word_1_450' title='bbox 2888 3179 3096 3233; x_wconf 64' lang='lat' dir='ltr'><strong>saeculis</strong></span> <span class='ocrx_word' id='word_1_451' title='bbox 3138 3179 3380 3232; x_wconf 91' lang='lat' dir='ltr'><strong>omnibus</strong></span> <span class='ocrx_word' id='word_1_452' title='bbox 3410 3178 3659 3245; x_wconf 87' lang='lat' dir='ltr'><strong>probatus</strong></span> <span class='ocrx_word' id='word_1_453' title='bbox 3687 3177 3867 3244; x_wconf 89' lang='lat' dir='ltr'><strong>ponti-</strong></span> 
     </span>
    </p>
   </div>
   <div class='ocr_carea' id='block_1_63' title="bbox 621 3255 2190 3329">
    <p class='ocr_par' dir='ltr' id='par_1_63' title="bbox 621 3255 2190 3329">
     <span class='ocr_line' id='line_1_63' title="bbox 621 3255 2190 3329; baseline 0.008 -24"><span class='ocrx_word' id='word_1_454' title='bbox 621 3268 886 3320; x_wconf 86' lang='lat' dir='ltr'><strong>nunquam</strong></span> <span class='ocrx_word' id='word_1_455' title='bbox 914 3256 991 3308; x_wconf 89' lang='lat' dir='ltr'><strong>sic</strong></span> <span class='ocrx_word' id='word_1_456' title='bbox 1017 3255 1159 3310; x_wconf 88' lang='lat' dir='ltr'><strong>diras</strong></span> <span class='ocrx_word' id='word_1_457' title='bbox 1186 3259 1395 3325; x_wconf 87' lang='lat' dir='ltr'><strong>aspides</strong></span> <span class='ocrx_word' id='word_1_458' title='bbox 1424 3263 1703 3314; x_wconf 88' lang='lat' dir='ltr'><strong>verborum</strong></span> <span class='ocrx_word' id='word_1_459' title='bbox 1748 3262 1922 3329; x_wconf 80' lang='lat' dir='ltr'><strong>digitis</strong></span> <span class='ocrx_word' id='word_1_460' title='bbox 1954 3264 2190 3318; x_wconf 89' lang='lat' dir='ltr'><strong>incanta-</strong></span> 
     </span>
    </p>
   </div>
   <div class='ocr_carea' id='block_1_64' title="bbox 622 3342 2187 3424">
    <p class='ocr_par' dir='ltr' id='par_1_64' title="bbox 622 3342 2187 3424">
     <span class='ocr_line' id='line_1_64' title="bbox 622 3342 2187 3424; baseline 0.008 -30"><span class='ocrx_word' id='word_1_461' title='bbox 622 3349 704 3394; x_wconf 84' lang='lat' dir='ltr'><strong>tor</strong></span> <span class='ocrx_word' id='word_1_462' title='bbox 732 3342 1018 3396; x_wconf 78' lang='lat' dir='ltr'><strong>Thessalus</strong></span> <span class='ocrx_word' id='word_1_463' title='bbox 1047 3345 1291 3398; x_wconf 87' lang='lat' dir='ltr'><strong>violentis</strong></span> <span class='ocrx_word' id='word_1_464' title='bbox 1336 3350 1530 3413; x_wconf 81' lang='lat' dir='ltr'><strong>poterit</strong></span> <span class='ocrx_word' id='word_1_465' title='bbox 1573 3364 1796 3404; x_wconf 89' lang='lat' dir='ltr'><strong>evocare</strong></span> <span class='ocrx_word' id='word_1_466' title='bbox 1844 3355 2187 3424; x_wconf 81' lang='lat' dir='ltr'><strong>carminibus,</strong></span> 
     </span>
    </p>
   </div>
   <div class='ocr_carea' id='block_1_65' title="bbox 622 3431 2191 3511">
    <p class='ocr_par' dir='ltr' id='par_1_65' title="bbox 622 3431 2191 3511">
     <span class='ocr_line' id='line_1_65' title="bbox 622 3431 2191 3511; baseline 0.009 -29"><span class='ocrx_word' id='word_1_467' title='bbox 622 3431 887 3498; x_wconf 90' lang='lat' dir='ltr'><strong>quomodo</strong></span> <span class='ocrx_word' id='word_1_468' title='bbox 937 3432 1025 3486; x_wconf 91' lang='lat' dir='ltr'><strong>ille</strong></span> <span class='ocrx_word' id='word_1_469' title='bbox 1076 3434 1320 3488; x_wconf 75' lang='lat' dir='ltr'><strong>effectum</strong></span> <span class='ocrx_word' id='word_1_470' title='bbox 1374 3438 1636 3504; x_wconf 89' lang='lat' dir='ltr'><strong>petitionis</strong></span> <span class='ocrx_word' id='word_1_471' title='bbox 1684 3455 1792 3493; x_wconf 71' lang='lat' dir='ltr'><strong>suae</strong></span> <span class='ocrx_word' id='word_1_472' title='bbox 1841 3457 1868 3493; x_wconf 90' lang='lat' dir='ltr'><strong>a</strong></span> <span class='ocrx_word' id='word_1_473' title='bbox 1919 3446 2191 3511; x_wconf 83' lang='lat' dir='ltr'><strong>negaturis</strong></span> 
     </span>
    </p>
   </div>
   <div class='ocr_carea' id='block_1_66' title="bbox 621 3523 2191 3600">
    <p class='ocr_par' dir='ltr' id='par_1_66' title="bbox 621 3523 2191 3600">
     <span class='ocr_line' id='line_1_66' title="bbox 621 3523 2191 3600; baseline 0.008 -26"><span class='ocrx_word' id='word_1_474' title='bbox 621 3529 923 3589; x_wconf 80' lang='lat' dir='ltr'><strong>extorquet.</strong></span> <span class='ocrx_word' id='word_1_475' title='bbox 947 3523 1144 3578; x_wconf 87' lang='lat' dir='ltr'><strong>Pendet</strong></span> <span class='ocrx_word' id='word_1_476' title='bbox 1164 3524 1217 3579; x_wconf 89' lang='lat' dir='ltr'><strong>in</strong></span> <span class='ocrx_word' id='word_1_477' title='bbox 1239 3527 1457 3581; x_wconf 89' lang='lat' dir='ltr'><strong>arbitrio</strong></span> <span class='ocrx_word' id='word_1_478' title='bbox 1479 3528 1615 3594; x_wconf 90' lang='lat' dir='ltr'><strong>ejus,</strong></span> <span class='ocrx_word' id='word_1_479' title='bbox 1634 3543 1753 3582; x_wconf 91' lang='lat' dir='ltr'><strong>cum</strong></span> <span class='ocrx_word' id='word_1_480' title='bbox 1784 3530 1923 3599; x_wconf 87' lang='lat' dir='ltr'><strong>loqui</strong></span> <span class='ocrx_word' id='word_1_481' title='bbox 1948 3535 2191 3600; x_wconf 72' lang='lat' dir='ltr'><strong>coeperit,</strong></span> 
     </span>
    </p>
   </div>
   <div class='ocr_carea' id='block_1_67' title="bbox 623 3616 2193 3692">
    <p class='ocr_par' dir='ltr' id='par_1_67' title="bbox 623 3616 2193 3692">
     <span class='ocr_line' id='line_1_67' title="bbox 623 3616 2193 3692; baseline 0.009 -25"><span class='ocrx_word' id='word_1_482' title='bbox 623 3617 881 3668; x_wconf 90' lang='lat' dir='ltr'><strong>sententia</strong></span> <span class='ocrx_word' id='word_1_483' title='bbox 931 3616 1217 3670; x_wconf 85' lang='lat' dir='ltr'><strong>audientis.</strong></span> <span class='ocrx_word' id='word_1_484' title='bbox 1262 3618 1462 3673; x_wconf 81' lang='lat' dir='ltr'><strong>Pendet</strong></span> <span class='ocrx_word' id='word_1_485' title='bbox 1487 3621 1575 3687; x_wconf 92' lang='lat' dir='ltr'><strong>jus</strong></span> <span class='ocrx_word' id='word_1_486' title='bbox 1599 3637 1774 3685; x_wconf 88' lang='lat' dir='ltr'><strong>suum,</strong></span> <span class='ocrx_word' id='word_1_487' title='bbox 1807 3624 1893 3692; x_wconf 88' lang='lat' dir='ltr'><strong>qui</strong></span> <span class='ocrx_word' id='word_1_488' title='bbox 1936 3640 2193 3681; x_wconf 78' lang='lat' dir='ltr'><strong>excusare</strong></span> 
     </span>
    </p>
   </div>
   <div class='ocr_carea' id='block_1_68' title="bbox 624 3707 2193 3779">
    <p class='ocr_par' dir='ltr' id='par_1_68' title="bbox 624 3707 2193 3779">
     <span class='ocr_line' id='line_1_68' title="bbox 624 3707 2193 3779; baseline 0.008 -20"><span class='ocrx_word' id='word_1_489' title='bbox 624 3707 906 3773; x_wconf 81' lang='lat' dir='ltr'><strong>disposuit,</strong></span> <span class='ocrx_word' id='word_1_490' title='bbox 934 3707 1085 3761; x_wconf 69' lang='lat' dir='ltr'><strong>sililli</strong></span> <span class='ocrx_word' id='word_1_491' title='bbox 1133 3708 1394 3778; x_wconf 88' lang='lat' dir='ltr'><strong>allegandi</strong></span> <span class='ocrx_word' id='word_1_492' title='bbox 1437 3714 1586 3779; x_wconf 90' lang='lat' dir='ltr'><strong>copia</strong></span> <span class='ocrx_word' id='word_1_493' title='bbox 1635 3716 2007 3769; x_wconf 52' lang='lat' dir='ltr'><strong>concedatur»</strong></span> <span class='ocrx_word' id='word_1_494' title='bbox 2046 3717 2193 3771; x_wconf 82' lang='lat' dir='ltr'><strong>Tunc</strong></span> 
     </span>
    </p>
   </div>
   <div class='ocr_carea' id='block_1_69' title="bbox 625 3798 2193 3872">
    <p class='ocr_par' dir='ltr' id='par_1_69' title="bbox 625 3798 2193 3872">
     <span class='ocr_line' id='line_1_69' title="bbox 625 3798 2193 3872; baseline 0.011 -26"><span class='ocrx_word' id='word_1_495' title='bbox 625 3798 875 3864; x_wconf 86' lang='lat' dir='ltr'><strong>patricius</strong></span> <span class='ocrx_word' id='word_1_496' title='bbox 924 3799 1169 3855; x_wconf 79' lang='lat' dir='ltr'><strong>Bicemer</strong></span> <span class='ocrx_word' id='word_1_497' title='bbox 1217 3803 1283 3855; x_wconf 89' lang='lat' dir='ltr'><strong>ita</strong></span> <span class='ocrx_word' id='word_1_498' title='bbox 1341 3805 1612 3872; x_wconf 89' lang='lat' dir='ltr'><strong>respondit</strong></span> <span class='ocrx_word' id='word_1_499' title='bbox 1646 3824 1657 3858; x_wconf 93' lang='lat'>:</span> <span class='ocrx_word' id='word_1_500' title='bbox 1688 3824 1706 3857; x_wconf 72' lang='grc' dir='ltr'>ι</span> <span class='ocrx_word' id='word_1_501' title='bbox 1744 3807 1941 3861; x_wconf 87' lang='lat' dir='ltr'><strong>Detulit</strong></span> <span class='ocrx_word' id='word_1_502' title='bbox 1991 3811 2055 3862; x_wconf 90' lang='lat' dir='ltr'><strong>ad</strong></span> <span class='ocrx_word' id='word_1_503' title='bbox 2109 3824 2193 3864; x_wconf 89' lang='lat' dir='ltr'><strong>me</strong></span> 
     </span>
    </p>
   </div>
   <div class='ocr_carea' id='block_1_70' title="bbox 625 3887 2195 3967">
    <p class='ocr_par' dir='ltr' id='par_1_70' title="bbox 625 3887 2195 3967">
     <span class='ocr_line' id='line_1_70' title="bbox 625 3887 2195 3967; baseline 0.01 -28"><span class='ocrx_word' id='word_1_504' title='bbox 625 3887 766 3941; x_wconf 86' lang='lat' dir='ltr'><strong>hunc</strong></span> <span class='ocrx_word' id='word_1_505' title='bbox 808 3888 1075 3945; x_wconf 88' lang='lat' dir='ltr'><strong>hominem</strong></span> <span class='ocrx_word' id='word_1_506' title='bbox 1106 3908 1261 3962; x_wconf 91' lang='lat' dir='ltr'><strong>quem</strong></span> <span class='ocrx_word' id='word_1_507' title='bbox 1293 3892 1759 3963; x_wconf 21' lang='lat' dir='ltr'><strong>exponitis,vfama</strong></span> <span class='ocrx_word' id='word_1_508' title='bbox 1791 3899 2077 3967; x_wconf 87' lang='lat' dir='ltr'><strong>gloriosum</strong></span> <span class='ocrx_word' id='word_1_509' title='bbox 2104 3909 2195 3955; x_wconf 87' lang='lat' dir='ltr'><strong>:et</strong></span> 
     </span>
    </p>
   </div>
   <div class='ocr_carea' id='block_1_71' title="bbox 625 3978 2194 4057">
    <p class='ocr_par' dir='ltr' id='par_1_71' title="bbox 625 3978 2194 4057">
     <span class='ocr_line' id='line_1_71' title="bbox 625 3978 2194 4057; baseline 0.009 -27"><span class='ocrx_word' id='word_1_510' title='bbox 625 3979 676 4031; x_wconf 93' lang='lat' dir='ltr'><strong>in</strong></span> <span class='ocrx_word' id='word_1_511' title='bbox 708 3978 807 4033; x_wconf 90' lang='lat' dir='ltr'><strong>hoc</strong></span> <span class='ocrx_word' id='word_1_512' title='bbox 834 3981 1005 4051; x_wconf 88' lang='lat' dir='ltr'><strong>magis</strong></span> <span class='ocrx_word' id='word_1_513' title='bbox 1046 3983 1382 4038; x_wconf 85' lang='lat' dir='ltr'><strong>admirationi</strong></span> <span class='ocrx_word' id='word_1_514' title='bbox 1414 3987 1542 4039; x_wconf 87' lang='lat' dir='ltr'><strong>mihi</strong></span> <span class='ocrx_word' id='word_1_515' title='bbox 1572 3996 1675 4052; x_wconf 76' lang='lat' dir='ltr'><strong>est,</strong></span> <span class='ocrx_word' id='word_1_516' title='bbox 1702 3989 1841 4057; x_wconf 88' lang='lat' dir='ltr'><strong>qttod</strong></span> <span class='ocrx_word' id='word_1_517' title='bbox 1887 4005 2072 4043; x_wconf 85' lang='lat' dir='ltr'><strong>omnes</strong></span> <span class='ocrx_word' id='word_1_518' title='bbox 2103 3992 2194 4044; x_wconf 86' lang='lat' dir='ltr'><strong>ha-</strong></span> 
     </span>
    </p>
   </div>
   <div class='ocr_carea' id='block_1_72' title="bbox 625 4067 2193 4146">
    <p class='ocr_par' dir='ltr' id='par_1_72' title="bbox 625 4067 2193 4146">
     <span class='ocr_line' id='line_1_72' title="bbox 625 4067 2193 4146; baseline 0.01 -28"><span class='ocrx_word' id='word_1_519' title='bbox 625 4067 748 4122; x_wconf 87' lang='lat' dir='ltr'><strong>beat</strong></span> <span class='ocrx_word' id='word_1_520' title='bbox 797 4071 1127 4137; x_wconf 89' lang='lat' dir='ltr'><strong>laudatores;</strong></span> <span class='ocrx_word' id='word_1_521' title='bbox 1182 4075 1358 4128; x_wconf 90' lang='lat' dir='ltr'><strong>nullos</strong></span> <span class='ocrx_word' id='word_1_522' title='bbox 1404 4076 1520 4143; x_wconf 91' lang='lat' dir='ltr'><strong>ejus</strong></span> <span class='ocrx_word' id='word_1_523' title='bbox 1568 4077 1760 4145; x_wconf 91' lang='lat' dir='ltr'><strong>quibus</strong></span> <span class='ocrx_word' id='word_1_524' title='bbox 1810 4094 1901 4146; x_wconf 91' lang='lat' dir='ltr'><strong>per</strong></span> <span class='ocrx_word' id='word_1_525' title='bbox 1945 4080 2193 4133; x_wconf 89' lang='lat' dir='ltr'><strong>invidiam</strong></span> 
     </span>
    </p>
   </div>
   <div class='ocr_carea' id='block_1_73' title="bbox 626 4160 2195 4237">
    <p class='ocr_par' dir='ltr' id='par_1_73' title="bbox 626 4160 2195 4237">
     <span class='ocr_line' id='line_1_73' title="bbox 626 4160 2195 4237; baseline 0.008 -25"><span class='ocrx_word' id='word_1_526' title='bbox 626 4160 899 4220; x_wconf 77' lang='lat' dir='ltr'><strong>abundare</strong></span> <span class='ocrx_word' id='word_1_527' title='bbox 942 4163 1080 4217; x_wconf 88' lang='lat' dir='ltr'><strong>solet</strong></span> <span class='ocrx_word' id='word_1_528' title='bbox 1110 4165 1337 4229; x_wconf 87' lang='lat' dir='ltr'><strong>novitas,</strong></span> <span class='ocrx_word' id='word_1_529' title='bbox 1370 4167 1543 4233; x_wconf 86' lang='lat' dir='ltr'><strong>prodit</strong></span> <span class='ocrx_word' id='word_1_530' title='bbox 1572 4168 1835 4222; x_wconf 82' lang='lat' dir='ltr'><strong>inimicos.</strong></span> <span class='ocrx_word' id='word_1_531' title='bbox 1868 4170 1942 4224; x_wconf 88' lang='lat' dir='ltr'><strong>Ite</strong></span> <span class='ocrx_word' id='word_1_532' title='bbox 1971 4185 2115 4237; x_wconf 88' lang='lat' dir='ltr'><strong>ergo,</strong></span> <span class='ocrx_word' id='word_1_533' title='bbox 2142 4180 2195 4224; x_wconf 89' lang='lat' dir='ltr'><strong>et</strong></span> 
     </span>
    </p>
   </div>
   <div class='ocr_carea' id='block_1_74' title="bbox 626 4253 2191 4331">
    <p class='ocr_par' dir='ltr' id='par_1_74' title="bbox 626 4253 2191 4331">
     <span class='ocr_line' id='line_1_74' title="bbox 626 4253 2191 4331; baseline 0.008 -27"><span class='ocrx_word' id='word_1_534' title='bbox 626 4263 805 4321; x_wconf 85' lang='lat' dir='ltr'><strong>rogate</strong></span> <span class='ocrx_word' id='word_1_535' title='bbox 827 4253 1094 4309; x_wconf 87' lang='lat' dir='ltr'><strong>hominem</strong></span> <span class='ocrx_word' id='word_1_536' title='bbox 1120 4256 1231 4320; x_wconf 90' lang='lat' dir='ltr'><strong>Dei,</strong></span> <span class='ocrx_word' id='word_1_537' title='bbox 1252 4266 1310 4310; x_wconf 86' lang='lat' dir='ltr'><strong>ut</strong></span> <span class='ocrx_word' id='word_1_538' title='bbox 1328 4259 1562 4312; x_wconf 76' lang='lat' dir='ltr'><strong>ambulet</strong></span> <span class='ocrx_word' id='word_1_539' title='bbox 1587 4277 1601 4312; x_wconf 94' lang='lat'>:</span> <span class='ocrx_word' id='word_1_540' title='bbox 1621 4260 1827 4331; x_wconf 86' lang='lat' dir='ltr'><strong>jungite</strong></span> <span class='ocrx_word' id='word_1_541' title='bbox 1851 4264 2011 4316; x_wconf 86' lang='lat' dir='ltr'><strong>etiam</strong></span> <span class='ocrx_word' id='word_1_542' title='bbox 2046 4276 2191 4316; x_wconf 86' lang='lat' dir='ltr'><strong>meas</strong></span> 
     </span>
    </p>
   </div>
   <div class='ocr_carea' id='block_1_75' title="bbox 627 4346 2193 4418">
    <p class='ocr_par' dir='ltr' id='par_1_75' title="bbox 627 4346 2193 4418">
     <span class='ocr_line' id='line_1_75' title="bbox 627 4346 2193 4418; baseline 0.006 -21"><span class='ocrx_word' id='word_1_543' title='bbox 627 4360 832 4413; x_wconf 91' lang='lat' dir='ltr'><strong>preces.</strong></span> <span class='ocrx_word' id='word_1_544' title='bbox 860 4365 878 4398; x_wconf 73' lang='grc' dir='ltr'><strong><em>ι</em></strong></span> <span class='ocrx_word' id='word_1_545' title='bbox 916 4346 1128 4415; x_wconf 83' lang='lat' dir='ltr'><strong>Egressi</strong></span> <span class='ocrx_word' id='word_1_546' title='bbox 1176 4348 1242 4402; x_wconf 91' lang='lat' dir='ltr'><strong>de</strong></span> <span class='ocrx_word' id='word_1_547' title='bbox 1286 4350 1512 4403; x_wconf 91' lang='lat' dir='ltr'><strong>consilio</strong></span> <span class='ocrx_word' id='word_1_548' title='bbox 1557 4352 1645 4418; x_wconf 86' lang='lat' dir='ltr'><strong>(an</strong></span> <span class='ocrx_word' id='word_1_549' title='bbox 1694 4352 1976 4414; x_wconf 81' lang='lat' dir='ltr'><strong>concilio?)</strong></span> <span class='ocrx_word' id='word_1_550' title='bbox 2012 4355 2193 4407; x_wconf 87' lang='lat' dir='ltr'><strong>statim</strong></span> 
     </span>
    </p>
   </div>
   <div class='ocr_carea' id='block_1_76' title="bbox 627 4436 2195 4507">
    <p class='ocr_par' dir='ltr' id='par_1_76' title="bbox 627 4436 2195 4507">
     <span class='ocr_line' id='line_1_76' title="bbox 627 4436 2195 4507; baseline 0.003 -15"><span class='ocrx_word' id='word_1_551' title='bbox 627 4436 865 4492; x_wconf 84' lang='lat' dir='ltr'><strong>Ticinum</strong></span> <span class='ocrx_word' id='word_1_552' title='bbox 898 4447 1101 4507; x_wconf 82' lang='lat' dir='ltr'><strong>petunt,</strong></span> <span class='ocrx_word' id='word_1_553' title='bbox 1133 4454 1345 4493; x_wconf 89' lang='lat' dir='ltr'><strong>causam</strong></span> <span class='ocrx_word' id='word_1_554' title='bbox 1392 4452 1629 4506; x_wconf 81' lang='lat' dir='ltr'><strong>narrant,</strong></span> <span class='ocrx_word' id='word_1_555' title='bbox 1657 4443 1818 4507; x_wconf 87' lang='lat' dir='ltr'><strong>fusis,</strong></span> <span class='ocrx_word' id='word_1_556' title='bbox 1851 4454 1906 4497; x_wconf 88' lang='lat' dir='ltr'><strong>ut</strong></span> <span class='ocrx_word' id='word_1_557' title='bbox 1936 4446 2091 4498; x_wconf 91' lang='lat' dir='ltr'><strong>istum</strong></span> <span class='ocrx_word' id='word_1_558' title='bbox 2120 4445 2195 4497; x_wconf 85' lang='lat' dir='ltr'><strong>la-</strong></span> 
     </span>
    </p>
   </div>
   <div class='ocr_carea' id='block_1_77' title="bbox 2299 3268 3859 3338">
    <p class='ocr_par' dir='ltr' id='par_1_77' title="bbox 2299 3268 3859 3338">
     <span class='ocr_line' id='line_1_77' title="bbox 2299 3268 3859 3338; baseline -0.003 -15"><span class='ocrx_word' id='word_1_559' title='bbox 2299 3271 2405 3334; x_wconf 75' lang='lat' dir='ltr'><strong>fex,</strong></span> <span class='ocrx_word' id='word_1_560' title='bbox 2441 3279 2777 3338; x_wconf 73' lang='lat' dir='ltr'><strong>posteaquam</strong></span> <span class='ocrx_word' id='word_1_561' title='bbox 2811 3271 3164 3336; x_wconf 82' lang='lat' dir='ltr'><strong>introgressus</strong></span> <span class='ocrx_word' id='word_1_562' title='bbox 3209 3279 3311 3333; x_wconf 88' lang='lat' dir='ltr'><strong>est,</strong></span> <span class='ocrx_word' id='word_1_563' title='bbox 3340 3276 3394 3322; x_wconf 90' lang='lat' dir='ltr'><strong>ct</strong></span> <span class='ocrx_word' id='word_1_564' title='bbox 3426 3268 3719 3334; x_wconf 78' lang='lat' dir='ltr'><strong>proferendi</strong></span> <span class='ocrx_word' id='word_1_565' title='bbox 3748 3282 3859 3320; x_wconf 65' lang='lat' dir='ltr'><strong>sere</strong></span> 
     </span>
    </p>
   </div>
   <div class='ocr_carea' id='block_1_78' title="bbox 2296 3356 3864 3426">
    <p class='ocr_par' dir='ltr' id='par_1_78' title="bbox 2296 3356 3864 3426">
     <span class='ocr_line' id='line_1_78' title="bbox 2296 3356 3864 3426; baseline -0.002 -14"><span class='ocrx_word' id='word_1_566' title='bbox 2296 3362 2464 3413; x_wconf 80' lang='lat' dir='ltr'><strong>munis</strong></span> <span class='ocrx_word' id='word_1_567' title='bbox 2509 3361 2732 3413; x_wconf 86' lang='lat' dir='ltr'><strong>donatus</strong></span> <span class='ocrx_word' id='word_1_568' title='bbox 2781 3360 3009 3423; x_wconf 84' lang='lat' dir='ltr'><strong>licentia,</strong></span> <span class='ocrx_word' id='word_1_569' title='bbox 3039 3360 3281 3426; x_wconf 89' lang='lat' dir='ltr'><strong>quamvis</strong></span> <span class='ocrx_word' id='word_1_570' title='bbox 3315 3357 3544 3425; x_wconf 75' lang='lat' dir='ltr'><strong>fugitivze</strong></span> <span class='ocrx_word' id='word_1_571' title='bbox 3585 3356 3864 3424; x_wconf 75' lang='lat' dir='ltr'><strong>potestatis</strong></span> 
     </span>
    </p>
   </div>
   <div class='ocr_carea' id='block_1_79' title="bbox 2297 3445 3869 3519">
    <p class='ocr_par' dir='ltr' id='par_1_79' title="bbox 2297 3445 3869 3519">
     <span class='ocr_line' id='line_1_79' title="bbox 2297 3445 3869 3519; baseline -0.004 -16"><span class='ocrx_word' id='word_1_572' title='bbox 2297 3450 2552 3516; x_wconf 71' lang='lat' dir='ltr'><strong>insignia,</strong></span> <span class='ocrx_word' id='word_1_573' title='bbox 2595 3460 2796 3519; x_wconf 80' lang='lat' dir='ltr'><strong>ostrum</strong></span> <span class='ocrx_word' id='word_1_574' title='bbox 2845 3463 3185 3519; x_wconf 84' lang='lat' dir='ltr'><strong>gemmasque</strong></span> <span class='ocrx_word' id='word_1_575' title='bbox 3234 3449 3511 3502; x_wconf 85' lang='lat' dir='ltr'><strong>rutilantes</strong></span> <span class='ocrx_word' id='word_1_576' title='bbox 3559 3445 3869 3500; x_wconf 86' lang='lat' dir='ltr'><strong>reverendae</strong></span> 
     </span>
    </p>
   </div>
   <div class='ocr_carea' id='block_1_80' title="bbox 2297 3518 3867 3609">
    <p class='ocr_par' dir='ltr' id='par_1_80' title="bbox 2297 3518 3867 3609">
     <span class='ocr_line' id='line_1_80' title="bbox 2297 3518 3867 3609; baseline -0.002 -16"><span class='ocrx_word' id='word_1_577' title='bbox 2297 3541 2537 3608; x_wconf 81' lang='lat' dir='ltr'><strong>imaginis</strong></span> <span class='ocrx_word' id='word_1_578' title='bbox 2571 3518 2775 3609; x_wconf 65' lang='lat' dir='ltr'><strong>fulgdre</strong></span> <span class='ocrx_word' id='word_1_579' title='bbox 2804 3518 3178 3608; x_wconf 87' lang='lat' dir='ltr'><strong>compresserit</strong></span> <span class='ocrx_word' id='word_1_580' title='bbox 3204 3540 3421 3608; x_wconf 86' lang='lat' dir='ltr'><strong>(etenim</strong></span> <span class='ocrx_word' id='word_1_581' title='bbox 3451 3538 3599 3604; x_wconf 89' lang='lat' dir='ltr'><strong>quasi</strong></span> <span class='ocrx_word' id='word_1_582' title='bbox 3645 3537 3867 3590; x_wconf 86' lang='lat' dir='ltr'><strong>absente</strong></span> 
     </span>
    </p>
   </div>
   <div class='ocr_carea' id='block_1_81' title="bbox 2297 3625 3867 3698">
    <p class='ocr_par' dir='ltr' id='par_1_81' title="bbox 2297 3625 3867 3698">
     <span class='ocr_line' id='line_1_81' title="bbox 2297 3625 3867 3698; baseline -0.005 -14"><span class='ocrx_word' id='word_1_583' title='bbox 2297 3632 2647 3698; x_wconf 88' lang='lat' dir='ltr'><strong>imperatore,</strong></span> <span class='ocrx_word' id='word_1_584' title='bbox 2681 3631 2749 3682; x_wconf 88' lang='lat' dir='ltr'><strong>ita</strong></span> <span class='ocrx_word' id='word_1_585' title='bbox 2801 3632 2850 3682; x_wconf 91' lang='lat' dir='ltr'><strong>in</strong></span> <span class='ocrx_word' id='word_1_586' title='bbox 2900 3645 2958 3683; x_wconf 91' lang='lat' dir='ltr'><strong>se</strong></span> <span class='ocrx_word' id='word_1_587' title='bbox 3006 3630 3191 3683; x_wconf 90' lang='lat' dir='ltr'><strong>oculos</strong></span> <span class='ocrx_word' id='word_1_588' title='bbox 3241 3636 3469 3684; x_wconf 80' lang='lat' dir='ltr'><strong>traxerat</strong></span> <span class='ocrx_word' id='word_1_589' title='bbox 3511 3625 3867 3693; x_wconf 87' lang='lat' dir='ltr'><strong>singulorum)</strong></span> 
     </span>
    </p>
   </div>
   <div class='ocr_carea' id='block_1_82' title="bbox 2297 3714 3862 3787">
    <p class='ocr_par' dir='ltr' id='par_1_82' title="bbox 2297 3714 3862 3787">
     <span class='ocr_line' id='line_1_82' title="bbox 2297 3714 3862 3787; baseline -0.004 -16"><span class='ocrx_word' id='word_1_590' title='bbox 2297 3721 2385 3773; x_wconf 91' lang='lat' dir='ltr'><strong>tali</strong></span> <span class='ocrx_word' id='word_1_591' title='bbox 2448 3720 2747 3773; x_wconf 88' lang='lat' dir='ltr'><strong>narratione</strong></span> <span class='ocrx_word' id='word_1_592' title='bbox 2805 3719 3092 3787; x_wconf 88' lang='lat' dir='ltr'><strong>incipiens,</strong></span> <span class='ocrx_word' id='word_1_593' title='bbox 3136 3719 3348 3783; x_wconf 78' lang='lat' dir='ltr'><strong>ianuam</strong></span> <span class='ocrx_word' id='word_1_594' title='bbox 3407 3717 3513 3770; x_wconf 91' lang='lat' dir='ltr'><strong>oris</strong></span> <span class='ocrx_word' id='word_1_595' title='bbox 3556 3714 3862 3768; x_wconf 88' lang='lat' dir='ltr'><strong>rescravit:</strong></span> 
     </span>
    </p>
   </div>
   <div class='ocr_carea' id='block_1_83' title="bbox 2302 3808 3863 3878">
    <p class='ocr_par' dir='ltr' id='par_1_83' title="bbox 2302 3808 3863 3878">
     <span class='ocr_line' id='line_1_83' title="bbox 2302 3808 3863 3878; baseline -0.001 -16"><span class='ocrx_word' id='word_1_596' title='bbox 2302 3831 2319 3862; x_wconf 72' lang='grc' dir='ltr'><strong><em>ι</em></strong></span> <span class='ocrx_word' id='word_1_597' title='bbox 2359 3812 2572 3867; x_wconf 90' lang='lat' dir='ltr'><strong>Summa</strong></span> <span class='ocrx_word' id='word_1_598' title='bbox 2617 3812 2850 3865; x_wconf 78' lang='lat' dir='ltr'><strong>cmlcstis</strong></span> <span class='ocrx_word' id='word_1_599' title='bbox 2900 3812 3127 3876; x_wconf 90' lang='lat' dir='ltr'><strong>Domini,</strong></span> <span class='ocrx_word' id='word_1_600' title='bbox 3160 3810 3458 3864; x_wconf 84' lang='lat' dir='ltr'><strong>venerande</strong></span> <span class='ocrx_word' id='word_1_601' title='bbox 3488 3808 3749 3878; x_wconf 84' lang='lat' dir='ltr'><strong>princeps,</strong></span> <span class='ocrx_word' id='word_1_602' title='bbox 3781 3813 3863 3861; x_wconf 83' lang='lat' dir='ltr'><strong>est</strong></span> 
     </span>
    </p>
   </div>
   <div class='ocr_carea' id='block_1_84' title="bbox 2296 3888 3869 3967">
    <p class='ocr_par' dir='ltr' id='par_1_84' title="bbox 2296 3888 3869 3967">
     <span class='ocr_line' id='line_1_84' title="bbox 2296 3888 3869 3967; baseline -0.004 -14"><span class='ocrx_word' id='word_1_603' title='bbox 2296 3888 2629 3954; x_wconf 67' lang='lat' dir='ltr'><strong>ordinatione</strong></span> <span class='ocrx_word' id='word_1_604' title='bbox 2658 3900 2990 3967; x_wconf 78' lang='lat' dir='ltr'><strong>dispositum,</strong></span> <span class='ocrx_word' id='word_1_605' title='bbox 3022 3910 3079 3953; x_wconf 89' lang='lat' dir='ltr'><strong>ut</strong></span> <span class='ocrx_word' id='word_1_606' title='bbox 3106 3900 3185 3953; x_wconf 93' lang='lat' dir='ltr'><strong>cui</strong></span> <span class='ocrx_word' id='word_1_607' title='bbox 3219 3908 3377 3951; x_wconf 67' lang='lat' dir='ltr'><strong>tanta:</strong></span> <span class='ocrx_word' id='word_1_608' title='bbox 3406 3896 3707 3962; x_wconf 66' lang='lat' dir='ltr'><strong>reipublictc</strong></span> <span class='ocrx_word' id='word_1_609' title='bbox 3735 3909 3869 3948; x_wconf 90' lang='lat' dir='ltr'><strong>cura</strong></span> 
     </span>
    </p>
   </div>
   <div class='ocr_carea' id='block_1_85' title="bbox 2296 3986 3867 4056">
    <p class='ocr_par' dir='ltr' id='par_1_85' title="bbox 2296 3986 3867 4056">
     <span class='ocr_line' id='line_1_85' title="bbox 2296 3986 3867 4056; baseline -0.006 -13"><span class='ocrx_word' id='word_1_610' title='bbox 2296 3990 2668 4051; x_wconf 70' lang='lat' dir='ltr'><strong>mundabatur,</strong></span> <span class='ocrx_word' id='word_1_611' title='bbox 2699 4004 2792 4056; x_wconf 85' lang='lat' dir='ltr'><strong>per</strong></span> <span class='ocrx_word' id='word_1_612' title='bbox 2820 3991 3091 4043; x_wconf 65' lang='lat' dir='ltr'><strong>catholica:</strong></span> <span class='ocrx_word' id='word_1_613' title='bbox 3120 3988 3237 4041; x_wconf 87' lang='lat' dir='ltr'><strong>fidei</strong></span> <span class='ocrx_word' id='word_1_614' title='bbox 3268 3987 3457 4056; x_wconf 84' lang='lat' dir='ltr'><strong>dogma</strong></span> <span class='ocrx_word' id='word_1_615' title='bbox 3493 3986 3653 4038; x_wconf 92' lang='lat' dir='ltr'><strong>Deum</strong></span> <span class='ocrx_word' id='word_1_616' title='bbox 3684 3993 3741 4037; x_wconf 90' lang='lat' dir='ltr'><strong>et</strong></span> <span class='ocrx_word' id='word_1_617' title='bbox 3769 3998 3867 4035; x_wconf 90' lang='lat' dir='ltr'><strong>an-</strong></span> 
     </span>
    </p>
   </div>
   <div class='ocr_carea' id='block_1_86' title="bbox 2296 4080 3871 4146">
    <p class='ocr_par' dir='ltr' id='par_1_86' title="bbox 2296 4080 3871 4146">
     <span class='ocr_line' id='line_1_86' title="bbox 2296 4080 3871 4146; baseline -0.004 -12"><span class='ocrx_word' id='word_1_618' title='bbox 2296 4091 2497 4135; x_wconf 89' lang='lat' dir='ltr'><strong>ctorem</strong></span> <span class='ocrx_word' id='word_1_619' title='bbox 2534 4091 2587 4133; x_wconf 90' lang='lat' dir='ltr'><strong>et</strong></span> <span class='ocrx_word' id='word_1_620' title='bbox 2628 4091 2917 4133; x_wconf 89' lang='lat' dir='ltr'><strong>amatorem</strong></span> <span class='ocrx_word' id='word_1_621' title='bbox 2953 4080 3159 4146; x_wconf 89' lang='lat' dir='ltr'><strong>pietatis</strong></span> <span class='ocrx_word' id='word_1_622' title='bbox 3193 4084 3533 4145; x_wconf 76' lang='lat' dir='ltr'><strong>agnosceret;</strong></span> <span class='ocrx_word' id='word_1_623' title='bbox 3569 4090 3663 4143; x_wconf 90' lang='lat' dir='ltr'><strong>per</strong></span> <span class='ocrx_word' id='word_1_624' title='bbox 3708 4089 3871 4142; x_wconf 90' lang='lat' dir='ltr'><strong>quem</strong></span> 
     </span>
    </p>
   </div>
   <div class='ocr_carea' id='block_1_87' title="bbox 2298 4154 3871 4237">
    <p class='ocr_par' dir='ltr' id='par_1_87' title="bbox 2298 4154 3871 4237">
     <span class='ocr_line' id='line_1_87' title="bbox 2298 4154 3871 4237; baseline -0.003 -14"><span class='ocrx_word' id='word_1_625' title='bbox 2298 4172 2554 4224; x_wconf 90' lang='lat' dir='ltr'><strong>bellorum</strong></span> <span class='ocrx_word' id='word_1_626' title='bbox 2586 4171 2814 4223; x_wconf 91' lang='lat' dir='ltr'><strong>furorem</strong></span> <span class='ocrx_word' id='word_1_627' title='bbox 2849 4169 2991 4237; x_wconf 89' lang='lat' dir='ltr'><strong>pacis</strong></span> <span class='ocrx_word' id='word_1_628' title='bbox 3017 4183 3163 4223; x_wconf 89' lang='lat' dir='ltr'><strong>arma</strong></span> <span class='ocrx_word' id='word_1_629' title='bbox 3188 4154 3550 4233; x_wconf 77' lang='lat' dir='ltr'><strong>confringunt,</strong></span> <span class='ocrx_word' id='word_1_630' title='bbox 3580 4174 3634 4218; x_wconf 91' lang='lat' dir='ltr'><strong>et</strong></span> <span class='ocrx_word' id='word_1_631' title='bbox 3658 4165 3871 4219; x_wconf 84' lang='lat' dir='ltr'><strong>calcans</strong></span> 
     </span>
    </p>
   </div>
   <div class='ocr_carea' id='block_1_88' title="bbox 2297 4254 3872 4329">
    <p class='ocr_par' dir='ltr' id='par_1_88' title="bbox 2297 4254 3872 4329">
     <span class='ocr_line' id='line_1_88' title="bbox 2297 4254 3872 4329; baseline -0.004 -15"><span class='ocrx_word' id='word_1_632' title='bbox 2297 4262 2432 4314; x_wconf 68' lang='lat' dir='ltr'><strong>colla</strong></span> <span class='ocrx_word' id='word_1_633' title='bbox 2456 4260 2718 4329; x_wconf 67' lang='lat' dir='ltr'><strong>superbia:</strong></span> <span class='ocrx_word' id='word_1_634' title='bbox 2744 4259 3027 4321; x_wconf 82' lang='lat' dir='ltr'><strong>concordia</strong></span> <span class='ocrx_word' id='word_1_635' title='bbox 3058 4265 3291 4324; x_wconf 85' lang='lat' dir='ltr'><strong>superat,</strong></span> <span class='ocrx_word' id='word_1_636' title='bbox 3312 4255 3449 4324; x_wconf 85' lang='lat' dir='ltr'><strong>quod</strong></span> <span class='ocrx_word' id='word_1_637' title='bbox 3481 4254 3735 4307; x_wconf 84' lang='lat' dir='ltr'><strong>fortitudo</strong></span> <span class='ocrx_word' id='word_1_638' title='bbox 3762 4270 3872 4307; x_wconf 86' lang='lat' dir='ltr'><strong>non</strong></span> 
     </span>
    </p>
   </div>
   <div class='ocr_carea' id='block_1_89' title="bbox 2300 4342 3871 4418">
    <p class='ocr_par' dir='ltr' id='par_1_89' title="bbox 2300 4342 3871 4418">
     <span class='ocr_line' id='line_1_89' title="bbox 2300 4342 3871 4418; baseline -0.006 -16"><span class='ocrx_word' id='word_1_639' title='bbox 2300 4350 2568 4418; x_wconf 67' lang='lat' dir='ltr'><strong>praevalet.</strong></span> <span class='ocrx_word' id='word_1_640' title='bbox 2600 4348 2687 4402; x_wconf 88' lang='lat' dir='ltr'><strong>Sic</strong></span> <span class='ocrx_word' id='word_1_641' title='bbox 2716 4362 2945 4417; x_wconf 89' lang='lat' dir='ltr'><strong>namque</strong></span> <span class='ocrx_word' id='word_1_642' title='bbox 2988 4346 3149 4400; x_wconf 89' lang='lat' dir='ltr'><strong>David</strong></span> <span class='ocrx_word' id='word_1_643' title='bbox 3198 4343 3585 4414; x_wconf 74' lang='lat' dir='ltr'><strong>prtedicabilem</strong></span> <span class='ocrx_word' id='word_1_644' title='bbox 3618 4342 3871 4411; x_wconf 87' lang='lat' dir='ltr'><strong>parcendi</strong></span> 
     </span>
    </p>
   </div>
   <div class='ocr_carea' id='block_1_90' title="bbox 2302 4431 3872 4508">
    <p class='ocr_par' dir='ltr' id='par_1_90' title="bbox 2302 4431 3872 4508">
     <span class='ocr_line' id='line_1_90' title="bbox 2302 4431 3872 4508; baseline -0.006 -16"><span class='ocrx_word' id='word_1_645' title='bbox 2302 4442 2468 4508; x_wconf 72' lang='lat' dir='ltr'><strong>magis</strong></span> <span class='ocrx_word' id='word_1_646' title='bbox 2499 4440 2713 4492; x_wconf 85' lang='lat' dir='ltr'><strong>inimico</strong></span> <span class='ocrx_word' id='word_1_647' title='bbox 2740 4439 2947 4493; x_wconf 91' lang='lat' dir='ltr'><strong>animus</strong></span> <span class='ocrx_word' id='word_1_648' title='bbox 2972 4436 3218 4499; x_wconf 86' lang='lat' dir='ltr'><strong>reddidit,</strong></span> <span class='ocrx_word' id='word_1_649' title='bbox 3248 4451 3405 4505; x_wconf 87' lang='lat' dir='ltr'><strong>quam</strong></span> <span class='ocrx_word' id='word_1_650' title='bbox 3436 4434 3660 4488; x_wconf 90' lang='lat' dir='ltr'><strong>intentio</strong></span> <span class='ocrx_word' id='word_1_651' title='bbox 3686 4431 3872 4485; x_wconf 80' lang='lat' dir='ltr'><strong>vindi-</strong></span> 
     </span>
    </p>
   </div>
   <div class='ocr_carea' id='block_1_91' title="bbox 627 4525 3866 4604">
    <p class='ocr_par' dir='ltr' id='par_1_91' title="bbox 627 4525 3866 4604">
     <span class='ocr_line' id='line_1_91' title="bbox 627 4525 3866 4604; baseline -0.002 -22"><span class='ocrx_word' id='word_1_652' title='bbox 627 4530 809 4585; x_wconf 90' lang='lat' dir='ltr'><strong>borem</strong></span> <span class='ocrx_word' id='word_1_653' title='bbox 852 4530 1166 4599; x_wconf 83' lang='lat' dir='ltr'><strong>susciperet,</strong></span> <span class='ocrx_word' id='word_1_654' title='bbox 1199 4531 1383 4585; x_wconf 82' lang='lat' dir='ltr'><strong>beatus</strong></span> <span class='ocrx_word' id='word_1_655' title='bbox 1416 4533 1743 4600; x_wconf 83' lang='lat' dir='ltr'><strong>Epiphanius</strong></span> <span class='ocrx_word' id='word_1_656' title='bbox 1786 4543 2000 4601; x_wconf 86' lang='lat' dir='ltr'><strong>rogatur</strong></span> <span class='ocrx_word' id='word_1_657' title='bbox 2027 4535 2197 4604; x_wconf 84' lang='lat' dir='ltr'><strong>lacry-</strong></span> <span class='ocrx_word' id='word_1_658' title='bbox 2228 4525 2272 4582; x_wconf 93' lang='lat' dir='ltr'><strong>D</strong></span> <span class='ocrx_word' id='word_1_659' title='bbox 2299 4532 2470 4583; x_wconf 89' lang='lat' dir='ltr'><strong>candi.</strong></span> <span class='ocrx_word' id='word_1_660' title='bbox 2508 4531 2596 4585; x_wconf 89' lang='lat' dir='ltr'><strong>Sic</strong></span> <span class='ocrx_word' id='word_1_661' title='bbox 2624 4529 2840 4598; x_wconf 90' lang='lat' dir='ltr'><strong>perfecti</strong></span> <span class='ocrx_word' id='word_1_662' title='bbox 2866 4528 3179 4583; x_wconf 65' lang='lat' dir='ltr'><strong>saeculorum</strong></span> <span class='ocrx_word' id='word_1_663' title='bbox 3225 4542 3376 4596; x_wconf 85' lang='lat' dir='ltr'><strong>reges</strong></span> <span class='ocrx_word' id='word_1_664' title='bbox 3406 4535 3458 4579; x_wconf 88' lang='lat' dir='ltr'><strong>et</strong></span> <span class='ocrx_word' id='word_1_665' title='bbox 3497 4526 3714 4586; x_wconf 89' lang='lat' dir='ltr'><strong>domini,</strong></span> <span class='ocrx_word' id='word_1_666' title='bbox 3746 4538 3866 4589; x_wconf 90' lang='lat' dir='ltr'><strong>sup-</strong></span> 
     </span>
    </p>
   </div>
   <div class='ocr_carea' id='block_1_92' title="bbox 624 4622 2197 4690">
    <p class='ocr_par' dir='ltr' id='par_1_92' title="bbox 624 4622 2197 4690">
     <span class='ocr_line' id='line_1_92' title="bbox 624 4622 2197 4690; baseline 0.001 -16"><span class='ocrx_word' id='word_1_667' title='bbox 624 4622 727 4675; x_wconf 85' lang='lat' dir='ltr'><strong>mis</strong></span> <span class='ocrx_word' id='word_1_668' title='bbox 754 4640 767 4674; x_wconf 94' lang='lat'>:</span> <span class='ocrx_word' id='word_1_669' title='bbox 793 4622 879 4690; x_wconf 91' lang='lat' dir='ltr'><strong>qui</strong></span> <span class='ocrx_word' id='word_1_670' title='bbox 926 4637 992 4675; x_wconf 91' lang='lat' dir='ltr'><strong>ne</strong></span> <span class='ocrx_word' id='word_1_671' title='bbox 1032 4629 1345 4676; x_wconf 77' lang='lat' dir='ltr'><strong>extenuaret</strong></span> <span class='ocrx_word' id='word_1_672' title='bbox 1382 4622 1727 4685; x_wconf 85' lang='lat' dir='ltr'><strong>beneficium,</strong></span> <span class='ocrx_word' id='word_1_673' title='bbox 1752 4623 1796 4675; x_wconf 91' lang='lat' dir='ltr'><strong>si</strong></span> <span class='ocrx_word' id='word_1_674' title='bbox 1830 4622 1968 4676; x_wconf 88' lang='lat' dir='ltr'><strong>filios</strong></span> <span class='ocrx_word' id='word_1_675' title='bbox 1994 4624 2197 4677; x_wconf 89' lang='lat' dir='ltr'><strong>diutina</strong></span> 
     </span>
    </p>
   </div>
   <div class='ocr_carea' id='block_1_93' title="bbox 625 4712 2195 4781">
    <p class='ocr_par' dir='ltr' id='par_1_93' title="bbox 625 4712 2195 4781">
     <span class='ocr_line' id='line_1_93' title="bbox 625 4712 2195 4781; baseline 0.001 -17"><span class='ocrx_word' id='word_1_676' title='bbox 625 4713 1012 4781; x_wconf 85' lang='lat' dir='ltr'><strong>supplicatione</strong></span> <span class='ocrx_word' id='word_1_677' title='bbox 1054 4720 1348 4781; x_wconf 87' lang='lat' dir='ltr'><strong>torqueret,</strong></span> <span class='ocrx_word' id='word_1_678' title='bbox 1384 4712 1670 4766; x_wconf 80' lang='lat' dir='ltr'><strong>antecessit</strong></span> <span class='ocrx_word' id='word_1_679' title='bbox 1707 4712 1967 4766; x_wconf 82' lang='lat' dir='ltr'><strong>desideria</strong></span> <span class='ocrx_word' id='word_1_680' title='bbox 2012 4721 2195 4779; x_wconf 84' lang='lat' dir='ltr'><strong>postu-</strong></span> 
     </span>
    </p>
   </div>
   <div class='ocr_carea' id='block_1_94' title="bbox 628 4803 2196 4872">
    <p class='ocr_par' dir='ltr' id='par_1_94' title="bbox 628 4803 2196 4872">
     <span class='ocr_line' id='line_1_94' title="bbox 628 4803 2196 4872; baseline 0.002 -18"><span class='ocrx_word' id='word_1_681' title='bbox 628 4804 825 4855; x_wconf 86' lang='lat' dir='ltr'><strong>lautum</strong></span> <span class='ocrx_word' id='word_1_682' title='bbox 856 4822 868 4855; x_wconf 90' lang='lat'>:</span> <span class='ocrx_word' id='word_1_683' title='bbox 894 4817 1031 4872; x_wconf 91' lang='lat' dir='ltr'><strong>quos</strong></span> <span class='ocrx_word' id='word_1_684' title='bbox 1058 4812 1233 4857; x_wconf 87' lang='lat' dir='ltr'><strong>tamen</strong></span> <span class='ocrx_word' id='word_1_685' title='bbox 1266 4803 1443 4857; x_wconf 84' lang='lat' dir='ltr'><strong>taliter</strong></span> <span class='ocrx_word' id='word_1_686' title='bbox 1470 4804 1731 4858; x_wconf 89' lang='lat' dir='ltr'><strong>allocutus</strong></span> <span class='ocrx_word' id='word_1_687' title='bbox 1754 4814 1867 4858; x_wconf 91' lang='lat' dir='ltr'><strong>est:</strong></span> <span class='ocrx_word' id='word_1_688' title='bbox 1900 4824 1918 4856; x_wconf 77' lang='grc' dir='ltr'>ι</span> <span class='ocrx_word' id='word_1_689' title='bbox 1947 4804 2196 4870; x_wconf 82' lang='lat' dir='ltr'><strong>Quamvis</strong></span> 
     </span>
    </p>
   </div>
   <div class='ocr_carea' id='block_1_95' title="bbox 630 4890 2198 4965">
    <p class='ocr_par' dir='ltr' id='par_1_95' title="bbox 630 4890 2198 4965">
     <span class='ocr_line' id='line_1_95' title="bbox 630 4890 2198 4965; baseline 0.004 -22"><span class='ocrx_word' id='word_1_690' title='bbox 630 4899 789 4943; x_wconf 79' lang='lat' dir='ltr'><strong>tantae</strong></span> <span class='ocrx_word' id='word_1_691' title='bbox 826 4894 903 4945; x_wconf 91' lang='lat' dir='ltr'><strong>rei</strong></span> <span class='ocrx_word' id='word_1_692' title='bbox 943 4895 1235 4947; x_wconf 80' lang='lat' dir='ltr'><strong>necessitas</strong></span> <span class='ocrx_word' id='word_1_693' title='bbox 1284 4895 1671 4961; x_wconf 75' lang='lat' dir='ltr'><strong>probatissima:</strong></span> <span class='ocrx_word' id='word_1_694' title='bbox 1722 4890 2198 4965; x_wconf 71' lang='lat' dir='ltr'><strong>persome‘pondus</strong></span> 
     </span>
    </p>
   </div>
   <div class='ocr_carea' id='block_1_96' title="bbox 630 4980 2196 5054">
    <p class='ocr_par' dir='ltr' id='par_1_96' title="bbox 630 4980 2196 5054">
     <span class='ocr_line' id='line_1_96' title="bbox 630 4980 2196 5054; baseline 0.005 -22"><span class='ocrx_word' id='word_1_695' title='bbox 630 4980 878 5048; x_wconf 89' lang='lat' dir='ltr'><strong>inquirat,</strong></span> <span class='ocrx_word' id='word_1_696' title='bbox 912 4990 965 5034; x_wconf 89' lang='lat' dir='ltr'><strong>et</strong></span> <span class='ocrx_word' id='word_1_697' title='bbox 995 4983 1183 5037; x_wconf 86' lang='lat' dir='ltr'><strong>titubet</strong></span> <span class='ocrx_word' id='word_1_698' title='bbox 1205 4985 1305 5037; x_wconf 86' lang='lat' dir='ltr'><strong>sub</strong></span> <span class='ocrx_word' id='word_1_699' title='bbox 1334 4985 1479 5054; x_wconf 88' lang='lat' dir='ltr'><strong>gravi</strong></span> <span class='ocrx_word' id='word_1_700' title='bbox 1506 4985 1648 5039; x_wconf 87' lang='lat' dir='ltr'><strong>fasce</strong></span> <span class='ocrx_word' id='word_1_701' title='bbox 1691 4987 1917 5053; x_wconf 87' lang='lat' dir='ltr'><strong>portitor</strong></span> <span class='ocrx_word' id='word_1_702' title='bbox 1947 4986 2196 5040; x_wconf 82' lang='lat' dir='ltr'><strong>immatu-</strong></span> 
     </span>
    </p>
   </div>
   <div class='ocr_carea' id='block_1_97' title="bbox 628 5070 2195 5144">
    <p class='ocr_par' dir='ltr' id='par_1_97' title="bbox 628 5070 2195 5144">
     <span class='ocr_line' id='line_1_97' title="bbox 628 5070 2195 5144; baseline 0.003 -22"><span class='ocrx_word' id='word_1_703' title='bbox 628 5084 739 5130; x_wconf 86' lang='lat' dir='ltr'><strong>rus,</strong></span> <span class='ocrx_word' id='word_1_704' title='bbox 762 5070 1008 5125; x_wconf 79' lang='lat' dir='ltr'><strong>allectum</strong></span> <span class='ocrx_word' id='word_1_705' title='bbox 1033 5080 1209 5127; x_wconf 89' lang='lat' dir='ltr'><strong>tamen</strong></span> <span class='ocrx_word' id='word_1_706' title='bbox 1231 5089 1387 5142; x_wconf 90' lang='lat' dir='ltr'><strong>quem</strong></span> <span class='ocrx_word' id='word_1_707' title='bbox 1410 5076 1577 5130; x_wconf 90' lang='lat' dir='ltr'><strong>debeo</strong></span> <span class='ocrx_word' id='word_1_708' title='bbox 1600 5076 1785 5143; x_wconf 65' lang='lat' dir='ltr'><strong>patriae</strong></span> <span class='ocrx_word' id='word_1_709' title='bbox 1807 5092 1911 5130; x_wconf 90' lang='lat' dir='ltr'><strong>non</strong></span> <span class='ocrx_word' id='word_1_710' title='bbox 1936 5076 2160 5144; x_wconf 87' lang='lat' dir='ltr'><strong>negabo.</strong></span> <span class='ocrx_word' id='word_1_711' title='bbox 2178 5094 2195 5127; x_wconf 73' lang='grc' dir='ltr'>ι</span> 
     </span>
    </p>
   </div>
   <div class='ocr_carea' id='block_1_98' title="bbox 628 5160 2199 5238">
    <p class='ocr_par' dir='ltr' id='par_1_98' title="bbox 628 5160 2199 5238">
     <span class='ocr_line' id='line_1_98' title="bbox 628 5160 2199 5238; baseline 0.006 -25"><span class='ocrx_word' id='word_1_712' title='bbox 628 5160 829 5228; x_wconf 80' lang='lat' dir='ltr'><strong>Quibus</strong></span> <span class='ocrx_word' id='word_1_713' title='bbox 874 5162 1105 5217; x_wconf 89' lang='lat' dir='ltr'><strong>breviter</strong></span> <span class='ocrx_word' id='word_1_714' title='bbox 1156 5167 1423 5232; x_wconf 88' lang='lat' dir='ltr'><strong>narratis,</strong></span> <span class='ocrx_word' id='word_1_715' title='bbox 1468 5166 1736 5235; x_wconf 87' lang='lat' dir='ltr'><strong>quomodo</strong></span> <span class='ocrx_word' id='word_1_716' title='bbox 1788 5177 1901 5222; x_wconf 90' lang='lat' dir='ltr'><strong>erat</strong></span> <span class='ocrx_word' id='word_1_717' title='bbox 1950 5169 2199 5238; x_wconf 89' lang='lat' dir='ltr'><strong>loquendi</strong></span> 
     </span>
    </p>
   </div>
   <div class='ocr_carea' id='block_1_99' title="bbox 628 5275 2201 5347">
    <p class='ocr_par' dir='ltr' id='par_1_99' title="bbox 628 5275 2201 5347">
     <span class='ocr_line' id='line_1_99' title="bbox 628 5275 2201 5347; baseline 0.001 -17"><span class='ocrx_word' id='word_1_718' title='bbox 628 5275 934 5330; x_wconf 83' lang='lat' dir='ltr'><strong>cathedram</strong></span> <span class='ocrx_word' id='word_1_719' title='bbox 968 5292 1135 5343; x_wconf 91' lang='lat' dir='ltr'><strong>nuper</strong></span> <span class='ocrx_word' id='word_1_720' title='bbox 1168 5277 1430 5347; x_wconf 86' lang='lat' dir='ltr'><strong>adscitus.</strong></span> <span class='ocrx_word' id='word_1_721' title='bbox 1477 5281 1652 5344; x_wconf 86' lang='lat' dir='ltr'><strong>Quare</strong></span> <span class='ocrx_word' id='word_1_722' title='bbox 1682 5294 1800 5333; x_wconf 88' lang='lat' dir='ltr'><strong>cum</strong></span> <span class='ocrx_word' id='word_1_723' title='bbox 1842 5288 2058 5332; x_wconf 86' lang='lat' dir='ltr'><strong>octavus</strong></span> <span class='ocrx_word' id='word_1_724' title='bbox 2087 5280 2201 5347; x_wconf 85' lang='lat' dir='ltr'><strong>ejus</strong></span> 
     </span>
    </p>
   </div>
   <div class='ocr_carea' id='block_1_100' title="bbox 625 5346 2199 5416">
    <p class='ocr_par' dir='ltr' id='par_1_100' title="bbox 625 5346 2199 5416">
     <span class='ocr_line' id='line_1_100' title="bbox 625 5346 2199 5416; baseline -0.001 -13"><span class='ocrx_word' id='word_1_725' title='bbox 625 5362 820 5411; x_wconf 81' lang='lat' dir='ltr'><strong>annus,</strong></span> <span class='ocrx_word' id='word_1_726' title='bbox 855 5356 911 5399; x_wconf 89' lang='lat' dir='ltr'><strong>ttt</strong></span> <span class='ocrx_word' id='word_1_727' title='bbox 937 5356 1116 5414; x_wconf 89' lang='lat' dir='ltr'><strong>postea</strong></span> <span class='ocrx_word' id='word_1_728' title='bbox 1146 5346 1371 5410; x_wconf 91' lang='lat' dir='ltr'><strong>dicetur,</strong></span> <span class='ocrx_word' id='word_1_729' title='bbox 1401 5349 1645 5403; x_wconf 87' lang='lat' dir='ltr'><strong>inciderit</strong></span> <span class='ocrx_word' id='word_1_730' title='bbox 1670 5350 1725 5403; x_wconf 90' lang='lat' dir='ltr'><strong>in</strong></span> <span class='ocrx_word' id='word_1_731' title='bbox 1759 5359 1991 5416; x_wconf 88' lang='lat' dir='ltr'><strong>tempora</strong></span> <span class='ocrx_word' id='word_1_732' title='bbox 2023 5346 2199 5416; x_wconf 87' lang='lat' dir='ltr'><strong>Nepo-</strong></span> 
     </span>
    </p>
   </div>
   <div class='ocr_carea' id='block_1_101' title="bbox 630 5417 2201 5498">
    <p class='ocr_par' dir='ltr' id='par_1_101' title="bbox 630 5417 2201 5484">
     <span class='ocr_line' id='line_1_101' title="bbox 630 5417 2201 5484; baseline 0.002 -16"><span class='ocrx_word' id='word_1_733' title='bbox 630 5422 714 5480; x_wconf 61' lang='lat' dir='ltr'><strong>tis,</strong></span> <span class='ocrx_word' id='word_1_734' title='bbox 747 5418 970 5484; x_wconf 88' lang='lat' dir='ltr'><strong>primam</strong></span> <span class='ocrx_word' id='word_1_735' title='bbox 1004 5417 1137 5471; x_wconf 92' lang='lat' dir='ltr'><strong>hanc</strong></span> <span class='ocrx_word' id='word_1_736' title='bbox 1166 5417 1479 5484; x_wconf 88' lang='lat' dir='ltr'><strong>legationem</strong></span> <span class='ocrx_word' id='word_1_737' title='bbox 1519 5420 1618 5473; x_wconf 91' lang='lat' dir='ltr'><strong>sub</strong></span> <span class='ocrx_word' id='word_1_738' title='bbox 1658 5433 1851 5473; x_wconf 89' lang='lat' dir='ltr'><strong>annum</strong></span> <span class='ocrx_word' id='word_1_739' title='bbox 1894 5420 1997 5474; x_wconf 73' lang='grc'>468</span> <span class='ocrx_word' id='word_1_740' title='bbox 2027 5419 2201 5474; x_wconf 90' lang='lat' dir='ltr'><strong>conti-</strong></span> 
     </span>
    </p>
   </div>
   <div class='ocr_carea' id='block_1_102' title="bbox 646 5506 1144 5540">
    <p class='ocr_par' dir='ltr' id='par_1_102' title="bbox 646 5506 1144 5540">
     <span class='ocr_line' id='line_1_102' title="bbox 646 5506 1144 5540; baseline 0 0"><span class='ocrx_word' id='word_1_741' title='bbox 646 5506 768 5540; x_wconf 68' lang='lat' dir='ltr'><strong>!lSSC</strong></span> <span class='ocrx_word' id='word_1_742' title='bbox 800 5506 1018 5540; x_wconf 71' lang='lat' dir='ltr'><strong>IIBCCSSC</strong></span> <span class='ocrx_word' id='word_1_743' title='bbox 1044 5506 1144 5540; x_wconf 76' lang='lat' dir='ltr'><strong>CSI.</strong></span> 
     </span>
    </p>
   </div>
   <div class='ocr_carea' id='block_1_103' title="bbox 624 5497 2200 5628">
    <p class='ocr_par' dir='ltr' id='par_1_103' title="bbox 624 5497 2200 5628">
     <span class='ocr_line' id='line_1_103' title="bbox 624 5497 1144 5555; baseline 0 -15"><span class='ocrx_word' id='word_1_744' title='bbox 624 5497 768 5555; x_wconf 72' lang='lat' dir='ltr'><strong>gisse</strong></span> <span class='ocrx_word' id='word_1_745' title='bbox 800 5501 1018 5542; x_wconf 90' lang='lat' dir='ltr'><strong>necesse</strong></span> <span class='ocrx_word' id='word_1_746' title='bbox 1044 5497 1144 5542; x_wconf 90' lang='lat' dir='ltr'><strong>est.</strong></span> 
     </span>
     <span class='ocr_line' id='line_1_104' title="bbox 701 5556 2200 5628; baseline 0.003 -19"><span class='ocrx_word' id='word_1_747' title='bbox 701 5559 715 5586; x_wconf 87' lang='grc'>¹</span> <span class='ocrx_word' id='word_1_748' title='bbox 752 5557 987 5611; x_wconf 76' lang='lat' dir='ltr'><strong>Galatam</strong></span> <span class='ocrx_word' id='word_1_749' title='bbox 1014 5556 1337 5628; x_wconf 62' lang='lat' dir='ltr'><strong>concitatum]</strong></span> <span class='ocrx_word' id='word_1_750' title='bbox 1361 5558 1695 5612; x_wconf 88' lang='lat' dir='ltr'><strong>Anthemium</strong></span> <span class='ocrx_word' id='word_1_751' title='bbox 1720 5575 1873 5625; x_wconf 88' lang='lat' dir='ltr'><strong>quem</strong></span> <span class='ocrx_word' id='word_1_752' title='bbox 1903 5558 2200 5613; x_wconf 78' lang='lat' dir='ltr'><strong>Grmculum</strong></span> 
     </span>
    </p>
   </div>
   <div class='ocr_carea' id='block_1_104' title="bbox 631 5628 2199 5683">
    <p class='ocr_par' dir='ltr' id='par_1_104' title="bbox 631 5628 2199 5683">
     <span class='ocr_line' id='line_1_105' title="bbox 631 5628 2199 5683; baseline 0.003 -4"><span class='ocrx_word' id='word_1_753' title='bbox 631 5642 751 5679; x_wconf 77' lang='lat' dir='ltr'><strong>mox</strong></span> <span class='ocrx_word' id='word_1_754' title='bbox 807 5637 978 5681; x_wconf 89' lang='lat' dir='ltr'><strong>vocat.</strong></span> <span class='ocrx_word' id='word_1_755' title='bbox 1040 5628 1288 5682; x_wconf 87' lang='lat' dir='ltr'><strong>Sidonius</strong></span> <span class='ocrx_word' id='word_1_756' title='bbox 1339 5634 1461 5681; x_wconf 81' lang='lat' dir='ltr'><strong>item</strong></span> <span class='ocrx_word' id='word_1_757' title='bbox 1519 5628 1590 5681; x_wconf 86' lang='lat' dir='ltr'><strong>de</strong></span> <span class='ocrx_word' id='word_1_758' title='bbox 1640 5632 1888 5682; x_wconf 67' lang='lat' dir='ltr'><strong>Arvando</strong></span> <span class='ocrx_word' id='word_1_759' title='bbox 1940 5630 2199 5683; x_wconf 78' lang='lat' dir='ltr'><strong>scribens.</strong></span> 
     </span>
    </p>
   </div>
   <div class='ocr_carea' id='block_1_105' title="bbox 631 5690 2204 5769">
    <p class='ocr_par' dir='ltr' id='par_1_105' title="bbox 631 5690 2204 5769">
     <span class='ocr_line' id='line_1_106' title="bbox 631 5690 2204 5769; baseline -0.003 -16"><span class='ocrx_word' id='word_1_760' title='bbox 631 5696 1073 5769; x_wconf 72' lang='lat' dir='ltr'><strong>t‘jttsuue_litteris</strong></span> <span class='ocrx_word' id='word_1_761' title='bbox 1100 5698 1163 5752; x_wconf 90' lang='lat' dir='ltr'><strong>ad</strong></span> <span class='ocrx_word' id='word_1_762' title='bbox 1195 5700 1439 5753; x_wconf 88' lang='lat' dir='ltr'><strong>Enricum</strong></span> <span class='ocrx_word' id='word_1_763' title='bbox 1480 5690 1578 5753; x_wconf 62' lang='lat' dir='ltr'><strong>lib.</strong></span> <span class='ocrx_word' id='word_1_764' title='bbox 1604 5714 1641 5759; x_wconf 86' lang='grc' dir='ltr'><strong>ι.</strong></span> <span class='ocrx_word' id='word_1_765' title='bbox 1672 5702 1830 5769; x_wconf 84' lang='lat' dir='ltr'><strong>epist.</strong></span> <span class='ocrx_word' id='word_1_766' title='bbox 1866 5700 1933 5753; x_wconf 89' lang='lat'><strong>7:</strong></span> <span class='ocrx_word' id='word_1_767' title='bbox 1968 5698 2086 5751; x_wconf 78' lang='lat' dir='ltr'><strong>Ila&#39;c</strong></span> <span class='ocrx_word' id='word_1_768' title='bbox 2138 5698 2204 5746; x_wconf 83' lang='lat' dir='ltr'><strong>ad</strong></span> 
     </span>
    </p>
   </div>
   <div class='ocr_carea' id='block_1_106' title="bbox 635 5765 2202 5839">
    <p class='ocr_par' dir='ltr' id='par_1_106' title="bbox 635 5765 2202 5839">
     <span class='ocr_line' id='line_1_107' title="bbox 635 5765 2202 5839; baseline -0.001 -22"><span class='ocrx_word' id='word_1_769' title='bbox 635 5780 801 5839; x_wconf 55' lang='lat' dir='ltr'><strong>tegent</strong></span> <span class='ocrx_word' id='word_1_770' title='bbox 841 5765 1118 5823; x_wconf 45' lang='lat' dir='ltr'><strong>Gothorum</strong></span> <span class='ocrx_word' id='word_1_771' title='bbox 1160 5770 1337 5823; x_wconf 67' lang='lat' dir='ltr'><strong>claarta</strong></span> <span class='ocrx_word' id='word_1_772' title='bbox 1373 5770 1630 5823; x_wconf 74' lang='lat' dir='ltr'><strong>ridebatur</strong></span> <span class='ocrx_word' id='word_1_773' title='bbox 1670 5765 1847 5832; x_wconf 68' lang='lat' dir='ltr'><strong>mam,</strong></span> <span class='ocrx_word' id='word_1_774' title='bbox 1876 5786 2045 5837; x_wconf 75' lang='lat' dir='ltr'><strong>pacem</strong></span> <span class='ocrx_word' id='word_1_775' title='bbox 2094 5784 2202 5817; x_wconf 73' lang='lat' dir='ltr'><strong>rum</strong></span> 
     </span>
    </p>
   </div>
   <div class='ocr_carea' id='block_1_107' title="bbox 2306 4616 3859 4690">
    <p class='ocr_par' dir='ltr' id='par_1_107' title="bbox 2306 4616 3859 4690">
     <span class='ocr_line' id='line_1_108' title="bbox 2306 4616 3859 4690; baseline -0.006 -17"><span class='ocrx_word' id='word_1_776' title='bbox 2306 4622 2620 4690; x_wconf 88' lang='lat' dir='ltr'><strong>plicantilms</strong></span> <span class='ocrx_word' id='word_1_777' title='bbox 2637 4621 2913 4686; x_wconf 81' lang='lat' dir='ltr'><strong>indulgere</strong></span> <span class='ocrx_word' id='word_1_778' title='bbox 2927 4619 3132 4673; x_wconf 90' lang='lat' dir='ltr'><strong>coelein</strong></span> <span class='ocrx_word' id='word_1_779' title='bbox 3149 4628 3261 4672; x_wconf 89' lang='lat' dir='ltr'><strong>arte</strong></span> <span class='ocrx_word' id='word_1_780' title='bbox 3280 4618 3597 4671; x_wconf 82' lang='lat' dir='ltr'><strong>didicerunt.</strong></span> <span class='ocrx_word' id='word_1_781' title='bbox 3612 4616 3859 4680; x_wconf 73' lang='lat' dir='ltr'><strong>Superm</strong></span> 
     </span>
    </p>
   </div>
   <div class='ocr_carea' id='block_1_108' title="bbox 2306 4707 3855 4779">
    <p class='ocr_par' dir='ltr' id='par_1_108' title="bbox 2306 4707 3855 4779">
     <span class='ocr_line' id='line_1_109' title="bbox 2306 4707 3855 4779; baseline -0.005 -15"><span class='ocrx_word' id='word_1_782' title='bbox 2306 4727 2531 4779; x_wconf 89' lang='lat' dir='ltr'><strong>namque</strong></span> <span class='ocrx_word' id='word_1_783' title='bbox 2561 4711 2934 4765; x_wconf 85' lang='lat' dir='ltr'><strong>dominationis</strong></span> <span class='ocrx_word' id='word_1_784' title='bbox 2966 4711 3133 4764; x_wconf 89' lang='lat' dir='ltr'><strong>instar</strong></span> <span class='ocrx_word' id='word_1_785' title='bbox 3178 4709 3434 4778; x_wconf 88' lang='lat' dir='ltr'><strong>possidet,</strong></span> <span class='ocrx_word' id='word_1_786' title='bbox 3462 4708 3551 4776; x_wconf 87' lang='lat' dir='ltr'><strong>qui</strong></span> <span class='ocrx_word' id='word_1_787' title='bbox 3593 4707 3855 4773; x_wconf 77' lang='lat' dir='ltr'><strong>itnpetillt&#39;</strong></span> 
     </span>
    </p>
   </div>
   <div class='ocr_carea' id='block_1_109' title="bbox 2304 4797 3838 4869">
    <p class='ocr_par' dir='ltr' id='par_1_109' title="bbox 2304 4797 3838 4869">
     <span class='ocr_line' id='line_1_110' title="bbox 2304 4797 3838 4869; baseline -0.009 -13"><span class='ocrx_word' id='word_1_788' title='bbox 2304 4818 2455 4856; x_wconf 89' lang='lat' dir='ltr'><strong>suum</strong></span> <span class='ocrx_word' id='word_1_789' title='bbox 2497 4803 2687 4869; x_wconf 88' lang='lat' dir='ltr'><strong>pietate</strong></span> <span class='ocrx_word' id='word_1_790' title='bbox 2734 4802 3001 4855; x_wconf 80' lang='lat' dir='ltr'><strong>Sublimat.</strong></span> <span class='ocrx_word' id='word_1_791' title='bbox 3048 4802 3163 4854; x_wconf 80' lang='lat' dir='ltr'><strong>Hoc</strong></span> <span class='ocrx_word' id='word_1_792' title='bbox 3192 4814 3319 4869; x_wconf 90' lang='lat' dir='ltr'><strong>ergo</strong></span> <span class='ocrx_word' id='word_1_793' title='bbox 3351 4797 3498 4852; x_wconf 88' lang='lat' dir='ltr'><strong>Italia</strong></span> <span class='ocrx_word' id='word_1_794' title='bbox 3532 4806 3707 4850; x_wconf 73' lang='lat' dir='ltr'><strong>vestra</strong></span> <span class='ocrx_word' id='word_1_795' title='bbox 3741 4797 3838 4847; x_wconf 80' lang='lat' dir='ltr'><strong>tm</strong></span> 
     </span>
    </p>
   </div>
   <div class='ocr_carea' id='block_1_110' title="bbox 2299 4889 3877 4960">
    <p class='ocr_par' dir='ltr' id='par_1_110' title="bbox 2299 4889 3877 4960">
     <span class='ocr_line' id='line_1_111' title="bbox 2299 4889 3877 4960; baseline -0.004 -16"><span class='ocrx_word' id='word_1_796' title='bbox 2299 4893 2534 4960; x_wconf 89' lang='lat' dir='ltr'><strong>judicio,</strong></span> <span class='ocrx_word' id='word_1_797' title='bbox 2588 4892 2667 4946; x_wconf 77' lang='lat' dir='ltr'><strong>vel</strong></span> <span class='ocrx_word' id='word_1_798' title='bbox 2715 4892 2957 4945; x_wconf 84' lang='lat' dir='ltr'><strong>Riccmer</strong></span> <span class='ocrx_word' id='word_1_799' title='bbox 3005 4890 3285 4959; x_wconf 86' lang='lat' dir='ltr'><strong>patricius,</strong></span> <span class='ocrx_word' id='word_1_800' title='bbox 3336 4889 3647 4958; x_wconf 86' lang='lat' dir='ltr'><strong>parvitatem</strong></span> <span class='ocrx_word' id='word_1_801' title='bbox 3702 4901 3877 4938; x_wconf 73' lang='lat' dir='ltr'><strong>meam</strong></span> 
     </span>
    </p>
   </div>
   <div class='ocr_carea' id='block_1_111' title="bbox 2308 4974 3875 5046">
    <p class='ocr_par' dir='ltr' id='par_1_111' title="bbox 2308 4974 3875 5046">
     <span class='ocr_line' id='line_1_112' title="bbox 2308 4974 3875 5046; baseline -0.006 -8"><span class='ocrx_word' id='word_1_802' title='bbox 2308 4984 2327 5014; x_wconf 67' lang='lat'><strong>‘</strong></span> <span class='ocrx_word' id='word_1_803' title='bbox 2356 4994 2507 5038; x_wconf 89' lang='lat' dir='ltr'><strong>oratu</strong></span> <span class='ocrx_word' id='word_1_804' title='bbox 2558 4982 2748 5037; x_wconf 81' lang='lat' dir='ltr'><strong>direxit</strong></span> <span class='ocrx_word' id='word_1_805' title='bbox 2782 4999 2793 5035; x_wconf 93' lang='lat'><strong>:</strong></span> <span class='ocrx_word' id='word_1_806' title='bbox 2828 4980 3189 5036; x_wconf 89' lang='lat' dir='ltr'><strong>indubitanter</strong></span> <span class='ocrx_word' id='word_1_807' title='bbox 3237 4978 3551 5046; x_wconf 75' lang='lat' dir='ltr'><strong>COHjiCit&#39;llS,</strong></span> <span class='ocrx_word' id='word_1_808' title='bbox 3586 4975 3723 5043; x_wconf 87' lang='lat' dir='ltr'><strong>quod</strong></span> <span class='ocrx_word' id='word_1_809' title='bbox 3774 4974 3875 5028; x_wconf 74' lang='lat' dir='ltr'><strong>lio-</strong></span> 
     </span>
    </p>
   </div>
   <div class='ocr_carea' id='block_1_112' title="bbox 2310 5048 3879 5138">
    <p class='ocr_par' dir='ltr' id='par_1_112' title="bbox 2310 5048 3879 5138">
     <span class='ocr_line' id='line_1_113' title="bbox 2310 5048 3879 5138; baseline -0.008 -9"><span class='ocrx_word' id='word_1_810' title='bbox 2310 5092 2497 5129; x_wconf 88' lang='lat' dir='ltr'><strong>manus</strong></span> <span class='ocrx_word' id='word_1_811' title='bbox 2522 5076 2541 5105; x_wconf 76' lang='grc'><strong><em>⁵</em></strong></span> <span class='ocrx_word' id='word_1_812' title='bbox 2574 5075 2681 5128; x_wconf 91' lang='lat' dir='ltr'><strong>Deo</strong></span> <span class='ocrx_word' id='word_1_813' title='bbox 2708 5048 2899 5127; x_wconf 41' lang='lat' dir='ltr'><strong>m‘unus</strong></span> <span class='ocrx_word' id='word_1_814' title='bbox 2944 5073 3159 5135; x_wconf 90' lang='lat' dir='ltr'><strong>tribuat,</strong></span> <span class='ocrx_word' id='word_1_815' title='bbox 3188 5086 3346 5138; x_wconf 89' lang='lat' dir='ltr'><strong>quam</strong></span> <span class='ocrx_word' id='word_1_816' title='bbox 3388 5078 3633 5136; x_wconf 85' lang='lat' dir='ltr'><strong>precatur</strong></span> <span class='ocrx_word' id='word_1_817' title='bbox 3677 5078 3723 5118; x_wconf 89' lang='lat' dir='ltr'><strong>et</strong></span> <span class='ocrx_word' id='word_1_818' title='bbox 3760 5066 3879 5117; x_wconf 85' lang='lat' dir='ltr'><strong>bar-</strong></span> 
     </span>
    </p>
   </div>
   <div class='ocr_carea' id='block_1_113' title="bbox 2309 5158 3875 5233">
    <p class='ocr_par' dir='ltr' id='par_1_113' title="bbox 2309 5158 3875 5233">
     <span class='ocr_line' id='line_1_114' title="bbox 2309 5158 3875 5233; baseline -0.009 -11"><span class='ocrx_word' id='word_1_819' title='bbox 2309 5168 2488 5223; x_wconf 90' lang='lat' dir='ltr'><strong>barus.</strong></span> <span class='ocrx_word' id='word_1_820' title='bbox 2508 5167 2619 5220; x_wconf 86' lang='lat' dir='ltr'><strong>Erit</strong></span> <span class='ocrx_word' id='word_1_821' title='bbox 2643 5168 2782 5219; x_wconf 91' lang='lat' dir='ltr'><strong>enim</strong></span> <span class='ocrx_word' id='word_1_822' title='bbox 2811 5167 3108 5233; x_wconf 87' lang='lat' dir='ltr'><strong>triumphus</strong></span> <span class='ocrx_word' id='word_1_823' title='bbox 3131 5164 3319 5217; x_wconf 90' lang='lat' dir='ltr'><strong>vestris</strong></span> <span class='ocrx_word' id='word_1_824' title='bbox 3343 5164 3551 5230; x_wconf 82' lang='lat' dir='ltr'><strong>proprie</strong></span> <span class='ocrx_word' id='word_1_825' title='bbox 3573 5158 3875 5228; x_wconf 71' lang='lat' dir='ltr'><strong>profuturus</strong></span> 
     </span>
    </p>
   </div>
   <div class='ocr_carea' id='block_1_114' title="bbox 2308 5268 3876 5347">
    <p class='ocr_par' dir='ltr' id='par_1_114' title="bbox 2308 5268 3876 5347">
     <span class='ocr_line' id='line_1_115' title="bbox 2308 5268 3876 5347; baseline -0.006 -18"><span class='ocrx_word' id='word_1_826' title='bbox 2308 5276 2487 5329; x_wconf 80' lang='lat' dir='ltr'><strong>Gra&#39;co</strong></span> <span class='ocrx_word' id='word_1_827' title='bbox 2530 5277 2829 5347; x_wconf 69' lang='lat' dir='ltr'><strong>imperatore</strong></span> <span class='ocrx_word' id='word_1_828' title='bbox 2870 5275 3188 5347; x_wconf 64' lang='lat' dir='ltr'><strong>dissuadens.</strong></span> <span class='ocrx_word' id='word_1_829' title='bbox 3235 5272 3476 5347; x_wconf 67' lang='lat' dir='ltr'><strong>Graecum</strong></span> <span class='ocrx_word' id='word_1_830' title='bbox 3521 5284 3746 5347; x_wconf 71' lang='lat' dir='ltr'><strong>namque</strong></span> <span class='ocrx_word' id='word_1_831' title='bbox 3776 5268 3876 5347; x_wconf 73' lang='lat' dir='ltr'><strong>iut-</strong></span> 
     </span>
    </p>
   </div>
   <div class='ocr_carea' id='block_1_115' title="bbox 2312 5340 3876 5416">
    <p class='ocr_par' dir='ltr' id='par_1_115' title="bbox 2312 5340 3876 5416">
     <span class='ocr_line' id='line_1_116' title="bbox 2312 5340 3876 5416; baseline -0.006 -18"><span class='ocrx_word' id='word_1_832' title='bbox 2312 5340 2609 5416; x_wconf 84' lang='lat' dir='ltr'><strong>peratorem</strong></span> <span class='ocrx_word' id='word_1_833' title='bbox 2642 5346 2889 5413; x_wconf 85' lang='lat' dir='ltr'><strong>appellat,</strong></span> <span class='ocrx_word' id='word_1_834' title='bbox 2915 5361 3025 5416; x_wconf 12' lang='lat' dir='ltr'><strong>non,</strong></span> <span class='ocrx_word' id='word_1_835' title='bbox 3048 5345 3276 5416; x_wconf 84' lang='lat' dir='ltr'><strong>Leonem</strong></span> <span class='ocrx_word' id='word_1_836' title='bbox 3308 5340 3876 5416; x_wconf 61' lang='lat' dir='ltr'><strong>principemOrientis.</strong></span> 
     </span>
    </p>
   </div>
   <div class='ocr_carea' id='block_1_116' title="bbox 2312 5410 3876 5475">
    <p class='ocr_par' dir='ltr' id='par_1_116' title="bbox 2312 5410 3876 5475">
     <span class='ocr_line' id='line_1_117' title="bbox 2312 5410 3876 5475; baseline -0.002 -11"><span class='ocrx_word' id='word_1_837' title='bbox 2312 5410 2394 5467; x_wconf 63' lang='lat' dir='ltr'><strong>cui</strong></span> <span class='ocrx_word' id='word_1_838' title='bbox 2420 5416 2494 5469; x_wconf 89' lang='lat' dir='ltr'><strong>rei</strong></span> <span class='ocrx_word' id='word_1_839' title='bbox 2526 5415 2653 5467; x_wconf 90' lang='lat' dir='ltr'><strong>nihil</strong></span> <span class='ocrx_word' id='word_1_840' title='bbox 2683 5410 2811 5467; x_wconf 78' lang='lat' dir='ltr'><strong>erat</strong></span> <span class='ocrx_word' id='word_1_841' title='bbox 2841 5430 2957 5468; x_wconf 89' lang='lat' dir='ltr'><strong>cum</strong></span> <span class='ocrx_word' id='word_1_842' title='bbox 2993 5414 3201 5475; x_wconf 85' lang='lat' dir='ltr'><strong>Eurico,</strong></span> <span class='ocrx_word' id='word_1_843' title='bbox 3241 5411 3331 5464; x_wconf 89' lang='lat' dir='ltr'><strong>sed</strong></span> <span class='ocrx_word' id='word_1_844' title='bbox 3363 5410 3702 5463; x_wconf 81' lang='lat' dir='ltr'><strong>Anthemium</strong></span> <span class='ocrx_word' id='word_1_845' title='bbox 3734 5410 3821 5475; x_wconf 82' lang='lat' dir='ltr'><strong>qui</strong></span> <span class='ocrx_word' id='word_1_846' title='bbox 3856 5422 3876 5461; x_wconf 73' lang='grc' dir='ltr'>ε</span> 
     </span>
    </p>
   </div>
   <div class='ocr_carea' id='block_1_117' title="bbox 2315 5480 3478 5552">
    <p class='ocr_par' dir='ltr' id='par_1_117' title="bbox 2315 5480 3478 5552">
     <span class='ocr_line' id='line_1_118' title="bbox 2315 5480 3478 5552; baseline -0.006 -13"><span class='ocrx_word' id='word_1_847' title='bbox 2315 5484 2514 5539; x_wconf 65' lang='grc' dir='ltr'><strong>Οναιοίη</strong></span> <span class='ocrx_word' id='word_1_848' title='bbox 2549 5500 2715 5552; x_wconf 89' lang='lat' dir='ltr'><strong>nuper</strong></span> <span class='ocrx_word' id='word_1_849' title='bbox 2743 5494 2957 5537; x_wconf 75' lang='lat' dir='ltr'><strong>emtus</strong></span> <span class='ocrx_word' id='word_1_850' title='bbox 2987 5483 3168 5535; x_wconf 74' lang='lat' dir='ltr'><strong>Roma:</strong></span> <span class='ocrx_word' id='word_1_851' title='bbox 3208 5480 3478 5549; x_wconf 87' lang='lat' dir='ltr'><strong>regnabat.</strong></span> 
     </span>
    </p>
   </div>
   <div class='ocr_carea' id='block_1_118' title="bbox 2384 5554 3035 5617">
    <p class='ocr_par' dir='ltr' id='par_1_118' title="bbox 2384 5554 3035 5617">
     <span class='ocr_line' id='line_1_119' title="bbox 2384 5554 3035 5617; baseline -0.003 -10"><span class='ocrx_word' id='word_1_852' title='bbox 2384 5556 2402 5585; x_wconf 83' lang='grc'>¹</span> <span class='ocrx_word' id='word_1_853' title='bbox 2434 5555 2694 5617; x_wconf 83' lang='lat' dir='ltr'><strong>Bulland.,</strong></span> <span class='ocrx_word' id='word_1_854' title='bbox 2725 5554 3035 5606; x_wconf 77' lang='lat' dir='ltr'><strong>submittant.</strong></span> 
     </span>
    </p>
   </div>
   <div class='ocr_carea' id='block_1_119' title="bbox 2388 5620 3369 5691">
    <p class='ocr_par' dir='ltr' id='par_1_119' title="bbox 2388 5620 3369 5691">
     <span class='ocr_line' id='line_1_120' title="bbox 2388 5620 3369 5691; baseline -0.005 -15"><span class='ocrx_word' id='word_1_855' title='bbox 2388 5624 2406 5653; x_wconf 89' lang='grc'>³</span> <span class='ocrx_word' id='word_1_856' title='bbox 2442 5624 2623 5676; x_wconf 83' lang='lat' dir='ltr'><strong>Schol.</strong></span> <span class='ocrx_word' id='word_1_857' title='bbox 2649 5634 2697 5675; x_wconf 87' lang='lat' dir='ltr'><strong>et</strong></span> <span class='ocrx_word' id='word_1_858' title='bbox 2730 5624 2990 5687; x_wconf 66' lang='lat' dir='ltr'><strong>liolland.,</strong></span> <span class='ocrx_word' id='word_1_859' title='bbox 3022 5620 3369 5691; x_wconf 76' lang='lat' dir='ltr'><strong>lnexpiabilis.</strong></span> 
     </span>
    </p>
   </div>
   <div class='ocr_carea' id='block_1_120' title="bbox 2383 5693 3127 5754">
    <p class='ocr_par' dir='ltr' id='par_1_120' title="bbox 2383 5693 3127 5754">
     <span class='ocr_line' id='line_1_121' title="bbox 2383 5693 3127 5754; baseline -0.001 -8"><span class='ocrx_word' id='word_1_860' title='bbox 2383 5694 2401 5722; x_wconf 68' lang='grc'><strong><em>³</em></strong></span> <span class='ocrx_word' id='word_1_861' title='bbox 2432 5696 2610 5745; x_wconf 82' lang='lat' dir='ltr'><strong>Schol.</strong></span> <span class='ocrx_word' id='word_1_862' title='bbox 2644 5702 2694 5744; x_wconf 86' lang='lat' dir='ltr'><strong>et</strong></span> <span class='ocrx_word' id='word_1_863' title='bbox 2728 5693 2880 5754; x_wconf 69' lang='lat'><strong>80&quot;.,</strong></span> <span class='ocrx_word' id='word_1_864' title='bbox 2912 5705 3127 5745; x_wconf 69' lang='lat' dir='ltr'><strong>oratum.</strong></span> 
     </span>
    </p>
   </div>
   <div class='ocr_carea' id='block_1_121' title="bbox 2386 5762 2906 5820">
    <p class='ocr_par' dir='ltr' id='par_1_121' title="bbox 2386 5762 2906 5820">
     <span class='ocr_line' id='line_1_122' title="bbox 2386 5762 2906 5820; baseline -0.002 -6"><span class='ocrx_word' id='word_1_865' title='bbox 2386 5766 2403 5791; x_wconf 77' lang='grc'><strong>’⁵</strong></span> <span class='ocrx_word' id='word_1_866' title='bbox 2434 5765 2613 5820; x_wconf 69' lang='lat' dir='ltr'><strong>iidem.</strong></span> <span class='ocrx_word' id='word_1_867' title='bbox 2650 5762 2906 5813; x_wconf 72' lang='lat' dir='ltr'><strong>Dominus.</strong></span> 
     </span>
    </p>
   </div>
  </div>
