4192 6260
277 375 384 431 217

1208 375 1361 428 νιτΑ
1403 376 1461 427 Β.
1496 373 1836 428 EPlPllANII
1879 376 2180 434 EPISCOPI
2219 382 2610 438 TICINENSIS.

3433 387 3534 443 2l8

278 492 588 555 annalibus.
620 492 665 544 Si
710 492 827 545 Sine
867 490 1131 559 sanguine
1170 491 1426 544 Vicerilis-
1471 489 1637 545 Simili
1682 490 1862 545 lteSCiO
1893 493 1938 553 Α
1968 495 2355 564 disposueram,
2386 511 2480 565 per
2511 476 2561 548 te
2592 494 2793 563 primus
2820 494 3064 549 exhibeo.
3098 495 3361 550 Profunda
3392 501 3532 553 enim

280 601 407 653 qua:
437 585 643 653 species
689 583 877 637 fortior
916 585 1082 652 possit
1120 598 1239 637 esse
1269 584 1547 647 bellorum,
1579 599 1735 651 quam
1767 576 1861 639 di—

281 679 485 729 micare
526 682 713 726 eontra
760 674 1109 737 iracundiam,
1138 682 1193 727 et
1238 673 1550 728 ferocissimi
1584 672 1730 745 Geta:
1767 690 1857 743 pu-

279 773 472 821 dorem
499 779 726 817 onerare
757 763 1046 818 beneficiis.
1097 765 1320 817 Gravius
1349 766 1491 820 enim
1535 767 1858 834 percellitur,

278 859 330 908 si
359 854 620 922 postulata
666 855 940 921 impetret,
974 870 1130 922 quem
1160 855 1345 923 puduit
1371 855 1626 910 hactenus
1663 856 1862 925 suppli-

277 961 431 1000 Care.
464 944 794 997 Tractandus
820 944 1011 998 deinde
1042 960 1237 1013 anceps
1268 945 1498 999 bellandi
1525 956 1780 1001 eventus:
1808 948 1860 1001 in

280 1051 391 1100 quo
418 1043 593 1085 tamen
637 1033 681 1084 si
730 1034 799 1085 ita
845 1034 1218 1099 prmvaluerint
1264 1045 1475 1101 peccata
1527 1036 1857 1100 certamine,

281 1133 465 1177 vestro
511 1137 676 1190 regno
732 1122 1167 1188 defraudabitur,
1216 1124 1355 1192 quod
1406 1134 1583 1192 partes
1626 1135 1863 1195 utraeque

284 1215 633 1282 perdiderint.
686 1214 817 1267 Nam
870 1228 1196 1282 quaecunque
1239 1217 1377 1283 apud
1425 1216 1781 1279 Ricimerem,
1817 1217 1861 1269 si

280 1307 489 1360 amicus
535 1314 639 1369 est,
681 1306 826 1358 salva
874 1314 1015 1367 sunt,
1042 1320 1161 1359 cum
1209 1308 1324 1374 ipso
1358 1323 1389 1361 a
1435 1308 1588 1361 vobis
1634 1309 1862 1361 Patricio

286 1397 649 1466 possidentur.
682 1394 921 1465 Cagitate
964 1397 1181 1464 pariter,
1210 1398 1333 1464 quia
1375 1398 1510 1451 bene
1550 1411 1724 1450 causa:
1752 1411 1863 1450 sua:

284 1488 528 1541 ordinem
556 1486 755 1554 dirigit,
779 1486 868 1555 qui
901 1501 1080 1553 pacem
1109 1488 1309 1553 primus
1337 1487 1639 1540 obtulerit.»

363 1578 625 1633 "actenus
647 1577 987 1632 admirandus
1007 1577 1236 1645 pontifex
1258 1587 1595 1645 prosecutus,
1614 1576 1860 1644 loquendi

287 1668 445 1722 finem
478 1666 620 1721 fecit.
655 1666 803 1720 Tunc
832 1667 1076 1736 princeps
1118 1668 1326 1735 erigens
1356 1669 1558 1726 oculos.
1589 1667 1858 1721 desertum

285 1774 347 1813 se
369 1760 604 1813 omnium
639 1758 774 1811 vidit
816 1760 1148 1826 aspectibus,
1181 1771 1338 1828 atque
1378 1760 1428 1812 in
1460 1775 1578 1813 eum
1609 1760 1863 1813 invitatos

1965 586 2346 639 deliberatione
2374 583 2703 652 compendiis
2734 584 2930 637 nostris
2960 583 3013 637 in
3044 584 3139 639 hac
3165 593 3314 653 parte
3342 601 3534 640 consu-

1965 679 2143 741 limus,
2169 678 2214 729 si
2246 677 2295 729 in
2330 678 2544 730 incertis
2573 676 2922 743 procellarum
2954 676 3220 730 erroribus
3251 692 3436 731 navem
3466 694 3531 731 ex

1966 768 2081 821 veri
2125 766 2499 835 gubernatoris
2539 766 2873 820 ordinatione
2911 765 3205 822 flectamus.
3239 769 3368 833 Quis
3392 771 3533 823 enim

1966 856 2058 911 tibi
2108 871 2366 911 excusare
2416 866 2701 925 przesumat
2746 855 3059 911 beneficium
3112 859 3417 927 postulanti,
3449 863 3534 916 cui

1963 958 2271 1019 oportuerat
2308 958 2430 1003 ante
2460 963 2646 1018 preces
2690 949 2903 1003 offerri?
2927 968 2944 1000 ι
2981 951 3101 1003 Haac
3132 951 3434 1018 imperator.
3467 955 3536 1005 At

1965 1041 2282 1095 venerabilTs
2304 1039 2594 1094 sacerdos:
2626 1058 2643 1089 ι
2683 1037 2924 1104 Gratias,
2958 1038 3156 1105 inquit,
3190 1041 3533 1108 omnipotenti

1969 1130 2097 1194 Deo,
2122 1129 2208 1197 qui
2235 1143 2415 1196 pacem
2447 1142 2594 1179 suam
2624 1128 2871 1193 principis
2900 1128 3059 1179 menti
3091 1128 3310 1181 inseruit
3338 1146 3349 1179 :
3376 1144 3532 1197 quem

1964 1219 2028 1271 ad
2062 1219 2225 1271 inStar
2254 1218 2469 1285 superni
2501 1215 2805 1268 dominatus
2835 1215 3089 1268 vicarium
3122 1231 3229 1270 sua:
3260 1219 3533 1286 potestatis

1964 1308 2129 1360 voluit
2157 1322 2274 1359 esse
2300 1306 2664 1359 mortalibus.»

2034 1394 2237 1458 Quibus
2282 1385 2514 1447 breviter
2559 1392 2813 1456 narratis,
2844 1403 3061 1459 accepto
3090 1393 3247 1446 etiam
3276 1410 3371 1460 pro
3399 1410 3530 1449 con-

1963 1485 2158 1538 cordia:
2190 1483 2437 1537 firmitate
2473 1483 2537 1535 ab
2564 1481 2850 1535 Anthemio
2881 1492 3235 1545 sacramento,
3264 1470 3530 1549 discessit,

1964 1573 2221 1627 festinans
2250 1572 2314 1624 ad
2347 1570 2610 1639 Liguriam
2642 1570 2855 1634 reverti,
2884 1570 3095 1638 quando
3125 1572 3531 1627 resurrectionis

1965 1670 2245 1722 dominicae
2276 1675 2482 1734 tempus
2510 1665 2738 1718 instabat
2764 1680 2775 1714 :
2802 1679 2893 1731 per
2922 1662 3059 1731 quod
3092 1666 3373 1718 maceratis
3394 1666 3531 1734 jeju-

1966 1758 2173 1811 niorum
2215 1770 2371 1810 cruce
2413 1754 2747 1821 corporibus,
2774 1766 2936 1805 carne
2986 1751 3169 1820 frigida
3198 1753 3414 1818 spiritus
3448 1756 3530 1808 1ιί-

288 1851 460 1903 vultus
485 1865 607 1904 esse
638 1860 949 1903 cunctorum
979 1869 989 1901 :
1014 1866 1171 1918 quem
1218 1853 1466 1905 admirari
1500 1867 1597 1919 nec
1627 1854 1739 1919 ipse
1768 1852 1859 1905 de-
1893 1839 1936 1897 Β
1967 1856 2091 1909 laris
2134 1855 2516 1916 recalesceret;
2549 1852 2673 1905 dum
2711 1866 2743 1903 a
2786 1850 3140 1919 Redemptore
3190 1857 3372 1903 nostro
3420 1863 3507 1902 mo

286 1938 510 1991 sinebat.
544 1938 692 1991 Tunc
730 1938 837 1991 alto
868 1939 1080 1992 trahens
1122 1943 1280 1994 verba
1327 1940 1575 2007 SUSpiriO,
1608 1941 1676 1993 ita
1707 1956 1860 1993 orsus

284 2036 440 2081 estzr
473 2028 725 2094 Quamvis
768 2028 1148 2096 inexplicabilis
1192 2032 1353 2095 mihi,
1387 2043 1569 2085 sancte
1615 2033 1857 2094 antistes,

282 2119 542 2173 adversus
586 2120 907 2174 Ricemerem
938 2137 1095 2175 causa
1132 2123 1330 2175 doloris
1359 2125 1457 2188 sit,
1490 2131 1543 2176 et
1573 2123 1700 2176 nihil
1734 2140 1858 2191 pro-

286 2208 450 2261 fuerit
504 2210 751 2262 maximis
775 2224 893 2263 cum
918 2225 946 2262 a
978 2211 1131 2263 nobis
1160 2210 1410 2263 donatum
1451 2211 1610 2263 fuisse
1656 2213 1857 2265 bcneli-

283 2294 411 2360 ciis,
448 2311 604 2363 quem
634 2299 789 2350 etiam
822 2298 984 2366 (quod
1017 2314 1119 2351 non
1166 2300 1279 2352 sine
1322 2300 1523 2367 pudore
1548 2310 1603 2354 et
1632 2302 1777 2368 regni
1806 2312 1859 2355 et

280 2386 547 2453 sanguinis
592 2388 757 2440 nostri
804 2388 1082 2442 dicendum
1132 2391 1243 2455 est)
1279 2391 1329 2442 in
1389 2391 1597 2443 familia:
1635 2403 1856 2445 stemma

281 2476 669 2540 cenulavimus,
701 2478 826 2529 dum
854 2478 1165 2531 indulsimus
1194 2480 1359 2533 amori
1384 2482 1688 2549 reipublicae
1716 2484 1857 2553 quod

284 2563 549 2618 videretur
595 2566 661 2619 ad
711 2578 1011 2621 nostrorum
1055 2570 1230 2622 odium
1280 2571 1728 2639 pertinere:quis
1759 2573 1859 2627 hoc

282 2668 510 2722 namque
539 2666 779 2709 veterum
830 2666 973 2711 retro
1012 2658 1304 2727 principum
1348 2659 1473 2730 fecit
1518 2676 1768 2730 unquam,
1802 2672 1859 2716 ut

281 2742 417 2796 inter
448 2760 667 2799 munera
684 2762 802 2814 qua:
819 2750 833 2778 ¹
852 2749 1029 2816 pellito
1051 2747 1195 2803 Geta:
1217 2752 1343 2803 dare
1363 2728 1580 2805 necesse
1601 2762 1739 2817 erat,
1758 2768 1854 2819 pro

285 2833 465 2899 quiete
493 2837 755 2887 communi
801 2836 905 2889 lilia
933 2840 1249 2905 poneretur?
1282 2838 1609 2892 Nescivimus
1636 2855 1857 2908 parcere

281 2921 533 2988 sanguini
575 2935 775 2988 nostro,
804 2925 928 2979 dum
974 2942 1249 2981 servamus
1292 2931 1543 2982 alienum.
1582 2930 1751 2984 Nemo
1781 2941 1858 2984 ta-

279 3023 404 3061 men
435 3009 540 3063 boc
568 3012 748 3063 credat
770 3014 996 3079 propria:
1037 3029 1197 3068 causa
1232 3017 1425 3068 factum
1463 3032 1581 3070 esse
1620 3018 1856 3071 formidi-

281 3100 360 3152 nis
386 3117 400 3153 :
427 3117 551 3153 nam
584 3104 635 3155 in
664 3112 802 3156 tanta
848 3105 1324 3172 circumspectione
1367 3108 1555 3160 salutis
1593 3110 1852 3171 omnium,

1966 1946 2152 2001 riendo
2205 1960 2349 1998 mers
2399 1944 2655 2006 vincitur,
2703 1950 2755 1995 et
2804 1940 2975 1994 fidelis
3024 1942 3134 2007 spei
3178 1941 3308 1994 cibis
3358 1940 3529 1993 animo

1962 2041 2251 2101 saginatur.
2284 2035 2547 2093 Vicesiino
2576 2049 2606 2087 a
2631 2048 2709 2098 se,
2741 2047 2859 2086 cum
2893 2032 3111 2085 Rumam
3140 2045 3386 2099 egressus
3427 2036 3529 2092 est,

1963 2126 2194 2179 futurum
2235 2125 2443 2177 Pascha
2475 2122 2589 2176 dies
2621 2122 2992 2192 promittebat:
3023 2130 3163 2174 tanta
3215 2128 3389 2172 tamen
3431 2121 3529 2173 iter

1963 2220 2235 2273 celeritate
2284 2216 2533 2279 confecit,
2571 2223 2625 2268 ut
2658 2222 2843 2283 quarto
2874 2214 3078 2268 decimo
3105 2212 3189 2265 die
3218 2212 3530 2277 improvisus

1963 2322 2015 2365 et
2046 2311 2235 2363 famam
2288 2311 2636 2377 praeveniens,
2666 2307 2901 2359 Ticinum
2951 2305 3335 2373 ingrederetur,
3367 2303 3530 2356 comi-

1949 2387 2103 2455 .tibns
2132 2416 2259 2455 sane
2291 2400 2530 2467 plurimis
2573 2400 2623 2451 in
2656 2399 2735 2449 via
2762 2398 3049 2459 derelictis,
3082 2397 3201 2464 quia
3235 2410 3328 2448 nec
3370 2394 3531 2448 absti-

1964 2493 2193 2546 nentiam
2225 2492 2338 2558 ejus
2369 2491 2631 2543 sustinere
2662 2497 2927 2554 peterant,
2962 2502 3059 2540 nec
3105 2486 3358 2539 laborem.
3396 2484 3529 2537 Ecce

1963 2596 2256 2635 Concursus
2284 2579 2698 2645 praestolantium
2750 2578 2879 2629 tanti
2927 2575 3181 2629 antistitis
3219 2575 3524 2640 adventum,

1961 2673 2102 2724 domi
2132 2670 2357 2738 positum
2388 2669 2596 2731 videre,
2628 2682 2782 2735 quem
2832 2666 3064 2720 nondum
3099 2666 3318 2718 Romam
3348 2680 3528 2734 egres-

1961 2777 2077 2814 sum
2112 2760 2269 2813 fuisse
2300 2767 2674 2826 cognoverant.
2703 2758 2859 2810 Lacte
2882 2759 3024 2811 urbis
3051 2758 3278 2826 tripudia
3302 2758 3529 2811 attonito

1962 2851 2219 2904 Riccmeri
2269 2849 2568 2902 indicantur
2595 2867 2606 2899 :
2636 2862 2817 2916 pacem
2852 2847 3041 2901 factam
3072 2863 3306 2903 consono
3343 2862 3527 2909 omnes

1960 2956 2053 2994 ore
2095 2940 2454 2994 clamitabant.
2504 2939 2799 2993 Exsultatio
2846 2939 3048 2992 infinita
3098 2940 3523 3006 provinciarum:

1960 3043 2014 3086 ct
2042 3036 2179 3085 sicut
2207 3032 2480 3085 hominum
2510 3046 2625 3083 mos
2653 3040 2755 3093 est,
2784 3031 2986 3096 gratius
3018 3028 3212 3099 habere
3240 3030 3380 3096 quod
3408 3030 3526 3083 red-

1959 3121 2133 3183 ditur,
2182 3134 2339 3185 quam
2382 3119 2427 3170 si
2473 3119 2689 3171 omnino
2749 3132 2852 3169 non
2910 3125 3120 3182 pereat;
3168 3117 3371 3168 dulcior
3415 3124 3527 3172 erat

281 3190 448 3243 solum
502 3205 598 3257 pro
644 3192 795 3245 nobis
844 3192 1029 3247 timere
1074 3208 1178 3247 non
1230 3194 1491 3247 nmimus.
1545 3195 1683 3247 Bene
1711 3196 1852 3248 enim

1962 3209 2245 3263 concordia
2294 3224 2413 3275 qua:
2455 3216 2572 3275 post
2612 3207 2756 3259 litem
2791 3205 3157 3266 revocabatur,
3187 3216 3242 3257 et
3283 3220 3381 3273 pax
3412 3219 3528 3272 qum

283 3278 415 3345 apud
462 3293 558 3331 nos
588 3288 916 3346 compertum
959 3290 1072 3345 est,
1106 3282 1278 3349 perire
1310 3284 1614 3348 imperatori
1647 3283 1856 3336 laudem

284 3382 396 3421 sua:
441 3369 670 3433 virtutis,
704 3369 792 3436 qui
835 3383 930 3434 pro
979 3359 1203 3424 aliorum
1250 3371 1455 3424 cautela
1502 3386 1605 3424 non
1642 3372 1852 3425 meruit.

287 3458 392 3515 Sed
432 3469 489 3512 ut
525 3470 626 3513 tua:
672 3460 1001 3513 venerationi
1044 3462 1108 3513 ad
1154 3461 1409 3529 liquidum
1452 3470 1674 3514 conatus
1715 3460 1856 3515 illius

284 3548 613 3614 aperiamus;
639 3549 887 3616 quotiens
918 3563 946 3600 a
986 3549 1139 3602 nobis
1168 3549 1458 3616 majoribus
1494 3549 1647 3602 donis
1672 3563 1855 3603 cumu-

286 3636 431 3690 latus
454 3647 534 3690 est
556 3637 819 3704 Ricemer,
852 3641 1046 3693 totiens
1072 3641 1285 3709 gravior
1311 3640 1557 3694 inimicus
1585 3642 1849 3709 apparuit.

287 3727 488 3791 Quanta
514 3738 697 3783 contra
726 3730 1110 3799 rempublicam
1144 3730 1279 3785 bella
1306 3731 1658 3798 przeparavit?
1689 3747 1853 3799 quan-

284 3829 359 3874 tas
388 3830 732 3876 externarum
769 3823 1007 3890 gentium
1042 3838 1135 3891 per
1166 3824 1311 3875 illum
1350 3823 1489 3875 vires
1527 3822 1675 3875 furor
1701 3838 1850 3876 acce-

279 3913 389 3980 pit?
421 3913 699 3966 Postremo
728 3914 905 3975 etiam,
933 3915 1017 3966 ubi
1051 3928 1245 3966 nocere
1273 3927 1377 3966 non
1410 3912 1597 3981 potuit,
1627 3915 1850 3968 nocendi

282 4009 452 4054 tamen
484 4000 716 4053 fomenta
743 4002 1021 4069 suggessit.
1057 4001 1186 4054 lluic
1216 4015 1312 4054 nos
1344 4015 1531 4068 pacem
1569 4002 1851 4056 d3bilﬂll3?

281 4090 420 4145 hunc
448 4090 766 4145 intestinum
796 4093 895 4146 sub
935 4092 1248 4146 indumento
1290 4093 1643 4148 amicitiarum
1675 4095 1850 4149 inimi-

278 4197 396 4235 cum
441 4175 848 4248 sustinebimus,
898 4199 1050 4252 quem
1094 4183 1158 4237 ad
1210 4183 1381 4238 fmdus
1418 4187 1714 4239 concordize
1751 4201 1850 4242 nec

278 4271 556 4327 afﬁnitatis
582 4273 795 4327 vincula
824 4273 1139 4327 tenuerunt?
1169 4273 1397 4328 Grandis
1422 4274 1596 4327 cautio
1624 4285 1727 4339 est,
1752 4277 1847 4330 ad-

279 4362 502 4415 versarii
524 4361 759 4415 animum
785 4364 1098 4431 cognovisse
1124 4380 1139 4419 :
1162 4365 1357 4419 etenim
1381 4365 1585 4419 hostem
1609 4365 1846 4434 protinus

279 4452 533 4517 sensisse,
564 4467 844 4520 superasse
867 4462 949 4508 est
972 4472 985 4506 :
1009 4455 1238 4525 perdunt
1279 4472 1493 4524 semper
1517 4456 1843 4525 deprehensa

1958 3300 2066 3367 jam
2097 3313 2229 3366 pene
2260 3297 2537 3365 desperata
2581 3296 2892 3364 contigerat.
2940 3295 3006 3347 Et
3045 3295 3332 3348 vocabatur
3381 3310 3528 3349 reve-

1961 3388 2157 3442 rendus
2184 3386 2439 3455 pontifex,
2464 3395 2519 3438 ut
2541 3384 2629 3437 diu
2657 3392 3020 3451 exspectatum
3048 3383 3528 3438 Mediolanensibus

1961 3483 2311 3545 praesentaret
2332 3484 2626 3543 aspectum.
2658 3476 2725 3527 At
2756 3474 2847 3527 ille
2866 3516 2879 3540 ,
2914 3490 2980 3528 ne
3006 3474 3150 3527 velut
3180 3473 3385 3527 debitas
3412 3489 3529 3542 gra-

1960 3572 2150 3623 tiarum
2200 3569 2440 3621 actIans
2483 3581 2718 3634 presens
2770 3566 3039 3620 videretur
3082 3565 3321 3633 exigere,
3353 3566 3529 3619 visita-

1961 3662 2132 3713 tiooes
2171 3673 2359 3711 eorum
2391 3658 2495 3711 sub
2518 3657 2752 3711 colorata
2796 3638 2976 3724 specie
3022 3655 3343 3711 declinabat.
3371 3655 3527 3723 Igitur

1958 3766 2209 3821 processu
2243 3750 2497 3817 temporis
2519 3756 2574 3802 et
2600 3748 2819 3810 laboris,
2849 3746 3169 3815 quotidianis
3195 3748 3528 3802 successibus

1960 3843 2079 3895 vita:
2107 3843 2154 3894 iu
2180 3857 2299 3895 eum
2325 3844 2568 3894 meritum
2598 3838 2987 3908 geminabatur.
3020 3838 3148 3891 Erat
3173 3838 3248 3890 illi
3278 3852 3528 3906 germana

1957 3942 2079 3985 natu
2105 3931 2297 3995 minor,
2322 3930 2578 3996 religione
2608 3944 2711 3981 non
2738 3929 2928 3996 impar,
2956 3930 2975 3958 ’
3008 3927 3275 3981 llonorata
3297 3929 3510 3982 nomine

1953 4024 2101 4091 cujus
2131 4023 2289 4076 vitam
2320 4036 2411 4089 per
2436 4021 2641 4088 singula
2670 4021 2922 4073 virtutum
2949 4034 3141 4087 genera
3188 4005 3404 4088 longum
3435 4029 3519 4073 est

1952 4114 2147 4182 eloqui.
2200 4112 2404 4168 Sufficit
2450 4119 2624 4165 tamen
2665 4112 2731 4164 ad
2780 4110 2993 4164 laudum
3047 4110 3163 4178 ejus
3212 4110 3521 4174 cumulum,

1951 4203 2161 4272 dignam
2207 4202 2337 4255 tanti
2368 4202 2466 4255 viri
2496 4216 2732 4255 sororem
2761 4200 2980 4255 dixisse.
3026 4201 3171 4254 Hanc
3198 4202 3247 4254 in
3280 4201 3394 4270 ipso
3423 4216 3528 4270 quo

1948 4292 2015 4345 de
2047 4292 2305 4359 legatione
2351 4290 2529 4356 rediit,
2561 4288 2892 4343 consecr‘avit
2935 4306 3074 4343 annr
3101 4307 3116 4338 ι
3138 4306 3296 4359 quam
3343 4300 3519 4345 tamen

1947 4379 2283 4440 imbuendam
2331 4378 2626 4445 disciplinis
2666 4379 2988 4444 coelestibus,
3033 4382 3181 4446 quasi
3225 4390 3407 4433 sancta
3454 4381 3526 4435 illi

1948 4476 2135 4520 natura
2183 4482 2287 4522 non
2340 4466 2640 4529 sufficeret,
2692 4450 2992 4519 Luminosa:
3037 4466 3246 4519 cuidam
3313 4468 3524 4520 femina:

279 4543 398 4595 odia
446 4544 721 4609 stimulos,
757 4559 892 4613 quos
934 4549 1194 4601 occultata
1234 4557 1618 4616 conceperant.
1653 4549 1757 4606 Sed
1802 4551 1846 4605 si
1874 4547 1922 4607 D
1948 4557 2224 4626 stupenda:
2246 4555 2544 4610 sanctitatis
2573 4566 2626 4608 et
2650 4554 2934 4623 singularis
2960 4556 3194 4621 exempli
3221 4554 3521 4608 commisit:

281 4635 328 4685 in
354 4634 438 4688 his
465 4636 710 4689 omnibus
740 4638 1033 4692 reverentia
1078 4646 1188 4705 tua,
1221 4648 1274 4693 et
1304 4639 1452 4693 vadis
1491 4653 1541 4695 et
1585 4642 1846 4696 mediator

280 4728 502 4789 accedit,
535 4729 623 4795 qui
654 4738 802 4797 potes
828 4731 1049 4798 spiritali
1083 4733 1328 4803 indagine
1370 4734 1591 4789 consilia
1619 4735 1844 4789 nefanda

283 4812 541 4877 invenire,
581 4826 633 4870 ct
680 4817 891 4871 inventa
937 4822 1234 4888 corrigere;
1269 4837 1450 4889 pacem
1495 4838 1650 4890 quam
1694 4832 1749 4876 et
1794 4832 1846 4875 tu

286 4905 475 4969 poscis,
501 4920 693 4973 negare
723 4921 827 4960 non
856 4907 1044 4961 audeo.
1083 4910 1359 4965 Postremo
1399 4911 1443 4963 si
1486 4911 1653 4963 solita:
1696 4912 1847 4964 calli-

285 4999 459 5050 ditatis
488 5000 680 5052 astutia
727 5001 885 5053 etiam
918 5010 971 5056 te
1002 5002 1270 5066 fefellerit,
1301 5013 1571 5056 certamen
1595 5002 1705 5070 jam
1736 5004 1850 5055 vul-

288 5097 494 5140 neratus
542 5098 923 5144 assumatzme
968 5100 1170 5156 tamen,
1202 5103 1503 5159 statumque
1547 5094 1852 5162 reipublica:

292 5176 383 5228 tuis
431 5179 707 5231 committo
758 5190 812 5233 et
850 5183 1168 5236 commendo
1215 5187 1496 5251 manibus,
1529 5193 1583 5238 et
1628 5187 1848 5253 gratiam

293 5276 435 5327 quam
464 5269 782 5335 supplicanti
813 5281 865 5323 et
895 5270 1110 5338 profuso
1142 5288 1233 5340 per
1273 5291 1330 5326 se
1363 5274 1623 5328 Riccmeri
1658 5289 1849 5342 negare

361 5417 373 5445 ¹
405 5417 593 5492 Pellite
620 5418 762 5473 Geta:
791 5422 921 5492 ﬁlia]
950 5424 1096 5478 Filiae
1142 5425 1428 5484 Anthemii,
1458 5442 1574 5491 qua:
1607 5426 1856 5479 Rit-imeri

296 5487 479 5563 ttopsit,
506 5504 700 5541 nomen
726 5487 1009 5547 incertum.
1036 5494 1160 5547 Nam
1190 5495 1327 5563 quod
1362 5487 1589 5548 Ascilam
1618 5494 1855 5548 nonnulli

293 5552 477 5633 dictant
504 5568 777 5633 putarunt,
807 5575 955 5633 erigir
976 5574 1078 5616 est.
1103 5552 1398 5629 Scripserat
1426 5579 1465 5633 ei
1482 5564 1856 5633 consularibus

292 5627 507 5687 antiquis
544 5627 836 5695 Gregorius
872 5631 1198 5685 Turonensis
1227 5627 1329 5685 lib.
1364 5647 1396 5683 ll
1430 5632 1563 5684 llist.
1608 5648 1668 5684 ex
1717 5632 1858 5684 Rici-

289 5704 431 5745 mere
450 5704 508 5767 _et
536 5699 710 5750 Ascila
744 5709 922 5752 natum
954 5701 1375 5754 'l‘heodcuierem
1410 5716 1587 5767 regem
1627 5701 1854 5754 France-

288 5772 420 5813 rum.
449 5763 509 5817 lli
541 5782 703 5820 unum
732 5769 1085 5838 eumdemque
1107 5770 1418 5827 Ricimerem
1445 5763 1539 5823 rati
1571 5779 1711 5837 Sillll,
1738 5788 1852 5824 cum

1951 4648 2103 4717 cujus
2124 4656 2393 4715 oporteret
2413 4647 2654 4701 fortassis
2677 4646 2928 4700 natalium
2953 4646 3182 4699 culmina
3206 4645 3393 4713 relegi,
3419 4644 3521 4698 nisi

1953 4739 2208 4808 insignior
2235 4738 2421 4793 fuisset
2447 4740 2551 4791 vita
2583 4754 2741 4807 quam
2772 4722 3045 4806 sanguine.
3096 4738 3219 4791 Haac
3254 4736 3395 4790 enim
3430 4737 3527 4791 fuit

1956 4830 2099 4894 talis,
2128 4830 2193 4882 de
2223 4844 2326 4896 qua
2359 4842 2418 4882 se
2448 4828 2692 4881 crederet
2741 4828 2936 4882 habere
2964 4838 3015 4881 et
3041 4828 3154 4894 ipse
3182 4828 3320 4895 quod
3350 4829 3524 4883 disce-

1956 4931 2057 4983 ret,
2090 4923 2175 4989 qui
2204 4919 2570 4975 'erudiendam
2613 4930 2915 4972 consortem
2967 4919 3096 4973 uteri
3142 4921 3524 4976 committebat.

1957 5010 2087 5064 Nam
2140 5010 2285 5063 brevi
2325 5009 2461 5077 apud
2512 5009 2647 5062 banc
2692 5009 2988 5076 depositum
3040 5010 3288 5063 antistitis
3336 5013 3526 5080 pignus

1954 5100 2207 5163 effloruit,
2235 5108 2289 5154 et
2328 5100 2393 5153 ad
2442 5099 2796 5152 maturitatem
2841 5098 2993 5152 bona:
3047 5097 3212 5166 frugis
3264 5100 3524 5167 plantaria

1953 5202 2140 5245 onusta
2189 5190 2452 5259 perduxit.
2485 5189 2689 5242 Interea
2716 5202 2808 5252 per
2839 5189 3162 5258 propositum
3202 5189 3300 5243 sibi
3331 5190 3523 5244 callem

1952 5283 2071 5336 vitze
2114 5297 2271 5337 cursu
2322 5280 2537 5349 praepeti
2579 5280 2831 5335 sacerdos
2874 5282 3190 5336 venerabilis
3221 5283 3523 5343 incedebat,

1960 5449 2053 5488 eos
2099 5442 2151 5488 et
2197 5444 2487 5502 temporum
2537 5434 2810 5487 intervalla
2850 5435 3192 5501 distinguant,
3223 5443 3275 5487 et
3314 5433 3518 5500 patriar.

1960 5504 2313 5569 Gregurianus
2359 5503 2496 5555 enim
2528 5502 2759 5555 Francus
2806 5505 2933 5556 fuit:
2991 5506 3074 5556 llic
3125 5513 3304 5556 noster
3346 5503 3521 5555 Suevo

1961 5584 2125 5640 pure,
2161 5573 2339 5624 Getica
2369 5582 2535 5625 matre
2568 5583 2741 5636 natus,
2772 5581 2901 5625 teste
2931 5572 3169 5640 Sidonio.

2031 5642 2047 5670 ²
2084 5641 2364 5708 Honorum]
2397 5642 2557 5707 llujus
2585 5642 2691 5694 Deo
2717 5642 2918 5693 devota:
2957 5639 3169 5701 virginis
3211 5638 3523 5695 Ticincnscs

1963 5712 2268 5764 nieinoriam
2302 5712 2579 5779 quotannis
2610 5720 2769 5779 agunt
2800 5726 2850 5762 ιιι
2885 5709 2995 5761 idus
3023 5708 3317 5762 Januarias.
