4192 6260
644 393 742 448 εις)

1745 389 2013 445 ENNODII
2058 389 2357 444 EPISCOPl
2401 389 2770 445 TICINENSIS

3782 385 3882 442 ΞἏ)

647 499 998 576 eleeinosynis
1043 498 1156 552 sine
1199 495 1573 550 retractatione
1618 511 1832 564 operam
1875 498 2208 564 danszquod
2241 503 2286 558 Α
2319 506 2558 566 tatesque
2608 516 2712 553 non
2752 500 2954 554 valeam
2989 514 3080 567 per
3109 499 3352 552 ordinem
3401 497 3676 566 digerere;
3717 512 3815 551 nec
3843 501 3892 554 si

647 607 840 663 munus
897 588 1278 656 accipienti-bus
1332 587 1476 640 vultu
1536 595 1591 641 et
1633 587 1812 640 animo
1873 588 2218 642 blandissime

649 681 1052 735 commendabat
1079 698 1090 731 :
1117 680 1182 733 ita
1211 688 1270 734 ut
1295 663 1596 748 quicunque
1622 681 1882 733 sermonis
1909 681 2072 734 solius
2099 695 2219 748 gra-

653 771 776 822 ti-im
808 768 1172 836 praestitisset,
1207 781 1538 836 nequaquam
1569 783 1627 822 se
1657 769 1964 823 indonatum
2012 779 2223 838 putaret

650 856 939 910 abscedere
984 873 998 909 :
1042 864 1158 910 erat
1204 855 1345 910 enim
1392 869 1656 908 summum
1706 860 2012 924 prmiiiium,
2063 859 2220 912 talem

651 948 835 999 saltem
867 945 1064 1000 vidisse
1091 945 1415 1014 pentiticem.
1448 945 1734 999 Crescebat
1762 950 1814 999 in
1845 948 1955 1002 dies
1987 947 2222 1015 singulm

653 1036 790 1088 fama
818 1035 1066 1104 gloriosis
1106 1035 1459 1096 successibus,
1492 1043 1545 1088 et
1576 1044 1745 1088 totum
1787 1051 1921 1103 pene
1970 1038 2221 1089 mundum

653 1127 791 1178 illius
819 1124 1191 1191 prmdicatioue
1217 1123 1536 1191 complebat.

723 1215 738 1243 ί
771 1212 1031 1265 Defuncto
1054 1221 1177 1264 tunc
1209 1211 1485 1267 Ricemere
1518 1212 1600 1264 vel
1641 1211 1949 1275 Anthemio,
1971 1215 2230 1266 success’t

651 1302 900 1371 Olybrius
929 1320 940 1352 :
965 1301 1054 1370 qui
1099 1303 1149 1354 in
1203 1301 1332 1368 ipsis
1361 1300 1596 1354 exordiis
1635 1301 1774 1354 diem
1815 1301 2009 1353 clausit
2051 1309 2228 1355 extre-

653 1411 819 1450 mum.
866 1396 990 1446 l‘ost
1019 1393 1156 1445 hunc
1188 1391 1463 1460 Glycerius
1504 1392 1567 1443 ad
1600 1392 1834 1458 regimen
1878 1391 2076 1444 accitus
2105 1401 2222 1446 est:

651 1485 788 1552 apud
816 1499 972 1554 quem
1003 1491 1195 1552 quanta
1225 1497 1320 1550 pro
1346 1481 1516 1535 salute
1543 1481 1824 1533 multorum
1857 1481 2099 1546 gesserit,
2118 1490 2228 1533 stu-

653 1577 740 1628 dio
770 1575 1042 1628 brevitatis
1071 1572 1265 1626 incido.
1293 1570 1419 1624 Nam
1447 1580 1632 1623 sancto
1657 1571 1790 1632 viro,
1825 1568 2043 1622 inlatam
2073 1568 2226 1621 matri

652 1679 680 1715 a
718 1663 933 1716 ditionis
982 1678 1090 1715 sua:
1132 1660 1437 1715 hominibus
1484 1661 1746 1712 concessit
1798 1659 2042 1726 injuriam
2071 1673 2227 1712 :cum

653 1751 788 1820 apud
819 1750 965 1804 illum
995 1750 1289 1804 reverentia
1325 1746 1530 1815 prmfati
1573 1746 1866 1800 sacerditis
1891 1754 2038 1800 esset
2070 1748 2228 1800 etiam

2323 587 2447 640 t'uilti
2477 598 2686 641 centum
2729 588 3024 656 linguarum
3071 585 3372 638 fluminibm
3401 599 3503 652 per
3525 592 3732 638 meatus
3771 584 3891 640 irri-

2319 691 2454 743 guos
2500 679 2656 730 verba
2700 677 3005 729 fundantur.
3053 674 3182 728 Nam
3225 687 3472 743 egressos
3501 672 3770 726 Tirinensi
3797 687 3891 741 op.

2323 772 2464 839 pido,
2496 773 2665 825 donec
2713 771 2778 824 ad
2827 770 3085 824 destinata
3140 769 3252 822 loca
3296 768 3639 836 pertingeret,
3675 767 3765 819 tali
3796 758 3919 822 vite-

2323 873 2433 913 suze
2475 858 2837 927 fatigationem
2891 867 3005 911 arte
3043 855 3361 924 geminavit,
3391 865 3448 907 ut
3490 855 3535 908 si
3577 855 3888 924 temperius,

2318 951 2690 1019 jumentorum
2709 951 2972 1005 defectum
3001 947 3423 1011 considerantes,
3449 945 3500 1000 in
3535 945 3724 1000 futura:
3746 961 3894 1000 man-

2325 1047 2493 1098 sionis
2540 1045 2832 1098 diversoria
2881 1047 3286 1103 successerunt,
3334 1047 3528 1106 praeter
3570 1036 3892 1106 psalmorum

2327 1134 2824 1194 continuationem,
2874 1135 3068 1196 prmler
3117 1125 3360 1180 lectionis
3407 1125 3892 1193 perseverantiam,

2327 1236 2549 1289 quorum
2583 1221 2711 1273 nihil
2742 1221 2837 1270 nisi
2870 1215 3061 1269 stando
3085 1213 3332 1275 faciebat,
3365 1210 3597 1289 eligebat
3624 1225 3894 1266 secessum

2330 1323 2607 1362 nemorosa
2657 1306 2841 1360 fronde
2870 1305 3198 1367 conclusum,
3235 1303 3319 1354 tibi
3358 1288 3617 1356 connexfs
3647 1302 3895 1354 arborum

2330 1396 2562 1450 brachiis
2611 1411 2713 1449 nox
2763 1395 3050 1469 domestica
3092 1400 3396 1445 texeretur:
3422 1390 3565 1460 quod
3607 1381 3774 1444 solum
3806 1407 3896 1447 re-

2331 1486 2483 1557 fugus
2527 1501 2618 1555 per
2667 1473 2978 1539 umbracula
3020 1495 3184 1550 opaca
3231 1480 3310 1534 sol
3361 1481 3611 1546 nesciret,
3642 1488 3694 1534 et
3723 1490 3897 1534 torum

2331 1575 2585 1628 viridanti
2611 1574 2813 1644 cespite
2853 1573 3017 1642 gratia
3057 1559 3311 1624 naturalis
3348 1578 3632 1625 sterneret.
3665 1570 3740 1624 lbi
3775 1588 3896 1640 pro-

2330 1665 2461 1720 fusis
2489 1666 2538 1719 in
2571 1665 2811 1719 oratione
2851 1661 3119 1716 continuis
3151 1659 3362 1713 ﬂetibus
3390 1668 3658 1713 exsortem
3692 1659 3896 1727 pluvia-

2331 1773 2446 1812 rum
2477 1765 2674 1812 terram
2699 1754 2970 1808 oculorum
2995 1749 3255 1804 imbribus
3283 1747 3548 1815 irrigahat.
3581 1743 3895 1801 Reddeb'an-

653 1840 936 1894 decessore
979 1838 1279 1892 sublimior.
1330 1837 1456 1890 Post
1501 1851 1659 1904 quem
1691 1835 1754 1888 ad
1786 1851 2013 1904 regnum
2049 1836 2223 1904 Nepos

2333 1859 2415 1902 tur
2444 1846 2686 1901 arvailla
2719 1842 2940 1898 fecunda
2984 1843 3285 1894 orationum
3333 1835 3504 1904 copia,
3527 1851 3648 1905 qua:
3689 1830 3894 1904 frugu'm

652 1932 894 1984 accessit.
927 1930 1074 1982 Tunc
1105 1931 1243 1982 inter
1270 1942 1391 1981 eum
1421 1934 1476 1980 et
1505 1928 1527 1958 ⁸
1557 1925 1769 1978 Tolosa:
1793 1925 2039 1978 alumnos
2070 1925 2230 1980 Getas

652 2036 784 2089 quos
835 2020 1003 2074 ferrea
1051 2020 1277 2073 Euricus
1328 2033 1420 2073 rex
1471 2017 1834 2072 dominatione
1875 2019 2229 2086 gubernabat,

652 2121 765 2164 orta
788 2110 1054 2164 dissensio
1080 2120 1163 2164 est
1188 2130 1198 2163 :
1228 2113 1352 2164 dum
1381 2111 1455 2164 illi
1501 2110 1666 2162 Italici
1701 2110 1832 2163 lines
1861 2111 2066 2178 itn'perii
2096 2128 2230 2180 quos

653 2211 796 2255 trans
835 2201 1132 2256 Gallicanas
1178 2202 1340 2269 Alpes
1386 2209 1724 2268 porrexerat,
1757 2201 2046 2253 novitatem
2077 2215 2230 2267 sper-

652 2299 840 2344 nentes
887 2307 991 2342 nnn
1036 2291 1344 2344 desinerent
1388 2288 1997 2343 incesserezediverso
2028 2290 2230 2362 Nepos,

652 2393 717 2431 ne
748 2380 798 2430 in
839 2395 990 2430 usum
1044 2379 1384 2445 irtesumptio
1428 2377 1732 2430 malesuada
1779 2377 2088 2444 duceretur,
2118 2381 2225 2434 dis-

652 2467 858 2521 trictius
896 2477 1114 2536 cuperet
1143 2469 1485 2521 commissum
1515 2468 1614 2521 sibi
1645 2484 1670 2518 a
1706 2468 1811 2520 Deo
1842 2471 2094 2537 regnandi
2124 2481 2230 2525 ter-

653 2557 850 2608 tuinum
897 2556 1190 2610 vindicare.
1240 2557 1374 2611 llinc
1419 2558 1664 2622 utrinque
1730 2557 1900 2613 litium
1950 2573 2230 2628 coeperunt

650 2647 882 2702 fomenta
913 2661 1255 2716 consurgere.
1305 2647 1367 2700 Et
1401 2646 1529 2698 dum
1571 2655 1773 2698 neutrze
1812 2656 1990 2714 partes
2028 2663 2224 2703 conce-

651 2746 795 2803 ptum
843 2744 1104 2790 tumorem
1154 2735 1398 2790 vincendi
1431 2734 1608 2788 studio
1638 2735 1936 2802 deponunt,
1968 2736 2047 2787 sic
2073 2752 2226 2788 exsu-

649 2825 866 2894 perabat
893 2839 1050 2878 causa
1084 2825 1386 2877 discordim.

719 2914 980 2979 Attigerat
1000 2913 1108 2980 jam
1144 2912 1482 2966 beatissimus
1507 2911 1588 2962 vir
1614 2918 1702 2962 ocl
1723 2925 1859 2961 arum
1894 2909 1945 2962 in
1976 2910 2228 2962 sacerdo-

647 3007 722 3058 tio
765 3019 990 3068 annum,
1021 3020 1141 3058 cum
1188 3014 1408 3070 repente
1452 3001 1670 3066 Nepotis
1708 3001 1942 3051 animum
1986 3013 2224 3052 summo-

646 3098 831 3150 venda:
860 3096 1211 3150 dissensionis
1251 3110 1403 3147 amor
1434 3093 1623 3145 infudit
1651 3109 1663 3144 :
1691 3103 1746 3143 ιιι
1789 3091 2001 3158 repulso
2043 3092 2227 3144 simul-

2333 1953 2452 1992 esse
2481 1951 2583 1990 non
2613 1941 2877 2004 poterant.

2403 2033 2516 2085 Tali
2563 2027 2822 2085 exercitio
2869 2041 2928 2078 se
2971 2035 3282 2083 macerans,
3333 2017 3649 2071 'folosanam
3697 2015 3749 2069 in
3792 2030 3896 2084 qua

2333 2127 2556 2181 Euricus
2581 2133 2705 2177 tunc
2727 2135 2816 2174 rex
2841 2118 3085 2183 degebat,
3113 2114 3295 2164 urbem
3325 2111 3592 2177 ingressus
3613 2116 3712 2175 est,
3739 2121 3897 2176 quem

2329 2220 2437 2286 jam
2471 2215 2663 2284 prmvia
2701 2210 2882 2279 Opinio
2925 2207 3200 2262 Gallorum
3239 2200 3475 2260 ain-ibus,
3505 2197 3676 2267 qualis
3721 2203 3895 2261 esset,

2334 2306 2669 2359 intimaverat
2694 2319 2706 2353 :
2731 2294 3098 2353 sacerdotibus
3149 2289 3416 2358 prmeipue
3453 2285 3691 2353 ejusdem
3731 2285 3895 2353 regio-

2333 2395 2436 2458 nis,
2461 2406 2593 2460 quos
2632 2387 2886 2441 attonitos
2915 2383 2980 2436 de
3021 2376 3424 2433 advenientibus
3470 2373 3743 2442 inquisitio
3774 2385 3895 2440 ιιι-ο-

2335 2483 2491 2537 funda
2515 2461 2787 2534 sollicitat.
2807 2475 2933 2527 Erat
2961 2480 3216 2539 praeterea
3240 2481 3300 2518 ea
3320 2470 3636 2531 tempestate
3655 2460 3895 2514 consilio-

2331 2590 2447 2628 rum
2481 2569 2734 2642 principis
2762 2575 2816 2620 et
2847 2562 3149 2617 moderator
3180 2565 3233 2611 et
3271 2555 3466 2609 arbiter
3487 2553 3507 2584 ³
3531 2553 3640 2606 Leo
3666 2551 3896 2611 nomine.

2330 2639 2495 2732 quem
2519 2676 2611 2730 per
2651 2654 2970 2723 eloquentia:
3009 2649 3263 2703 meritum
3294 2661 3396 2696 non
3429 2657 3530 2695 una
3575 2641 3680 2708 jam
3717 2639 3895 2692 ‘decla-

2332 2725 2622 2808 mat-iontim
2654 2748 2822 2816 palma
2851 2747 3155 2807 susceperat
3179 2754 3192 2789 :
3219 2735 3451 2804 quicum
3475 2745 3684 2785 summo
3711 2725 3895 2797 gaudia

2331 2845 2613 2898 adventum
2656 2815 2921 2905 pontiﬁcis
2953 2827 3204 2882 iudicavit
3243 2821 3446 2876 notitia:
3485 2819 3726 2888 pubticze.
3761 2815 3894 2868 Evo-

2329 2941 2477 2986 catur
2499 2943 2560 2980 ex
2587 2934 2825 2992 tempore
2850 2919 2955 2987 regi
2983 2911 3380 2984 prmscntaudus
3401 2905 3722 2968 antistes,ad
3744 2918 3895 2973 quem

2331 3023 2471 3074 illico
2519 3027 2576 3069 ut
2619 3015 2891 3080 ingressus
2943 3005 3106 3067 vidit,
3153 3000 3429 3061 sa‘utavit,
3475 3007 3754 3064 aggressus
3795 2999 3896 3045 est.

2336 3129 2352 3160 ι
2377 3104 2627 3174 Quamvis
2653 3110 2726 3162 te,
2750 3095 3009 3164 stupende
3038 3102 3297 3146 terrarum
3328 3088 3592 3154 princeps,
3619 3083 3896 3136 multorum

646 3188 766 3240 tatis
795 3201 1002 3240 veneno
1032 3195 1268 3239 servaret
1300 3187 1439 3237 inter
1470 3199 1618 3250 reges
1662 3185 1879 3244 caritas,
1912 3180 2052 3248 quod
2089 3183 2220 3234 lucri

2331 3167 2547 3250 aui-ibus
2592 3188 2780 3244 reddat
2828 3183 3038 3238 virtutis
3085 3181 3222 3232 fama
3271 3174 3595 3238 terribi‘em,
3641 3183 3692 3225 et
3738 3167 3898 3238 gladii

646 3290 791 3326 arma
823 3274 905 3324 vix
941 3283 1204 3337 poterant.
1243 3272 1546 3324 Evocantur
1573 3271 1638 3320 ad
1679 3269 1962 3320 consilium
1997 3267 2224 3334 ligur'a:

647 3362 868 3422 lumina,
899 3359 994 3411 viri
1023 3361 1363 3418 maturitatis,
1389 3374 1612 3426 quorum
1645 3359 1808 3422 possit
1837 3357 2224 3412 deliberatione

646 3451 830 3504 labans
861 3447 1171 3515 reipublica:
1204 3457 1373 3500 status
1402 3447 1752 3499 reviviscere.
1783 3453 1837 3496 et
1869 3445 1918 3494 in
1950 3446 2222 3512 ant‘quum

645 3539 890 3591 columen
940 3535 1179 3589 soliditas
1230 3535 1510 3599 desperata
1565 3533 1771 3584 restitui
1819 3549 1829 3582 :
1875 3531 2112 3598 tantique
2157 3532 2221 3585 ad

647 3637 927 3680 tractatum
959 3625 1140 3678 coiere
1169 3639 1231 3676 ex
1257 3623 1409 3689 jussu
1456 3619 1734 3688 principis,
1767 3619 1949 3688 quanti
1983 3628 2227 3685 poterant

645 3729 704 3768 es
720 3729 764 3765 =e
793 3723 1048 3766 rectores.
1080 3710 1292 3765 Seritur
1313 3710 1378 3762 de
1399 3706 1694 3761 ordinanda
1721 3706 1985 3773 legatione
2011 3719 2221 3759 sermo:

647 3806 700 3857 in
734 3803 1096 3874 beatissimum
1144 3801 1312 3852 virum
1357 3796 1709 3866 Epiphaniam
1754 3804 1960 3848 mentes
1987 3796 2223 3848 omnium

645 3907 695 3950 et
716 3897 859 3961 oculi
881 3895 1177 3963 diriguntur
1203 3910 1214 3944 :
1243 3893 1375 3944 fiunt
1400 3896 1708 3944 cunctorqu
1742 3885 2044 3949 sententim,
2069 3885 2222 3953 (IllaSi

644 3988 797 4039 unius
842 3993 898 4038 et
938 3999 1033 4037 ore
1079 3984 1446 4049 pro'errentur
1487 3988 1542 4032 et
1573 3987 1808 4044 pectore.
1854 3973 1990 4038 Quid
2039 3974 2230 4039 plura?

643 4091 764 4129 cum
811 4073 992 4127 lzetitia
1038 4070 1236 4125 Christi
1292 4069 1448 4122 miles
1491 4065 1833 4120 occasionem
1875 4058 2074 4115 laboris
2106 4076 2223 4112 am-

644 4169 912 4236 plectitur,
940 4176 993 4220 et
1023 4179 1118 4232 spe
1159 4163 1405 4218 effectum
1455 4159 1690 4229 prtecipit
1715 4173 1728 4220 ;
1751 4156 1818 4210 de
1850 4153 2044 4222 negotii
2076 4153 2220 4205 msti-

644 4259 881 4312 matione
938 4253 1252 4315 conlidens,
1299 4249 1491 4318 agendi
1555 4246 1802 4315 speciem.
1849 4241 2228 4296 melioralurus

639 4346 861 4415 inquirit
887 4363 899 4396 :
924 4344 1190 4397 actionem
1220 4355 1356 4422 pene
1385 4337 1773 4392 conclamatam
1813 4340 1870 4386 et
1902 4329 2053 4386 valde
2080 4327 2221 4381 difti-

639 4436 798 4488 citem
834 4423 1074 4488 cmlestis
1118 4430 1367 4499 potentiae
1414 4424 1667 4496 praesidio
1711 4427 2089 4490 percunctatus
2113 4425 2218 4478 est.

638 4524 892 4592 suscepit,
920 4521 1183 4590 implevit.
1215 4518 1379 4584 Cujus
1419 4514 1624 4568 itineris
1671 4510 1946 4566 molestias
1989 4507 2218 4562 necessi-

711 4637 724 4666 ¹
758 4634 1012 4700 Defuncto
1047 4633 1297 4685 Ricemere
1315 4629 1390 4679 uel
1418 4621 1706 4700 Anthemio]
1741 4619 2048 4700 :\_nm_47‘2._
2067 4620 2208 4673 Rici-

639 4720 755 4758 mer
797 4689 940 4758 enim
991 4701 1366 4757 Anthemium.
1395 4704 1574 4748 creato
1613 4689 1721 4759 jam
1769 4693 1818 4745 in
1865 4690 1980 4756 ejus
2035 4689 2206 4759 locum

637 4757 876 4841 Olybrio,
902 4771 1202 4841 interemit;
1228 4768 1341 4841 ipse
1368 4766 1436 4821 40
1465 4774 1580 4832 post
1609 4757 1748 4824 dies,
1777 4770 1832 4841 ut
1860 4757 2210 4841 gissiodorus

640 4827 910 4896 in'Fastis
944 4827 1124 4903 notat,
1157 4827 1436 4892 defunctus
1467 4827 1598 4897 'cst,
1631 4848 1697 4903 xv
1726 4832 1826 4884 cal.
1859 4827 2209 4903 Septembris.

640 4911 767 4978 Post
795 4910 911 4964 htcc
949 4897 1196 4978 Olybrius
1240 4907 1467 4978 septimo
1513 4902 1718 4978 imperil
1768 4914 1950 4978 mense
1983 4897 2214 4953 decessit

638 4977 822 5031 Romae
861 4994 891 5030 κ
929 4970 1034 5031 cal:
1073 4970 1325 5030 Novemb.
1371 4973 1624 5041 Sequenti
1661 4985 1806 5041 anno
1847 4970 1952 5022 475
1995 4983 2210 5041 νκςιιειιῐι

636 5047 812 5100 aulam
847 5048 1113 5102 Ravenna:
1142 5049 1422 5114 occupavit
1462 5036 1738 5114 Clyceritts
1767 5054 1820 5092 ιιι
1863 5036 2209 5114 nonashlar-

641 5117 760 5170 tias.
811 5115 952 5169 Idem
997 5116 1239 5185 proximo
1282 5106 1474 5185 dehinc
1513 5106 1931 5185 annonimperio
1973 5106 2210 5185 dejectus

637 5196 749 5309 est,
781 5174 1088 5255 levatusque
1129 5188 1416 5254 imperator
1445 5181 1616 5237 Julius
1655 5174 1826 5246 Nepos
1859 5190 1948 5229 vnt
1979 5175 2079 5228 cal.
2113 5174 2208 5228 Ju-

661 5270 757 5309 tae.

661 5270 757 5310 HN.

708 5328 729 5358 ³
763 5323 965 5379 Tolosa:
993 5327 1225 5377 atumnos
1260 5321 1434 5390 Getas]

637 5397 740 5451 hoc
761 5406 1002 5463 tempore
1030 5394 1126 5447 fuit
1154 5393 1400 5454 Euricus,
1428 5385 1629 5444 'Alarici
1647 5397 1846 5463 pater:
1875 5385 1961 5452 qui
1993 5397 2061 5463 ex
2090 5397 2208 5436 cre-

636 5466 749 5521 bris
771 5453 1065 5536 priiicipum
1091 5453 1451 5536 Romanorum
1478 5453 1855 5536 mutationibus
1870 5453 2201 5536 occasionem

638 5525 842 5601 nactus,
875 5525 1252 5589 ut'Jornandes
1279 5545 1489 5604 quoque
1512 5534 1563 5604 in
1597 5529 1773 5604 ltebus
1799 5525 2000 5604 geticis
2030 5530 2195 5604 notat,

635 5592 904 5658 Arvernos
932 5592 1365 5676 oppugnaliat,'et
1398 5592 1541 5676 Egni
1583 5601 1661 5651 sui
1686 5597 1922 5676 limitem
1964 5608 2058 5676 per
2099 5592 2202 5643 Ro-

639 5688 778 5725 tnam
831 5663 1035 5742 imperii
1075 5663 1223 5727 Vtiues
1272 5663 1630 5742 promovebat.
1683 5667 1932 5742 Sidonius
1978 5663 2066 5716 lib.
2107 5675 2199 5740 ru,

635 5744 795 5809 epist
837 5731 1120 5798 Gz'lt‘varix
1163 5731 1588 5799 reat'flotltorum,
1630 5738 1763 5809 quod
1811 5735 2015 5809 limitem
2063 5731 2200 5809 regni

633 5802 736 5871 liti.
779 5824 926 5865 ruoto
972 5813 1313 5869 dissolutoque
1366 5811 1546 5875 findere
1600 5808 1841 5873 antiquo,
1891 5802 1963 5855 vc!
2011 5808 2200 5853 tutatur

1480 5319 1832 5385 Vesogothos,
1861 5327 2083 5384 quorum
2113 5327 2205 5366 rex

2329 3285 2522 3352 quibus
2560 3279 2812 3334 finitimos
2854 3271 3106 3328 continua
3143 3266 3386 3320 vastitate
3418 3263 3634 3327 premis,
3666 3267 3898 3326 segetem

2327 3349 2611 3442 quamdam
2635 3365 2830 3421 inimici
2853 3361 3104 3431 germinis
3126 3363 3362 3409 metant:
3388 3351 3583 3403 nu‘laui
3609 3349 3698 3403 tibi
3723 3359 3898 3403 tamen

2329 3461 2545 3530 superni
2594 3459 2818 3528 gratiam
2851 3452 3082 3508 numinis
3121 3449 3234 3503 dita
3276 3443 3506 3500 bellandi
3547 3449 3896 3512 prmstat'am-

2331 3551 2620 3602 ltitiozttcc
2670 3547 2865 3598 ferrum
2919 3542 3050 3594 lines
3099 3545 3277 3591 tuetur
3324 3533 3552 3602 imperii,
3580 3532 3624 3584 si
3667 3531 3898 3585 caelestis

2333 3637 2586 3691 Dominus
2616 3633 2933 3687 offendatur.
2967 3629 3161 3696 Regem
3195 3635 3246 3678 te
3273 3625 3467 3677 habere
3493 3629 3782 3682 memento,
3813 3620 3895 3672 cui

2327 3735 2539 3797 oportet
2566 3723 2908 3779 considerare
2931 3719 3053 3788 quid
3077 3717 3283 3786 placeat
3308 3731 3320 3767 :
3343 3713 3571 3782 quicum
3591 3719 3900 3776 susceptum

2330 3817 2596 3872 hominem
2629 3819 2867 3883 portaret
2893 3810 2956 3863 ad
3001 3808 3216 3871 caelum,
3247 3823 3340 3875 pro
3371 3808 3638 3860 immensa:
3668 3801 3896 3854 lueredi-

2331 3909 2452 3963 tatis
2492 3921 2711 3962 munere
2740 3917 2922 3972 pacem
2951 3899 3225 3964 discipulis
3269 3898 3462 3950 iterata
3485 3891 3674 3961 sapius
3706 3890 3895 3942 admo-

2329 4000 2528 4054 nitione
2557 3992 2917 4050 commendat.
2949 3990 3110 4056 Cujus
3143 4001 3241 4039 nos
3282 3983 3537 4055 prmcepti
3571 3993 3791 4034 necesse
3816 3987 3898 4034 est

2326 4106 2447 4143 esse
2473 4085 2761 4140 custodes:
2793 4079 3055 4150 prarcipue
3091 4090 3209 4129 cum
3243 4074 3551 4127 noverimus
3597 4069 3768 4123 virum
3802 4067 3898 4120 for-

2329 4194 2431 4233 tem
2465 4178 2566 4232 dici
2599 4191 2702 4229 non
2747 4185 2903 4240 posse
2932 4183 3087 4236 quem
3118 4165 3305 4219 vicerit
3351 4154 3899 4229 indignatio.'l)eiinle

2329 4285 2528 4341 perpeti
2547 4269 2654 4321 lere
2682 4278 2778 4317 nos
2799 4260 3070 4321 convenit,
3093 4255 3232 4324 quod
3263 4269 3417 4307 nemo
3439 4251 3748 4320 diligentius
3776 4263 3895 4316 pro-

2325 4340 2436 4433 pria
2470 4369 2666 4416 tuetur,
2695 4366 2851 4422 quam
2881 4350 2968 4417 qui
2999 4350 3168 4401 aliena
3213 4362 3318 4402 non
3366 4343 3588 4412 appetit.
3634 4340 3894 4405 Quocirca

2325 4429 2518 4520 Nepos,
2544 4447 2626 4501 cui
2659 4443 2893 4511 regimen
2923 4437 3086 4491 Italiae
3111 4435 3374 4490 ordinatio
3398 4432 3576 4486 divina
3603 4429 3892 4493 commisit,

2323 4517 2544 4595 τηιίιωο
2587 4551 2684 4588 nos
2727 4527 3060 4598 impetranda
3105 4523 3418 4587 destinavit;
3453 4529 3509 4574 ut
3549 4518 3783 4574 reductis
3825 4517 3892 4569 ad

2313 4667 2572 4706 armorum
2610 4651 2731 4720 jure
2768 4643 2846 4697 ω’
2904 4635 3498 4720 ριόηιονρι,,ιιεε,ιιοὺ”σ
3541 4630 3890 4709 peccatoribus

2314 4703 2684 4779 flio—Succusai'e,
2708 4731 2798 4767 nec
2827 4703 2960 4766 vobis
2988 4709 3175 4763 sanctis
3204 4707 3286 4758 hic
3315 4707 3576 4779 discutere
3589 4703 3892 4779 permissum

2314 4771 2564 4848 ilice
2609 4771 2766 4854 igitur
2795 4782 2980 4854 Ni-po_ti
3037 4783 3171 4854 _Aug.
3211 4790 3369 4829 causa
3391 4789 3502 4854 .cur
3532 4771 3888 4854 Epiphaniam

2315 4839 2803 4932 litigatti'm‘rnﬁteret
2829 4839 2903 4905 ad.
2922 4839 3196 4910 Euricuin,
3218 4855 3271 4897 ut
3297 4842 3498 4912 antiqui
3530 4839 3748 4894 hederis
3769 4839 3886 4907 jura

2318 4939 2653 4987 renovarent.
3163 4956 3193 4987 ,-

2314 4978 2787 5062 ””ιι“ἰξδήδςτιεηεί
2837 4990 2914 5062 Ad
2960 5002 3115 5057 quem
3153 4984 3404 5062 Sidonius
3453 4981 3592 5034 idem
3622 4978 3725 5062 .lih.
3773 4992 3886 5058 vui,

2318 5088 2403 5136 ea.
2431 5048 2804 5133 ivliis‘vcrlzis
2831 5078 2846 5115 :
2873 5048 3072 5128 Sepone
3113 5054 3453 5136 pauxillulum
3491 5048 3891 5136 conclamarint:

2317 5117 2863 5194 niosvdrc—fomntinnes,
2890 5117 3014 5196 quas
3055 5117 3156 5196 oris
3199 5125 3323 5196 reg'i
3365 5123 3468 5196 vice
3500 5117 3727 5196 conﬁcis.
3756 5117 3888 5196 _Erat

2685 5185 2918 5270 quiestor-
2966 5195 3164 5270 Enrici.
3192 5185 3318 5270 _Si_:d
3361 5191 3487 5270 aliis
3537 5189 3698 5270 etiam
3756 5185 3887 5238 locis

2313 5258 2573 5333 doctrinm
2611 5258 2825 5326 nomine
2860 5267 3104 5322 laudatur
3131 5278 3158 5316 a
3188 5262 3411 5318 Sidonio
3431 5304 3443 5328 ,
3478 5269 3535 5313 ut
3567 5258 3659 5313 lib.
3694 5271 3764 5318 tv,
3794 5269 3884 5324 ep.

2312 5350 2400 5413 ἓξ,
2433 5355 2487 5401 et
2518 5347 2567 5399 in
2597 5343 2863 5396 Narbone.

2551 5435 2667 5484 Sive
2692 5431 2748 5479 ad
2771 5428 3025 5488 doctiloqui
3052 5425 3232 5488 Leonis
3251 5422 3401 5488 ardes,

2553 5483 2657 5553 Ouo
2676 5495 2748 5540 bis
2769 5506 2854 5539 sex
2885 5483 3070 5553 tabidas
3092 5486 3298 5553 docente
3313 5483 3461 5553 juris,

2540 5545 2688 5605 Ultro
2706 5553 2930 5603 Claudius
2955 5549 3132 5608 Appius
3153 5545 3350 5600 lateret,

2550 5618 2687 5666 Claro
2704 5615 2950 5660 ObSt‘llI'iOf‘
2972 5610 3017 5656 iu
3041 5608 3390 5661 decemviratu,

2554 5663 2615 5726 Ᾰι
2630 5663 2671 5722 si
2688 5675 2812 5721 dicat
2837 5686 2973 5730 epos,
3001 5677 3309 5726 metrumque
3337 5663 3572 5730 rhythmis

2556 5725 2738 5786 lt‘lectat
2762 5725 3053 5782 commaticis
3081 5725 3278 5777 tonante
3306 5725 3490 5786 plectro

2554 5797 2820 5847 Mordacem
2845 5794 2980 5842 faciat
3004 5793 3154 5839 silere
3179 5789 3413 5837 l-‘laccum.
