4192 6260
320 364 431 417 221

1247 364 1403 421 νιτΑ
1444 364 1501 420 Β.
1545 364 1884 421 EPIPIIANH
1926 367 2227 422 EPISCOPI
2266 367 2654 423 TlCINENSIS.

3475 373 3581 428 222

327 478 497 528 Iidem
531 474 817 535 mentibus,
852 484 1007 528 terra:
1036 475 1135 527 sibi
1164 489 1419 528 convena:
1463 476 1765 529 dilectionis
1788 476 1905 543 jure
1933 477 1982 535 Α
2010 477 2252 541 cumulo,
2286 478 2553 530 humilitas
2591 479 2642 530 in
2671 492 2736 531 eo
2787 480 2983 545 pariter
3026 481 3290 537 sentiebat
3331 496 3580 551 augmen-

320 564 623 616 sociemur.
651 562 750 627 Qui
786 561 905 615 licet
933 563 1220 617 certamina
1254 579 1356 617 non
1387 565 1654 630 formidet,
1683 581 1903 623 concor-

320 654 473 704 diam
509 650 655 716 prius
686 657 917 718 exoptat.
964 651 1138 703 Nostis
1170 652 1220 704 itt
1252 654 1539 718 communi,
1564 666 1670 720 quo
1699 652 1769 705 sit
1807 653 1906 707 ὐος

323 745 601 794 minorum
633 741 921 807 antiquitas
949 739 1171 793 lituitata
1211 743 1443 795 confinio
1470 761 1481 793 :
1504 758 1604 810 qua
1635 743 1905 797 sustinue-

322 830 439 882 rint
473 837 648 896 partes
676 828 792 879 ista:
815 827 1019 879 illarum
1046 840 1279 883 rectures
1308 828 1593 883 tumulandi
1626 833 1899 897 patientia.

320 917 571 969 Sufficiat
597 918 736 985 quod
768 916 948 985 elegit,
971 926 1060 970 aut
1088 928 1234 971 certe
1266 921 1280 950 ¹
1316 920 1510 987 patitur
1536 921 1741 973 amicus
1770 921 1899 986 dici,

320 1010 416 1076 qui
448 1010 643 1061 meruit
682 1009 926 1061 dominus
972 1010 1291 1077 appellari.»
1326 1012 1448 1066 Hmc
1488 1013 1566 1065 vir
1604 1014 1899 1082 insigniﬁle

320 1114 444 1151 tuus
480 1098 827 1165 Epiphanius.

392 1192 462 1244 At
496 1190 740 1254 Enricus,
774 1189 971 1257 gentile
1013 1191 1191 1243 nescio
1235 1192 1373 1259 quod
1423 1207 1663 1246 murmur
1706 1194 1896 1248 infrin-

319 1296 475 1348 gens,
524 1280 781 1333 mollitum
830 1292 888 1332 se
931 1280 1387 1334 adhortationibus
1430 1285 1547 1348 ejus
1594 1284 1774 1337 vultus
1816 1285 1894 1338 sui

318 1371 609 1422 seri-nitate
645 1368 928 1437 significat.
982 1370 1109 1423 Leo.
1137 1384 1263 1423 vero
1312 1374 1613 1426 nominatus
1654 1374 1897 1441 superius

320 1474 474 1516 tanto
500 1463 834 1516 allocutionis
866 1464 1030 1531 ipsius
1063 1464 1339 1517 tenebatur
1369 1465 1647 1530 miraculo,
1689 1473 1746 1518 ut
1774 1481 1895 1521 cre-

318 1557 472 1608 deret
496 1556 672 1607 verbis
705 1556 1065 1621 hujuscemodi
1097 1557 1384 1623 expugnari
1412 1571 1569 1623 posse
1596 1567 1822 1624 mentes,
1848 1559 1893 1613 si

319 1650 397 1698 fas
421 1655 501 1698 est
522 1645 646 1710 diei,
680 1646 838 1699 etiam
874 1645 917 1699 si
945 1656 1129 1699 contra
1152 1646 1409 1713 justitiam
1453 1648 1759 1712 postularet.
1794 1649 1896 1703 Ta-

321 1734 442 1788 liter
471 1745 643 1787 tamen
671 1735 839 1789 fertur
860 1735 924 1787 ad
952 1735 1294 1804 interpretem
1319 1751 1410 1813 rex
1432 1737 1636 1791 locutus
1661 1756 1673 1789 :
1700 1759 1717 1790 ε
1747 1739 1893 1795 Licet

2013 575 2143 619 tum.

2075 657 2234 723 Igitur
2296 655 2423 709 dum
2489 657 2681 709 talibus
2732 672 2793 712 se
2845 653 3143 728 disciplinis
3199 668 3254 713 et
3304 660 3578 721 laboribus

2003 747 2199 800 Christi
2242 754 2296 799 et
2345 746 2436 800 Dei
2488 749 2663 800 nostri
2715 751 2990 815 operarius
3038 761 3272 813 exercet,
3299 766 3424 807 ecce
3478 754 3567 809 ille

2003 836 2195 903 quietis
2222 837 2431 890 nescius
2456 845 2506 890 et
2536 838 2792 891 scelerum
2818 850 3052 906 patrator
3078 841 3348 906 inimicus,
3375 857 3569 911 magna

2002 925 2243 981 dolorum
2276 927 2599 981 incrementa
2648 928 2998 996 conglutinat,
3033 940 3085 985 et
3133 933 3348 1001 inquirit
3379 934 3576 1002 quibus

2004 1017 2174 1070 virum
2208 1017 2607 1084 iutegerrimum
2640 1019 2979 1085 passionibus
3025 1021 3325 1076 lacesseret.
3360 1022 3577 1078 Everci-

2004 1118 2113 1163 tum
2159 1110 2415 1162 adversus
2442 1108 2463 1139 ‘
2485 1110 2727 1163 Orestem
2776 1112 3054 1177 patriciqu
3086 1113 3261 1181 erigit,
3292 1126 3342 1167 et
3372 1114 3576 1168 discor-

2003 1200 2035 1252 d
2060 1215 2104 1253 ae
2127 1201 2347 1253 crimina
2375 1201 2735 1254 clandestinus
2762 1203 3127 1269 supplantator—
3152 1205 3439 1258 interserit.
3466 1205 3574 1273 Spe

2002 1304 2257 1343 novarum
2290 1305 2466 1342 rerum
2499 1290 2821 1356 perditorum
2868 1291 3074 1345 animos
3120 1293 3572 1361 inquietat:0do-

2001 1394 2212 1433 vacrem
2264 1379 2329 1431 ad
2378 1379 2631 1446 regnandi
2677 1380 2931 1432 ambitum
2974 1382 3198 1434 extollit.
3249 1383 3317 1434 Et
3360 1392 3417 1435 ut
3459 1381 3573 1437 hzec

2002 1468 2265 1535 pernicies
2293 1469 2343 1519 in
2370 1468 2642 1521 Ticinensi
2686 1470 2901 1522 civitate
2942 1472 3295 1538 contingeret,
3328 1472 3571 1525 Orestem

1998 1557 2063 1610 ad
2109 1571 2225 1610 eam
2276 1557 2466 1611 fiducia
2512 1557 2820 1613 munitionis
2870 1560 3074 1612 invitat.
3119 1559 3413 1628 Episcopus
3449 1575 3572 1615 cum

1997 1649 2243 1702 omnibus
2272 1648 2336 1701 ad
2378 1663 2436 1703 se
2473 1648 2863 1716 pertinentibus
2909 1663 3144 1718 praesens
3188 1651 3489 1703 invenitur:
3516 1652 3572 1708 fit

2001 1739 2263 1792 maximus
2304 1738 2357 1791 in
2401 1739 2530 1792 urbe
2559 1753 2869 1801 concursus,
2903 1738 3172 1805 prmdandi
3211 1739 3383 1792 rabies
3429 1738 3572 1792 inar-

319 1836 500 1899 pectus
534 1842 714 1881 meum
760 1827 923 1879 lorica
974 1828 1056 1879 vix
1088 1827 1321 1889 deserat,
1352 1814 1403 1881 et
1432 1828 1645 1883 assidue
1674 1845 1887 1884 manum
1922 1835 1970 1896 Β
1994 1829 2161 1885 descit
2190 1848 2201 1882 :
2228 1831 2424 1898 ubique
2448 1830 2637 1896 luctus,
2670 1846 2834 1900 pavor
2862 1830 3081 1898 ubique,
3103 1840 3150 1884 et
3183 1829 3368 1883 mortis
3399 1832 3571 1899 imago

317 1918 458 1970 orbis
485 1928 680 1971 aeratos
712 1918 968 1981 includat,
1003 1932 1205 1971 necnon
1251 1930 1303 1972 et
1347 1920 1482 1972 latus
1526 1920 1728 1975 muniat
1765 1922 1894 1978 ferri

316 2010 645 2079 prasidium,
676 2012 855 2064 inveti
899 2021 1072 2065 tamen
1117 2010 1415 2071 hominem.
1450 2012 1538 2078 qui
1585 2029 1669 2067 me
1711 2029 1885 2067 arma-

317 2111 431 2152 tum
480 2102 646 2168 possit
692 2117 994 2170 expugnare
1041 2103 1398 2156 sermonibus.
1456 2103 1666 2157 Fallunt
1693 2106 1780 2171 qui
1813 2106 1893 2159 di-

317 2198 445 2241 runt
491 2188 756 2242 Romanos
805 2192 854 2243 in
911 2191 1103 2259 linguis
1151 2199 1356 2243 seututn
1405 2192 1487 2244 vel
1538 2188 1740 2260 spicula
1788 2209 1890 2247 non

313 2278 531 2333 habere.
557 2280 759 2333 Norunt
786 2283 924 2334 enim
954 2289 1007 2334 et
1036 2281 1120 2333 illa
1143 2296 1261 2349 qua:
1286 2296 1381 2333 nos
1405 2282 1708 2336 miserimus
1731 2283 1889 2336 verba

312 2370 597 2437 repellere;
630 2378 685 2424 et
721 2385 839 2438 quas
871 2385 897 2421 a
933 2386 989 2424 se
1019 2370 1336 2438 diriguntur,
1369 2371 1433 2423 ad
1469 2372 1488 2401 ¹
1520 2370 1686 2423 raedis
1730 2386 1893 2438 pene—

310 2460 460 2514 tralia
502 2460 796 2515 destinare.
848 2461 1005 2515 Facio
1045 2476 1191 2529 ergo,
1228 2462 1533 2516 venerande
1573 2477 1741 2531 papa,
1772 2479 1889 2532 qua:

310 2554 482 2617 poscis
510 2569 523 2603 :
549 2556 670 2621 quia
710 2553 963 2620 grandior
1004 2561 1085 2605 est
1122 2552 1260 2618 apud
1310 2566 1394 2604 me
1441 2552 1595 2619 legati
1630 2568 1850 2618 persona
1873 2589 1887 2614 ,

309 2656 464 2707 quam
498 2642 731 2707 potentia
766 2639 1101 2692 destinantis.
1136 2639 1330 2706 Accipe
1362 2654 1498 2693 nunc
1528 2640 1684 2692 fidem
1717 2650 1769 2694 et
1793 2656 1888 2709 pro

312 2730 517 2796 Nepote
545 2730 814 2797 pollicere,
846 2730 987 2797 quod
1033 2740 1210 2783 servet
1258 2731 1625 2784 intemeratam
1668 2745 1890 2784 concor-

316 2820 482 2879 diam,
516 2819 723 2886 quando
751 2828 798 2872 te
827 2820 1156 2886 promisisse,
1177 2818 1387 2886 jurasse
1415 2830 1547 2873 est.»
1585 2820 1680 2873 llis
1708 2820 1886 2885 dictis,

310 2909 449 2962 inito
479 2910 640 2963 etiam
669 2909 914 2977 pactionis
945 2910 1181 2974 vinculo,
1212 2911 1477 2965 verendus
1505 2912 1735 2980 pontifex
1774 2913 1887 2966 vale

307 2998 453 3050 dcto
491 2999 759 3050 di-ccssit.
792 2997 870 3051 Ad
917 3014 1071 3066 quem
1123 3000 1298 3051 statim
1351 3008 1683 3065 precatorum
1735 3000 1884 3053 turba

307 3085 589 3153 dirigitur,
635 3094 691 3136 ut
734 3096 981 3139 secuturo
1031 3086 1117 3140 die
1164 3088 1301 3153 regis
1349 3088 1521 3155 t-pulis
1574 3088 1883 3153 interesset;

1998 1922 2221 1989 plurima
2277 1921 2628 1974 discurrebat.
2684 1921 2776 1973 llle
2835 1921 3091 1973 sollicitus
3149 1920 3460 1987 poscebatur
3504 1923 3570 1974 ad

1997 2025 2232 2079 poenam,
2260 2009 2415 2077 cujus
2439 2010 2787 2063 substantiam
2835 2008 3091 2061 notiorem
3143 2006 3341 2061 fecerat
3384 2006 3565 2060 amici-

1994 2099 2185 2152 tiarum
2217 2098 2346 2150 fides
2374 2097 2660 2165 antiquior.
2706 2098 2806 2151 Alii
2854 2099 3090 2150 flammas
3122 2097 3338 2151 ruituris
3366 2096 3569 2151 aedibus

1992 2188 2516 2255 supponebantmlii
2566 2185 2629 2237 ad
2675 2186 2894 2239 exitium
2942 2188 3229 2252 poscebant
3273 2186 3567 2249 dominum,

1995 2292 2090 2345 pro
2131 2278 2285 2344 cujus
2327 2285 2647 2330 convenerat
2696 2277 2875 2330 salute
2924 2276 3166 2344 pugnari.
3224 2277 3457 2331 Currunt
3498 2277 3564 2331 ad

1991 2366 2233 2419 ecclesiae
2269 2365 2505 2429 domum,
2544 2366 2670 2418 totis
2696 2365 3010 2432 direptionis
3040 2365 3298 2419 incendiis
3341 2375 3566 2419 mstuau-

1993 2465 2089 2516 tes,
2123 2454 2250 2507 dum
2296 2469 2453 2522 quem
2500 2454 2751 2507 videbant
2795 2468 3013 2521 erogare
3064 2453 3307 2521 plurima,
3370 2456 3567 2522 perim-

1990 2559 2166 2597 mensa
2215 2544 2582 2610 suspicabatur
2620 2542 2965 2609 abscondere.
3013 2543 3164 2597 Prolt
3202 2542 3379 2596 nefas!
3435 2544 3555 2597 the-

1988 2648 2174 2687 sauros
2199 2633 2358 2685 cruda
2406 2632 2684 2685 barbaries
2729 2633 3004 2698 quatrebat
3032 2633 3082 2684 in
3113 2641 3286 2696 terra,
3314 2648 3446 2700 quos
3477 2634 3563 2689 ille

1988 2724 2051 2776 ad
2095 2724 2332 2777 caelestia
2390 2734 2595 2776 secreta
2652 2724 3046 2775 transmiserat.
3108 2723 3358 2790 Diripitur
3401 2724 3562 2776 etiam

1988 2820 2169 2865 sancta
2216 2810 2332 2878 ejus
2373 2826 2644 2879 germana,
2680 2819 2733 2864 et
2769 2826 3010 2865 seorsum
3040 2812 3108 2866 ab
3150 2827 3215 2866 eo
3245 2814 3563 2881 captivitatis

1987 2907 2128 2952 sorte
2168 2898 2485 2951 deducitur:
2514 2913 2700 2952 omnes
2732 2898 2984 2951 nobilium
3017 2914 3041 2949 a
3082 2899 3193 2952 suis
3236 2899 3450 2953 familia:
3478 2915 3562 2953 sc-

1986 2996 2325 3055 questrantur
2353 3003 2366 3039 :
2397 2988 2710 3049 Luminosa,
2743 2988 3120 3054 glutiosissima
3174 2990 3363 3040 femina
3412 2991 3559 3056 parili

1986 3076 2315 3130 necessitatis
2334 3076 2637 3128 conditione
2654 3076 3049 3143 constringitur.
3065 3077 3300 3129 Odolor!
3323 3093 3368 3129 u'
3381 3094 3560 3146 neque

308 3190 461 3240 quem
486 3174 572 3226 ille
599 3173 707 3239 jam
730 3185 1065 3240 compererat
1088 3175 1281 3243 jugiter
1310 3192 1402 3243 per
1429 3173 1735 3228 sacerdotes
1757 3190 1881 3227 suos
1909 3177 1954 3237 C
1984 3167 2220 3220 ecclesiae
2268 3166 2494 3219 ﬂammis
2542 3166 2823 3219 hostilibus
2869 3176 3275 3221 concremantur
3305 3184 3318 3219 :
3348 3177 3464 3221 tota
3485 3171 3560 3222 ei-

311 3264 504 3329 polluta
539 3263 736 3315 habere
766 3264 1010 3316 convivia
1037 3280 1050 3315 ζ
1074 3264 1159 3316 cui
1189 3265 1491 3325 excusavit,
1521 3262 1754 3330 dixitque
1781 3261 1881 3315 sibi

312 3369 414 3405 non
442 3368 557 3407 esse
586 3355 637 3406 in
671 3367 819 3407 more
861 3353 1089 3420 positum
1118 3353 1309 3406 alienis
1338 3352 1620 3420 aliquando
1651 3351 1883 3419 prandiis

311 3442 449 3493 vesci
476 3458 489 3491 :
515 3441 736 3508 perinde
758 3456 816 3494 se
844 3441 1008 3509 magis
1040 3441 1172 3493 velle
1197 3438 1461 3509 proficisci
1484 3455 1498 3491 :
1523 3439 1661 3506 quod
1688 3440 1884 3492 emisti-

312 3540 484 3583 totum
533 3532 812 3585 maturavit
852 3532 1107 3599 implere,
1137 3540 1189 3585 et
1218 3531 1463 3584 Ttlosam
1514 3531 1672 3583 tantis
1718 3531 1883 3584 comi-

316 3620 540 3674 tantibus
563 3634 809 3689 egressus
830 3630 931 3689 est,
955 3631 1015 3675 ut
1037 3636 1171 3688 pene
1197 3621 1402 3675 deserta
1430 3622 1555 3674 urbs
1576 3620 1881 3675 discedente

308 3717 490 3762 nostro
542 3709 791 3777 pontifice
829 3719 1161 3765 cerneretur.
1207 3709 1403 3763 Tantos
1447 3708 1587 3763 enim
1636 3708 1687 3761 in
1732 3708 1881 3762 brevi

304 3802 622 3858 devinxerat
654 3804 753 3857 sibi
783 3806 1007 3858 caritate
1051 3804 1283 3867 sincera,
1311 3813 1366 3855 ut
1392 3802 1749 3869 captivitatem
1782 3800 1881 3855 fle-

306 3900 439 3955 rent,
468 3891 612 3959 quod
658 3890 794 3959 apud
838 3892 1059 3959 patriam
1101 3904 1379 3944 remanere
1431 3890 1720 3942 necessitas
1748 3903 1881 3942 conn

307 3980 619 4050 Stringebat.
652 3981 778 4035 lude
806 3995 981 4037 tamen
1013 3980 1321 4049 regrediens
1349 3978 1556 4047 singula
1577 3985 1877 4031 sanctarum

304 4068 691 4123 habitationum
751 4071 861 4124 loeti
916 4070 1164 4125 visitavit.
1239 4067 1508 4122 Medianas
1563 4067 1583 4097 ³
1635 4066 1877 4131 insulas,

305 4159 640 4225 Stmhadas,
673 4160 887 4225 Lerum,
922 4160 1193 4228 ipsamque
1239 4158 1498 4213 nutricem
1548 4169 1877 4209 summorum

306 4249 564 4302 montium
599 4249 811 4317 planam
842 4249 1090 4303 Lerinum
1121 4248 1269 4302 adiit.
1320 4246 1465 4300 llnde
1493 4246 1730 4313 singulos
1760 4245 1879 4299 vita:

307 4338 557 4391 flosculos
587 4339 856 4408 decerpsit
887 4354 948 4392 ex
980 4340 1246 4401 omnibus,
1279 4351 1413 4406 quos
1440 4337 1489 4389 in
1520 4351 1579 4389 se
1608 4335 1729 4389 boni
1757 4350 1876 4403 ger-

306 4426 461 4479 minis
524 4426 695 4480 fomes
749 4428 1043 4489 insereret,
1094 4437 1147 4481 et
1193 4428 1255 4479 ad
1304 4420 1621 4479 maturitatis
1667 4433 1877 4492 tempus

1943 3828 1948 3836 ·
1984 3803 2163 3856 videre
2226 3802 2466 3869 captivos
2508 3816 2523 3853 :

1986 3259 2138 3322 vitas,
2167 3258 2313 3325 quasi
2346 3272 2479 3310 unus
2511 3270 2689 3323 rogus,
2720 3257 3021 3325 effulgorat.
3051 3257 3377 3310 (iunctorum
3400 3273 3561 3312 voces

1982 3351 2313 3404 sacerdotem
2358 3348 2740 3416 requirentium
2786 3348 3294 3401 audiunturznemo
3340 3349 3558 3415 periculi

1982 3438 2061 3495 Sui
2113 3438 2429 3490 meminerat
2500 3436 2624 3488 dttm
2674 3435 2843 3502 major
2896 3435 2964 3487 ab
3016 3436 3117 3489 illis
3160 3435 3347 3489 salutis
3390 3437 3560 3501 portio

1982 3529 2328 3585 divideretur.
2356 3525 2450 3581 Cui
2481 3526 2723 3594 quamvis
2753 3525 2970 3579 confusa
3000 3525 3050 3579 in
3078 3525 3404 3593 singulorum
3448 3528 3559 3579 exi-

1984 3624 2111 3676 tium
2156 3620 2305 3674 turba
2356 3618 2624 3681 fremeret,
2661 3617 2834 3670 honor
2876 3625 3049 3671 tamen
3098 3625 3153 3670 et
3178 3618 3313 3670 intrr
3354 3617 3559 3685 gladios

1982 3709 2403 3779 impendebatur.
2454 3709 2582 3761 Nam
2628 3707 2771 3761 illico
2816 3720 2921 3759 non
2963 3705 3195 3767 fuerunt,
3227 3720 3359 3773 quos
3390 3707 3558 3773 potuit

2569 3798 2927 3852 venerabilem
2992 3811 3299 3866 germanam
3364 3811 3555 3865 suam,

1982 3894 2281 3962 priusquam
2312 3892 2363 3944 in
2391 3903 2666 3954 vesperam
2694 3887 2795 3941 diei
2845 3886 2987 3940 illius
3031 3886 3118 3941 lux
3168 3885 3372 3939 funesta
3403 3885 3549 3940 labe-

1982 3990 2146 4047 retur,
2174 3981 2385 4048 eripuit.
2439 3980 2700 4034 Plurimos
2742 3977 2902 4031 etiam
2948 3974 3139 4029 civium
3171 3975 3400 4030 abSolvit
3436 3991 3557 4045 pre-

1980 4080 2097 4125 catu
2146 4085 2266 4133 suo,
2297 4077 2582 4137 antequam
2631 4066 2932 4120 durissima:
2979 4064 3303 4120 conditionis
3350 4066 3555 4118 vincula

1980 4163 2269 4215 sentirent:
2297 4168 2493 4211 matres
2536 4155 2762 4210 familias
2795 4155 3083 4223 prmcipue,
3117 4169 3249 4223 quas
3277 4154 3556 4209 immanior

1981 4253 2032 4307 in
2067 4252 2163 4307 hac
2192 4250 2511 4305 necessitate
2553 4256 2760 4314 poterat
2803 4261 3017 4299 manere
3043 4247 3414 4298 commoratio.
3458 4244 3556 4297 Po-

1981 4352 2179 4395 stremo
2227 4348 2394 4392 status
2448 4336 2675 4389 civitatis
2733 4348 2888 4401 quem
2946 4334 3228 4386 multitudo
3280 4333 3553 4386 barbarica

1983 4431 2314 4492 succidebat,
2370 4428 2523 4481 unius
2569 4425 2871 4479 fortissima:
2924 4423 3186 4475 columna:
3233 4432 3555 4477 sustentatus

304 4514 516 4578 gravida
553 4517 725 4582 pomis
772 4516 1081 4569 (‘CBIOSllbllS
1125 4515 1285 4568 arbor
1334 4514 1640 4571 adduceret.
1675 4515 1875 4568 Interea
1909 4519 1959 4579 ο
1986 4523 2298 4593 resurgebal
2338 4520 2537 4575 auxilio
2563 4536 2575 4571 ε
2603 4532 2702 4571 nec
2751 4524 2951 4569 tantum
2985 4515 3048 4567 ad
3081 4514 3364 4567 delendum
3407 4514 3556 4567 sum-

304 4611 666 4669 exspectatum
717 4604 858 4656 Italia
913 4604 1086 4657 lumen
1142 4603 1419 4664 redditur,
1470 4613 1522 4657 et
1577 4614 1878 4658 revertente

305 4690 556 4758 singulari
576 4690 851 4745 sacerdote
877 4705 968 4758 per
988 4690 1176 4745 sudum
1203 4692 1422 4744 rtttilans
1440 4691 1595 4758 jubar
1617 4694 1872 4759 aperitur.

307 4778 543 4830 Tic'nnm
573 4780 663 4833 diu
692 4780 1023 4834 desideratus
1053 4781 1343 4850 ingreditur
1370 4800 1382 4834 :
1410 4782 1599 4850 Nepoti
1628 4784 1874 4837 eﬂ'eetum

312 4877 533 4931 peracta:
581 4869 862 4951 legationis
908 4871 1137 4924 insinuat
1183 4880 1286 4925 :et
1330 4880 1607 4925 crescente
1663 4873 1873 4933 laudum

377 4999 389 5027 '
416 4998 628 5062 Scltot.,
662 5003 902 5067 patiatur.
1231 5050 1245 5061 ,

372 5069 389 5095 ²
418 5068 604 5136 Schol.
631 5082 683 5123 et
715 5070 974 5136 Bolland.,
1001 5075 1190 5127 cordis.

374 5135 633 5213 "Insulas
676 5135 1002 5213 Stqchtadatt]
1051 5146 1139 5197 Sic
1189 5145 1463 5213 legendum
1518 5146 1732 5208 censui,
1766 5160 1869 5202 non

312 5207 594 5286 Cycladas;
630 5211 770 5276 quod
816 5207 1011 5286 haben't
1051 5207 1416 5280 manuscripti.
1462 5207 1739 5286 Sltecbada
1772 5216 1876 5267 1)Ιί-

313 5278 421 5351 nius
450 5277 629 5351 Ιὶὺτιιι
650 5320 663 5341 ,
694 5294 811 5347 cap.
856 5281 908 5344 4,
941 5290 993 5334 et
1037 5277 1334 5351 geographi
1355 5286 1405 5335 in
1436 5298 1530 5337 ora
1563 5284 1875 5338 Massiliensi

314 5344 496 5408 locant,
526 5344 828 5416 dot-eritque
876 5344 1090 5418 propter
1129 5344 1367 5406 ordinem
1399 5369 1502 5419 quo
1531 5356 1644 5406 sita:
1671 5363 1795 5407 sunt
1823 5356 1870 5408 id

315 5419 1206 5491 nomenessesnrtitas.piat-0:16:65:
1245 5422 1552 5475 Ptuletna-o.
1588 5424 1684 5486 Qui
1731 5425 1873 5477 Stm-
1918 5451 1928 5459 -

312 5484 497 5560 chadas
512 5487 718 5560 insulas
734 5489 1004 5554 ignorabat
1018 5484 1626 5560 aiitiquaritts,Cycladas
1638 5495 1867 5558 scripsit,

312 5554 714 5629 quiaunotiorcs
766 5554 1429 5627 erant:qtletttatltttoditn
1472 5562 1519 5613 itt
1561 5554 1872 5629 panegyrici)

310 5620 567 5697 Cyrillum
588 5627 712 5697 item
748 5620 1075 5694 srrips'srunt
1104 5647 1197 5695 pro
1222 5630 1491 5691 Cochriln,
1519 5620 1573 5682 et
1595 5620 1872 5697 Cylindrus

313 5707 403 5755 pro
434 5695 746 5764 Chelydris.
789 5698 922 5749 Sunt
969 5709 1168 5764 autem,
1200 5710 1253 5750 ttt
1296 5702 1424 5760 diti,
1468 5695 1778 5751 Stoechades
1820 5701 1868 5751 in

313 5778 399 5814 ora
429 5762 746 5818 MassilienSI
776 5781 787 5818 :
814 5777 865 5818 at
900 5768 1062 5822 Lcrus
1084 5779 1135 5823 ct
1158 5762 1399 5823 'Lcrittus
1425 5785 1454 5821 c
1484 5768 1698 5834 regione
1726 5771 1871 5822 Λιιιί⁴

1986 4613 2157 4667 ciebat
2212 4611 2509 4673 exercitus,
2557 4616 2811 4677 quantum
2876 4604 2938 4656 ad
2997 4602 3350 4672 reparandum
3402 4604 3555 4655 unius

1984 4715 2209 4771 persona
2242 4700 2521 4767 pontificis.
2552 4698 2770 4752 Sublato
2795 4704 2969 4748 tamen
3010 4694 3199 4747 Oreste
3253 4701 3305 4745 et
3340 4699 3555 4757 propter

1986 4788 2307 4843 Placentiam
2356 4785 2537 4836 urbem
2572 4784 2855 4841 exstincto,
2889 4778 3300 4845 depraedationis
3328 4778 3555 4845 impetus

1982 4875 2299 4949 conquievit

1985 5011 2141 5079 polis.
2170 5010 2366 5063 Omnes
2395 5008 2518 5079 olim
2534 5006 2769 5079 fele-rue
2806 5001 3064 5079 coenobiis
3092 5017 3155 5056 ac
3184 5003 3393 5057 cellulis
3436 5018 3553 5056 mo-

1986 5073 2305 5141 naclmrum,
2337 5077 2473 5146 quod
2523 5074 2781 5146 Cassiani
2803 5073 3132 5146 collationes
3166 5083 3426 5146 testantur
3452 5088 3553 5146 :cx

1984 5151 2172 5217 quibus
2194 5143 2395 5215 septem
2422 5156 2699 5217 noswetna:
2720 5143 2783 5196 ad
2806 5152 3019 5196 sanctos
3037 5145 3137 5217 Aqui
3166 5143 3216 5195 in
3244 5144 3547 5217 Stgchadi-

1985 5212 2081 5272 bus
2110 5212 2269 5272 erant
2300 5216 2501 5278 insulis,
2535 5212 2742 5265 emissa:
2778 5221 2921 5283 sunt,
2955 5212 3172 5265 totidem
3220 5214 3282 5264 ad
3314 5215 3523 5283 llouora

1985 5298 2095 5340 tum
2125 5296 2179 5340 et
2210 5287 2789 5351 Eucherium,quotum
2819 5282 2955 5336 alter
2979 5292 3186 5347 auctor,
3218 5280 3353 5335 alter
3378 5280 3520 5331 alunt

1986 5375 2081 5410 nus
2114 5354 2413 5408 monasterii
2442 5353 2763 5406 Lerincnsis.

2049 5426 2069 5455 ‘
2095 5426 2321 5477 Orestem
2342 5421 2630 5493 patricium]
2659 5425 2813 5475 Auno
2844 5422 2967 5474 476.
2991 5421 3083 5493 llic
3104 5418 3376 5493 superiore
3392 5428 3546 5493 anno

1981 5495 2272 5563 Augustulo
2321 5484 2427 5544 lilio
2472 5484 2770 5563 imperium,
2811 5492 3007 5563 fugato
3037 5488 3256 5554 Nepote,
3284 5484 3545 5563 “dederat.

1982 5554 2091 5615 um":
2121 5577 2259 5615 anno
2287 5577 2428 5613 arma
2476 5561 2525 5614 itt
2547 5554 2679 5613 illos
2725 5554 2893 5613 ntovii
2932 5558 3169 5610 Odoacer
3198 5565 3251 5607 et
3279 5554 3543 5619 Orestem,

1978 5633 2115 5701 quod
2144 5631 2407 5685 Ennodius
2430 5631 2603 5693 docet,
2628 5629 2797 5701 Ticini
2825 5627 3053 5701 obsedit,
3079 5634 3396 5693 captumque.
3419 5638 3540 5676 cum

1981 5695 2174 5770 oppido
2208 5701 2484 5755 Placentia:
2518 5700 2729 5755 tandem
2759 5695 2970 5751 otcidil.
