4192 6260
646 429 755 487 2‘25

705 532 827 584 Post
855 542 1007 596 quem
1040 527 1056 556 θ
1087 526 1317 579 adscitus
1364 523 1412 575 in
1464 537 1684 590 regnum
1730 521 2020 574 Odovacris
2061 527 2210 570 tanto
2237 517 2287 575 Α

641 622 778 672 rultu
825 618 1081 683 insignem
1128 616 1294 665 virum
1344 613 1505 678 cmpit
1554 611 1837 673 honorare,
1863 619 1920 662 ut
1966 607 2223 690 omnium.

641 710 975 761 decessorum
1024 718 1239 757 suorum
1291 702 1433 756 circa
1480 716 1599 753 eum
1648 699 1826 754 oflicia
1859 696 2203 765 prter-ederet.

639 790 837 850 Interea
863 809 929 848 ne
953 794 1042 847 ditt
1069 793 1260 846 favillis
1286 792 1549 847 domicilia
1595 791 1777 843 divina
1812 795 2211 857 premerentur,

639 899 759 938 ante
775 883 1039 951 gloriosus
1064 882 1284 936 antistes
1310 880 1667 935 rezedificandi
1696 878 1923 945 sumpsit
1944 876 2203 939 animum,

639 989 793 1042 quam
821 986 1079 1039 expensas
1100 982 1191 1024 aut
1211 972 1561 1025 substantiam
1588 966 1940 1036 praeparandi.
1974 963 2211 1033 Ingentis

637 1061 791 1130 pretii
823 1060 1046 1114 fabricas
1074 1060 1189 1114 sine
1218 1073 1551 1112 nummorum
1583 1058 1829 1110 attollere
1860 1055 2075 1108 condito
2102 1067 2210 1105 non

640 1152 873 1220 expavit,
897 1146 1201 1219 apostolica:
1232 1147 1610 1202 admonitionis
1656 1149 1793 1198 haud
1821 1140 2207 1208 inscius,‘quod

640 1239 873 1295 crelestia
902 1254 1058 1307 regna
1083 1238 1440 1307 quaerentibus
1465 1235 1774 1289 indeliciens
1792 1232 1988 1301 jugiter
2011 1242 2208 1284 census

639 1331 914 1390 exuberet,
945 1336 998 1381 et
1026 1327 1093 1381 de
1144 1327 1300 1394 pleno
1341 1340 1553 1392 semper
1596 1322 1863 1390 impertiat
1917 1335 2071 1389 quem
2105 1332 2208 1372 non

640 1420 891 1489 opprimit
937 1422 987 1472 iu
1038 1418 1298 1486 largiendi
1336 1418 1613 1469 voluntate
1656 1423 1957 1483 paupertas.
1994 1412 2212 1465 Dicebat

641 1512 781 1565 enim
812 1528 823 1561 :
858 1510 955 1561 Vix
986 1519 1064 1561 est
1097 1517 1156 1559 ut
1184 1508 1415 1566 animum
1453 1506 1662 1559 divitem
1710 1503 2029 1571 possibilitas
2059 1502 2212 1555 dese-

642 1610 744 1662 rat,
768 1608 821 1653 et
846 1598 1214 1652 difficillimum
1237 1604 1295 1650 ut
1318 1605 1570 1664 sequatur
1592 1594 1912 1650 abundantia
1939 1593 2209 1645 hominem

642 1698 818 1742 mente
862 1686 1180 1740 mendicum.
1212 1684 1328 1739 Jam
1356 1684 1581 1753 jamque
1619 1692 1797 1736 tamen»
1838 1681 2046 1749 fastigia
2092 1695 2212 1747 per-

643 1776 884 1830 fectionis
924 1775 1138 1843 majoris
1180 1774 1421 1828 ecclesia:
1450 1787 1583 1842 opus
1612 1773 1875 1839 attigerat,
1905 1770 2128 1825 atdiﬁcio
2156 1779 2209 1825 et

1752 406 2029 479 ENNOle
2063 403 2363 459 lii‘lSCOPl
2404 400 2779 456 TICINENSIS

3782 394 3888 448 Ὧι

2386 514 2592 566 Interea
2643 527 2709 565 ne
2755 510 2883 563 solis
2914 510 3179 563 civitatem
3231 506 3550 575 templorum
3583 504 3784 560 :edibus
3809 508 3887 560 vi‘

2309 604 2525 658 derctur
2565 616 2809 665 ornasse,
2842 600 2995 654 fessis
3038 598 3277 667 ejusdem
3317 598 3464 651 urbis
3505 596 3887 653 habitatoribus

2310 692 2667 747 remediorum
2716 690 2945 744 utilitate
2994 687 3285 758 prospexit.
3322 687 3451 740 Nam
3491 686 3693 740 direCta
3749 689 3888 756 lega-

2311 784 2453 836 tione
2480 783 2544 834 ad
2568 780 2919 841 Odovacrem,
2951 779 2971 810 ³
3000 777 3348 849 quinquennii
3384 777 3712 831 vacationem
3744 776 3889 831 fisca-

2311 870 2440 923 lium
2490 870 2807 923 tributorum
2862 865 3286 935 impetravitnd
3332 880 3448 935 quae
3488 866 3747 921 beneficia
3792 881 3889 935 per

2310 960 2547 1029 singulos
2592 958 2982 1028 dispertienda,
3017 966 3162 1011 tanta
3210 970 3271 1010 se
3312 957 3561 1012 castitate
3603 958 3885 1023 continuit,

2311 1060 2366 1101 ut
2401 1063 2564 1103 nemo
2608 1064 2675 1104 ex
2711 1048 2794 1103 his
2838 1050 3013 1102 minus
3048 1047 3338 1114 acciperet,
3372 1060 3529 1114 quam
3568 1049 3612 1100 is
3650 1062 3756 1116 quo
3783 1047 3888 1103 fue-

2310 1149 2430 1193 rant
2458 1140 2778 1208 impetrante
2803 1152 3078 1193 concessa.
3123 1135 3255 1190 Dum
3281 1137 3396 1188 hzec
3426 1145 3601 1190 tamen
3640 1150 3887 1204 gereren-

2313 1241 2413 1294 tur,
2448 1231 2499 1285 in
2529 1230 2817 1299 perniciem
2846 1229 3074 1298 Liguria:
3120 1241 3489 1297 possessorum
3520 1226 3541 1257 ⁸
3571 1227 3767 1296 Pelagii
3797 1229 3887 1297 qui

2312 1338 2372 1377 ea
2427 1330 2741 1391 tempestate
2788 1322 3038 1391 praétorio
3088 1320 3368 1388 praefectus
3423 1328 3576 1384 erat,
3614 1320 3886 1388 repositus

2312 1411 2528 1466 malitia:
2575 1410 2737 1465 ardor
2798 1410 3062 1465 efferbuit.
3106 1412 3234 1467 Nam
3281 1411 3673 1479 eoemptionum
3724 1426 3885 1465 enor-

2314 1505 2495 1557 mitate
2540 1501 2854 1570 gravissima
2904 1501 3097 1556 tributa
3141 1501 3479 1570 duplicabat,
3529 1502 3885 1573 reddebatque

2312 1608 2450 1647 onus
2477 1595 2767 1664 geminum,
2792 1595 2936 1662 quod
2968 1594 3193 1663 simplex
3224 1595 3483 1650 sustinere
3511 1612 3613 1650 non
3654 1606 3882 1666 poterat.

2315 1683 2465 1737 Unde
2512 1697 2638 1737 mox
2690 1684 2753 1736 ad
2801 1694 3039 1736 sanctum
3092 1685 3263 1737 virum
3308 1697 3683 1752 oppressorum
3731 1687 3885 1741 turba

2314 1773 2602 1837 confluxit;
2629 1773 2718 1841 qui
2745 1773 2893 1826 ltetus
2916 1773 3260 1828 succurrendi
3286 1775 3590 1829 occasiones
3615 1776 3885 1844 amplecti-

641 1865 986 1919 dedicationis
1018 1864 1311 1933 insignibus
1354 1864 1633 1917 adornalo.
1670 1863 1961 1931 Extemplo
1990 1861 2211 1919 alterius
2244 1861 2286 1919 Β
2317 1876 2420 1927 tur,
2453 1874 2505 1917 et
2534 1879 2627 1931 pro
2655 1871 2964 1916 cunctorum
3016 1864 3331 1920 necessitate
3368 1865 3544 1919 alacer
3573 1865 3885 1930 ambulavit,

642 1958 879 2009 ecclesia“:
932 1967 1041 2008 tum
1098 1957 1432 2009 columnatus
1480 1964 1698 2022 repente
1752 1956 1928 2021 paries
1980 1953 2209 2022 impulsu

641 2047 815 2100 naltidi
858 2046 1118 2113 serpentis
1148 2046 1350 2114 ejectus
1379 2054 1479 2099 est.
1512 2045 1693 2100 Voluit
1718 2045 1951 2112 experiri
2010 2044 2053 2097 si
2082 2042 2217 2096 mul-

644 2137 805 2201 tiplici
832 2137 945 2204 ejus
974 2135 1143 2203 possit
1172 2135 1450 2188 vexatione
1478 2133 1735 2188 subverti.
1781 2137 1849 2187 At
1888 2133 1975 2185 ille
2012 2133 2215 2186 violeno

644 2230 764 2293 tior,
790 2241 856 2280 ne
886 2227 1038 2279 malis
1067 2225 1181 2292 ejus
1212 2225 1455 2287 cederet,
1484 2222 1816 2291 assurgebat,
1854 2230 1908 2275 et
1935 2222 2211 2285 continuo,

642 2322 757 2374 sine
776 2320 1001 2387 alicujus
1027 2318 1286 2386 passionis
1308 2316 1522 2379 indicio,
1546 2314 1611 2367 ad
1636 2315 2024 2383 reparationem
2050 2314 2214 2375 ipsius

644 2412 795 2478 plena
822 2424 878 2461 se
904 2408 1155 2460 aviditate
1180 2405 1463 2459 succinxit.
1487 2404 1660 2457 Nimio
1690 2412 1873 2457 tamen
1892 2403 2212 2457 universitas

647 2500 922 2552 tenebatur
949 2496 1241 2559 miraculo;
1271 2494 1411 2563 quod
1443 2494 1509 2547 ab
1548 2493 1663 2562 ipso
1694 2493 1875 2561 templi
1906 2492 2051 2545 tholo
2080 2492 2210 2545 arti-

645 2593 768 2643 lices
793 2604 911 2643 cum
945 2588 1139 2655 ingenti
1183 2586 1424 2640 machina
1455 2593 1806 2639 corruerunt:
1834 2584 2010 2637 nullus
2036 2592 2209 2637 tamen

642 2693 823 2733 eorum
855 2685 945 2729 aut
970 2690 1125 2730 crure
1166 2675 1355 2729 debilis
1385 2676 1553 2727 factus
1592 2681 1694 2740 est,
1725 2681 1815 2726 aut
1842 2674 2014 2741 aliqua
2045 2688 2212 2727 mem-

643 2769 857 2822 brorum
890 2777 1036 2836 parte
1067 2774 1362 2819 truncatus.
1409 2764 1559 2830 Quod
1604 2764 1931 2818 orationibus
1976 2763 2210 2832 episcopi

641 2860 923 2928 contigisse
988 2867 1301 2911 cunctorum
1361 2856 1605 2911 sensibus
1658 2856 1858 2924 patuit;
1906 2865 1961 2909 ut
2015 2856 2207 2908 molem

642 2950 905 3018 propriam
960 2950 1108 3002 ruina
1157 2948 1472 3011 sustineret,
1506 2955 1560 3000 et
1607 2960 1638 2999 a
1680 2960 1806 2999 casu
1858 2961 1955 3000 suo
2006 2944 2210 3013 lapides

640 3039 1108 3111 suspenderentur.
1144 3036 1419 3107 Stupendo
1469 3048 1645 3091 tamen
1693 3034 2043 3091 ordinationis
2093 3035 2210 3100 ejus

639 3147 817 3197 cursu,
851 3146 1007 3199 supra
1031 3128 1159 3183 dicti
1182 3129 1362 3196 aperis
1395 3128 1773 3197 perfectionem
1805 3127 1956 3180 labor
1980 3126 2207 3195 acer-pit.

2318 1954 2579 2021 poposcit,
2604 1953 2853 2007 obtinuit.
2879 1951 2982 2005 Sed
3006 1953 3126 2021 quid
3153 1952 3346 2007 frustra
3362 1956 3531 2022 gestio
3557 1954 3885 2022 singulorum

2316 2045 2521 2111 species
2565 2044 2803 2098 laborum
2848 2046 2963 2113 ejus
3006 2045 3087 2098 vel
3130 2042 3326 2097 formas
3363 2044 3700 2111 eloqui,dum
3742 2047 3885 2113 quod

2317 2150 2420 2188 non
2463 2135 2695 2205 explicat
2740 2136 3081 2203 possibilitas,
3115 2134 3387 2203 praesumit
3424 2136 3663 2201 allectus,
3693 2136 3887 2205 datque

2317 2227 2598 2280 terminum
2660 2228 2845 2281 latiora
2898 2228 3237 2296 opinantibus
3284 2227 3547 2281 sermonis
3600 2228 3885 2296 angustia?

2316 2320 2549 2373 Fuerunt
2597 2329 2773 2374 tamen
2810 2322 2909 2373 ista
2955 2320 3301 2374 sacratissimi
3347 2321 3485 2373 vatis
3519 2320 3804 2382 desideria,
3831 2329 3885 2373 ut

2314 2425 2433 2462 cum
2477 2410 2887 2465 innumerabilia
2930 2411 3145 2477 faceret,
3177 2417 3384 2480 optaret
3413 2410 3479 2465 de
3508 2410 3748 2463 laudibus
3776 2412 3884 2463 suis

2313 2511 2397 2550 aut
2434 2500 2577 2553 nulla
2606 2510 2697 2553 aut
2728 2515 2891 2569 pauca
2931 2502 3234 2570 perstringi.
3282 2500 3430 2555 Unde
3469 2501 3513 2554 si
3555 2499 3677 2569 quid
3712 2505 3885 2555 minus

2316 2589 2489 2655 lingua
2532 2604 2734 2659 pauper
2772 2591 2978 2658 aperui,
3004 2590 3327 2655 audientium
3358 2601 3410 2645 et
3449 2591 3736 2660 legentium
3764 2606 3884 2646 seu-

2314 2681 2459 2734 sibus
2480 2681 2819 2751 derelinquo.

2386 2772 2510 2825 Post
2550 2774 2746 2827 multas
2786 2782 2963 2829 tamen
3004 2789 3134 2840 quas
3162 2774 3300 2844 apud
3332 2774 3663 2831 Odovacrem
3705 2791 3882 2846 regem

2316 2865 2606 2932 legationes
2654 2864 2908 2919 violentia
2958 2865 3358 2934 supplicationis
3404 2867 3615 2936 exegit,
3657 2866 3885 2934 disposi-

2315 2956 2460 3009 tione
2498 2954 2733 3008 caelestis
2780 2956 2985 3024 imperii
3018 2958 3081 3008 ad
3110 2956 3312 3009 italiam
3346 2958 3364 2986 ⁵
3392 2956 3749 3010 Theodericus
3790 2972 3885 3010 rex

2312 3061 2430 3100 cum
2457 3047 2715 3101 immensa
2745 3048 2956 3103 roboris
2983 3050 3062 3102 sui
3090 3050 3425 3105 multitudine
3455 3052 3793 3117 commeavit,
3818 3053 3886 3106 ad

2312 3153 2467 3208 quem
2508 3139 2593 3193 vir
2621 3138 3014 3209 integerrimus,
3047 3139 3172 3193 dum
3214 3139 3495 3194 Mediolani
3529 3140 3639 3208 jam
3684 3142 3886 3209 positus

655 3224 769 3276 lam
798 3230 1167 3276 consummato
1196 3221 1412 3288 majoris
1451 3220 1691 3273 ecclesiae
1716 3222 1739 3250 '
1770 3221 2208 3287 praeparationem

2313 3242 2475 3297 esset,
2506 3232 2759 3288 excurrit.
2793 3232 2959 3299 Quem
3002 3246 3120 3285 cum
3168 3233 3254 3286 ille
3298 3247 3480 3301 regum
3514 3233 3888 3301 prmstantissis

576 3302 579 3303 ν
640 3312 863 3376 prditus,
895 3310 1087 3378 raptim
1118 3308 1183 3361 ad
1217 3309 1417 3376 fastigia
1466 3309 1651 3374 prisca)
1684 3308 2063 3361 incolumitatis
2090 3321 2208 3362 sur-

638 3401 842 3455 rexisse
885 3399 1169 3466 conspexit
1212 3398 1427 3450 domum
1475 3397 1565 3450 Dei
1592 3437 1604 3460 ,
1656 3400 1745 3465 qui
1794 3399 2019 3452 necdum
2064 3412 2211 3453 com-

639 3498 850 3560 pererat
893 3490 1215 3544 inchoatam.
1265 3488 1467 3554 Quibus
1518 3498 1692 3542 tamen
1742 3490 1807 3543 ab
1851 3504 1917 3543 eo
1960 3490 2209 3545 celeriter

638 3583 861 3650 exactis,
889 3597 1010 3637 mox
1034 3596 1093 3636 se
1120 3581 1173 3635 in
1204 3581 1351 3634 illum
1377 3581 1587 3634 divinus
1617 3580 1765 3635 favor
1795 3581 2042 3635 ostendit.
2072 3581 2205 3637 Nam

636 3674 691 3728 in
720 3672 957 3741 ejusdem
999 3672 1123 3724 anni
1162 3671 1431 3725 curriculo
1472 3686 1676 3724 summa
1721 3672 2023 3725 daemonum
2055 3674 2205 3727 turba

637 3766 703 3820 de
730 3766 964 3819 obsessis
1002 3772 1282 3833 creperum
1324 3765 1556 3819 clamare
1586 3766 1918 3834 corporibus,
1946 3767 2121 3836 ﬂagris
2147 3783 2207 3824 se

638 3867 689 3911 et
713 3858 1034 3913 cruciatibus
1061 3856 1256 3920 nimiis,
1285 3865 1340 3911 ut
1376 3857 1636 3926 fugerent,
1669 3860 1945 3915 sacerdote
1968 3859 2205 3929 Epipha-

637 3948 729 4001 nio
760 3948 1051 4015 imperante
1080 3946 1351 4016 compelli.
1397 3948 1540 4012 Quos
1568 3949 1653 4002 ille
1694 3950 1897 4003 modica
1923 3965 2042 4004 cum
2081 3951 2206 4006 fletu

637 4038 877 4091 oratione
908 4036 1141 4107 profusa,
1168 4037 1237 4091 ad
1263 4037 1455 4091 extima
1489 4046 1748 4091 terrarum
1780 4039 2006 4093 confinia
2035 4049 2207 4095 trans-

637 4128 915 4190 mittebat,
947 4142 1008 4181 ac
1056 4127 1279 4182 diversis
1321 4128 1543 4181 vocibus
1584 4128 1843 4195 cjulantes
1892 4130 2204 4185 meritorum

636 4234 852 4274 suorum
884 4220 1105 4289 urgebat
1135 4220 1377 4289 imperio.
1422 4220 1526 4275 Sed
1568 4236 1688 4274 cum
1722 4219 1841 4275 talia
1874 4238 1970 4292 per
2011 4220 2205 4279 Christi

635 4314 856 4380 gratiam
874 4310 1073 4379 jngiter
1105 4313 1321 4372 faceret.
1349 4312 1477 4365 nihil
1502 4312 1599 4366 sibi
1633 4312 1701 4366 de
1733 4315 2204 4382 prtesumptionum

636 4402 846 4455 llatihus
879 4402 1199 4456 assumebat.
1244 4401 1407 4456 Tollit
1436 4402 1576 4457 enim
1622 4402 1725 4456 illis
1756 4398 2082 4461 boni'meriti
2112 4421 2206 4476 po-

637 4491 886 4555 tentiam,
936 4492 1128 4560 quibus
1195 4492 1537 4560 supercilium
1605 4493 1793 4548 fiducia
1863 4495 2202 4566 benignitatis

635 4584 890 4637 attulerit.

705 4745 719 4773 ¹
755 4740 988 4796 Adscitus
1026 4741 1077 4793 in
1116 4755 1330 4812 regnum
1368 4739 1659 4811 Odovacer]
1705 4741 1943 4812 Regnum
1974 4745 2067 4807 ait,
2099 4760 2203 4799 non

637 4812 912 4883 imperium
942 4831 955 4863 :
985 4812 1106 4879 quia
1144 4811 1393 4883 pdoacer
1439 4812 1610 4879 ejecto
1659 4818 1707 4865 in
1749 4814 1991 4867 exsilium
2031 4818 2199 4883 Augu-

637 4881 799 4951 stulo,
830 4880 1111 4949 deletoque
1142 4881 1497 4951 Romanorum
1548 4883 1792 4949 imperio,
1815 4884 1953 4951 regis
2001 4880 2202 4939 tantum

637 4949 753 5001 sine
798 4962 1025 5015 purpura
1070 4958 1125 5002 et
1168 4950 1477 5017 insignibus,
1510 4966 1612 5003 non
1643 4949 2083 5013 Augusti‘nomen
2114 4968 2203 5007 as-

636 5017 884 5085 sumpsit,
914 5031 1083 5085 eoque
1109 5029 1384 5072 contentus
1415 5020 1574 5073 Italiae
1606 5021 1808 5085 praefuit
1836 5036 2004 5074 annos
2038 5020 2204 5078 reme

641 5086 725 5158 14.
756 5084 921 5158 Vetus
943 5084 1262 5158 Qltronicum
1298 5091 1576 5143 consulare
1608 5084 1832 5142 levatum
1869 5106 2045 5158 regem
2081 5107 2204 5156 pro-

636 5156 711 5233 dt
744 5156 898 5275 xrcu‘l.
949 5156 1298 5223 Septembris,
1337 5168 1388 5212 et
1434 5161 1617 5228 quinto
1669 5170 1785 5227 post
1828 5156 2204 5216 die'Urestem

637 5238 774 5275 Itt‘et'
797 5238 857 5275 ec
886 5239 993 5275 um.

637 5238 993 5277 Ilt'el'IBClllln.

708 5295 727 5364 ξ
761 5291 965 5364 Schott.
998 5301 1051 5346 et
1075 5293 1236 5364 _Bo|l.,
1272 5298 1660 5364 rrparaliouem.

708 5362 727 5391 ³
762 5362 1111 5436 Quinquenuii
1129 5362 1461 5436 vacationem]
1488 5367 1748 5421 Bon-num
1776 5369 2069 5436 principum
2092 5385 2207 5424 mos

634 5441 734 5493 est,
764 5432 963 5485 attrttis
1013 5430 1151 5485 bello
1188 5432 1274 5486 vel
1315 5434 1414 5486 alia
1445 5430 1547 5487 'cal
1588 5430 2102 5493 unitate-'civitatilnts
2139 5455 2202 5494 ac

635 5502 1194 5575 provinciis,_onerum
1223 5504 1474 5575 fiscalium
1508 5509 1782 5560 Vacatinnc
1810 5519 1892 5559 aut
1926 5508 2201 5575 indulgeu-

636 5573 707 5621 tia
736 5571 1040 5625 subvenire.
1074 5571 1161 5625 Sic
1205 5572 1329 5625 olim
1362 5574 1741 5627 Constantinus
1773 5577 1959 5629 ιλΕιΙιιειε
2002 5571 2199 5634 civitati

636 5642 862 5711 graviter
892 5641 1098 5711 afflicta)
1129 5643 1470 5709 quinquennii
1496 5644 1703 5711 .relvqua
1740 5648 1956 5698 remisit.
2003 5648 2198 5699 Eume-

638 5721 757 5782 nius
782 5706 995 5762 rhetor":
1028 5706 1530 5782 Quiuqueumtorum
1560 5706 1700 5765 nobis
1728 5717 1917 5782 lolii/ua
1947 5718 2198 5768 remisisti.

638 5773 684 5827 υ
724 5776 935 5854 lustrum
978 5773 1207 5835 omnibus
1235 5781 1407 5836 (mltis
1457 5783 1691 5851 felicius!
1738 5785 1801 5837 lit
1832 5773 2201 5843 "l'hcodcricus

2234 4571 2286 4630 D

2312 3345 2429 3384 mus
2472 3329 2647 3384 cordis
2696 3330 2863 3407 oculis
2911 3330 3248 3395 inSpexisset,
3278 3337 3331 3382 et
3375 3328 3528 3381 solita
3571 3329 3753 3396 judicii
3799 3329 3882 3382 sui

2310 3406 2642 3475 Sacerdotem
2689 3431 2929 3475 nostrum
2978 3421 3108 3474 libra
3159 3427 3440 3488 pensaret,
3491 3420 3697 3474 invenit
3737 3422 3786 3474 in
3816 3435 3883 3475 eo

2312 3510 2517 3578 pondus
2549 3510 2783 3563 omnium
2827 3520 3076 3565 constare
3115 3511 3390 3577 virtutum,
3417 3511 3569 3578 cujus
3606 3510 3879 3580 integrita-

2308 3610 2415 3654 tem
2449 3600 2593 3655 velut
2634 3600 2907 3656 fabrilibus
2940 3604 3092 3657 lineis
3122 3605 3185 3657 ad
3224 3606 3655 3673 perpendiculum
3686 3609 3881 3664 mentis

2309 3705 2560 3745 emensus
2584 3700 2665 3745 est
2690 3709 2702 3742 :
2727 3690 2816 3759 qui
2839 3692 2926 3745 tuli
2950 3693 3086 3763 apud
3117 3708 3243 3748 suos
3272 3694 3337 3750 de
3367 3695 3454 3749 illo
3481 3711 3725 3751 sermone
3752 3712 3881 3752 usus

2308 3790 2419 3834 est:
2462 3800 2480 3833 ι
2520 3781 2659 3837 Ecce
2687 3783 2976 3849 hominem,
3005 3785 3089 3837 cui
3121 3794 3259 3839 totus
3285 3787 3472 3840 Oriens
3498 3786 3721 3839 similem
3769 3804 3875 3841 non

2310 3869 2469 3924 habet
2495 3888 2507 3922 :
2532 3886 2687 3939 quem
2719 3872 2935 3938 vidisse,
2969 3874 3242 3940 praemium
3289 3883 3401 3938 est;
3430 3890 3545 3929 cum
3580 3890 3684 3943 quo
3721 3874 3876 3929 habi-

2311 3972 2444 4025 tare,
2470 3963 2749 4017 securitas.
2796 3963 3112 4019 Fortissimo
3152 3979 3306 4019 muro
3353 3966 3648 4021 Ticinensis
3687 3967 3880 4023 civitas

2309 4046 2558 4105 incolumi
2590 4053 2691 4106 isto
2734 4053 2978 4120 vallatur,
3012 4069 3147 4123 quos
3191 4056 3589 4126 impugnantum
3632 4060 3773 4112 nulla
3802 4062 3881 4114 vis

2309 4142 2475 4209 possit
2532 4143 2790 4207 obru‘re,
2832 4160 2964 4212 quos
3023 4160 3354 4216 nequaquam
3417 4148 3651 4202 Balearis
3706 4149 3882 4206 fundze

2310 4235 2684 4289 transcendant
2704 4250 2980 4290 excursus.
3007 4237 3061 4291 Si
3092 4254 3192 4307 qua
3224 4239 3515 4295 necessitas
3544 4242 3688 4295 in'cr
3715 4242 3882 4296 undas

2307 4330 2657 4381 certaminum
2706 4331 3011 4399 accesserit,
3043 4340 3211 4384 tutum
3258 4340 3340 4387 est
3384 4334 3521 4400 apud
3574 4334 3729 4387 istum
3772 4349 3881 4387 ma-

2310 4427 2442 4470 trem
2477 4418 2701 4473 familias
2754 4420 3061 4487 deponere,
3112 4433 3163 4477 et
3216 4424 3515 4491 expeditum
3569 4425 3881 4479 excursibus

2312 4508 2539 4562 militare
2570 4508 2851 4563 bellorum.
2880 4528 2898 4561 ι

2382 4598 2587 4651 Interea
2628 4596 2931 4651 perduelles
2969 4600 3175 4653 animos
3215 4599 3438 4655 dedititii
3475 4603 3739 4656 exercitus
3771 4618 3881 4655 ntu-

2311 4750 2595 4823 provincize
2621 4750 2828 4823 Alpium
2851 4751 3164 4823 cottiarum,
3188 4755 3308 4821 quia
3336 4756 3600 4809 exercitus
3625 4771 3716 4823 per
3742 4758 3883 4809 illam

2313 4820 2618 4883 transierat,
2634 4822 2801 4874 tertiae
2816 4822 3115 4876 indictiouis
3135 4820 3330 4877 tributa
3351 4820 3881 4880 relaxaviIICassiotl.

2309 4890 2397 4959 lib,
2430 4905 2502 4957 tv,
2531 4892 2685 4959 epist.
2719 4891 2807 4945 56.

2380 4958 2401 4988 ⁴
2437 4958 2633 5033 Pelagii
2654 4962 2738 5028 qui
2762 4971 2999 5033 prdatorio
3024 4963 3307 5033 prmfectus]
3346 4964 3717 5019 Prmfectorum
3744 4968 3883 5018 cnim

2311 5032 2686 5110 prartoriierat
2716 5032 3181 5110 tributa_exigere,
3216 5038 3330 5110 τοὺς
3369 5039 3677 5110 Δδιττσινττκχοῷ
3703 5038 3883 5110 φόρους

2310 5098 2393 5172 Qte
2416 5109 2514 5172 τῶν
2541 5098 2952 5172 ύηηρετουμένωῦ
2992 5098 3167 5162 αὖτοῖς
3196 5106 3537 5172 εἰσπράττειν,
3572 5098 3624 5158 ἱῐι
3658 5098 3885 5172 loquitur

2313 5168 2557 5241 _Zn_simus
2598 5168 2692 5241 ιώ.
2725 5168 2801 5222 tv.
2824 5170 3088 5241 Garterum
3122 5168 3333 5239 Pelagio
3360 5176 3481 5228 huic
3507 5186 3662 5227 artate
3690 5168 3884 5241 suppar

2314 5238 2558 5310 Pelagius
2583 5240 3017 5310 altcr_palricius,
3044 5242 3125 5293 vir
3148 5238 3391 5298 eximius.
3418 5254 3471 5297 et
3498 5246 3700 5310 poetica
3736 5238 3883 5299 laude

2313 5308 2511 5371 clarus,
2544 5322 2699 5375 quem
2728 5308 2873 5361 Zeno
2902 5310 3169 5375 Augustus
3195 5328 3335 5364 anno
3362 5314 3466 5368 490
3497 5308 3721 5367 necavit.
3751 5315 3883 5367 Mar-

2311 5378 2792 5448 collinuscomes,
2826 5378 3063 5448 Longino
3118 5396 3150 5433 ll
3199 5391 3252 5434 et
3298 5382 3491 5435 Fausto
3538 5399 3709 5443 coss.,
3745 5383 3885 5438 Zeno

2309 5447 2433 5584 ;"mp.
2462 5444 2663 5528 Pelagii
2692 5450 2863 5528 gulam
2896 5444 2964 5501 ἔπ’
2984 5450 3153 5502 imula
3181 5467 3294 5515 (μίαν
3328 5451 3642 5505 Pauor-mum
3671 5456 3882 5520 dicitur,

2334 5531 2477 5584 raugt
2509 5529 2755 5584 pt'wupu.

2334 5531 2493 5587 raugt
2509 5532 2629 5581 plth
2643 5529 2755 5587 τριι.

2380 5586 2399 5614 ⁵
2431 5585 2769 5638 Theodericus
2801 5585 2912 5653 rex]
2946 5589 3097 5642 Anno
3126 5589 3227 5643 489
3257 5588 3627 5653 Cassiodorus,
3663 5593 3885 5645 Probino

2308 5666 2352 5706 ct
2396 5654 2609 5730 [Eusebio
2656 5672 2798 5730 coss.
2831 5658 3151 5730 felicissimus
3189 5670 3337 5728 atque
3371 5665 3672 5730 fortissimus
3708 5667 3770 5714 ι).
3812 5665 3882 5716 Ν.

2310 5742 2394 5777 rex
2418 5725 2754 5778 Theodericus
2785 5727 2986 5779 intrarit
3014 5726 3238 5782 Italiam.
