  <div class='ocr_page' id='page_1' title='image "/cluster/home/n/w/nwhite01/storage/ocr_20150623/63/hvd.32044073498792/118.png"; bbox 0 0 4192 6260; ppageno 0'>
   <div class='ocr_carea' id='block_1_1' title="bbox 236 250 1800 339">
    <p class='ocr_par' dir='ltr' id='par_1_1' title="bbox 236 250 1780 338">
     <span class='ocr_line' id='line_1_1' title="bbox 236 250 1780 338; baseline 0.006 -12"><span class='ocrx_word' id='word_1_1' title='bbox 236 298 241 325; x_wconf 71' lang='grc' dir='ltr'><em>ς</em></span> <span class='ocrx_word' id='word_1_2' title='bbox 276 296 315 327; x_wconf 65' lang='grc' dir='ltr'>ι</span> <span class='ocrx_word' id='word_1_3' title='bbox 1158 282 1310 337; x_wconf 82' lang='lat' dir='ltr'><strong>vtTA</strong></span> <span class='ocrx_word' id='word_1_4' title='bbox 1348 283 1406 335; x_wconf 78' lang='grc' dir='ltr'><strong>Β.</strong></span> <span class='ocrx_word' id='word_1_5' title='bbox 1451 250 1780 338; x_wconf 63' lang='grc' dir='ltr'><strong>Εριρίιωτι</strong></span> 
     </span>
    </p>
   </div>
   <div class='ocr_carea' id='block_1_2' title="bbox 1899 250 2549 339">
    <p class='ocr_par' dir='ltr' id='par_1_2' title="bbox 1900 280 2549 339">
     <span class='ocr_line' id='line_1_2' title="bbox 1900 280 2549 339; baseline 0.003 -4"><span class='ocrx_word' id='word_1_6' title='bbox 1900 281 2114 339; x_wconf 86' lang='lat' dir='ltr'><strong>lSCOPl</strong></span> <span class='ocrx_word' id='word_1_7' title='bbox 2153 280 2549 339; x_wconf 82' lang='lat' dir='ltr'><strong>TlClN-ENSIS.</strong></span> 
     </span>
    </p>
   </div>
   <div class='ocr_carea' id='block_1_3' title="bbox 3300 288 3489 344">
    <p class='ocr_par' dir='ltr' id='par_1_3' title="bbox 3300 288 3489 344">
     <span class='ocr_line' id='line_1_3' title="bbox 3300 288 3489 344; baseline 0.026 -5"><span class='ocrx_word' id='word_1_8' title='bbox 3300 300 3316 312; x_wconf 88' lang='grc'><strong>·</strong></span> <span class='ocrx_word' id='word_1_9' title='bbox 3384 288 3489 344; x_wconf 70' lang='grc'><strong>226</strong></span> 
     </span>
    </p>
   </div>
   <div class='ocr_carea' id='block_1_4' title="bbox 234 392 3485 461">
    <p class='ocr_par' dir='ltr' id='par_1_4' title="bbox 234 392 3485 461">
     <span class='ocr_line' id='line_1_4' title="bbox 234 392 3485 461; baseline -0.001 -7"><span class='ocrx_word' id='word_1_10' title='bbox 234 398 494 454; x_wconf 89' lang='lat' dir='ltr'><strong>tationum</strong></span> <span class='ocrx_word' id='word_1_11' title='bbox 525 392 995 448; x_wconf 90' lang='lat' dir='ltr'><strong>incenditambitio</strong></span> <span class='ocrx_word' id='word_1_12' title='bbox 1021 410 1032 444; x_wconf 93' lang='lat'>:</span> <span class='ocrx_word' id='word_1_13' title='bbox 1058 396 1281 461; x_wconf 89' lang='lat' dir='ltr'><strong>quorum</strong></span> <span class='ocrx_word' id='word_1_14' title='bbox 1310 402 1470 461; x_wconf 88' lang='lat' dir='ltr'><strong>caput</strong></span> <span class='ocrx_word' id='word_1_15' title='bbox 1499 396 1511 423; x_wconf 89' lang='grc'>¹</span> <span class='ocrx_word' id='word_1_16' title='bbox 1539 393 1668 446; x_wconf 87' lang='lat' dir='ltr'><strong>Tufa</strong></span> <span class='ocrx_word' id='word_1_17' title='bbox 1695 393 1809 456; x_wconf 89' lang='lat' dir='ltr'><strong>fuit,</strong></span> <span class='ocrx_word' id='word_1_18' title='bbox 1844 395 1889 452; x_wconf 83' lang='lat' dir='ltr'><strong>A</strong></span> <span class='ocrx_word' id='word_1_19' title='bbox 1918 393 2214 445; x_wconf 78' lang='lat' dir='ltr'><strong>enarranda</strong></span> <span class='ocrx_word' id='word_1_20' title='bbox 2266 394 2436 461; x_wconf 81' lang='lat' dir='ltr'><strong>lingua</strong></span> <span class='ocrx_word' id='word_1_21' title='bbox 2490 407 2593 445; x_wconf 90' lang='lat' dir='ltr'><strong>non</strong></span> <span class='ocrx_word' id='word_1_22' title='bbox 2644 392 2889 447; x_wconf 83' lang='lat' dir='ltr'><strong>sufficiet.</strong></span> <span class='ocrx_word' id='word_1_23' title='bbox 2944 393 3102 447; x_wconf 63' lang='lat' dir='ltr'><strong>iuvat</strong></span> <span class='ocrx_word' id='word_1_24' title='bbox 3147 396 3286 448; x_wconf 89' lang='lat' dir='ltr'><strong>enim</strong></span> <span class='ocrx_word' id='word_1_25' title='bbox 3342 408 3485 452; x_wconf 89' lang='lat' dir='ltr'><strong>certa</strong></span> 
     </span>
    </p>
   </div>
   <div class='ocr_carea' id='block_1_5' title="bbox 231 488 1803 558">
    <p class='ocr_par' dir='ltr' id='par_1_5' title="bbox 231 488 1803 558">
     <span class='ocr_line' id='line_1_5' title="bbox 231 488 1803 558; baseline -0.005 -12"><span class='ocrx_word' id='word_1_26' title='bbox 231 495 399 547; x_wconf 85' lang='lat' dir='ltr'><strong>homo</strong></span> <span class='ocrx_word' id='word_1_27' title='bbox 430 491 479 545; x_wconf 92' lang='lat' dir='ltr'><strong>in</strong></span> <span class='ocrx_word' id='word_1_28' title='bbox 515 489 850 558; x_wconf 79' lang='lat' dir='ltr'><strong>perfugarum</strong></span> <span class='ocrx_word' id='word_1_29' title='bbox 880 488 1098 541; x_wconf 80' lang='lat' dir='ltr'><strong>infamio</strong></span> <span class='ocrx_word' id='word_1_30' title='bbox 1128 489 1311 543; x_wconf 91' lang='lat' dir='ltr'><strong>notitia</strong></span> <span class='ocrx_word' id='word_1_31' title='bbox 1344 492 1506 543; x_wconf 89' lang='lat' dir='ltr'><strong>veteri</strong></span> <span class='ocrx_word' id='word_1_32' title='bbox 1542 488 1803 557; x_wconf 90' lang='lat' dir='ltr'><strong>pollutus:</strong></span> 
     </span>
    </p>
   </div>
   <div class='ocr_carea' id='block_1_6' title="bbox 229 578 1804 647">
    <p class='ocr_par' dir='ltr' id='par_1_6' title="bbox 229 578 1804 647">
     <span class='ocr_line' id='line_1_6' title="bbox 229 578 1804 647; baseline -0.003 -13"><span class='ocrx_word' id='word_1_33' title='bbox 229 582 325 647; x_wconf 93' lang='lat' dir='ltr'><strong>qui</strong></span> <span class='ocrx_word' id='word_1_34' title='bbox 370 581 619 646; x_wconf 90' lang='lat' dir='ltr'><strong>concepit</strong></span> <span class='ocrx_word' id='word_1_35' title='bbox 663 587 857 639; x_wconf 90' lang='lat' dir='ltr'><strong>mente,</strong></span> <span class='ocrx_word' id='word_1_36' title='bbox 889 586 946 631; x_wconf 89' lang='lat' dir='ltr'><strong>ut</strong></span> <span class='ocrx_word' id='word_1_37' title='bbox 982 593 1043 632; x_wconf 89' lang='lat' dir='ltr'><strong>se</strong></span> <span class='ocrx_word' id='word_1_38' title='bbox 1081 578 1376 646; x_wconf 79' lang='lat' dir='ltr'><strong>desperatis</strong></span> <span class='ocrx_word' id='word_1_39' title='bbox 1416 579 1651 645; x_wconf 87' lang='lat' dir='ltr'><strong>partibus</strong></span> <span class='ocrx_word' id='word_1_40' title='bbox 1687 593 1804 631; x_wconf 85' lang='lat' dir='ltr'><strong>cum</strong></span> 
     </span>
    </p>
   </div>
   <div class='ocr_carea' id='block_1_7' title="bbox 228 667 1807 737">
    <p class='ocr_par' dir='ltr' id='par_1_7' title="bbox 228 667 1807 737">
     <span class='ocr_line' id='line_1_7' title="bbox 228 667 1807 737; baseline -0.003 -13"><span class='ocrx_word' id='word_1_41' title='bbox 228 672 431 737; x_wconf 79' lang='lat' dir='ltr'><strong>ingenti</strong></span> <span class='ocrx_word' id='word_1_42' title='bbox 460 668 794 723; x_wconf 82' lang='lat' dir='ltr'><strong>multitudine</strong></span> <span class='ocrx_word' id='word_1_43' title='bbox 821 668 1068 721; x_wconf 85' lang='lat' dir='ltr'><strong>redderet</strong></span> <span class='ocrx_word' id='word_1_44' title='bbox 1092 683 1105 719; x_wconf 93' lang='lat'><strong>:</strong></span> <span class='ocrx_word' id='word_1_45' title='bbox 1129 667 1268 734; x_wconf 89' lang='lat' dir='ltr'><strong>quod</strong></span> <span class='ocrx_word' id='word_1_46' title='bbox 1300 667 1424 720; x_wconf 86' lang='lat' dir='ltr'><strong>dum</strong></span> <span class='ocrx_word' id='word_1_47' title='bbox 1447 668 1807 721; x_wconf 85' lang='lat' dir='ltr'><strong>Theodericus</strong></span> 
     </span>
    </p>
   </div>
   <div class='ocr_carea' id='block_1_8' title="bbox 227 757 1808 827">
    <p class='ocr_par' dir='ltr' id='par_1_8' title="bbox 227 757 1808 827">
     <span class='ocr_line' id='line_1_8' title="bbox 227 757 1808 827; baseline -0.003 -13"><span class='ocrx_word' id='word_1_48' title='bbox 227 777 326 814; x_wconf 79' lang='lat' dir='ltr'><strong>rex</strong></span> <span class='ocrx_word' id='word_1_49' title='bbox 385 760 661 827; x_wconf 80' lang='lat' dir='ltr'><strong>principali</strong></span> <span class='ocrx_word' id='word_1_50' title='bbox 724 758 1081 812; x_wconf 87' lang='lat' dir='ltr'><strong>sollicitudine</strong></span> <span class='ocrx_word' id='word_1_51' title='bbox 1142 758 1502 824; x_wconf 77' lang='lat' dir='ltr'><strong>cognovisset,</strong></span> <span class='ocrx_word' id='word_1_52' title='bbox 1554 757 1808 810; x_wconf 89' lang='lat' dir='ltr'><strong>continuo</strong></span> 
     </span>
    </p>
   </div>
   <div class='ocr_carea' id='block_1_9' title="bbox 224 847 1806 916">
    <p class='ocr_par' dir='ltr' id='par_1_9' title="bbox 224 847 1806 916">
     <span class='ocr_line' id='line_1_9' title="bbox 224 847 1806 916; baseline 0.001 -17"><span class='ocrx_word' id='word_1_53' title='bbox 224 865 445 903; x_wconf 87' lang='lat' dir='ltr'><strong>omnem</strong></span> <span class='ocrx_word' id='word_1_54' title='bbox 479 849 619 902; x_wconf 85' lang='lat' dir='ltr'><strong>illam</strong></span> <span class='ocrx_word' id='word_1_55' title='bbox 648 863 806 916; x_wconf 87' lang='lat' dir='ltr'><strong>quam</strong></span> <span class='ocrx_word' id='word_1_56' title='bbox 850 857 989 901; x_wconf 93' lang='lat' dir='ltr'><strong>totus</strong></span> <span class='ocrx_word' id='word_1_57' title='bbox 1017 847 1213 902; x_wconf 81' lang='lat' dir='ltr'><strong>Oriens</strong></span> <span class='ocrx_word' id='word_1_58' title='bbox 1252 848 1337 901; x_wconf 79' lang='lat' dir='ltr'><strong>vix</strong></span> <span class='ocrx_word' id='word_1_59' title='bbox 1378 847 1647 915; x_wconf 91' lang='lat' dir='ltr'><strong>sustinuit,</strong></span> <span class='ocrx_word' id='word_1_60' title='bbox 1679 861 1806 901; x_wconf 90' lang='lat' dir='ltr'><strong>con-</strong></span> 
     </span>
    </p>
   </div>
   <div class='ocr_carea' id='block_1_10' title="bbox 226 928 1805 1006">
    <p class='ocr_par' dir='ltr' id='par_1_10' title="bbox 226 928 1805 1006">
     <span class='ocr_line' id='line_1_10' title="bbox 226 928 1805 1006; baseline -0.001 -15"><span class='ocrx_word' id='word_1_61' title='bbox 226 940 393 992; x_wconf 75' lang='lat' dir='ltr'><strong>traxit</strong></span> <span class='ocrx_word' id='word_1_62' title='bbox 440 954 687 1001; x_wconf 89' lang='lat' dir='ltr'><strong>manum,</strong></span> <span class='ocrx_word' id='word_1_63' title='bbox 718 948 875 1005; x_wconf 84' lang='lat' dir='ltr'><strong>atque</strong></span> <span class='ocrx_word' id='word_1_64' title='bbox 922 937 987 991; x_wconf 90' lang='lat' dir='ltr'><strong>ad</strong></span> <span class='ocrx_word' id='word_1_65' title='bbox 1037 936 1330 993; x_wconf 89' lang='lat' dir='ltr'><strong>Ticinensis</strong></span> <span class='ocrx_word' id='word_1_66' title='bbox 1373 928 1597 993; x_wconf 83' lang='lat' dir='ltr'><strong>civitatis</strong></span> <span class='ocrx_word' id='word_1_67' title='bbox 1642 953 1805 1006; x_wconf 83' lang='lat' dir='ltr'><strong>angu-</strong></span> 
     </span>
    </p>
   </div>
   <div class='ocr_carea' id='block_1_11' title="bbox 225 1026 1803 1082">
    <p class='ocr_par' dir='ltr' id='par_1_11' title="bbox 225 1026 1803 1082">
     <span class='ocr_line' id='line_1_11' title="bbox 225 1026 1803 1082; baseline 0.002 -4"><span class='ocrx_word' id='word_1_68' title='bbox 225 1028 387 1080; x_wconf 74' lang='lat' dir='ltr'><strong>stiam</strong></span> <span class='ocrx_word' id='word_1_69' title='bbox 433 1028 678 1082; x_wconf 85' lang='lat' dir='ltr'><strong>contulit.</strong></span> <span class='ocrx_word' id='word_1_70' title='bbox 719 1026 937 1080; x_wconf 80' lang='lat' dir='ltr'><strong>Videres</strong></span> <span class='ocrx_word' id='word_1_71' title='bbox 986 1026 1170 1080; x_wconf 81' lang='lat' dir='ltr'><strong>urbem</strong></span> <span class='ocrx_word' id='word_1_72' title='bbox 1213 1027 1527 1082; x_wconf 81' lang='lat' dir='ltr'><strong>familiarum</strong></span> <span class='ocrx_word' id='word_1_73' title='bbox 1572 1029 1803 1082; x_wconf 70' lang='lat' dir='ltr'><strong>coetibus</strong></span> 
     </span>
    </p>
   </div>
   <div class='ocr_carea' id='block_1_12' title="bbox 226 1104 1799 1184">
    <p class='ocr_par' dir='ltr' id='par_1_12' title="bbox 226 1104 1799 1184">
     <span class='ocr_line' id='line_1_12' title="bbox 226 1104 1799 1184; baseline -0.001 -16"><span class='ocrx_word' id='word_1_74' title='bbox 226 1126 524 1171; x_wconf 80' lang='lat' dir='ltr'><strong>scatentem</strong></span> <span class='ocrx_word' id='word_1_75' title='bbox 553 1135 565 1167; x_wconf 91' lang='lat'>:</span> <span class='ocrx_word' id='word_1_76' title='bbox 590 1104 1194 1169; x_wconf 83' lang='lat' dir='ltr'><strong>domorumimmanium</strong></span> <span class='ocrx_word' id='word_1_77' title='bbox 1219 1117 1445 1170; x_wconf 89' lang='lat' dir='ltr'><strong>culmina</strong></span> <span class='ocrx_word' id='word_1_78' title='bbox 1470 1119 1517 1168; x_wconf 93' lang='lat' dir='ltr'><strong>in</strong></span> <span class='ocrx_word' id='word_1_79' title='bbox 1544 1119 1799 1184; x_wconf 78' lang='lat' dir='ltr'><strong>augustis—</strong></span> 
     </span>
    </p>
   </div>
   <div class='ocr_carea' id='block_1_13' title="bbox 228 1206 1801 1272">
    <p class='ocr_par' dir='ltr' id='par_1_13' title="bbox 228 1206 1801 1272">
     <span class='ocr_line' id='line_1_13' title="bbox 228 1206 1801 1272; baseline 0 -13"><span class='ocrx_word' id='word_1_80' title='bbox 228 1207 378 1259; x_wconf 89' lang='lat' dir='ltr'><strong>simis</strong></span> <span class='ocrx_word' id='word_1_81' title='bbox 443 1215 681 1259; x_wconf 88' lang='lat' dir='ltr'><strong>resecata</strong></span> <span class='ocrx_word' id='word_1_82' title='bbox 726 1207 965 1272; x_wconf 83' lang='lat' dir='ltr'><strong>tuguriis</strong></span> <span class='ocrx_word' id='word_1_83' title='bbox 1006 1222 1020 1260; x_wconf 91' lang='lat'>:</span> <span class='ocrx_word' id='word_1_84' title='bbox 1063 1221 1308 1259; x_wconf 88' lang='lat' dir='ltr'><strong>cerneres</strong></span> <span class='ocrx_word' id='word_1_85' title='bbox 1363 1222 1389 1259; x_wconf 85' lang='lat' dir='ltr'><strong>a</strong></span> <span class='ocrx_word' id='word_1_86' title='bbox 1446 1206 1801 1259; x_wconf 86' lang='lat' dir='ltr'><strong>fundamentis</strong></span> 
     </span>
    </p>
   </div>
   <div class='ocr_carea' id='block_1_14' title="bbox 229 1293 1799 1363">
    <p class='ocr_par' dir='ltr' id='par_1_14' title="bbox 229 1293 1799 1363">
     <span class='ocr_line' id='line_1_14' title="bbox 229 1293 1799 1363; baseline 0.001 -15"><span class='ocrx_word' id='word_1_87' title='bbox 229 1293 451 1348; x_wconf 60' lang='lat' dir='ltr'><strong>aedificia</strong></span> <span class='ocrx_word' id='word_1_88' title='bbox 492 1296 747 1348; x_wconf 86' lang='lat' dir='ltr'><strong>immensa</strong></span> <span class='ocrx_word' id='word_1_89' title='bbox 788 1296 1041 1362; x_wconf 86' lang='lat' dir='ltr'><strong>migrare;</strong></span> <span class='ocrx_word' id='word_1_90' title='bbox 1076 1310 1172 1349; x_wconf 89' lang='lat' dir='ltr'><strong>nec</strong></span> <span class='ocrx_word' id='word_1_91' title='bbox 1200 1296 1265 1348; x_wconf 88' lang='lat' dir='ltr'><strong>ad</strong></span> <span class='ocrx_word' id='word_1_92' title='bbox 1299 1296 1651 1363; x_wconf 81' lang='lat' dir='ltr'><strong>recipiendam</strong></span> <span class='ocrx_word' id='word_1_93' title='bbox 1703 1297 1799 1350; x_wconf 88' lang='lat' dir='ltr'><strong>ba-</strong></span> 
     </span>
    </p>
   </div>
   <div class='ocr_carea' id='block_1_15' title="bbox 232 1384 1801 1454">
    <p class='ocr_par' dir='ltr' id='par_1_15' title="bbox 232 1384 1801 1454">
     <span class='ocr_line' id='line_1_15' title="bbox 232 1384 1801 1454; baseline 0.001 -18"><span class='ocrx_word' id='word_1_94' title='bbox 232 1384 509 1439; x_wconf 88' lang='lat' dir='ltr'><strong>bitantium</strong></span> <span class='ocrx_word' id='word_1_95' title='bbox 578 1384 896 1438; x_wconf 77' lang='lat' dir='ltr'><strong>densitatem</strong></span> <span class='ocrx_word' id='word_1_96' title='bbox 963 1387 1135 1438; x_wconf 85' lang='lat' dir='ltr'><strong>solum</strong></span> <span class='ocrx_word' id='word_1_97' title='bbox 1195 1385 1365 1453; x_wconf 88' lang='lat' dir='ltr'><strong>ipsum</strong></span> <span class='ocrx_word' id='word_1_98' title='bbox 1432 1400 1587 1454; x_wconf 73' lang='lat' dir='ltr'><strong>posse</strong></span> <span class='ocrx_word' id='word_1_99' title='bbox 1653 1385 1801 1440; x_wconf 44' lang='lat' dir='ltr'><strong>suffi;</strong></span> 
     </span>
    </p>
   </div>
   <div class='ocr_carea' id='block_1_16' title="bbox 231 1490 375 1529">
    <p class='ocr_par' dir='ltr' id='par_1_16' title="bbox 231 1490 375 1529">
     <span class='ocr_line' id='line_1_16' title="bbox 231 1490 375 1529; baseline -0.007 0"><span class='ocrx_word' id='word_1_100' title='bbox 231 1490 375 1529; x_wconf 86' lang='lat' dir='ltr'><strong>cere.</strong></span> 
     </span>
    </p>
   </div>
   <div class='ocr_carea' id='block_1_17' title="bbox 302 1566 1798 1638">
    <p class='ocr_par' dir='ltr' id='par_1_17' title="bbox 302 1566 1798 1638">
     <span class='ocr_line' id='line_1_17' title="bbox 302 1566 1798 1638; baseline 0.001 -18"><span class='ocrx_word' id='word_1_101' title='bbox 302 1567 446 1621; x_wconf 87' lang='lat' dir='ltr'><strong>inter</strong></span> <span class='ocrx_word' id='word_1_102' title='bbox 467 1566 577 1622; x_wconf 76' lang='lat' dir='ltr'><strong>lucc</strong></span> <span class='ocrx_word' id='word_1_103' title='bbox 605 1567 693 1621; x_wconf 89' lang='lat' dir='ltr'><strong>ille</strong></span> <span class='ocrx_word' id='word_1_104' title='bbox 725 1568 777 1621; x_wconf 94' lang='lat' dir='ltr'><strong>in</strong></span> <span class='ocrx_word' id='word_1_105' title='bbox 807 1567 957 1621; x_wconf 82' lang='lat' dir='ltr'><strong>benis</strong></span> <span class='ocrx_word' id='word_1_106' title='bbox 989 1567 1066 1621; x_wconf 81' lang='lat' dir='ltr'><strong>vir</strong></span> <span class='ocrx_word' id='word_1_107' title='bbox 1092 1568 1583 1637; x_wconf 83' lang='lat' dir='ltr'><strong>exercitatissimns,</strong></span> <span class='ocrx_word' id='word_1_108' title='bbox 1618 1572 1669 1622; x_wconf 91' lang='lat' dir='ltr'><strong>in</strong></span> <span class='ocrx_word' id='word_1_109' title='bbox 1692 1583 1798 1638; x_wconf 85' lang='lat' dir='ltr'><strong>quo</strong></span> 
     </span>
    </p>
   </div>
   <div class='ocr_carea' id='block_1_18' title="bbox 232 1656 1793 1726">
    <p class='ocr_par' dir='ltr' id='par_1_18' title="bbox 232 1656 1793 1726">
     <span class='ocr_line' id='line_1_18' title="bbox 232 1656 1793 1726; baseline 0.003 -17"><span class='ocrx_word' id='word_1_110' title='bbox 232 1656 525 1710; x_wconf 75' lang='lat' dir='ltr'><strong>animorum</strong></span> <span class='ocrx_word' id='word_1_111' title='bbox 581 1657 876 1726; x_wconf 87' lang='lat' dir='ltr'><strong>amplitudo</strong></span> <span class='ocrx_word' id='word_1_112' title='bbox 920 1660 1124 1712; x_wconf 90' lang='lat' dir='ltr'><strong>cunctis</strong></span> <span class='ocrx_word' id='word_1_113' title='bbox 1179 1659 1440 1726; x_wconf 82' lang='lat' dir='ltr'><strong>pandebat</strong></span> <span class='ocrx_word' id='word_1_114' title='bbox 1487 1673 1793 1725; x_wconf 88' lang='lat' dir='ltr'><strong>accessum,</strong></span> 
     </span>
    </p>
   </div>
   <div class='ocr_carea' id='block_1_19' title="bbox 1913 480 3489 552">
    <p class='ocr_par' dir='ltr' id='par_1_19' title="bbox 1913 480 3489 552">
     <span class='ocr_line' id='line_1_19' title="bbox 1913 480 3489 552; baseline 0.004 -19"><span class='ocrx_word' id='word_1_115' title='bbox 1913 497 2138 549; x_wconf 69' lang='lat' dir='ltr'><strong>qumque</strong></span> <span class='ocrx_word' id='word_1_116' title='bbox 2168 482 2476 550; x_wconf 88' lang='lat' dir='ltr'><strong>decerpere,</strong></span> <span class='ocrx_word' id='word_1_117' title='bbox 2513 482 2599 534; x_wconf 88' lang='lat' dir='ltr'><strong>ubi</strong></span> <span class='ocrx_word' id='word_1_118' title='bbox 2644 491 2768 534; x_wconf 88' lang='lat' dir='ltr'><strong>sunt</strong></span> <span class='ocrx_word' id='word_1_119' title='bbox 2812 484 2988 535; x_wconf 91' lang='lat' dir='ltr'><strong>omnia</strong></span> <span class='ocrx_word' id='word_1_120' title='bbox 3032 480 3337 537; x_wconf 86' lang='lat' dir='ltr'><strong>admiranda</strong></span> <span class='ocrx_word' id='word_1_121' title='bbox 3368 501 3489 552; x_wconf 68' lang='lat' dir='ltr'><strong>qua:</strong></span> 
     </span>
    </p>
   </div>
   <div class='ocr_carea' id='block_1_20' title="bbox 1911 569 3489 634">
    <p class='ocr_par' dir='ltr' id='par_1_20' title="bbox 1911 569 3489 634">
     <span class='ocr_line' id='line_1_20' title="bbox 1911 569 3489 634; baseline 0.001 -13"><span class='ocrx_word' id='word_1_122' title='bbox 1911 569 2134 622; x_wconf 84' lang='lat' dir='ltr'><strong>referas.</strong></span> <span class='ocrx_word' id='word_1_123' title='bbox 2180 569 2290 623; x_wconf 86' lang='lat' dir='ltr'><strong>Sub</strong></span> <span class='ocrx_word' id='word_1_124' title='bbox 2344 569 2434 622; x_wconf 89' lang='lat' dir='ltr'><strong>tali</strong></span> <span class='ocrx_word' id='word_1_125' title='bbox 2483 585 2642 623; x_wconf 89' lang='lat' dir='ltr'><strong>cruce</strong></span> <span class='ocrx_word' id='word_1_126' title='bbox 2689 570 2975 623; x_wconf 86' lang='lat' dir='ltr'><strong>triennium</strong></span> <span class='ocrx_word' id='word_1_127' title='bbox 3022 571 3204 634; x_wconf 80' lang='lat' dir='ltr'><strong>duxit,</strong></span> <span class='ocrx_word' id='word_1_128' title='bbox 3241 572 3338 625; x_wconf 92' lang='lat' dir='ltr'><strong>soli</strong></span> <span class='ocrx_word' id='word_1_129' title='bbox 3384 573 3489 624; x_wconf 80' lang='grc' dir='ltr'><strong>1)ι·ο</strong></span> 
     </span>
    </p>
   </div>
   <div class='ocr_carea' id='block_1_21' title="bbox 1910 656 3486 727">
    <p class='ocr_par' dir='ltr' id='par_1_21' title="bbox 1910 656 3486 727">
     <span class='ocr_line' id='line_1_21' title="bbox 1910 656 3486 727; baseline 0.003 -18"><span class='ocrx_word' id='word_1_130' title='bbox 1910 656 2156 709; x_wconf 71' lang='lat' dir='ltr'><strong>dolorum</strong></span> <span class='ocrx_word' id='word_1_131' title='bbox 2201 671 2419 710; x_wconf 87' lang='lat' dir='ltr'><strong>suorum</strong></span> <span class='ocrx_word' id='word_1_132' title='bbox 2470 667 2671 712; x_wconf 89' lang='lat' dir='ltr'><strong>secreta</strong></span> <span class='ocrx_word' id='word_1_133' title='bbox 2726 657 3092 721; x_wconf 89' lang='lat' dir='ltr'><strong>manifestans,</strong></span> <span class='ocrx_word' id='word_1_134' title='bbox 3121 676 3146 711; x_wconf 89' lang='lat' dir='ltr'><strong>a</strong></span> <span class='ocrx_word' id='word_1_135' title='bbox 3176 676 3279 727; x_wconf 89' lang='lat' dir='ltr'><strong>quo</strong></span> <span class='ocrx_word' id='word_1_136' title='bbox 3327 663 3486 714; x_wconf 88' lang='lat' dir='ltr'><strong>mini-</strong></span> 
     </span>
    </p>
   </div>
   <div class='ocr_carea' id='block_1_22' title="bbox 1904 745 3184 814">
    <p class='ocr_par' dir='ltr' id='par_1_22' title="bbox 1904 745 3184 814">
     <span class='ocr_line' id='line_1_22' title="bbox 1904 745 3184 814; baseline 0.002 -16"><span class='ocrx_word' id='word_1_137' title='bbox 1904 746 2064 798; x_wconf 76' lang='lat' dir='ltr'><strong>SIrari</strong></span> <span class='ocrx_word' id='word_1_138' title='bbox 2090 745 2607 799; x_wconf 65' lang='lat' dir='ltr'><strong>sib&#39;i&#39;clandesttnum</strong></span> <span class='ocrx_word' id='word_1_139' title='bbox 2636 747 2887 814; x_wconf 91' lang='lat' dir='ltr'><strong>poscebat</strong></span> <span class='ocrx_word' id='word_1_140' title='bbox 2910 748 3184 811; x_wconf 77' lang='lat' dir='ltr'><strong>auxilium.</strong></span> 
     </span>
    </p>
   </div>
   <div class='ocr_carea' id='block_1_23' title="bbox 1981 834 3491 905">
    <p class='ocr_par' dir='ltr' id='par_1_23' title="bbox 1981 834 3491 905">
     <span class='ocr_line' id='line_1_23' title="bbox 1981 834 3491 905; baseline 0.005 -19"><span class='ocrx_word' id='word_1_141' title='bbox 1981 834 2107 889; x_wconf 82' lang='lat' dir='ltr'><strong>Post</strong></span> <span class='ocrx_word' id='word_1_142' title='bbox 2157 836 2278 889; x_wconf 90' lang='lat' dir='ltr'><strong>hinc</strong></span> <span class='ocrx_word' id='word_1_143' title='bbox 2324 837 2580 905; x_wconf 87' lang='lat' dir='ltr'><strong>digressis</strong></span> <span class='ocrx_word' id='word_1_144' title='bbox 2622 836 2844 901; x_wconf 83' lang='lat' dir='ltr'><strong>Gothis,</strong></span> <span class='ocrx_word' id='word_1_145' title='bbox 2890 837 2910 867; x_wconf 86' lang='grc'>³</span> <span class='ocrx_word' id='word_1_146' title='bbox 2958 838 3140 890; x_wconf 75' lang='lat' dir='ltr'><strong>civitas</strong></span> <span class='ocrx_word' id='word_1_147' title='bbox 3189 836 3491 893; x_wconf 80' lang='lat' dir='ltr'><strong>Ticinensis</strong></span> 
     </span>
    </p>
   </div>
   <div class='ocr_carea' id='block_1_24' title="bbox 1905 923 3481 992">
    <p class='ocr_par' dir='ltr' id='par_1_24' title="bbox 1905 923 3481 992">
     <span class='ocr_line' id='line_1_24' title="bbox 1905 923 3481 992; baseline 0.005 -17"><span class='ocrx_word' id='word_1_148' title='bbox 1905 923 2073 992; x_wconf 77' lang='lat' dir='ltr'><strong>Rugis</strong></span> <span class='ocrx_word' id='word_1_149' title='bbox 2100 932 2183 978; x_wconf 90' lang='lat' dir='ltr'><strong>est</strong></span> <span class='ocrx_word' id='word_1_150' title='bbox 2214 925 2425 987; x_wconf 86' lang='lat' dir='ltr'><strong>tradita,</strong></span> <span class='ocrx_word' id='word_1_151' title='bbox 2456 924 2756 979; x_wconf 88' lang='lat' dir='ltr'><strong>hominibus</strong></span> <span class='ocrx_word' id='word_1_152' title='bbox 2802 926 2946 979; x_wconf 90' lang='lat' dir='ltr'><strong>omni</strong></span> <span class='ocrx_word' id='word_1_153' title='bbox 2984 927 3194 979; x_wconf 87' lang='lat' dir='ltr'><strong>feritate</strong></span> <span class='ocrx_word' id='word_1_154' title='bbox 3233 930 3481 982; x_wconf 84' lang='lat' dir='ltr'><strong>immatu-</strong></span> 
     </span>
    </p>
   </div>
   <div class='ocr_carea' id='block_1_25' title="bbox 1907 1015 3489 1086">
    <p class='ocr_par' dir='ltr' id='par_1_25' title="bbox 1907 1015 3489 1086">
     <span class='ocr_line' id='line_1_25' title="bbox 1907 1015 3489 1086; baseline 0.004 -19"><span class='ocrx_word' id='word_1_155' title='bbox 1907 1015 2007 1068; x_wconf 92' lang='lat' dir='ltr'><strong>bus</strong></span> <span class='ocrx_word' id='word_1_156' title='bbox 2036 1057 2048 1079; x_wconf 93' lang='lat'><strong>,</strong></span> <span class='ocrx_word' id='word_1_157' title='bbox 2075 1031 2209 1084; x_wconf 90' lang='lat' dir='ltr'><strong>quos</strong></span> <span class='ocrx_word' id='word_1_158' title='bbox 2251 1026 2406 1071; x_wconf 81' lang='lat' dir='ltr'><strong>atrox</strong></span> <span class='ocrx_word' id='word_1_159' title='bbox 2452 1028 2506 1071; x_wconf 90' lang='lat' dir='ltr'><strong>et</strong></span> <span class='ocrx_word' id='word_1_160' title='bbox 2545 1019 2735 1071; x_wconf 89' lang='lat' dir='ltr'><strong>acerba</strong></span> <span class='ocrx_word' id='word_1_161' title='bbox 2767 1017 2845 1069; x_wconf 89' lang='lat' dir='ltr'><strong>vis</strong></span> <span class='ocrx_word' id='word_1_162' title='bbox 2875 1016 3170 1069; x_wconf 89' lang='lat' dir='ltr'><strong>animorum</strong></span> <span class='ocrx_word' id='word_1_163' title='bbox 3204 1018 3267 1069; x_wconf 92' lang='lat' dir='ltr'><strong>ad</strong></span> <span class='ocrx_word' id='word_1_164' title='bbox 3312 1021 3489 1086; x_wconf 84' lang='lat' dir='ltr'><strong>quoti-</strong></span> 
     </span>
    </p>
   </div>
   <div class='ocr_carea' id='block_1_26' title="bbox 1904 1105 3488 1181">
    <p class='ocr_par' dir='ltr' id='par_1_26' title="bbox 1904 1105 3488 1181">
     <span class='ocr_line' id='line_1_26' title="bbox 1904 1105 3488 1181; baseline 0.003 -20"><span class='ocrx_word' id='word_1_165' title='bbox 1904 1107 2061 1161; x_wconf 86' lang='lat' dir='ltr'><strong>diana</strong></span> <span class='ocrx_word' id='word_1_166' title='bbox 2085 1108 2285 1162; x_wconf 88' lang='lat' dir='ltr'><strong>scelera</strong></span> <span class='ocrx_word' id='word_1_167' title='bbox 2314 1109 2633 1163; x_wconf 78' lang='lat' dir='ltr'><strong>sollicitabat</strong></span> <span class='ocrx_word' id='word_1_168' title='bbox 2661 1126 2673 1160; x_wconf 88' lang='lat'><strong>:</strong></span> <span class='ocrx_word' id='word_1_169' title='bbox 2699 1108 2839 1161; x_wconf 89' lang='lat' dir='ltr'><strong>diem</strong></span> <span class='ocrx_word' id='word_1_170' title='bbox 2874 1109 3125 1174; x_wconf 84' lang='lat' dir='ltr'><strong>putabant</strong></span> <span class='ocrx_word' id='word_1_171' title='bbox 3148 1105 3369 1177; x_wconf 81' lang='lat' dir='ltr'><strong>perisse,</strong></span> <span class='ocrx_word' id='word_1_172' title='bbox 3394 1114 3488 1181; x_wconf 83' lang='lat' dir='ltr'><strong>qui</strong></span> 
     </span>
    </p>
   </div>
   <div class='ocr_carea' id='block_1_27' title="bbox 1902 1194 3475 1267">
    <p class='ocr_par' dir='ltr' id='par_1_27' title="bbox 1902 1194 3475 1267">
     <span class='ocr_line' id='line_1_27' title="bbox 1902 1194 3475 1267; baseline 0.007 -22"><span class='ocrx_word' id='word_1_173' title='bbox 1902 1194 2023 1251; x_wconf 90' lang='lat' dir='ltr'><strong>illos</strong></span> <span class='ocrx_word' id='word_1_174' title='bbox 2050 1198 2163 1251; x_wconf 86' lang='lat' dir='ltr'><strong>sine</strong></span> <span class='ocrx_word' id='word_1_175' title='bbox 2196 1197 2429 1251; x_wconf 79' lang='lat' dir='ltr'><strong>facinore</strong></span> <span class='ocrx_word' id='word_1_176' title='bbox 2455 1214 2577 1252; x_wconf 88' lang='lat' dir='ltr'><strong>casu</strong></span> <span class='ocrx_word' id='word_1_177' title='bbox 2606 1200 2782 1267; x_wconf 86' lang='lat' dir='ltr'><strong>aliquo</strong></span> <span class='ocrx_word' id='word_1_178' title='bbox 2813 1198 3202 1252; x_wconf 70' lang='lat' dir='ltr'><strong>interveniente</strong></span> <span class='ocrx_word' id='word_1_179' title='bbox 3236 1200 3475 1267; x_wconf 79' lang='lat' dir='ltr'><strong>fugisset.</strong></span> 
     </span>
    </p>
   </div>
   <div class='ocr_carea' id='block_1_28' title="bbox 1902 1288 3478 1355">
    <p class='ocr_par' dir='ltr' id='par_1_28' title="bbox 1902 1288 3478 1355">
     <span class='ocr_line' id='line_1_28' title="bbox 1902 1288 3478 1355; baseline 0.004 -14"><span class='ocrx_word' id='word_1_180' title='bbox 1902 1288 2046 1355; x_wconf 84' lang='lat' dir='ltr'><strong>Quos</strong></span> <span class='ocrx_word' id='word_1_181' title='bbox 2074 1299 2246 1343; x_wconf 87' lang='lat' dir='ltr'><strong>tamen</strong></span> <span class='ocrx_word' id='word_1_182' title='bbox 2280 1291 2617 1344; x_wconf 79' lang='lat' dir='ltr'><strong>beatissimus</strong></span> <span class='ocrx_word' id='word_1_183' title='bbox 2656 1292 2880 1344; x_wconf 84' lang='lat' dir='ltr'><strong>antistes</strong></span> <span class='ocrx_word' id='word_1_184' title='bbox 2916 1306 3220 1345; x_wconf 87' lang='lat' dir='ltr'><strong>sermonum</strong></span> <span class='ocrx_word' id='word_1_185' title='bbox 3260 1310 3478 1347; x_wconf 89' lang='lat' dir='ltr'><strong>suorum</strong></span> 
     </span>
    </p>
   </div>
   <div class='ocr_carea' id='block_1_29' title="bbox 1904 1378 3483 1445">
    <p class='ocr_par' dir='ltr' id='par_1_29' title="bbox 1904 1378 3483 1445">
     <span class='ocr_line' id='line_1_29' title="bbox 1904 1378 3483 1445; baseline 0.004 -13"><span class='ocrx_word' id='word_1_186' title='bbox 1904 1378 2062 1432; x_wconf 84' lang='lat' dir='ltr'><strong>melle</strong></span> <span class='ocrx_word' id='word_1_187' title='bbox 2093 1379 2367 1445; x_wconf 87' lang='lat' dir='ltr'><strong>delinibat,</strong></span> <span class='ocrx_word' id='word_1_188' title='bbox 2395 1389 2450 1433; x_wconf 92' lang='lat' dir='ltr'><strong>ut</strong></span> <span class='ocrx_word' id='word_1_189' title='bbox 2475 1379 2634 1433; x_wconf 77' lang='lat' dir='ltr'><strong>effera</strong></span> <span class='ocrx_word' id='word_1_190' title='bbox 2677 1380 2836 1433; x_wconf 84' lang='lat' dir='ltr'><strong>corda</strong></span> <span class='ocrx_word' id='word_1_191' title='bbox 2869 1381 3172 1434; x_wconf 88' lang='lat' dir='ltr'><strong>auctoritati</strong></span> <span class='ocrx_word' id='word_1_192' title='bbox 3201 1381 3483 1438; x_wconf 85' lang='lat' dir='ltr'><strong>submitte-</strong></span> 
     </span>
    </p>
   </div>
   <div class='ocr_carea' id='block_1_30' title="bbox 1902 1475 3481 1547">
    <p class='ocr_par' dir='ltr' id='par_1_30' title="bbox 1902 1475 3481 1547">
     <span class='ocr_line' id='line_1_30' title="bbox 1902 1475 3481 1547; baseline 0.003 -19"><span class='ocrx_word' id='word_1_193' title='bbox 1902 1484 2021 1528; x_wconf 90' lang='lat' dir='ltr'><strong>rent</strong></span> <span class='ocrx_word' id='word_1_194' title='bbox 2052 1476 2366 1543; x_wconf 86' lang='lat' dir='ltr'><strong>sacerdotis,</strong></span> <span class='ocrx_word' id='word_1_195' title='bbox 2395 1485 2449 1529; x_wconf 91' lang='lat' dir='ltr'><strong>et</strong></span> <span class='ocrx_word' id='word_1_196' title='bbox 2477 1491 2656 1530; x_wconf 90' lang='lat' dir='ltr'><strong>amare</strong></span> <span class='ocrx_word' id='word_1_197' title='bbox 2685 1475 2954 1531; x_wconf 89' lang='lat' dir='ltr'><strong>discerent</strong></span> <span class='ocrx_word' id='word_1_198' title='bbox 3008 1495 3233 1545; x_wconf 89' lang='lat' dir='ltr'><strong>quorum</strong></span> <span class='ocrx_word' id='word_1_199' title='bbox 3262 1489 3481 1547; x_wconf 86' lang='lat' dir='ltr'><strong>pectora</strong></span> 
     </span>
    </p>
   </div>
   <div class='ocr_carea' id='block_1_31' title="bbox 1901 1561 3486 1636">
    <p class='ocr_par' dir='ltr' id='par_1_31' title="bbox 1901 1561 3486 1636">
     <span class='ocr_line' id='line_1_31' title="bbox 1901 1561 3486 1636; baseline 0.004 -17"><span class='ocrx_word' id='word_1_200' title='bbox 1901 1561 2039 1619; x_wconf 86' lang='lat' dir='ltr'><strong>odiis</strong></span> <span class='ocrx_word' id='word_1_201' title='bbox 2066 1582 2279 1635; x_wconf 80' lang='lat' dir='ltr'><strong>semper</strong></span> <span class='ocrx_word' id='word_1_202' title='bbox 2311 1568 2474 1621; x_wconf 87' lang='lat' dir='ltr'><strong>fuisse</strong></span> <span class='ocrx_word' id='word_1_203' title='bbox 2503 1568 2743 1621; x_wconf 82' lang='lat' dir='ltr'><strong>dedicata</strong></span> <span class='ocrx_word' id='word_1_204' title='bbox 2774 1568 3140 1636; x_wconf 80' lang='lat' dir='ltr'><strong>cognovimus.</strong></span> <span class='ocrx_word' id='word_1_205' title='bbox 3182 1566 3375 1623; x_wconf 77' lang='lat' dir='ltr'><strong>Mutata</strong></span> <span class='ocrx_word' id='word_1_206' title='bbox 3405 1580 3486 1625; x_wconf 88' lang='lat' dir='ltr'><strong>est</strong></span> 
     </span>
    </p>
   </div>
   <div class='ocr_carea' id='block_1_32' title="bbox 1902 1656 3483 1725">
    <p class='ocr_par' dir='ltr' id='par_1_32' title="bbox 1902 1656 3483 1725">
     <span class='ocr_line' id='line_1_32' title="bbox 1902 1656 3483 1725; baseline 0.004 -17"><span class='ocrx_word' id='word_1_207' title='bbox 1902 1670 1997 1723; x_wconf 86' lang='lat' dir='ltr'><strong>per</strong></span> <span class='ocrx_word' id='word_1_208' title='bbox 2028 1656 2277 1710; x_wconf 90' lang='lat' dir='ltr'><strong>meritum</strong></span> <span class='ocrx_word' id='word_1_209' title='bbox 2310 1658 2453 1711; x_wconf 91' lang='lat' dir='ltr'><strong>illius</strong></span> <span class='ocrx_word' id='word_1_210' title='bbox 2484 1660 2803 1725; x_wconf 82' lang='lat' dir='ltr'><strong>perversitas</strong></span> <span class='ocrx_word' id='word_1_211' title='bbox 2846 1660 3125 1725; x_wconf 84' lang='lat' dir='ltr'><strong>naturalis,</strong></span> <span class='ocrx_word' id='word_1_212' title='bbox 3161 1660 3286 1713; x_wconf 90' lang='lat' dir='ltr'><strong>dum</strong></span> <span class='ocrx_word' id='word_1_213' title='bbox 3327 1661 3483 1715; x_wconf 79' lang='lat' dir='ltr'><strong>inbo-</strong></span> 
     </span>
    </p>
   </div>
   <div class='ocr_carea' id='block_1_33' title="bbox 233 1745 3485 1819">
    <p class='ocr_par' dir='ltr' id='par_1_33' title="bbox 233 1745 3485 1819">
     <span class='ocr_line' id='line_1_33' title="bbox 233 1745 3485 1819; baseline 0.002 -22"><span class='ocrx_word' id='word_1_214' title='bbox 233 1756 585 1815; x_wconf 90' lang='lat' dir='ltr'><strong>opportunum</strong></span> <span class='ocrx_word' id='word_1_215' title='bbox 614 1747 717 1801; x_wconf 85' lang='lat' dir='ltr'><strong>sibi</strong></span> <span class='ocrx_word' id='word_1_216' title='bbox 748 1748 1036 1816; x_wconf 86' lang='lat' dir='ltr'><strong>conjiciens</strong></span> <span class='ocrx_word' id='word_1_217' title='bbox 1085 1758 1290 1818; x_wconf 83' lang='lat' dir='ltr'><strong>tempus</strong></span> <span class='ocrx_word' id='word_1_218' title='bbox 1333 1750 1543 1814; x_wconf 71' lang='lat' dir='ltr'><strong>offerri,</strong></span> <span class='ocrx_word' id='word_1_219' title='bbox 1576 1766 1680 1819; x_wconf 88' lang='lat' dir='ltr'><strong>quo</strong></span> <span class='ocrx_word' id='word_1_220' title='bbox 1705 1752 1799 1805; x_wconf 78' lang='lat' dir='ltr'><strong>be-</strong></span> <span class='ocrx_word' id='word_1_221' title='bbox 1830 1747 1878 1806; x_wconf 85' lang='grc' dir='ltr'><strong>Β</strong></span> <span class='ocrx_word' id='word_1_222' title='bbox 1906 1746 2050 1799; x_wconf 89' lang='lat' dir='ltr'><strong>noris</strong></span> <span class='ocrx_word' id='word_1_223' title='bbox 2078 1745 2341 1800; x_wconf 86' lang='lat' dir='ltr'><strong>mentibus</strong></span> <span class='ocrx_word' id='word_1_224' title='bbox 2379 1748 2524 1800; x_wconf 79' lang='lat' dir='ltr'><strong>radix</strong></span> <span class='ocrx_word' id='word_1_225' title='bbox 2557 1748 2849 1814; x_wconf 81' lang='lat' dir='ltr'><strong>peregrime</strong></span> <span class='ocrx_word' id='word_1_226' title='bbox 2877 1748 3012 1815; x_wconf 89' lang='lat' dir='ltr'><strong>apud</strong></span> <span class='ocrx_word' id='word_1_227' title='bbox 3043 1749 3164 1801; x_wconf 90' lang='lat' dir='ltr'><strong>illos</strong></span> <span class='ocrx_word' id='word_1_228' title='bbox 3192 1749 3485 1804; x_wconf 73' lang='lat' dir='ltr'><strong>affectionis</strong></span> 
     </span>
    </p>
   </div>
   <div class='ocr_carea' id='block_1_34' title="bbox 235 1836 1799 1909">
    <p class='ocr_par' dir='ltr' id='par_1_34' title="bbox 235 1836 1799 1909">
     <span class='ocr_line' id='line_1_34' title="bbox 235 1836 1799 1909; baseline 0.004 -20"><span class='ocrx_word' id='word_1_229' title='bbox 235 1836 499 1906; x_wconf 86' lang='lat' dir='ltr'><strong>nignitatis</strong></span> <span class='ocrx_word' id='word_1_230' title='bbox 534 1853 645 1891; x_wconf 71' lang='lat' dir='ltr'><strong>sua:</strong></span> <span class='ocrx_word' id='word_1_231' title='bbox 682 1839 839 1905; x_wconf 90' lang='lat' dir='ltr'><strong>pleno</strong></span> <span class='ocrx_word' id='word_1_232' title='bbox 878 1849 1059 1893; x_wconf 88' lang='lat' dir='ltr'><strong>austro</strong></span> <span class='ocrx_word' id='word_1_233' title='bbox 1089 1841 1205 1894; x_wconf 88' lang='lat' dir='ltr'><strong>vela</strong></span> <span class='ocrx_word' id='word_1_234' title='bbox 1253 1841 1474 1906; x_wconf 79' lang='lat' dir='ltr'><strong>laxaret,</strong></span> <span class='ocrx_word' id='word_1_235' title='bbox 1505 1853 1558 1896; x_wconf 91' lang='lat' dir='ltr'><strong>et</strong></span> <span class='ocrx_word' id='word_1_236' title='bbox 1593 1850 1799 1909; x_wconf 85' lang='lat' dir='ltr'><strong>pertum</strong></span> 
     </span>
    </p>
   </div>
   <div class='ocr_carea' id='block_1_35' title="bbox 233 1926 1799 2000">
    <p class='ocr_par' dir='ltr' id='par_1_35' title="bbox 233 1926 1799 2000">
     <span class='ocr_line' id='line_1_35' title="bbox 233 1926 1799 2000; baseline 0.006 -23"><span class='ocrx_word' id='word_1_237' title='bbox 233 1926 410 1994; x_wconf 61' lang='lat' dir='ltr'><strong>gloria:</strong></span> <span class='ocrx_word' id='word_1_238' title='bbox 461 1942 557 1995; x_wconf 87' lang='lat' dir='ltr'><strong>per</strong></span> <span class='ocrx_word' id='word_1_239' title='bbox 597 1928 864 1981; x_wconf 88' lang='lat' dir='ltr'><strong>variarum</strong></span> <span class='ocrx_word' id='word_1_240' title='bbox 916 1930 1153 1984; x_wconf 90' lang='lat' dir='ltr'><strong>notitiam</strong></span> <span class='ocrx_word' id='word_1_241' title='bbox 1212 1933 1444 2000; x_wconf 90' lang='lat' dir='ltr'><strong>gentium</strong></span> <span class='ocrx_word' id='word_1_242' title='bbox 1491 1942 1545 1986; x_wconf 92' lang='lat' dir='ltr'><strong>et</strong></span> <span class='ocrx_word' id='word_1_243' title='bbox 1589 1942 1799 1986; x_wconf 88' lang='lat' dir='ltr'><strong>actuum</strong></span> 
     </span>
    </p>
   </div>
   <div class='ocr_carea' id='block_1_36' title="bbox 233 2016 1801 2090">
    <p class='ocr_par' dir='ltr' id='par_1_36' title="bbox 233 2016 1801 2090">
     <span class='ocr_line' id='line_1_36' title="bbox 233 2016 1801 2090; baseline 0.003 -22"><span class='ocrx_word' id='word_1_244' title='bbox 233 2016 593 2070; x_wconf 89' lang='lat' dir='ltr'><strong>celebritatem</strong></span> <span class='ocrx_word' id='word_1_245' title='bbox 643 2018 871 2071; x_wconf 89' lang='lat' dir='ltr'><strong>secunda</strong></span> <span class='ocrx_word' id='word_1_246' title='bbox 924 2019 1259 2088; x_wconf 83' lang='lat' dir='ltr'><strong>navigatione</strong></span> <span class='ocrx_word' id='word_1_247' title='bbox 1307 2022 1628 2090; x_wconf 86' lang='lat' dir='ltr'><strong>pertingeret</strong></span> <span class='ocrx_word' id='word_1_248' title='bbox 1656 2039 1668 2074; x_wconf 93' lang='lat'><strong>:</strong></span> <span class='ocrx_word' id='word_1_249' title='bbox 1696 2020 1801 2088; x_wconf 88' lang='lat' dir='ltr'><strong>pri-</strong></span> 
     </span>
    </p>
   </div>
   <div class='ocr_carea' id='block_1_37' title="bbox 234 2106 1801 2174">
    <p class='ocr_par' dir='ltr' id='par_1_37' title="bbox 234 2106 1801 2174">
     <span class='ocr_line' id='line_1_37' title="bbox 234 2106 1801 2174; baseline 0.003 -17"><span class='ocrx_word' id='word_1_250' title='bbox 234 2119 381 2160; x_wconf 91' lang='lat' dir='ltr'><strong>more</strong></span> <span class='ocrx_word' id='word_1_251' title='bbox 412 2106 467 2159; x_wconf 88' lang='lat' dir='ltr'><strong>in</strong></span> <span class='ocrx_word' id='word_1_252' title='bbox 512 2106 655 2170; x_wconf 90' lang='lat' dir='ltr'><strong>loco,</strong></span> <span class='ocrx_word' id='word_1_253' title='bbox 676 2108 811 2174; x_wconf 87' lang='lat' dir='ltr'><strong>quod</strong></span> <span class='ocrx_word' id='word_1_254' title='bbox 856 2108 1010 2161; x_wconf 75' lang='lat' dir='ltr'><strong>nulla:</strong></span> <span class='ocrx_word' id='word_1_255' title='bbox 1048 2108 1247 2162; x_wconf 77' lang='lat' dir='ltr'><strong>charta:</strong></span> <span class='ocrx_word' id='word_1_256' title='bbox 1290 2118 1549 2173; x_wconf 86' lang='lat' dir='ltr'><strong>veterum,</strong></span> <span class='ocrx_word' id='word_1_257' title='bbox 1576 2110 1705 2162; x_wconf 90' lang='lat' dir='ltr'><strong>nulli</strong></span> <span class='ocrx_word' id='word_1_258' title='bbox 1739 2109 1801 2162; x_wconf 83' lang='lat' dir='ltr'><strong>li-</strong></span> 
     </span>
    </p>
   </div>
   <div class='ocr_carea' id='block_1_38' title="bbox 233 2195 1799 2270">
    <p class='ocr_par' dir='ltr' id='par_1_38' title="bbox 233 2195 1799 2270">
     <span class='ocr_line' id='line_1_38' title="bbox 233 2195 1799 2270; baseline 0.004 -21"><span class='ocrx_word' id='word_1_259' title='bbox 233 2195 451 2250; x_wconf 89' lang='lat' dir='ltr'><strong>brorum</strong></span> <span class='ocrx_word' id='word_1_260' title='bbox 484 2199 551 2253; x_wconf 92' lang='lat' dir='ltr'><strong>de</strong></span> <span class='ocrx_word' id='word_1_261' title='bbox 579 2214 888 2268; x_wconf 87' lang='lat' dir='ltr'><strong>quocunque</strong></span> <span class='ocrx_word' id='word_1_262' title='bbox 922 2201 1207 2270; x_wconf 79' lang='lat' dir='ltr'><strong>loquuntur</strong></span> <span class='ocrx_word' id='word_1_263' title='bbox 1235 2202 1451 2255; x_wconf 88' lang='lat' dir='ltr'><strong>annales</strong></span> <span class='ocrx_word' id='word_1_264' title='bbox 1470 2242 1483 2265; x_wconf 91' lang='lat'><strong>,</strong></span> <span class='ocrx_word' id='word_1_265' title='bbox 1515 2202 1653 2269; x_wconf 89' lang='lat' dir='ltr'><strong>quod</strong></span> <span class='ocrx_word' id='word_1_266' title='bbox 1681 2216 1799 2255; x_wconf 91' lang='lat' dir='ltr'><strong>cum</strong></span> 
     </span>
    </p>
   </div>
   <div class='ocr_carea' id='block_1_39' title="bbox 230 2291 1802 2359">
    <p class='ocr_par' dir='ltr' id='par_1_39' title="bbox 230 2291 1802 2359">
     <span class='ocr_line' id='line_1_39' title="bbox 230 2291 1802 2359; baseline 0.003 -16"><span class='ocrx_word' id='word_1_267' title='bbox 230 2298 449 2356; x_wconf 86' lang='lat' dir='ltr'><strong>stupore</strong></span> <span class='ocrx_word' id='word_1_268' title='bbox 481 2291 676 2344; x_wconf 86' lang='lat' dir='ltr'><strong>relator</strong></span> <span class='ocrx_word' id='word_1_269' title='bbox 702 2292 955 2359; x_wconf 85' lang='lat' dir='ltr'><strong>affirmet,</strong></span> <span class='ocrx_word' id='word_1_270' title='bbox 990 2294 1069 2347; x_wconf 87' lang='lat' dir='ltr'><strong>vel</strong></span> <span class='ocrx_word' id='word_1_271' title='bbox 1100 2310 1221 2347; x_wconf 92' lang='lat' dir='ltr'><strong>cum</strong></span> <span class='ocrx_word' id='word_1_272' title='bbox 1249 2294 1600 2347; x_wconf 87' lang='lat' dir='ltr'><strong>admiratione</strong></span> <span class='ocrx_word' id='word_1_273' title='bbox 1638 2295 1802 2348; x_wconf 90' lang='lat' dir='ltr'><strong>lector</strong></span> 
     </span>
    </p>
   </div>
   <div class='ocr_carea' id='block_1_40' title="bbox 228 2378 1797 2451">
    <p class='ocr_par' dir='ltr' id='par_1_40' title="bbox 228 2378 1797 2451">
     <span class='ocr_line' id='line_1_40' title="bbox 228 2378 1797 2451; baseline 0.004 -21"><span class='ocrx_word' id='word_1_274' title='bbox 228 2378 492 2442; x_wconf 89' lang='lat' dir='ltr'><strong>admittat,</strong></span> <span class='ocrx_word' id='word_1_275' title='bbox 520 2390 575 2433; x_wconf 90' lang='lat' dir='ltr'><strong>ut</strong></span> <span class='ocrx_word' id='word_1_276' title='bbox 597 2396 717 2436; x_wconf 92' lang='lat' dir='ltr'><strong>cum</strong></span> <span class='ocrx_word' id='word_1_277' title='bbox 744 2383 1083 2449; x_wconf 84' lang='lat' dir='ltr'><strong>sagacissima</strong></span> <span class='ocrx_word' id='word_1_278' title='bbox 1108 2383 1546 2451; x_wconf 64' lang='lat' dir='ltr'><strong>gentebabitans,</strong></span> <span class='ocrx_word' id='word_1_279' title='bbox 1566 2392 1619 2436; x_wconf 89' lang='lat' dir='ltr'><strong>et</strong></span> <span class='ocrx_word' id='word_1_280' title='bbox 1644 2398 1797 2450; x_wconf 91' lang='lat' dir='ltr'><strong>quam</strong></span> 
     </span>
    </p>
   </div>
   <div class='ocr_carea' id='block_1_41' title="bbox 229 2468 1795 2543">
    <p class='ocr_par' dir='ltr' id='par_1_41' title="bbox 229 2468 1795 2543">
     <span class='ocr_line' id='line_1_41' title="bbox 229 2468 1795 2543; baseline 0.006 -22"><span class='ocrx_word' id='word_1_281' title='bbox 229 2468 365 2521; x_wconf 85' lang='lat' dir='ltr'><strong>nulla</strong></span> <span class='ocrx_word' id='word_1_282' title='bbox 396 2471 760 2537; x_wconf 85' lang='lat' dir='ltr'><strong>suspicionum</strong></span> <span class='ocrx_word' id='word_1_283' title='bbox 786 2486 911 2525; x_wconf 85' lang='lat' dir='ltr'><strong>aura</strong></span> <span class='ocrx_word' id='word_1_284' title='bbox 941 2476 1299 2541; x_wconf 65' lang='lat' dir='ltr'><strong>praetervolat,</strong></span> <span class='ocrx_word' id='word_1_285' title='bbox 1331 2475 1381 2528; x_wconf 94' lang='lat' dir='ltr'><strong>in</strong></span> <span class='ocrx_word' id='word_1_286' title='bbox 1412 2476 1569 2530; x_wconf 87' lang='lat' dir='ltr'><strong>rebus</strong></span> <span class='ocrx_word' id='word_1_287' title='bbox 1600 2477 1795 2543; x_wconf 89' lang='lat' dir='ltr'><strong>dubiis,</strong></span> 
     </span>
    </p>
   </div>
   <div class='ocr_carea' id='block_1_42' title="bbox 228 2559 1800 2635">
    <p class='ocr_par' dir='ltr' id='par_1_42' title="bbox 228 2559 1800 2635">
     <span class='ocr_line' id='line_1_42' title="bbox 228 2559 1800 2635; baseline 0.006 -25"><span class='ocrx_word' id='word_1_288' title='bbox 228 2559 433 2626; x_wconf 86' lang='lat' dir='ltr'><strong>quando</strong></span> <span class='ocrx_word' id='word_1_289' title='bbox 458 2572 635 2615; x_wconf 88' lang='lat' dir='ltr'><strong>metus</strong></span> <span class='ocrx_word' id='word_1_290' title='bbox 681 2561 899 2629; x_wconf 85' lang='lat' dir='ltr'><strong>periculi</strong></span> <span class='ocrx_word' id='word_1_291' title='bbox 939 2564 1097 2616; x_wconf 88' lang='lat' dir='ltr'><strong>etiam</strong></span> <span class='ocrx_word' id='word_1_292' title='bbox 1131 2565 1276 2618; x_wconf 91' lang='lat' dir='ltr'><strong>mitia</strong></span> <span class='ocrx_word' id='word_1_293' title='bbox 1322 2574 1502 2619; x_wconf 88' lang='lat' dir='ltr'><strong>contra</strong></span> <span class='ocrx_word' id='word_1_294' title='bbox 1535 2568 1800 2635; x_wconf 89' lang='lat' dir='ltr'><strong>quoslibet</strong></span> 
     </span>
    </p>
   </div>
   <div class='ocr_carea' id='block_1_43' title="bbox 226 2650 1799 2719">
    <p class='ocr_par' dir='ltr' id='par_1_43' title="bbox 226 2650 1799 2719">
     <span class='ocr_line' id='line_1_43' title="bbox 226 2650 1799 2719; baseline 0.006 -17"><span class='ocrx_word' id='word_1_295' title='bbox 226 2650 379 2703; x_wconf 87' lang='lat' dir='ltr'><strong>corda</strong></span> <span class='ocrx_word' id='word_1_296' title='bbox 414 2652 683 2713; x_wconf 88' lang='lat' dir='ltr'><strong>sollicitat,</strong></span> <span class='ocrx_word' id='word_1_297' title='bbox 711 2653 789 2707; x_wconf 91' lang='lat' dir='ltr'><strong>sic</strong></span> <span class='ocrx_word' id='word_1_298' title='bbox 829 2653 928 2706; x_wconf 65' lang='lat' dir='ltr'><strong>illis</strong></span> <span class='ocrx_word' id='word_1_299' title='bbox 975 2655 1316 2709; x_wconf 84' lang='lat' dir='ltr'><strong>ﬁdelissimus</strong></span> <span class='ocrx_word' id='word_1_300' title='bbox 1357 2657 1576 2719; x_wconf 77' lang='lat' dir='ltr'><strong>exstitit,</strong></span> <span class='ocrx_word' id='word_1_301' title='bbox 1608 2669 1665 2711; x_wconf 92' lang='lat' dir='ltr'><strong>ut</strong></span> <span class='ocrx_word' id='word_1_302' title='bbox 1702 2659 1799 2712; x_wconf 91' lang='lat' dir='ltr'><strong>ini-</strong></span> 
     </span>
    </p>
   </div>
   <div class='ocr_carea' id='block_1_44' title="bbox 228 2739 1801 2811">
    <p class='ocr_par' dir='ltr' id='par_1_44' title="bbox 228 2739 1801 2811">
     <span class='ocr_line' id='line_1_44' title="bbox 228 2739 1801 2811; baseline 0.01 -21"><span class='ocrx_word' id='word_1_303' title='bbox 228 2739 395 2793; x_wconf 88' lang='lat' dir='ltr'><strong>mieos</strong></span> <span class='ocrx_word' id='word_1_304' title='bbox 424 2756 608 2795; x_wconf 89' lang='lat' dir='ltr'><strong>eorum</strong></span> <span class='ocrx_word' id='word_1_305' title='bbox 636 2752 743 2796; x_wconf 91' lang='lat' dir='ltr'><strong>toto</strong></span> <span class='ocrx_word' id='word_1_306' title='bbox 770 2744 1042 2798; x_wconf 76' lang='lat' dir='ltr'><strong>devinctos</strong></span> <span class='ocrx_word' id='word_1_307' title='bbox 1067 2754 1267 2799; x_wconf 89' lang='lat' dir='ltr'><strong>teneret</strong></span> <span class='ocrx_word' id='word_1_308' title='bbox 1297 2745 1508 2811; x_wconf 74' lang='lat' dir='ltr'><strong>affectu,</strong></span> <span class='ocrx_word' id='word_1_309' title='bbox 1530 2760 1581 2802; x_wconf 89' lang='lat' dir='ltr'><strong>et</strong></span> <span class='ocrx_word' id='word_1_310' title='bbox 1612 2752 1630 2779; x_wconf 86' lang='grc'>²</span> <span class='ocrx_word' id='word_1_311' title='bbox 1663 2751 1801 2805; x_wconf 90' lang='lat' dir='ltr'><strong>inter</strong></span> 
     </span>
    </p>
   </div>
   <div class='ocr_carea' id='block_1_45' title="bbox 230 2829 1799 2906">
    <p class='ocr_par' dir='ltr' id='par_1_45' title="bbox 230 2829 1799 2906">
     <span class='ocr_line' id='line_1_45' title="bbox 230 2829 1799 2906; baseline 0.008 -25"><span class='ocrx_word' id='word_1_312' title='bbox 230 2829 556 2885; x_wconf 87' lang='lat' dir='ltr'><strong>dissidentes</strong></span> <span class='ocrx_word' id='word_1_313' title='bbox 582 2834 840 2902; x_wconf 81' lang='lat' dir='ltr'><strong>principes</strong></span> <span class='ocrx_word' id='word_1_314' title='bbox 872 2836 1017 2889; x_wconf 91' lang='lat' dir='ltr'><strong>solus</strong></span> <span class='ocrx_word' id='word_1_315' title='bbox 1058 2846 1199 2891; x_wconf 87' lang='lat' dir='ltr'><strong>esset</strong></span> <span class='ocrx_word' id='word_1_316' title='bbox 1244 2838 1329 2905; x_wconf 91' lang='lat' dir='ltr'><strong>qui</strong></span> <span class='ocrx_word' id='word_1_317' title='bbox 1376 2854 1500 2906; x_wconf 91' lang='lat' dir='ltr'><strong>pace</strong></span> <span class='ocrx_word' id='word_1_318' title='bbox 1533 2840 1799 2894; x_wconf 81' lang='lat' dir='ltr'><strong>frueretur</strong></span> 
     </span>
    </p>
   </div>
   <div class='ocr_carea' id='block_1_46' title="bbox 228 2921 1794 2995">
    <p class='ocr_par' dir='ltr' id='par_1_46' title="bbox 228 2921 1794 2995">
     <span class='ocr_line' id='line_1_46' title="bbox 228 2921 1794 2995; baseline 0.006 -22"><span class='ocrx_word' id='word_1_319' title='bbox 228 2921 538 2975; x_wconf 87' lang='lat' dir='ltr'><strong>amborum.</strong></span> <span class='ocrx_word' id='word_1_320' title='bbox 570 2926 873 2991; x_wconf 83' lang='lat' dir='ltr'><strong>Applicabat</strong></span> <span class='ocrx_word' id='word_1_321' title='bbox 908 2926 1053 2983; x_wconf 80' lang='lat' dir='ltr'><strong>enim</strong></span> <span class='ocrx_word' id='word_1_322' title='bbox 1093 2927 1158 2979; x_wconf 91' lang='lat' dir='ltr'><strong>ad</strong></span> <span class='ocrx_word' id='word_1_323' title='bbox 1204 2928 1573 2995; x_wconf 89' lang='lat' dir='ltr'><strong>compendium</strong></span> <span class='ocrx_word' id='word_1_324' title='bbox 1620 2930 1794 2993; x_wconf 83' lang='lat' dir='ltr'><strong>u‘nius,</strong></span> 
     </span>
    </p>
   </div>
   <div class='ocr_carea' id='block_1_47' title="bbox 226 3010 1793 3088">
    <p class='ocr_par' dir='ltr' id='par_1_47' title="bbox 226 3010 1793 3088">
     <span class='ocr_line' id='line_1_47' title="bbox 226 3010 1793 3088; baseline 0.01 -29"><span class='ocrx_word' id='word_1_325' title='bbox 226 3010 484 3078; x_wconf 86' lang='lat' dir='ltr'><strong>quidquid</strong></span> <span class='ocrx_word' id='word_1_326' title='bbox 532 3016 877 3081; x_wconf 69' lang='lat' dir='ltr'><strong>praestabatur</strong></span> <span class='ocrx_word' id='word_1_327' title='bbox 915 3015 982 3068; x_wconf 86' lang='lat' dir='ltr'><strong>ab</strong></span> <span class='ocrx_word' id='word_1_328' title='bbox 1021 3020 1189 3070; x_wconf 88' lang='lat' dir='ltr'><strong>altero</strong></span> <span class='ocrx_word' id='word_1_329' title='bbox 1225 3027 1312 3070; x_wconf 83' lang='lat' dir='ltr'><strong>:et</strong></span> <span class='ocrx_word' id='word_1_330' title='bbox 1350 3021 1640 3073; x_wconf 80' lang='lat' dir='ltr'><strong>reverentia</strong></span> <span class='ocrx_word' id='word_1_331' title='bbox 1676 3037 1793 3088; x_wconf 90' lang='lat' dir='ltr'><strong>per-</strong></span> 
     </span>
    </p>
   </div>
   <div class='ocr_carea' id='block_1_48' title="bbox 1902 1834 3486 1905">
    <p class='ocr_par' dir='ltr' id='par_1_48' title="bbox 1902 1834 3486 1905">
     <span class='ocr_line' id='line_1_48' title="bbox 1902 1834 3486 1905; baseline 0.004 -17"><span class='ocrx_word' id='word_1_332' title='bbox 1902 1834 2175 1890; x_wconf 85' lang='lat' dir='ltr'><strong>inseritur.</strong></span> <span class='ocrx_word' id='word_1_333' title='bbox 2207 1838 2335 1902; x_wconf 88' lang='lat' dir='ltr'><strong>Quis</strong></span> <span class='ocrx_word' id='word_1_334' title='bbox 2374 1838 2490 1891; x_wconf 89' lang='lat' dir='ltr'><strong>sine</strong></span> <span class='ocrx_word' id='word_1_335' title='bbox 2532 1834 2716 1905; x_wconf 86' lang='lat' dir='ltr'><strong>grandi</strong></span> <span class='ocrx_word' id='word_1_336' title='bbox 2757 1848 2973 1905; x_wconf 88' lang='lat' dir='ltr'><strong>stupore</strong></span> <span class='ocrx_word' id='word_1_337' title='bbox 3020 1839 3205 1892; x_wconf 88' lang='lat' dir='ltr'><strong>credat</strong></span> <span class='ocrx_word' id='word_1_338' title='bbox 3236 1841 3486 1895; x_wconf 78' lang='lat' dir='ltr'><strong>dilexisse</strong></span> 
     </span>
    </p>
   </div>
   <div class='ocr_carea' id='block_1_49' title="bbox 1903 1925 3485 2001">
    <p class='ocr_par' dir='ltr' id='par_1_49' title="bbox 1903 1925 3485 2001">
     <span class='ocr_line' id='line_1_49' title="bbox 1903 1925 3485 2001; baseline 0.001 -22"><span class='ocrx_word' id='word_1_339' title='bbox 1903 1934 1957 1979; x_wconf 90' lang='lat' dir='ltr'><strong>et</strong></span> <span class='ocrx_word' id='word_1_340' title='bbox 1992 1925 2233 1979; x_wconf 88' lang='lat' dir='ltr'><strong>timuisse</strong></span> <span class='ocrx_word' id='word_1_341' title='bbox 2272 1925 2450 1995; x_wconf 83' lang='lat' dir='ltr'><strong>Rugos</strong></span> <span class='ocrx_word' id='word_1_342' title='bbox 2478 1925 2809 1993; x_wconf 84' lang='lat' dir='ltr'><strong>episcopum,</strong></span> <span class='ocrx_word' id='word_1_343' title='bbox 2840 1934 2894 1979; x_wconf 81' lang='lat' dir='ltr'><strong>et.</strong></span> <span class='ocrx_word' id='word_1_344' title='bbox 2936 1927 3252 1979; x_wconf 85' lang='lat' dir='ltr'><strong>catholicum</strong></span> <span class='ocrx_word' id='word_1_345' title='bbox 3282 1937 3335 1981; x_wconf 91' lang='lat' dir='ltr'><strong>et</strong></span> <span class='ocrx_word' id='word_1_346' title='bbox 3383 1929 3485 2001; x_wconf 36' lang='lat' dir='ltr'><strong>llos</strong></span> 
     </span>
    </p>
   </div>
   <div class='ocr_carea' id='block_1_50' title="bbox 1903 2017 3482 2086">
    <p class='ocr_par' dir='ltr' id='par_1_50' title="bbox 1903 2017 3482 2086">
     <span class='ocr_line' id='line_1_50' title="bbox 1903 2017 3482 2086; baseline 0.002 -15"><span class='ocrx_word' id='word_1_347' title='bbox 1903 2033 2143 2081; x_wconf 88' lang='lat' dir='ltr'><strong>manum,</strong></span> <span class='ocrx_word' id='word_1_348' title='bbox 2171 2018 2257 2084; x_wconf 87' lang='lat' dir='ltr'><strong>qtti</strong></span> <span class='ocrx_word' id='word_1_349' title='bbox 2311 2032 2528 2082; x_wconf 88' lang='lat' dir='ltr'><strong>parcere</strong></span> <span class='ocrx_word' id='word_1_350' title='bbox 2581 2018 2795 2085; x_wconf 87' lang='lat' dir='ltr'><strong>regibus</strong></span> <span class='ocrx_word' id='word_1_351' title='bbox 2850 2017 2934 2069; x_wconf 84' lang='lat' dir='ltr'><strong>vix</strong></span> <span class='ocrx_word' id='word_1_352' title='bbox 2988 2019 3306 2086; x_wconf 84' lang='lat' dir='ltr'><strong>dignantur?</strong></span> <span class='ocrx_word' id='word_1_353' title='bbox 3352 2020 3482 2073; x_wconf 90' lang='lat' dir='ltr'><strong>Cum</strong></span> 
     </span>
    </p>
   </div>
   <div class='ocr_carea' id='block_1_51' title="bbox 1903 2094 3481 2177">
    <p class='ocr_par' dir='ltr' id='par_1_51' title="bbox 1903 2094 3481 2177">
     <span class='ocr_line' id='line_1_51' title="bbox 1903 2094 3481 2177; baseline 0.003 -19"><span class='ocrx_word' id='word_1_354' title='bbox 1903 2106 2095 2173; x_wconf 89' lang='lat' dir='ltr'><strong>quibus</strong></span> <span class='ocrx_word' id='word_1_355' title='bbox 2126 2096 2299 2158; x_wconf 87' lang='lat' dir='ltr'><strong>tamen</strong></span> <span class='ocrx_word' id='word_1_356' title='bbox 2332 2105 2592 2175; x_wconf 89' lang='lat' dir='ltr'><strong>integrum</strong></span> <span class='ocrx_word' id='word_1_357' title='bbox 2619 2121 2755 2174; x_wconf 89' lang='lat' dir='ltr'><strong>pene</strong></span> <span class='ocrx_word' id='word_1_358' title='bbox 2778 2106 3048 2160; x_wconf 80' lang='lat' dir='ltr'><strong>biennium</strong></span> <span class='ocrx_word' id='word_1_359' title='bbox 3076 2109 3253 2177; x_wconf 84' lang='lat' dir='ltr'><strong>exegit</strong></span> <span class='ocrx_word' id='word_1_360' title='bbox 3282 2094 3481 2175; x_wconf 85' lang='lat' dir='ltr'><strong>taliter,</strong></span> 
     </span>
    </p>
   </div>
   <div class='ocr_carea' id='block_1_52' title="bbox 1904 2196 3483 2268">
    <p class='ocr_par' dir='ltr' id='par_1_52' title="bbox 1904 2196 3483 2268">
     <span class='ocr_line' id='line_1_52' title="bbox 1904 2196 3483 2268; baseline 0.004 -18"><span class='ocrx_word' id='word_1_361' title='bbox 1904 2206 1960 2250; x_wconf 93' lang='lat' dir='ltr'><strong>ut</strong></span> <span class='ocrx_word' id='word_1_362' title='bbox 1999 2196 2067 2250; x_wconf 86' lang='lat' dir='ltr'><strong>ab</strong></span> <span class='ocrx_word' id='word_1_363' title='bbox 2106 2213 2170 2251; x_wconf 92' lang='lat' dir='ltr'><strong>eo</strong></span> <span class='ocrx_word' id='word_1_364' title='bbox 2209 2197 2399 2251; x_wconf 89' lang='lat' dir='ltr'><strong>flentes</strong></span> <span class='ocrx_word' id='word_1_365' title='bbox 2442 2197 2807 2262; x_wconf 78' lang='lat' dir='ltr'><strong>discederent,</strong></span> <span class='ocrx_word' id='word_1_366' title='bbox 2843 2199 3001 2252; x_wconf 90' lang='lat' dir='ltr'><strong>etiam</strong></span> <span class='ocrx_word' id='word_1_367' title='bbox 3044 2200 3109 2253; x_wconf 88' lang='lat' dir='ltr'><strong>ad</strong></span> <span class='ocrx_word' id='word_1_368' title='bbox 3156 2209 3398 2268; x_wconf 88' lang='lat' dir='ltr'><strong>parentes</strong></span> <span class='ocrx_word' id='word_1_369' title='bbox 3432 2212 3483 2256; x_wconf 86' lang='lat' dir='ltr'><strong>et</strong></span> 
     </span>
    </p>
   </div>
   <div class='ocr_carea' id='block_1_53' title="bbox 1903 2289 2491 2357">
    <p class='ocr_par' dir='ltr' id='par_1_53' title="bbox 1903 2289 2491 2357">
     <span class='ocr_line' id='line_1_53' title="bbox 1903 2289 2491 2357; baseline 0.002 -17"><span class='ocrx_word' id='word_1_370' title='bbox 1903 2289 2133 2342; x_wconf 84' lang='lat' dir='ltr'><strong>familias</strong></span> <span class='ocrx_word' id='word_1_371' title='bbox 2173 2289 2491 2357; x_wconf 83' lang='lat' dir='ltr'><strong>regressuri.</strong></span> 
     </span>
    </p>
   </div>
   <div class='ocr_carea' id='block_1_54' title="bbox 1974 2378 3483 2449">
    <p class='ocr_par' dir='ltr' id='par_1_54' title="bbox 1974 2378 3483 2449">
     <span class='ocr_line' id='line_1_54' title="bbox 1974 2378 3483 2449; baseline 0.002 -18"><span class='ocrx_word' id='word_1_372' title='bbox 1974 2378 2259 2446; x_wconf 82' lang='lat' dir='ltr'><strong>Postquam</strong></span> <span class='ocrx_word' id='word_1_373' title='bbox 2285 2394 2410 2432; x_wconf 84' lang='lat' dir='ltr'><strong>vero</strong></span> <span class='ocrx_word' id='word_1_374' title='bbox 2438 2379 2713 2447; x_wconf 88' lang='lat' dir='ltr'><strong>perfuncta</strong></span> <span class='ocrx_word' id='word_1_375' title='bbox 2743 2395 2826 2432; x_wconf 91' lang='lat' dir='ltr'><strong>res</strong></span> <span class='ocrx_word' id='word_1_376' title='bbox 2850 2389 2934 2433; x_wconf 84' lang='lat' dir='ltr'><strong>est</strong></span> <span class='ocrx_word' id='word_1_377' title='bbox 2957 2380 3153 2433; x_wconf 89' lang='lat' dir='ltr'><strong>misero</strong></span> <span class='ocrx_word' id='word_1_378' title='bbox 3178 2381 3483 2449; x_wconf 77' lang='lat' dir='ltr'><strong>exitialique</strong></span> 
     </span>
    </p>
   </div>
   <div class='ocr_carea' id='block_1_55' title="bbox 1904 2452 3482 2538">
    <p class='ocr_par' dir='ltr' id='par_1_55' title="bbox 1904 2452 3482 2538">
     <span class='ocr_line' id='line_1_55' title="bbox 1904 2452 3482 2538; baseline 0.003 -17"><span class='ocrx_word' id='word_1_379' title='bbox 1904 2468 2069 2534; x_wconf 91' lang='lat' dir='ltr'><strong>bello,</strong></span> <span class='ocrx_word' id='word_1_380' title='bbox 2095 2478 2148 2521; x_wconf 90' lang='lat' dir='ltr'><strong>et</strong></span> <span class='ocrx_word' id='word_1_381' title='bbox 2188 2468 2314 2521; x_wconf 86' lang='lat' dir='ltr'><strong>vicit</strong></span> <span class='ocrx_word' id='word_1_382' title='bbox 2359 2468 2403 2522; x_wconf 88' lang='lat' dir='ltr'><strong>is</strong></span> <span class='ocrx_word' id='word_1_383' title='bbox 2460 2471 2611 2537; x_wconf 86' lang='lat' dir='ltr'><strong>cujus</strong></span> <span class='ocrx_word' id='word_1_384' title='bbox 2664 2478 2783 2538; x_wconf 91' lang='lat' dir='ltr'><strong>post</strong></span> <span class='ocrx_word' id='word_1_385' title='bbox 2835 2471 3156 2537; x_wconf 85' lang='lat' dir='ltr'><strong>triumphum</strong></span> <span class='ocrx_word' id='word_1_386' title='bbox 3204 2452 3482 2537; x_wconf 77' lang='lat' dir='ltr'><strong>Spoliatum</strong></span> 
     </span>
    </p>
   </div>
   <div class='ocr_carea' id='block_1_56' title="bbox 1901 2557 3482 2628">
    <p class='ocr_par' dir='ltr' id='par_1_56' title="bbox 1901 2557 3482 2628">
     <span class='ocr_line' id='line_1_56' title="bbox 1901 2557 3482 2628; baseline 0.003 -19"><span class='ocrx_word' id='word_1_387' title='bbox 1901 2557 2084 2626; x_wconf 85' lang='lat' dir='ltr'><strong>vagina</strong></span> <span class='ocrx_word' id='word_1_388' title='bbox 2124 2558 2354 2626; x_wconf 78' lang='lat' dir='ltr'><strong>gladium</strong></span> <span class='ocrx_word' id='word_1_389' title='bbox 2401 2559 2577 2611; x_wconf 89' lang='lat' dir='ltr'><strong>nullus</strong></span> <span class='ocrx_word' id='word_1_390' title='bbox 2626 2559 2848 2624; x_wconf 76' lang='lat' dir='ltr'><strong>aSpit-it;</strong></span> <span class='ocrx_word' id='word_1_391' title='bbox 2882 2559 2973 2626; x_wconf 91' lang='lat' dir='ltr'><strong>qui</strong></span> <span class='ocrx_word' id='word_1_392' title='bbox 3018 2561 3482 2628; x_wconf 72' lang='lat' dir='ltr'><strong>prmsumptionem</strong></span> 
     </span>
    </p>
   </div>
   <div class='ocr_carea' id='block_1_57' title="bbox 1900 2650 3479 2719">
    <p class='ocr_par' dir='ltr' id='par_1_57' title="bbox 1900 2650 3479 2719">
     <span class='ocr_line' id='line_1_57' title="bbox 1900 2650 3479 2719; baseline 0.003 -18"><span class='ocrx_word' id='word_1_393' title='bbox 1900 2650 2164 2702; x_wconf 83' lang='lat' dir='ltr'><strong>exercitus</strong></span> <span class='ocrx_word' id='word_1_394' title='bbox 2210 2650 2290 2702; x_wconf 90' lang='lat' dir='ltr'><strong>sui</strong></span> <span class='ocrx_word' id='word_1_395' title='bbox 2337 2665 2454 2702; x_wconf 91' lang='lat' dir='ltr'><strong>cum</strong></span> <span class='ocrx_word' id='word_1_396' title='bbox 2507 2652 2691 2718; x_wconf 71' lang='lat' dir='ltr'><strong>prwlio</strong></span> <span class='ocrx_word' id='word_1_397' title='bbox 2722 2650 3062 2703; x_wconf 88' lang='lat' dir='ltr'><strong>terminavit:</strong></span> <span class='ocrx_word' id='word_1_398' title='bbox 3090 2652 3228 2703; x_wconf 87' lang='lat' dir='ltr'><strong>illico</strong></span> <span class='ocrx_word' id='word_1_399' title='bbox 3261 2666 3479 2719; x_wconf 71' lang='lat' dir='ltr'><strong>aggres-</strong></span> 
     </span>
    </p>
   </div>
   <div class='ocr_carea' id='block_1_58' title="bbox 1900 2741 3474 2809">
    <p class='ocr_par' dir='ltr' id='par_1_58' title="bbox 1900 2741 3474 2809">
     <span class='ocr_line' id='line_1_58' title="bbox 1900 2741 3474 2809; baseline 0.001 -17"><span class='ocrx_word' id='word_1_400' title='bbox 1900 2756 1991 2793; x_wconf 91' lang='lat' dir='ltr'><strong>sus</strong></span> <span class='ocrx_word' id='word_1_401' title='bbox 2034 2751 2115 2793; x_wconf 90' lang='lat' dir='ltr'><strong>est</strong></span> <span class='ocrx_word' id='word_1_402' title='bbox 2155 2741 2490 2795; x_wconf 88' lang='lat' dir='ltr'><strong>venerandus</strong></span> <span class='ocrx_word' id='word_1_403' title='bbox 2540 2742 2773 2809; x_wconf 53' lang='lat' dir='ltr'><strong>pontifex</strong></span> <span class='ocrx_word' id='word_1_404' title='bbox 2822 2741 2887 2794; x_wconf 91' lang='lat' dir='ltr'><strong>de</strong></span> <span class='ocrx_word' id='word_1_405' title='bbox 2930 2741 3073 2793; x_wconf 75' lang='lat' dir='ltr'><strong>urbis</strong></span> <span class='ocrx_word' id='word_1_406' title='bbox 3105 2757 3214 2795; x_wconf 70' lang='lat' dir='ltr'><strong>sua:</strong></span> <span class='ocrx_word' id='word_1_407' title='bbox 3262 2758 3474 2808; x_wconf 87' lang='lat' dir='ltr'><strong>repara-</strong></span> 
     </span>
    </p>
   </div>
   <div class='ocr_carea' id='block_1_59' title="bbox 1900 2832 3479 2901">
    <p class='ocr_par' dir='ltr' id='par_1_59' title="bbox 1900 2832 3479 2901">
     <span class='ocr_line' id='line_1_59' title="bbox 1900 2832 3479 2901; baseline -0.001 -17"><span class='ocrx_word' id='word_1_408' title='bbox 1900 2833 2041 2884; x_wconf 89' lang='lat' dir='ltr'><strong>tione</strong></span> <span class='ocrx_word' id='word_1_409' title='bbox 2083 2841 2529 2901; x_wconf 82' lang='lat' dir='ltr'><strong>tractarezquam</strong></span> <span class='ocrx_word' id='word_1_410' title='bbox 2585 2842 2640 2884; x_wconf 93' lang='lat' dir='ltr'><strong>ut</strong></span> <span class='ocrx_word' id='word_1_411' title='bbox 2691 2835 2917 2899; x_wconf 89' lang='lat' dir='ltr'><strong>primum</strong></span> <span class='ocrx_word' id='word_1_412' title='bbox 2968 2832 3143 2896; x_wconf 80' lang='lat' dir='ltr'><strong>dignis</strong></span> <span class='ocrx_word' id='word_1_413' title='bbox 3189 2834 3479 2897; x_wconf 90' lang='lat' dir='ltr'><strong>compleret</strong></span> 
     </span>
    </p>
   </div>
   <div class='ocr_carea' id='block_1_60' title="bbox 1901 2923 3476 2992">
    <p class='ocr_par' dir='ltr' id='par_1_60' title="bbox 1901 2923 3476 2992">
     <span class='ocr_line' id='line_1_60' title="bbox 1901 2923 3476 2992; baseline 0 -17"><span class='ocrx_word' id='word_1_414' title='bbox 1901 2924 2304 2987; x_wconf 87' lang='lat' dir='ltr'><strong>habitatoribus,</strong></span> <span class='ocrx_word' id='word_1_415' title='bbox 2335 2924 2587 2990; x_wconf 81' lang='lat' dir='ltr'><strong>spiritalis</strong></span> <span class='ocrx_word' id='word_1_416' title='bbox 2630 2925 2901 2992; x_wconf 80' lang='lat' dir='ltr'><strong>prospexit</strong></span> <span class='ocrx_word' id='word_1_417' title='bbox 2936 2923 3322 2975; x_wconf 88' lang='lat' dir='ltr'><strong>deliberatione</strong></span> <span class='ocrx_word' id='word_1_418' title='bbox 3347 2938 3476 2978; x_wconf 88' lang='lat' dir='ltr'><strong>con-</strong></span> 
     </span>
    </p>
   </div>
   <div class='ocr_carea' id='block_1_61' title="bbox 1900 3012 3477 3078">
    <p class='ocr_par' dir='ltr' id='par_1_61' title="bbox 1900 3012 3477 3078">
     <span class='ocr_line' id='line_1_61' title="bbox 1900 3012 3477 3078; baseline 0 -12"><span class='ocrx_word' id='word_1_419' title='bbox 1900 3014 2025 3066; x_wconf 90' lang='lat' dir='ltr'><strong>silii.</strong></span> <span class='ocrx_word' id='word_1_420' title='bbox 2064 3015 2123 3066; x_wconf 84' lang='lat' dir='ltr'><strong>Et</strong></span> <span class='ocrx_word' id='word_1_421' title='bbox 2156 3015 2276 3067; x_wconf 89' lang='lat' dir='ltr'><strong>licet</strong></span> <span class='ocrx_word' id='word_1_422' title='bbox 2319 3029 2455 3075; x_wconf 89' lang='lat' dir='ltr'><strong>eam,</strong></span> <span class='ocrx_word' id='word_1_423' title='bbox 2506 3024 2720 3078; x_wconf 66' lang='lat' dir='ltr'><strong>precatu</strong></span> <span class='ocrx_word' id='word_1_424' title='bbox 2768 3014 2903 3065; x_wconf 88' lang='lat' dir='ltr'><strong>illius</strong></span> <span class='ocrx_word' id='word_1_425' title='bbox 2945 3012 3187 3074; x_wconf 85' lang='lat' dir='ltr'><strong>faciente,</strong></span> <span class='ocrx_word' id='word_1_426' title='bbox 3221 3012 3394 3063; x_wconf 85' lang='lat' dir='ltr'><strong>nullus</strong></span> <span class='ocrx_word' id='word_1_427' title='bbox 3428 3014 3477 3066; x_wconf 93' lang='lat' dir='ltr'><strong>in</strong></span> 
     </span>
    </p>
   </div>
   <div class='ocr_carea' id='block_1_62' title="bbox 224 3092 3473 3179">
    <p class='ocr_par' dir='ltr' id='par_1_62' title="bbox 224 3092 3473 3179">
     <span class='ocr_line' id='line_1_62' title="bbox 224 3092 3473 3179; baseline 0.001 -28"><span class='ocrx_word' id='word_1_428' title='bbox 224 3114 366 3152; x_wconf 73' lang='lat' dir='ltr'><strong>sanae</strong></span> <span class='ocrx_word' id='word_1_429' title='bbox 394 3117 507 3154; x_wconf 75' lang='lat' dir='ltr'><strong>sua:</strong></span> <span class='ocrx_word' id='word_1_430' title='bbox 533 3112 690 3171; x_wconf 87' lang='lat' dir='ltr'><strong>atque</strong></span> <span class='ocrx_word' id='word_1_431' title='bbox 728 3105 1009 3160; x_wconf 85' lang='lat' dir='ltr'><strong>dulcedine</strong></span> <span class='ocrx_word' id='word_1_432' title='bbox 1050 3109 1127 3161; x_wconf 85' lang='lat' dir='ltr'><strong>sic</strong></span> <span class='ocrx_word' id='word_1_433' title='bbox 1169 3109 1437 3176; x_wconf 84' lang='lat' dir='ltr'><strong>largientis</strong></span> <span class='ocrx_word' id='word_1_434' title='bbox 1470 3112 1797 3179; x_wconf 86' lang='lat' dir='ltr'><strong>temperabat</strong></span> <span class='ocrx_word' id='word_1_435' title='bbox 1823 3092 1867 3152; x_wconf 70' lang='grc' dir='ltr'>ο</span> <span class='ocrx_word' id='word_1_436' title='bbox 1901 3108 2197 3158; x_wconf 72' lang='lat' dir='ltr'><strong>vastitatem</strong></span> <span class='ocrx_word' id='word_1_437' title='bbox 2260 3106 2567 3172; x_wconf 89' lang='lat' dir='ltr'><strong>temporalis</strong></span> <span class='ocrx_word' id='word_1_438' title='bbox 2618 3106 2866 3172; x_wconf 65' lang='lat' dir='ltr'><strong>procella:</strong></span> <span class='ocrx_word' id='word_1_439' title='bbox 2926 3104 3081 3156; x_wconf 86' lang='lat' dir='ltr'><strong>turbo</strong></span> <span class='ocrx_word' id='word_1_440' title='bbox 3142 3104 3473 3175; x_wconf 78' lang='lat' dir='ltr'><strong>dispulerat;</strong></span> 
     </span>
    </p>
   </div>
   <div class='ocr_carea' id='block_1_63' title="bbox 226 3190 1795 3267">
    <p class='ocr_par' dir='ltr' id='par_1_63' title="bbox 226 3190 1795 3267">
     <span class='ocr_line' id='line_1_63' title="bbox 226 3190 1795 3267; baseline 0.01 -28"><span class='ocrx_word' id='word_1_441' title='bbox 226 3190 481 3255; x_wconf 85' lang='lat' dir='ltr'><strong>animum,</strong></span> <span class='ocrx_word' id='word_1_442' title='bbox 512 3203 565 3245; x_wconf 88' lang='lat' dir='ltr'><strong>ut</strong></span> <span class='ocrx_word' id='word_1_443' title='bbox 599 3194 903 3248; x_wconf 87' lang='lat' dir='ltr'><strong>nullatenus</strong></span> <span class='ocrx_word' id='word_1_444' title='bbox 945 3200 1342 3263; x_wconf 85' lang='lat' dir='ltr'><strong>accenderetur,</strong></span> <span class='ocrx_word' id='word_1_445' title='bbox 1377 3199 1421 3252; x_wconf 89' lang='lat' dir='ltr'><strong>si</strong></span> <span class='ocrx_word' id='word_1_446' title='bbox 1452 3200 1647 3267; x_wconf 83' lang='lat' dir='ltr'><strong>aliquid</strong></span> <span class='ocrx_word' id='word_1_447' title='bbox 1679 3216 1707 3253; x_wconf 89' lang='lat' dir='ltr'><strong>a</strong></span> <span class='ocrx_word' id='word_1_448' title='bbox 1739 3216 1795 3254; x_wconf 92' lang='lat' dir='ltr'><strong>sc</strong></span> 
     </span>
    </p>
   </div>
   <div class='ocr_carea' id='block_1_64' title="bbox 223 3278 1795 3358">
    <p class='ocr_par' dir='ltr' id='par_1_64' title="bbox 223 3278 1795 3358">
     <span class='ocr_line' id='line_1_64' title="bbox 223 3278 1795 3358; baseline 0.008 -26"><span class='ocrx_word' id='word_1_449' title='bbox 223 3278 463 3336; x_wconf 85' lang='lat' dir='ltr'><strong>beneficii</strong></span> <span class='ocrx_word' id='word_1_450' title='bbox 512 3299 609 3352; x_wconf 90' lang='lat' dir='ltr'><strong>per</strong></span> <span class='ocrx_word' id='word_1_451' title='bbox 653 3286 959 3353; x_wconf 86' lang='lat' dir='ltr'><strong>episeopnm</strong></span> <span class='ocrx_word' id='word_1_452' title='bbox 1007 3298 1059 3341; x_wconf 88' lang='lat' dir='ltr'><strong>et</strong></span> <span class='ocrx_word' id='word_1_453' title='bbox 1102 3290 1345 3341; x_wconf 87' lang='lat' dir='ltr'><strong>inimicus</strong></span> <span class='ocrx_word' id='word_1_454' title='bbox 1388 3291 1671 3358; x_wconf 86' lang='lat' dir='ltr'><strong>acciperet.</strong></span> <span class='ocrx_word' id='word_1_455' title='bbox 1704 3291 1795 3345; x_wconf 85' lang='lat' dir='ltr'><strong>ille</strong></span> 
     </span>
    </p>
   </div>
   <div class='ocr_carea' id='block_1_65' title="bbox 225 3366 1789 3446">
    <p class='ocr_par' dir='ltr' id='par_1_65' title="bbox 225 3366 1789 3446">
     <span class='ocr_line' id='line_1_65' title="bbox 225 3366 1789 3446; baseline 0.008 -27"><span class='ocrx_word' id='word_1_456' title='bbox 225 3366 347 3434; x_wconf 86' lang='lat' dir='ltr'><strong>fuit,</strong></span> <span class='ocrx_word' id='word_1_457' title='bbox 370 3372 505 3426; x_wconf 87' lang='lat' dir='ltr'><strong>circa</strong></span> <span class='ocrx_word' id='word_1_458' title='bbox 535 3389 696 3442; x_wconf 89' lang='lat' dir='ltr'><strong>quem</strong></span> <span class='ocrx_word' id='word_1_459' title='bbox 730 3391 861 3427; x_wconf 77' lang='lat' dir='ltr'><strong>conc</strong></span> <span class='ocrx_word' id='word_1_460' title='bbox 902 3378 1066 3429; x_wconf 73' lang='lat' dir='ltr'><strong>rdiam</strong></span> <span class='ocrx_word' id='word_1_461' title='bbox 1090 3387 1142 3431; x_wconf 91' lang='lat' dir='ltr'><strong>et</strong></span> <span class='ocrx_word' id='word_1_462' title='bbox 1170 3388 1461 3446; x_wconf 88' lang='lat' dir='ltr'><strong>pugnantes</strong></span> <span class='ocrx_word' id='word_1_463' title='bbox 1492 3391 1789 3444; x_wconf 88' lang='lat' dir='ltr'><strong>servarent,</strong></span> 
     </span>
    </p>
   </div>
   <div class='ocr_carea' id='block_1_66' title="bbox 222 3459 1792 3528">
    <p class='ocr_par' dir='ltr' id='par_1_66' title="bbox 222 3459 1792 3528">
     <span class='ocr_line' id='line_1_66' title="bbox 222 3459 1792 3528; baseline 0.009 -18"><span class='ocrx_word' id='word_1_464' title='bbox 222 3469 275 3510; x_wconf 93' lang='lat' dir='ltr'><strong>et</strong></span> <span class='ocrx_word' id='word_1_465' title='bbox 299 3459 450 3524; x_wconf 81' lang='lat' dir='ltr'><strong>cujus</strong></span> <span class='ocrx_word' id='word_1_466' title='bbox 477 3464 703 3528; x_wconf 75' lang='lat' dir='ltr'><strong>quietem</strong></span> <span class='ocrx_word' id='word_1_467' title='bbox 737 3464 873 3517; x_wconf 72' lang='lat' dir='ltr'><strong>bella</strong></span> <span class='ocrx_word' id='word_1_468' title='bbox 914 3483 1015 3517; x_wconf 89' lang='lat' dir='ltr'><strong>non</strong></span> <span class='ocrx_word' id='word_1_469' title='bbox 1046 3468 1318 3521; x_wconf 71' lang='lat' dir='ltr'><strong>la&#39;derent.</strong></span> <span class='ocrx_word' id='word_1_470' title='bbox 1351 3468 1466 3522; x_wconf 88' lang='lat' dir='ltr'><strong>Jam</strong></span> <span class='ocrx_word' id='word_1_471' title='bbox 1497 3470 1538 3521; x_wconf 91' lang='lat' dir='ltr'><strong>si</strong></span> <span class='ocrx_word' id='word_1_472' title='bbox 1563 3471 1631 3522; x_wconf 88' lang='lat' dir='ltr'><strong>ad</strong></span> <span class='ocrx_word' id='word_1_473' title='bbox 1665 3470 1792 3524; x_wconf 87' lang='lat' dir='ltr'><strong>illud</strong></span> 
     </span>
    </p>
   </div>
   <div class='ocr_carea' id='block_1_67' title="bbox 222 3547 1791 3623">
    <p class='ocr_par' dir='ltr' id='par_1_67' title="bbox 222 3547 1791 3623">
     <span class='ocr_line' id='line_1_67' title="bbox 222 3547 1791 3623; baseline 0.01 -27"><span class='ocrx_word' id='word_1_474' title='bbox 222 3547 521 3614; x_wconf 82' lang='lat' dir='ltr'><strong>veniamus,</strong></span> <span class='ocrx_word' id='word_1_475' title='bbox 547 3552 685 3619; x_wconf 87' lang='lat' dir='ltr'><strong>quod</strong></span> <span class='ocrx_word' id='word_1_476' title='bbox 720 3554 1021 3620; x_wconf 86' lang='lat' dir='ltr'><strong>quotidiana</strong></span> <span class='ocrx_word' id='word_1_477' title='bbox 1052 3565 1103 3606; x_wconf 89' lang='lat' dir='ltr'><strong>et</strong></span> <span class='ocrx_word' id='word_1_478' title='bbox 1130 3556 1272 3623; x_wconf 89' lang='lat' dir='ltr'><strong>ipsos</strong></span> <span class='ocrx_word' id='word_1_479' title='bbox 1323 3556 1569 3622; x_wconf 76' lang='lat' dir='ltr'><strong>pascebat</strong></span> <span class='ocrx_word' id='word_1_480' title='bbox 1608 3556 1791 3611; x_wconf 55' lang='lat' dir='ltr'><strong>buma.</strong></span> 
     </span>
    </p>
   </div>
   <div class='ocr_carea' id='block_1_68' title="bbox 223 3633 1792 3715">
    <p class='ocr_par' dir='ltr' id='par_1_68' title="bbox 223 3633 1792 3715">
     <span class='ocr_line' id='line_1_68' title="bbox 223 3633 1792 3715; baseline 0.011 -30"><span class='ocrx_word' id='word_1_481' title='bbox 223 3633 395 3688; x_wconf 90' lang='lat' dir='ltr'><strong>nitate</strong></span> <span class='ocrx_word' id='word_1_482' title='bbox 439 3648 698 3704; x_wconf 86' lang='lat' dir='ltr'><strong>raptores,</strong></span> <span class='ocrx_word' id='word_1_483' title='bbox 743 3653 796 3694; x_wconf 89' lang='lat' dir='ltr'><strong>et</strong></span> <span class='ocrx_word' id='word_1_484' title='bbox 847 3643 953 3696; x_wconf 91' lang='lat' dir='ltr'><strong>illis</strong></span> <span class='ocrx_word' id='word_1_485' title='bbox 998 3644 1133 3694; x_wconf 90' lang='lat' dir='ltr'><strong>intra</strong></span> <span class='ocrx_word' id='word_1_486' title='bbox 1175 3644 1440 3699; x_wconf 87' lang='lat' dir='ltr'><strong>civitatem</strong></span> <span class='ocrx_word' id='word_1_487' title='bbox 1489 3657 1792 3715; x_wconf 83' lang='lat' dir='ltr'><strong>sumptuum</strong></span> 
     </span>
    </p>
   </div>
   <div class='ocr_carea' id='block_1_69' title="bbox 221 3731 1794 3802">
    <p class='ocr_par' dir='ltr' id='par_1_69' title="bbox 221 3731 1794 3802">
     <span class='ocr_line' id='line_1_69' title="bbox 221 3731 1794 3802; baseline 0.009 -25"><span class='ocrx_word' id='word_1_488' title='bbox 221 3731 518 3781; x_wconf 84' lang='lat' dir='ltr'><strong>necessaria</strong></span> <span class='ocrx_word' id='word_1_489' title='bbox 549 3732 901 3797; x_wconf 88' lang='lat' dir='ltr'><strong>ministrabat,</strong></span> <span class='ocrx_word' id='word_1_490' title='bbox 936 3735 1021 3801; x_wconf 89' lang='lat' dir='ltr'><strong>qui</strong></span> <span class='ocrx_word' id='word_1_491' title='bbox 1068 3733 1199 3786; x_wconf 85' lang='lat' dir='ltr'><strong>foris</strong></span> <span class='ocrx_word' id='word_1_492' title='bbox 1239 3735 1430 3802; x_wconf 75' lang='lat' dir='ltr'><strong>praedia</strong></span> <span class='ocrx_word' id='word_1_493' title='bbox 1464 3736 1603 3790; x_wconf 88' lang='lat' dir='ltr'><strong>illius</strong></span> <span class='ocrx_word' id='word_1_494' title='bbox 1633 3741 1794 3790; x_wconf 92' lang='lat' dir='ltr'><strong>conti-</strong></span> 
     </span>
    </p>
   </div>
   <div class='ocr_carea' id='block_1_70' title="bbox 221 3819 1790 3879">
    <p class='ocr_par' dir='ltr' id='par_1_70' title="bbox 221 3819 1790 3879">
     <span class='ocr_line' id='line_1_70' title="bbox 221 3819 1790 3879; baseline 0.007 -11"><span class='ocrx_word' id='word_1_495' title='bbox 221 3830 320 3868; x_wconf 87' lang='lat' dir='ltr'><strong>nua</strong></span> <span class='ocrx_word' id='word_1_496' title='bbox 363 3819 611 3872; x_wconf 85' lang='lat' dir='ltr'><strong>vastitate</strong></span> <span class='ocrx_word' id='word_1_497' title='bbox 651 3821 976 3874; x_wconf 67' lang='lat' dir='ltr'><strong>delev’crant.</strong></span> <span class='ocrx_word' id='word_1_498' title='bbox 1012 3821 1141 3874; x_wconf 76' lang='lat' dir='ltr'><strong>Nam</strong></span> <span class='ocrx_word' id='word_1_499' title='bbox 1185 3831 1260 3875; x_wconf 91' lang='lat' dir='ltr'><strong>tot</strong></span> <span class='ocrx_word' id='word_1_500' title='bbox 1307 3824 1468 3876; x_wconf 83' lang='lat' dir='ltr'><strong>millia</strong></span> <span class='ocrx_word' id='word_1_501' title='bbox 1518 3824 1790 3879; x_wconf 87' lang='lat' dir='ltr'><strong>hominum</strong></span> 
     </span>
    </p>
   </div>
   <div class='ocr_carea' id='block_1_71' title="bbox 219 3908 1785 3980">
    <p class='ocr_par' dir='ltr' id='par_1_71' title="bbox 219 3908 1785 3980">
     <span class='ocr_line' id='line_1_71' title="bbox 219 3908 1785 3980; baseline 0.003 -24"><span class='ocrx_word' id='word_1_502' title='bbox 219 3919 322 3959; x_wconf 88' lang='lat' dir='ltr'><strong>uno</strong></span> <span class='ocrx_word' id='word_1_503' title='bbox 372 3908 669 3977; x_wconf 86' lang='lat' dir='ltr'><strong>eodemque</strong></span> <span class='ocrx_word' id='word_1_504' title='bbox 715 3920 984 3978; x_wconf 85' lang='lat' dir='ltr'><strong>tempore.</strong></span> <span class='ocrx_word' id='word_1_505' title='bbox 1036 3926 1154 3964; x_wconf 92' lang='lat' dir='ltr'><strong>cum</strong></span> <span class='ocrx_word' id='word_1_506' title='bbox 1217 3911 1429 3965; x_wconf 85' lang='lat' dir='ltr'><strong>diversa</strong></span> <span class='ocrx_word' id='word_1_507' title='bbox 1487 3924 1785 3980; x_wconf 84' lang='lat' dir='ltr'><strong>poscerent,</strong></span> 
     </span>
    </p>
   </div>
   <div class='ocr_carea' id='block_1_72' title="bbox 220 3994 1794 4068">
    <p class='ocr_par' dir='ltr' id='par_1_72' title="bbox 220 3994 1794 4068">
     <span class='ocr_line' id='line_1_72' title="bbox 220 3994 1794 4068; baseline 0.004 -21"><span class='ocrx_word' id='word_1_508' title='bbox 220 3994 491 4051; x_wconf 79' lang='lat' dir='ltr'><strong>reﬁciebat</strong></span> <span class='ocrx_word' id='word_1_509' title='bbox 540 3998 838 4065; x_wconf 88' lang='lat' dir='ltr'><strong>blanditiis,</strong></span> <span class='ocrx_word' id='word_1_510' title='bbox 883 4000 1190 4052; x_wconf 71' lang='lat' dir='ltr'><strong>liumiliabut</strong></span> <span class='ocrx_word' id='word_1_511' title='bbox 1236 4001 1501 4068; x_wconf 88' lang='lat' dir='ltr'><strong>alloquio,</strong></span> <span class='ocrx_word' id='word_1_512' title='bbox 1544 4000 1794 4068; x_wconf 87' lang='lat' dir='ltr'><strong>pascebat</strong></span> 
     </span>
    </p>
   </div>
   <div class='ocr_carea' id='block_1_73' title="bbox 220 4087 1790 4155">
    <p class='ocr_par' dir='ltr' id='par_1_73' title="bbox 220 4087 1790 4155">
     <span class='ocr_line' id='line_1_73' title="bbox 220 4087 1790 4155; baseline 0.003 -18"><span class='ocrx_word' id='word_1_513' title='bbox 220 4088 549 4141; x_wconf 87' lang='lat' dir='ltr'><strong>muneribus.</strong></span> <span class='ocrx_word' id='word_1_514' title='bbox 584 4087 641 4141; x_wconf 91' lang='lat' dir='ltr'><strong>Si</strong></span> <span class='ocrx_word' id='word_1_515' title='bbox 668 4088 817 4154; x_wconf 83' lang='lat' dir='ltr'><strong>cujus</strong></span> <span class='ocrx_word' id='word_1_516' title='bbox 855 4088 1007 4143; x_wconf 71' lang='lat' dir='ltr'><strong>liberi</strong></span> <span class='ocrx_word' id='word_1_517' title='bbox 1050 4105 1313 4155; x_wconf 79' lang='lat' dir='ltr'><strong>uxorque,</strong></span> <span class='ocrx_word' id='word_1_518' title='bbox 1346 4089 1573 4142; x_wconf 91' lang='lat' dir='ltr'><strong>inimicis</strong></span> <span class='ocrx_word' id='word_1_519' title='bbox 1603 4104 1628 4140; x_wconf 90' lang='lat' dir='ltr'><strong>a</strong></span> <span class='ocrx_word' id='word_1_520' title='bbox 1656 4106 1790 4150; x_wconf 88' lang='lat' dir='ltr'><strong>qua-</strong></span> 
     </span>
    </p>
   </div>
   <div class='ocr_carea' id='block_1_74' title="bbox 220 4174 1790 4247">
    <p class='ocr_par' dir='ltr' id='par_1_74' title="bbox 220 4174 1790 4247">
     <span class='ocr_line' id='line_1_74' title="bbox 220 4174 1790 4247; baseline 0.004 -20"><span class='ocrx_word' id='word_1_521' title='bbox 220 4174 345 4231; x_wconf 84' lang='lat' dir='ltr'><strong>libet</strong></span> <span class='ocrx_word' id='word_1_522' title='bbox 386 4184 536 4245; x_wconf 79' lang='lat' dir='ltr'><strong>parte</strong></span> <span class='ocrx_word' id='word_1_523' title='bbox 588 4178 811 4232; x_wconf 82' lang='lat' dir='ltr'><strong>fuissent</strong></span> <span class='ocrx_word' id='word_1_524' title='bbox 858 4180 1312 4247; x_wconf 86' lang='lat' dir='ltr'><strong>intercipientibns</strong></span> <span class='ocrx_word' id='word_1_525' title='bbox 1360 4180 1619 4247; x_wconf 85' lang='lat' dir='ltr'><strong>occupati,</strong></span> <span class='ocrx_word' id='word_1_526' title='bbox 1652 4181 1790 4233; x_wconf 88' lang='lat' dir='ltr'><strong>illico</strong></span> 
     </span>
    </p>
   </div>
   <div class='ocr_carea' id='block_1_75' title="bbox 219 4270 1791 4339">
    <p class='ocr_par' dir='ltr' id='par_1_75' title="bbox 219 4270 1791 4339">
     <span class='ocr_line' id='line_1_75' title="bbox 219 4270 1791 4339; baseline -0.001 -20"><span class='ocrx_word' id='word_1_527' title='bbox 219 4270 622 4336; x_wconf 85' lang='lat' dir='ltr'><strong>supplicationis</strong></span> <span class='ocrx_word' id='word_1_528' title='bbox 664 4270 807 4324; x_wconf 92' lang='lat' dir='ltr'><strong>illius</strong></span> <span class='ocrx_word' id='word_1_529' title='bbox 854 4271 1026 4335; x_wconf 66' lang='lat' dir='ltr'><strong>pretio</strong></span> <span class='ocrx_word' id='word_1_530' title='bbox 1072 4271 1430 4327; x_wconf 55' lang='lat' dir='ltr'><strong>reddebinmr</strong></span> <span class='ocrx_word' id='word_1_531' title='bbox 1476 4274 1618 4336; x_wconf 81' lang='lat' dir='ltr'><strong>Suis,</strong></span> <span class='ocrx_word' id='word_1_532' title='bbox 1659 4285 1791 4339; x_wconf 89' lang='lat' dir='ltr'><strong>quos</strong></span> 
     </span>
    </p>
   </div>
   <div class='ocr_carea' id='block_1_76' title="bbox 222 4360 1785 4430">
    <p class='ocr_par' dir='ltr' id='par_1_76' title="bbox 222 4360 1785 4430">
     <span class='ocr_line' id='line_1_76' title="bbox 222 4360 1785 4430; baseline 0.004 -21"><span class='ocrx_word' id='word_1_533' title='bbox 222 4360 331 4412; x_wconf 87' lang='lat' dir='ltr'><strong>auri</strong></span> <span class='ocrx_word' id='word_1_534' title='bbox 357 4362 625 4415; x_wconf 89' lang='lat' dir='ltr'><strong>redimere</strong></span> <span class='ocrx_word' id='word_1_535' title='bbox 655 4378 755 4414; x_wconf 91' lang='lat' dir='ltr'><strong>non</strong></span> <span class='ocrx_word' id='word_1_536' title='bbox 786 4363 1045 4429; x_wconf 85' lang='lat' dir='ltr'><strong>potuisset</strong></span> <span class='ocrx_word' id='word_1_537' title='bbox 1071 4362 1277 4415; x_wconf 70' lang='lat' dir='ltr'><strong>effusio.</strong></span> <span class='ocrx_word' id='word_1_538' title='bbox 1306 4363 1431 4430; x_wconf 81' lang='lat' dir='ltr'><strong>Regi</strong></span> <span class='ocrx_word' id='word_1_539' title='bbox 1462 4362 1785 4428; x_wconf 86' lang='lat' dir='ltr'><strong>aptissimus,</strong></span> 
     </span>
    </p>
   </div>
   <div class='ocr_carea' id='block_1_77' title="bbox 1901 3194 3475 3263">
    <p class='ocr_par' dir='ltr' id='par_1_77' title="bbox 1901 3194 3475 3263">
     <span class='ocr_line' id='line_1_77' title="bbox 1901 3194 3475 3263; baseline 0.001 -18"><span class='ocrx_word' id='word_1_540' title='bbox 1901 3211 2081 3263; x_wconf 91' lang='lat' dir='ltr'><strong>parum</strong></span> <span class='ocrx_word' id='word_1_541' title='bbox 2130 3208 2304 3249; x_wconf 89' lang='lat' dir='ltr'><strong>tamen</strong></span> <span class='ocrx_word' id='word_1_542' title='bbox 2344 3195 2593 3249; x_wconf 87' lang='lat' dir='ltr'><strong>credebat</strong></span> <span class='ocrx_word' id='word_1_543' title='bbox 2640 3210 2794 3261; x_wconf 84' lang='lat' dir='ltr'><strong>posse</strong></span> <span class='ocrx_word' id='word_1_544' title='bbox 2832 3194 3098 3255; x_wconf 86' lang='lat' dir='ltr'><strong>sufficere,</strong></span> <span class='ocrx_word' id='word_1_545' title='bbox 3133 3195 3177 3246; x_wconf 89' lang='lat' dir='ltr'><strong>si</strong></span> <span class='ocrx_word' id='word_1_546' title='bbox 3220 3200 3337 3261; x_wconf 90' lang='lat' dir='ltr'><strong>post</strong></span> <span class='ocrx_word' id='word_1_547' title='bbox 3368 3196 3475 3247; x_wconf 91' lang='lat' dir='ltr'><strong>rui-</strong></span> 
     </span>
    </p>
   </div>
   <div class='ocr_carea' id='block_1_78' title="bbox 1899 3282 3459 3354">
    <p class='ocr_par' dir='ltr' id='par_1_78' title="bbox 1899 3282 3459 3354">
     <span class='ocr_line' id='line_1_78' title="bbox 1899 3282 3459 3354; baseline -0.001 -16"><span class='ocrx_word' id='word_1_548' title='bbox 1899 3299 2018 3339; x_wconf 89' lang='lat' dir='ltr'><strong>nam</strong></span> <span class='ocrx_word' id='word_1_549' title='bbox 2052 3282 2285 3340; x_wconf 89' lang='lat' dir='ltr'><strong>omniutn</strong></span> <span class='ocrx_word' id='word_1_550' title='bbox 2320 3287 2543 3354; x_wconf 73' lang='lat' dir='ltr'><strong>Ligurine</strong></span> <span class='ocrx_word' id='word_1_551' title='bbox 2570 3287 2838 3338; x_wconf 85' lang='lat' dir='ltr'><strong>civitatum</strong></span> <span class='ocrx_word' id='word_1_552' title='bbox 2870 3284 3088 3336; x_wconf 85' lang='lat' dir='ltr'><strong>Ticinus</strong></span> <span class='ocrx_word' id='word_1_553' title='bbox 3115 3285 3228 3336; x_wconf 89' lang='lat' dir='ltr'><strong>suis</strong></span> <span class='ocrx_word' id='word_1_554' title='bbox 3256 3292 3459 3337; x_wconf 90' lang='lat' dir='ltr'><strong>tantum</strong></span> 
     </span>
    </p>
   </div>
   <div class='ocr_carea' id='block_1_79' title="bbox 1897 3372 3473 3443">
    <p class='ocr_par' dir='ltr' id='par_1_79' title="bbox 1897 3372 3473 3443">
     <span class='ocr_line' id='line_1_79' title="bbox 1897 3372 3473 3443; baseline 0.002 -17"><span class='ocrx_word' id='word_1_555' title='bbox 1897 3383 2143 3427; x_wconf 84' lang='lat' dir='ltr'><strong>contenta</strong></span> <span class='ocrx_word' id='word_1_556' title='bbox 2222 3376 2482 3443; x_wconf 71' lang='lat' dir='ltr'><strong>indigenis</strong></span> <span class='ocrx_word' id='word_1_557' title='bbox 2541 3376 2857 3428; x_wconf 78' lang='lat' dir='ltr'><strong>cxsultaret.</strong></span> <span class='ocrx_word' id='word_1_558' title='bbox 2933 3373 3113 3440; x_wconf 76' lang='lat' dir='ltr'><strong>C(epit</strong></span> <span class='ocrx_word' id='word_1_559' title='bbox 3180 3372 3473 3429; x_wconf 72' lang='lat' dir='ltr'><strong>vicinarum</strong></span> 
     </span>
    </p>
   </div>
   <div class='ocr_carea' id='block_1_80' title="bbox 1898 3464 3471 3533">
    <p class='ocr_par' dir='ltr' id='par_1_80' title="bbox 1898 3464 3471 3533">
     <span class='ocr_line' id='line_1_80' title="bbox 1898 3464 3471 3533; baseline 0.002 -17"><span class='ocrx_word' id='word_1_560' title='bbox 1898 3464 2104 3517; x_wconf 87' lang='lat' dir='ltr'><strong>urbium</strong></span> <span class='ocrx_word' id='word_1_561' title='bbox 2137 3465 2388 3519; x_wconf 89' lang='lat' dir='ltr'><strong>finitimos</strong></span> <span class='ocrx_word' id='word_1_562' title='bbox 2412 3480 2648 3533; x_wconf 68' lang='lat' dir='ltr'><strong>quosipie</strong></span> <span class='ocrx_word' id='word_1_563' title='bbox 2678 3465 2743 3516; x_wconf 90' lang='lat' dir='ltr'><strong>de</strong></span> <span class='ocrx_word' id='word_1_564' title='bbox 2769 3465 2970 3517; x_wconf 80' lang='lat' dir='ltr'><strong>civibus</strong></span> <span class='ocrx_word' id='word_1_565' title='bbox 2998 3464 3248 3517; x_wconf 88' lang='lat' dir='ltr'><strong>flosculos</strong></span> <span class='ocrx_word' id='word_1_566' title='bbox 3271 3466 3471 3533; x_wconf 76' lang='lat' dir='ltr'><strong>legere,</strong></span> 
     </span>
    </p>
   </div>
   <div class='ocr_carea' id='block_1_81' title="bbox 1897 3554 3471 3622">
    <p class='ocr_par' dir='ltr' id='par_1_81' title="bbox 1897 3554 3471 3622">
     <span class='ocr_line' id='line_1_81' title="bbox 1897 3554 3471 3622; baseline 0.002 -16"><span class='ocrx_word' id='word_1_567' title='bbox 1897 3564 2055 3622; x_wconf 86' lang='lat' dir='ltr'><strong>atque</strong></span> <span class='ocrx_word' id='word_1_568' title='bbox 2092 3556 2156 3605; x_wconf 90' lang='lat' dir='ltr'><strong>ad</strong></span> <span class='ocrx_word' id='word_1_569' title='bbox 2203 3570 2327 3608; x_wconf 65' lang='lat' dir='ltr'><strong>suos</strong></span> <span class='ocrx_word' id='word_1_570' title='bbox 2375 3555 2558 3607; x_wconf 84' lang='lat' dir='ltr'><strong>bnrtos</strong></span> <span class='ocrx_word' id='word_1_571' title='bbox 2605 3555 2778 3607; x_wconf 89' lang='lat' dir='ltr'><strong>cultor</strong></span> <span class='ocrx_word' id='word_1_572' title='bbox 2818 3554 2836 3583; x_wconf 47' lang='grc' dir='ltr'><strong>ί</strong></span> <span class='ocrx_word' id='word_1_573' title='bbox 2885 3554 3166 3621; x_wconf 66' lang='lat' dir='ltr'><strong>dil‘genbr</strong></span> <span class='ocrx_word' id='word_1_574' title='bbox 3217 3555 3471 3621; x_wconf 86' lang='lat' dir='ltr'><strong>plantaria</strong></span> 
     </span>
    </p>
   </div>
   <div class='ocr_carea' id='block_1_82' title="bbox 1891 3646 3471 3715">
    <p class='ocr_par' dir='ltr' id='par_1_82' title="bbox 1891 3646 3471 3715">
     <span class='ocr_line' id='line_1_82' title="bbox 1891 3646 3471 3715; baseline 0.003 -20"><span class='ocrx_word' id='word_1_575' title='bbox 1891 3646 1999 3714; x_wconf 91' lang='lat' dir='ltr'><strong>jam</strong></span> <span class='ocrx_word' id='word_1_576' title='bbox 2059 3647 2276 3714; x_wconf 89' lang='lat' dir='ltr'><strong>probata</strong></span> <span class='ocrx_word' id='word_1_577' title='bbox 2332 3646 2669 3714; x_wconf 83' lang='lat' dir='ltr'><strong>portare,de</strong></span> <span class='ocrx_word' id='word_1_578' title='bbox 2721 3647 2911 3713; x_wconf 86' lang='lat' dir='ltr'><strong>quibus</strong></span> <span class='ocrx_word' id='word_1_579' title='bbox 2970 3646 3103 3715; x_wconf 86' lang='lat' dir='ltr'><strong>frugi</strong></span> <span class='ocrx_word' id='word_1_580' title='bbox 3152 3655 3206 3700; x_wconf 89' lang='lat' dir='ltr'><strong>et</strong></span> <span class='ocrx_word' id='word_1_581' title='bbox 3250 3646 3471 3701; x_wconf 78' lang='lat' dir='ltr'><strong>idoneus</strong></span> 
     </span>
    </p>
   </div>
   <div class='ocr_carea' id='block_1_83' title="bbox 1894 3738 2921 3807">
    <p class='ocr_par' dir='ltr' id='par_1_83' title="bbox 1894 3738 2921 3807">
     <span class='ocr_line' id='line_1_83' title="bbox 1894 3738 2921 3807; baseline 0 -16"><span class='ocrx_word' id='word_1_582' title='bbox 1894 3738 2166 3807; x_wconf 75' lang='lat' dir='ltr'><strong>aptissima</strong></span> <span class='ocrx_word' id='word_1_583' title='bbox 2198 3748 2415 3805; x_wconf 89' lang='lat' dir='ltr'><strong>caperet</strong></span> <span class='ocrx_word' id='word_1_584' title='bbox 2445 3753 2597 3805; x_wconf 90' lang='lat' dir='ltr'><strong>poma</strong></span> <span class='ocrx_word' id='word_1_585' title='bbox 2626 3752 2921 3805; x_wconf 71' lang='lat' dir='ltr'><strong>possesstir.</strong></span> 
     </span>
    </p>
   </div>
   <div class='ocr_carea' id='block_1_84' title="bbox 1965 3829 3469 3896">
    <p class='ocr_par' dir='ltr' id='par_1_84' title="bbox 1965 3829 3469 3896">
     <span class='ocr_line' id='line_1_84' title="bbox 1965 3829 3469 3896; baseline 0.001 -14"><span class='ocrx_word' id='word_1_586' title='bbox 1965 3829 2170 3883; x_wconf 90' lang='lat' dir='ltr'><strong>lntcrca</strong></span> <span class='ocrx_word' id='word_1_587' title='bbox 2194 3830 2364 3883; x_wconf 88' lang='lat' dir='ltr'><strong>subita</strong></span> <span class='ocrx_word' id='word_1_588' title='bbox 2393 3830 2627 3882; x_wconf 84' lang='lat' dir='ltr'><strong>animum</strong></span> <span class='ocrx_word' id='word_1_589' title='bbox 2661 3829 3082 3895; x_wconf 71' lang='lat' dir='ltr'><strong>prmstantissimi</strong></span> <span class='ocrx_word' id='word_1_590' title='bbox 3118 3829 3257 3896; x_wconf 86' lang='lat' dir='ltr'><strong>regis</strong></span> <span class='ocrx_word' id='word_1_591' title='bbox 3290 3829 3469 3885; x_wconf 76' lang='lat' dir='ltr'><strong>Thro-</strong></span> 
     </span>
    </p>
   </div>
   <div class='ocr_carea' id='block_1_85' title="bbox 1894 3919 3471 3987">
    <p class='ocr_par' dir='ltr' id='par_1_85' title="bbox 1894 3919 3471 3987">
     <span class='ocr_line' id='line_1_85' title="bbox 1894 3919 3471 3987; baseline 0 -13"><span class='ocrx_word' id='word_1_592' title='bbox 1894 3920 2057 3974; x_wconf 89' lang='lat' dir='ltr'><strong>derici</strong></span> <span class='ocrx_word' id='word_1_593' title='bbox 2088 3920 2401 3974; x_wconf 87' lang='lat' dir='ltr'><strong>deliberatio</strong></span> <span class='ocrx_word' id='word_1_594' title='bbox 2430 3920 2727 3987; x_wconf 73' lang='lat' dir='ltr'><strong>occuptf&#39;vit,</strong></span> <span class='ocrx_word' id='word_1_595' title='bbox 2761 3928 2815 3971; x_wconf 88' lang='lat' dir='ltr'><strong>ttt</strong></span> <span class='ocrx_word' id='word_1_596' title='bbox 2847 3919 2951 3971; x_wconf 88' lang='lat' dir='ltr'><strong>illis</strong></span> <span class='ocrx_word' id='word_1_597' title='bbox 2982 3927 3183 3971; x_wconf 90' lang='lat' dir='ltr'><strong>tantum</strong></span> <span class='ocrx_word' id='word_1_598' title='bbox 3220 3919 3471 3975; x_wconf 77' lang='lat' dir='ltr'><strong>Romana:</strong></span> 
     </span>
    </p>
   </div>
   <div class='ocr_carea' id='block_1_86' title="bbox 1895 4009 3467 4079">
    <p class='ocr_par' dir='ltr' id='par_1_86' title="bbox 1895 4009 3467 4079">
     <span class='ocr_line' id='line_1_86' title="bbox 1895 4009 3467 4079; baseline -0.001 -15"><span class='ocrx_word' id='word_1_599' title='bbox 1895 4012 2155 4065; x_wconf 88' lang='lat' dir='ltr'><strong>libertatis</strong></span> <span class='ocrx_word' id='word_1_600' title='bbox 2196 4010 2283 4079; x_wconf 83' lang='lat' dir='ltr'><strong>jus</strong></span> <span class='ocrx_word' id='word_1_601' title='bbox 2330 4011 2602 4074; x_wconf 86' lang='lat' dir='ltr'><strong>tribueret,</strong></span> <span class='ocrx_word' id='word_1_602' title='bbox 2653 4024 2785 4077; x_wconf 88' lang='lat' dir='ltr'><strong>quos</strong></span> <span class='ocrx_word' id='word_1_603' title='bbox 2833 4009 3067 4077; x_wconf 87' lang='lat' dir='ltr'><strong>partibus</strong></span> <span class='ocrx_word' id='word_1_604' title='bbox 3116 4009 3281 4076; x_wconf 88' lang='lat' dir='ltr'><strong>ipsius</strong></span> <span class='ocrx_word' id='word_1_605' title='bbox 3334 4012 3467 4063; x_wconf 82' lang='lat' dir='ltr'><strong>fides</strong></span> 
     </span>
    </p>
   </div>
   <div class='ocr_carea' id='block_1_87' title="bbox 1894 4098 3470 4169">
    <p class='ocr_par' dir='ltr' id='par_1_87' title="bbox 1894 4098 3470 4169">
     <span class='ocr_line' id='line_1_87' title="bbox 1894 4098 3470 4169; baseline -0.001 -14"><span class='ocrx_word' id='word_1_606' title='bbox 1894 4102 2190 4155; x_wconf 82' lang='lat' dir='ltr'><strong>examinata</strong></span> <span class='ocrx_word' id='word_1_607' title='bbox 2219 4103 2481 4169; x_wconf 83' lang='lat' dir='ltr'><strong>jnnxisset</strong></span> <span class='ocrx_word' id='word_1_608' title='bbox 2509 4120 2519 4154; x_wconf 89' lang='lat'><strong>:</strong></span> <span class='ocrx_word' id='word_1_609' title='bbox 2547 4102 2665 4155; x_wconf 92' lang='lat' dir='ltr'><strong>illos</strong></span> <span class='ocrx_word' id='word_1_610' title='bbox 2702 4116 2828 4154; x_wconf 90' lang='lat' dir='ltr'><strong>vero</strong></span> <span class='ocrx_word' id='word_1_611' title='bbox 2856 4115 2990 4168; x_wconf 90' lang='lat' dir='ltr'><strong>quos</strong></span> <span class='ocrx_word' id='word_1_612' title='bbox 3034 4098 3207 4168; x_wconf 85' lang='lat' dir='ltr'><strong>aliqua</strong></span> <span class='ocrx_word' id='word_1_613' title='bbox 3241 4102 3470 4153; x_wconf 75' lang='lat' dir='ltr'><strong>necessi-</strong></span> 
     </span>
    </p>
   </div>
   <div class='ocr_carea' id='block_1_88' title="bbox 1894 4192 3470 4261">
    <p class='ocr_par' dir='ltr' id='par_1_88' title="bbox 1894 4192 3470 4261">
     <span class='ocr_line' id='line_1_88' title="bbox 1894 4192 3470 4261; baseline 0 -15"><span class='ocrx_word' id='word_1_614' title='bbox 1894 4200 1974 4246; x_wconf 87' lang='lat' dir='ltr'><strong>tas</strong></span> <span class='ocrx_word' id='word_1_615' title='bbox 1998 4194 2271 4255; x_wconf 88' lang='lat' dir='ltr'><strong>diviserat.</strong></span> <span class='ocrx_word' id='word_1_616' title='bbox 2303 4194 2367 4247; x_wconf 90' lang='lat' dir='ltr'><strong>ab</strong></span> <span class='ocrx_word' id='word_1_617' title='bbox 2411 4195 2557 4247; x_wconf 90' lang='lat' dir='ltr'><strong>omni</strong></span> <span class='ocrx_word' id='word_1_618' title='bbox 2594 4193 2753 4261; x_wconf 73' lang='lat' dir='ltr'><strong>jus~it</strong></span> <span class='ocrx_word' id='word_1_619' title='bbox 2776 4202 2828 4246; x_wconf 91' lang='lat' dir='ltr'><strong>et</strong></span> <span class='ocrx_word' id='word_1_620' title='bbox 2856 4192 3079 4244; x_wconf 89' lang='lat' dir='ltr'><strong>testandi</strong></span> <span class='ocrx_word' id='word_1_621' title='bbox 3111 4204 3160 4245; x_wconf 91' lang='lat' dir='ltr'><strong>et</strong></span> <span class='ocrx_word' id='word_1_622' title='bbox 3192 4193 3470 4246; x_wconf 83' lang='lat' dir='ltr'><strong>ordinatio-</strong></span> 
     </span>
    </p>
   </div>
   <div class='ocr_carea' id='block_1_89' title="bbox 1894 4284 3465 4350">
    <p class='ocr_par' dir='ltr' id='par_1_89' title="bbox 1894 4284 3465 4350">
     <span class='ocr_line' id='line_1_89' title="bbox 1894 4284 3465 4350; baseline -0.001 -15"><span class='ocrx_word' id='word_1_623' title='bbox 1894 4298 2019 4335; x_wconf 92' lang='lat' dir='ltr'><strong>num</strong></span> <span class='ocrx_word' id='word_1_624' title='bbox 2050 4299 2261 4335; x_wconf 55' lang='lat' dir='ltr'><strong>suarum</strong></span> <span class='ocrx_word' id='word_1_625' title='bbox 2292 4299 2352 4336; x_wconf 92' lang='lat' dir='ltr'><strong>ac</strong></span> <span class='ocrx_word' id='word_1_626' title='bbox 2388 4286 2716 4335; x_wconf 89' lang='lat' dir='ltr'><strong>voluntatum</strong></span> <span class='ocrx_word' id='word_1_627' title='bbox 2752 4284 2965 4335; x_wconf 78' lang='lat' dir='ltr'><strong>licentia</strong></span> <span class='ocrx_word' id='word_1_628' title='bbox 2997 4284 3320 4335; x_wconf 62' lang='lat' dir='ltr'><strong>submovcri.</strong></span> <span class='ocrx_word' id='word_1_629' title='bbox 3356 4285 3465 4350; x_wconf 78' lang='lat' dir='ltr'><strong>Qua</strong></span> 
     </span>
    </p>
   </div>
   <div class='ocr_carea' id='block_1_90' title="bbox 1892 4372 3464 4440">
    <p class='ocr_par' dir='ltr' id='par_1_90' title="bbox 1892 4372 3464 4440">
     <span class='ocr_line' id='line_1_90' title="bbox 1892 4372 3464 4440; baseline 0.002 -17"><span class='ocrx_word' id='word_1_630' title='bbox 1892 4374 2150 4425; x_wconf 86' lang='lat' dir='ltr'><strong>senten&#39;ia</strong></span> <span class='ocrx_word' id='word_1_631' title='bbox 2196 4373 2543 4440; x_wconf 85' lang='lat' dir='ltr'><strong>promulgata,</strong></span> <span class='ocrx_word' id='word_1_632' title='bbox 2575 4383 2628 4424; x_wconf 92' lang='lat' dir='ltr'><strong>et</strong></span> <span class='ocrx_word' id='word_1_633' title='bbox 2668 4372 2869 4440; x_wconf 86' lang='lat' dir='ltr'><strong>legibus</strong></span> <span class='ocrx_word' id='word_1_634' title='bbox 2902 4372 3041 4425; x_wconf 83' lang='lat' dir='ltr'><strong>circa</strong></span> <span class='ocrx_word' id='word_1_635' title='bbox 3080 4374 3338 4438; x_wconf 87' lang='lat' dir='ltr'><strong>plurimos</strong></span> <span class='ocrx_word' id='word_1_636' title='bbox 3377 4376 3464 4426; x_wconf 88' lang='lat' dir='ltr'><strong>tali</strong></span> 
     </span>
    </p>
   </div>
   <div class='ocr_carea' id='block_1_91' title="bbox 221 4449 3466 4530">
    <p class='ocr_par' dir='ltr' id='par_1_91' title="bbox 221 4449 3466 4530">
     <span class='ocr_line' id='line_1_91' title="bbox 221 4449 3466 4530; baseline -0.002 -11"><span class='ocrx_word' id='word_1_637' title='bbox 221 4460 271 4501; x_wconf 73' lang='grc' dir='ltr'>εί</span> <span class='ocrx_word' id='word_1_638' title='bbox 310 4466 420 4519; x_wconf 62' lang='lat' dir='ltr'><strong>Pr&quot;3</strong></span> <span class='ocrx_word' id='word_1_639' title='bbox 465 4452 665 4505; x_wconf 60' lang='lat' dir='ltr'><strong>Sancus</strong></span> <span class='ocrx_word' id='word_1_640' title='bbox 716 4453 963 4506; x_wconf 72' lang='lat' dir='ltr'><strong>Olnnibﬂs</strong></span> <span class='ocrx_word' id='word_1_641' title='bbox 1020 4454 1337 4506; x_wconf 62' lang='lat' dir='ltr'><strong>venerabilis</strong></span> <span class='ocrx_word' id='word_1_642' title='bbox 1394 4453 1688 4517; x_wconf 67' lang='grc' dir='ltr'><strong>θκίειθῦθῑ,</strong></span> <span class='ocrx_word' id='word_1_643' title='bbox 1737 4463 1791 4506; x_wconf 81' lang='grc' dir='ltr'><strong>ιιι</strong></span> <span class='ocrx_word' id='word_1_644' title='bbox 1817 4449 1868 4506; x_wconf 76' lang='grc' dir='ltr'><strong>ι)</strong></span> <span class='ocrx_word' id='word_1_645' title='bbox 1897 4461 2010 4530; x_wconf 86' lang='lat' dir='ltr'><strong>lege</strong></span> <span class='ocrx_word' id='word_1_646' title='bbox 2036 4463 2271 4524; x_wconf 62' lang='lat' dir='ltr'><strong>calcatis,</strong></span> <span class='ocrx_word' id='word_1_647' title='bbox 2304 4464 2545 4515; x_wconf 83' lang='lat' dir='ltr'><strong>universa</strong></span> <span class='ocrx_word' id='word_1_648' title='bbox 2572 4461 2717 4513; x_wconf 86' lang='lat' dir='ltr'><strong>[talia</strong></span> <span class='ocrx_word' id='word_1_649' title='bbox 2756 4461 3080 4513; x_wconf 89' lang='lat' dir='ltr'><strong>lamentabili</strong></span> <span class='ocrx_word' id='word_1_650' title='bbox 3109 4460 3311 4526; x_wconf 80' lang='lat' dir='ltr'><strong>justitia</strong></span> <span class='ocrx_word' id='word_1_651' title='bbox 3342 4463 3466 4515; x_wconf 72' lang='lat' dir='ltr'><strong>snb~</strong></span> 
     </span>
    </p>
   </div>
   <div class='ocr_carea' id='block_1_92' title="bbox 220 4541 1789 4608">
    <p class='ocr_par' dir='ltr' id='par_1_92' title="bbox 220 4541 1789 4608">
     <span class='ocr_line' id='line_1_92' title="bbox 220 4541 1789 4608; baseline 0.004 -17"><span class='ocrx_word' id='word_1_652' title='bbox 220 4555 319 4607; x_wconf 81' lang='lat' dir='ltr'><strong>quo</strong></span> <span class='ocrx_word' id='word_1_653' title='bbox 349 4557 565 4608; x_wconf 89' lang='lat' dir='ltr'><strong>cunque</strong></span> <span class='ocrx_word' id='word_1_654' title='bbox 596 4541 954 4597; x_wconf 73' lang='lat' dir='ltr'><strong>Romanorum</strong></span> <span class='ocrx_word' id='word_1_655' title='bbox 1001 4544 1227 4596; x_wconf 91' lang='lat' dir='ltr'><strong>bellandi</strong></span> <span class='ocrx_word' id='word_1_656' title='bbox 1277 4545 1486 4597; x_wconf 74' lang='lat' dir='ltr'><strong>licentia</strong></span> <span class='ocrx_word' id='word_1_657' title='bbox 1520 4544 1789 4597; x_wconf 87' lang='lat' dir='ltr'><strong>hominum</strong></span> 
     </span>
    </p>
   </div>
   <div class='ocr_carea' id='block_1_93' title="bbox 223 4632 1789 4702">
    <p class='ocr_par' dir='ltr' id='par_1_93' title="bbox 223 4632 1789 4702">
     <span class='ocr_line' id='line_1_93' title="bbox 223 4632 1789 4702; baseline 0.003 -21"><span class='ocrx_word' id='word_1_658' title='bbox 223 4632 330 4697; x_wconf 83' lang='lat' dir='ltr'><strong>ejus</strong></span> <span class='ocrx_word' id='word_1_659' title='bbox 361 4634 574 4687; x_wconf 71' lang='lat' dir='ltr'><strong>fecis~tet</strong></span> <span class='ocrx_word' id='word_1_660' title='bbox 606 4648 722 4688; x_wconf 90' lang='lat' dir='ltr'><strong>esse</strong></span> <span class='ocrx_word' id='word_1_661' title='bbox 749 4635 1009 4701; x_wconf 70' lang='lat' dir='ltr'><strong>captivos,</strong></span> <span class='ocrx_word' id='word_1_662' title='bbox 1036 4651 1156 4688; x_wconf 83' lang='lat' dir='ltr'><strong>mox</strong></span> <span class='ocrx_word' id='word_1_663' title='bbox 1188 4634 1258 4687; x_wconf 93' lang='lat' dir='ltr'><strong>illi</strong></span> <span class='ocrx_word' id='word_1_664' title='bbox 1285 4634 1603 4697; x_wconf 78' lang='lat' dir='ltr'><strong>restitueret,</strong></span> <span class='ocrx_word' id='word_1_665' title='bbox 1633 4649 1789 4702; x_wconf 88' lang='lat' dir='ltr'><strong>quem</strong></span> 
     </span>
    </p>
   </div>
   <div class='ocr_carea' id='block_1_94' title="bbox 226 4720 1793 4789">
    <p class='ocr_par' dir='ltr' id='par_1_94' title="bbox 226 4720 1793 4789">
     <span class='ocr_line' id='line_1_94' title="bbox 226 4720 1793 4789; baseline 0.004 -18"><span class='ocrx_word' id='word_1_666' title='bbox 226 4720 327 4773; x_wconf 82' lang='lat' dir='ltr'><strong>sola</strong></span> <span class='ocrx_word' id='word_1_667' title='bbox 389 4722 719 4789; x_wconf 64' lang='lat' dir='ltr'><strong>intelligebat</strong></span> <span class='ocrx_word' id='word_1_668' title='bbox 769 4724 993 4778; x_wconf 89' lang='lat' dir='ltr'><strong>aliorum</strong></span> <span class='ocrx_word' id='word_1_669' title='bbox 1054 4727 1296 4779; x_wconf 76' lang='lat' dir='ltr'><strong>libertate</strong></span> <span class='ocrx_word' id='word_1_670' title='bbox 1352 4725 1528 4779; x_wconf 84' lang='lat' dir='ltr'><strong>ditari.</strong></span> <span class='ocrx_word' id='word_1_671' title='bbox 1592 4724 1793 4779; x_wconf 90' lang='lat' dir='ltr'><strong>Deinde</strong></span> 
     </span>
    </p>
   </div>
   <div class='ocr_carea' id='block_1_95' title="bbox 226 4818 1790 4887">
    <p class='ocr_par' dir='ltr' id='par_1_95' title="bbox 226 4818 1790 4887">
     <span class='ocr_line' id='line_1_95' title="bbox 226 4818 1790 4887; baseline 0.006 -26"><span class='ocrx_word' id='word_1_672' title='bbox 226 4824 537 4867; x_wconf 85' lang='lat' dir='ltr'><strong>enumerare</strong></span> <span class='ocrx_word' id='word_1_673' title='bbox 556 4828 810 4883; x_wconf 87' lang='lat' dir='ltr'><strong>nequeam</strong></span> <span class='ocrx_word' id='word_1_674' title='bbox 830 4826 1025 4886; x_wconf 86' lang='lat' dir='ltr'><strong>quanta</strong></span> <span class='ocrx_word' id='word_1_675' title='bbox 1049 4818 1138 4872; x_wconf 89' lang='lat' dir='ltr'><strong>ille</strong></span> <span class='ocrx_word' id='word_1_676' title='bbox 1160 4819 1559 4886; x_wconf 88' lang='lat' dir='ltr'><strong>subjugatorum</strong></span> <span class='ocrx_word' id='word_1_677' title='bbox 1581 4818 1790 4887; x_wconf 90' lang='lat' dir='ltr'><strong>agmina</strong></span> 
     </span>
    </p>
   </div>
   <div class='ocr_carea' id='block_1_96' title="bbox 228 4903 1790 4976">
    <p class='ocr_par' dir='ltr' id='par_1_96' title="bbox 228 4903 1790 4976">
     <span class='ocr_line' id='line_1_96' title="bbox 228 4903 1790 4976; baseline 0.006 -25"><span class='ocrx_word' id='word_1_678' title='bbox 228 4903 332 4954; x_wconf 79' lang='lat' dir='ltr'><strong>solo</strong></span> <span class='ocrx_word' id='word_1_679' title='bbox 356 4906 572 4971; x_wconf 86' lang='lat' dir='ltr'><strong>proprio</strong></span> <span class='ocrx_word' id='word_1_680' title='bbox 603 4906 861 4971; x_wconf 88' lang='lat' dir='ltr'><strong>reddidit;</strong></span> <span class='ocrx_word' id='word_1_681' title='bbox 894 4919 1109 4976; x_wconf 83' lang='lat' dir='ltr'><strong>quanta,</strong></span> <span class='ocrx_word' id='word_1_682' title='bbox 1140 4925 1204 4961; x_wconf 89' lang='lat' dir='ltr'><strong>ne</strong></span> <span class='ocrx_word' id='word_1_683' title='bbox 1234 4919 1575 4969; x_wconf 78' lang='lat' dir='ltr'><strong>vexarentur,</strong></span> <span class='ocrx_word' id='word_1_684' title='bbox 1618 4907 1790 4976; x_wconf 90' lang='lat' dir='ltr'><strong>impo-</strong></span> 
     </span>
    </p>
   </div>
   <div class='ocr_carea' id='block_1_97' title="bbox 229 4992 1793 5065">
    <p class='ocr_par' dir='ltr' id='par_1_97' title="bbox 229 4992 1793 5065">
     <span class='ocr_line' id='line_1_97' title="bbox 229 4992 1793 5065; baseline 0.007 -25"><span class='ocrx_word' id='word_1_685' title='bbox 229 4993 339 5044; x_wconf 82' lang='lat' dir='ltr'><strong>suit.</strong></span> <span class='ocrx_word' id='word_1_686' title='bbox 364 4992 482 5046; x_wconf 62' lang='lat' dir='ltr'><strong>‘Jaiu</strong></span> <span class='ocrx_word' id='word_1_687' title='bbox 516 4994 559 5046; x_wconf 87' lang='lat' dir='ltr'><strong>si</strong></span> <span class='ocrx_word' id='word_1_688' title='bbox 590 4994 676 5048; x_wconf 92' lang='lat' dir='ltr'><strong>illa</strong></span> <span class='ocrx_word' id='word_1_689' title='bbox 724 5007 980 5060; x_wconf 81' lang='lat' dir='ltr'><strong>retexam,</strong></span> <span class='ocrx_word' id='word_1_690' title='bbox 1014 5014 1142 5065; x_wconf 89' lang='lat' dir='ltr'><strong>quas</strong></span> <span class='ocrx_word' id='word_1_691' title='bbox 1169 4999 1314 5051; x_wconf 89' lang='lat' dir='ltr'><strong>inimi</strong></span> <span class='ocrx_word' id='word_1_692' title='bbox 1352 5014 1502 5051; x_wconf 91' lang='lat' dir='ltr'><strong>orum</strong></span> <span class='ocrx_word' id='word_1_693' title='bbox 1545 4997 1793 5051; x_wconf 82' lang='lat' dir='ltr'><strong>sustinuit</strong></span> 
     </span>
    </p>
   </div>
   <div class='ocr_carea' id='block_1_98' title="bbox 230 5080 1791 5158">
    <p class='ocr_par' dir='ltr' id='par_1_98' title="bbox 230 5080 1791 5158">
     <span class='ocr_line' id='line_1_98' title="bbox 230 5080 1791 5158; baseline 0.007 -26"><span class='ocrx_word' id='word_1_694' title='bbox 230 5080 559 5152; x_wconf 73' lang='lat' dir='ltr'><strong>insolentius,</strong></span> <span class='ocrx_word' id='word_1_695' title='bbox 607 5090 799 5156; x_wconf 81' lang='lat' dir='ltr'><strong>quibus</strong></span> <span class='ocrx_word' id='word_1_696' title='bbox 845 5089 1099 5143; x_wconf 90' lang='lat' dir='ltr'><strong>laboravit</strong></span> <span class='ocrx_word' id='word_1_697' title='bbox 1154 5092 1601 5155; x_wconf 77' lang='lat' dir='ltr'><strong>inunissionilms,</strong></span> <span class='ocrx_word' id='word_1_698' title='bbox 1648 5091 1791 5158; x_wconf 89' lang='lat' dir='ltr'><strong>quali</strong></span> 
     </span>
    </p>
   </div>
   <div class='ocr_carea' id='block_1_99' title="bbox 234 5179 1790 5252">
    <p class='ocr_par' dir='ltr' id='par_1_99' title="bbox 234 5179 1790 5252">
     <span class='ocr_line' id='line_1_99' title="bbox 234 5179 1790 5252; baseline 0.001 -19"><span class='ocrx_word' id='word_1_699' title='bbox 234 5179 469 5242; x_wconf 76' lang='lat' dir='ltr'><strong>procellas</strong></span> <span class='ocrx_word' id='word_1_700' title='bbox 510 5181 866 5249; x_wconf 87' lang='lat' dir='ltr'><strong>pessimorum</strong></span> <span class='ocrx_word' id='word_1_701' title='bbox 912 5183 1104 5237; x_wconf 80' lang='lat' dir='ltr'><strong>virtute</strong></span> <span class='ocrx_word' id='word_1_702' title='bbox 1158 5183 1511 5252; x_wconf 82' lang='lat' dir='ltr'><strong>contempsit,</strong></span> <span class='ocrx_word' id='word_1_703' title='bbox 1558 5183 1622 5235; x_wconf 91' lang='lat' dir='ltr'><strong>ad</strong></span> <span class='ocrx_word' id='word_1_704' title='bbox 1676 5184 1790 5235; x_wconf 73' lang='lat' dir='ltr'><strong>Itazc</strong></span> 
     </span>
    </p>
   </div>
   <div class='ocr_carea' id='block_1_100' title="bbox 294 5308 1790 5381">
    <p class='ocr_par' dir='ltr' id='par_1_100' title="bbox 294 5308 1790 5381">
     <span class='ocr_line' id='line_1_100' title="bbox 294 5308 1790 5381; baseline 0.004 -19"><span class='ocrx_word' id='word_1_705' title='bbox 294 5308 487 5381; x_wconf 37' lang='lat' dir='ltr'><strong>{Tufa}</strong></span> <span class='ocrx_word' id='word_1_706' title='bbox 518 5312 749 5381; x_wconf 71' lang='lat' dir='ltr'><strong>Liguria:</strong></span> <span class='ocrx_word' id='word_1_707' title='bbox 776 5322 931 5377; x_wconf 79' lang='lat' dir='ltr'><strong>atpie</strong></span> <span class='ocrx_word' id='word_1_708' title='bbox 961 5314 1191 5368; x_wconf 57' lang='lat' dir='ltr'><strong>ZEmilim</strong></span> <span class='ocrx_word' id='word_1_709' title='bbox 1222 5314 1541 5378; x_wconf 88' lang='lat' dir='ltr'><strong>consularis,</strong></span> <span class='ocrx_word' id='word_1_710' title='bbox 1575 5324 1628 5367; x_wconf 91' lang='lat' dir='ltr'><strong>ut</strong></span> <span class='ocrx_word' id='word_1_711' title='bbox 1657 5330 1790 5368; x_wconf 88' lang='lat' dir='ltr'><strong>non-</strong></span> 
     </span>
    </p>
   </div>
   <div class='ocr_carea' id='block_1_101' title="bbox 233 5375 1714 5450">
    <p class='ocr_par' dir='ltr' id='par_1_101' title="bbox 233 5375 1714 5450">
     <span class='ocr_line' id='line_1_101' title="bbox 233 5375 1714 5450; baseline 0.007 -24"><span class='ocrx_word' id='word_1_712' title='bbox 233 5375 605 5450; x_wconf 34' lang='lat' dir='ltr'><strong>Dabitr-adurit:</strong></span> <span class='ocrx_word' id='word_1_713' title='bbox 636 5383 828 5435; x_wconf 84' lang='lat' dir='ltr'><strong>Incidit</strong></span> <span class='ocrx_word' id='word_1_714' title='bbox 850 5375 973 5450; x_wconf 83' lang='lat' dir='ltr'><strong>ejus</strong></span> <span class='ocrx_word' id='word_1_715' title='bbox 1021 5386 1247 5438; x_wconf 91' lang='lat' dir='ltr'><strong>defectio</strong></span> <span class='ocrx_word' id='word_1_716' title='bbox 1282 5386 1331 5437; x_wconf 90' lang='lat' dir='ltr'><strong>in</strong></span> <span class='ocrx_word' id='word_1_717' title='bbox 1362 5375 1558 5438; x_wconf 87' lang='lat' dir='ltr'><strong>annum</strong></span> <span class='ocrx_word' id='word_1_718' title='bbox 1594 5386 1714 5439; x_wconf 71' lang='grc'><strong>490.</strong></span> 
     </span>
    </p>
   </div>
   <div class='ocr_carea' id='block_1_102' title="bbox 230 5446 1788 5569">
    <p class='ocr_par' dir='ltr' id='par_1_102' title="bbox 230 5446 1788 5569">
     <span class='ocr_line' id='line_1_102' title="bbox 230 5446 1788 5567; baseline 0.007 -70"><span class='ocrx_word' id='word_1_719' title='bbox 230 5446 471 5567; x_wconf 49' lang='lat' dir='ltr'><strong>ﬁgulum</strong></span> <span class='ocrx_word' id='word_1_720' title='bbox 500 5453 806 5507; x_wconf 56' lang='lat' dir='ltr'><strong>dissidentes</strong></span> <span class='ocrx_word' id='word_1_721' title='bbox 828 5446 1105 5525; x_wconf 74' lang='lat' dir='ltr'><strong>principes]</strong></span> <span class='ocrx_word' id='word_1_722' title='bbox 1137 5456 1434 5509; x_wconf 83' lang='lat' dir='ltr'><strong>Odoacrem</strong></span> <span class='ocrx_word' id='word_1_723' title='bbox 1465 5464 1520 5509; x_wconf 91' lang='lat' dir='ltr'><strong>et</strong></span> <span class='ocrx_word' id='word_1_724' title='bbox 1544 5455 1584 5508; x_wconf 83' lang='grc' dir='ltr'>Τ</span> <span class='ocrx_word' id='word_1_725' title='bbox 1592 5454 1788 5509; x_wconf 85' lang='lat' dir='ltr'><strong>beode-</strong></span> 
     </span>
     <span class='ocr_line' id='line_1_103' title="bbox 337 5534 397 5569; baseline 0 0"><span class='ocrx_word' id='word_1_726' title='bbox 337 5534 397 5569; x_wconf 82' lang='lat' dir='ltr'><strong>in.</strong></span> 
     </span>
    </p>
   </div>
   <div class='ocr_carea' id='block_1_103' title="bbox 293 5559 1681 5660">
    <p class='ocr_par' dir='ltr' id='par_1_103' title="bbox 293 5583 1681 5660">
     <span class='ocr_line' id='line_1_104' title="bbox 293 5583 1681 5660; baseline 0.003 -18"><span class='ocrx_word' id='word_1_727' title='bbox 293 5583 509 5660; x_wconf 36' lang='lat' dir='ltr'><strong>{Civitas</strong></span> <span class='ocrx_word' id='word_1_728' title='bbox 532 5586 819 5649; x_wconf 67' lang='lat' dir='ltr'><strong>Ticinensis</strong></span> <span class='ocrx_word' id='word_1_729' title='bbox 850 5593 1005 5660; x_wconf 75' lang='lat' dir='ltr'><strong>lingis</strong></span> <span class='ocrx_word' id='word_1_730' title='bbox 1037 5605 1107 5644; x_wconf 80' lang='lat' dir='ltr'><strong>est</strong></span> <span class='ocrx_word' id='word_1_731' title='bbox 1136 5594 1345 5647; x_wconf 77' lang='lat' dir='ltr'><strong>traditul</strong></span> <span class='ocrx_word' id='word_1_732' title='bbox 1380 5595 1526 5645; x_wconf 62' lang='lat' dir='ltr'><strong>Anno</strong></span> <span class='ocrx_word' id='word_1_733' title='bbox 1558 5592 1681 5646; x_wconf 63' lang='grc' dir='ltr'><strong>ΝΞ.</strong></span> 
     </span>
    </p>
   </div>
   <div class='ocr_carea' id='block_1_104' title="bbox 289 5652 1183 5731">
    <p class='ocr_par' dir='ltr' id='par_1_104' title="bbox 289 5652 1183 5731">
     <span class='ocr_line' id='line_1_105' title="bbox 289 5652 1183 5731; baseline 0.002 -18"><span class='ocrx_word' id='word_1_734' title='bbox 289 5652 314 5687; x_wconf 71' lang='grc'><strong>⁸</strong></span> <span class='ocrx_word' id='word_1_735' title='bbox 334 5659 525 5717; x_wconf 73' lang='lat' dir='ltr'><strong>Schott.</strong></span> <span class='ocrx_word' id='word_1_736' title='bbox 557 5675 612 5716; x_wconf 92' lang='lat' dir='ltr'><strong>et</strong></span> <span class='ocrx_word' id='word_1_737' title='bbox 648 5652 1183 5731; x_wconf 47' lang='lat' dir='ltr'><strong>“Quand”vtllllgﬂts.</strong></span> 
     </span>
    </p>
   </div>
   <div class='ocr_carea' id='block_1_105' title="bbox 1889 4551 3466 4620">
    <p class='ocr_par' dir='ltr' id='par_1_105' title="bbox 1889 4551 3466 4620">
     <span class='ocr_line' id='line_1_106' title="bbox 1889 4551 3466 4620; baseline 0.002 -17"><span class='ocrx_word' id='word_1_738' title='bbox 1889 4551 2121 4620; x_wconf 85' lang='lat' dir='ltr'><strong>jacebat.</strong></span> <span class='ocrx_word' id='word_1_739' title='bbox 2157 4553 2318 4606; x_wconf 73' lang='lat' dir='ltr'><strong>l’ltur</strong></span> <span class='ocrx_word' id='word_1_740' title='bbox 2371 4568 2553 4607; x_wconf 87' lang='lat' dir='ltr'><strong>rursus</strong></span> <span class='ocrx_word' id='word_1_741' title='bbox 2603 4552 2667 4605; x_wconf 91' lang='lat' dir='ltr'><strong>ad</strong></span> <span class='ocrx_word' id='word_1_742' title='bbox 2724 4551 2868 4604; x_wconf 91' lang='lat' dir='ltr'><strong>illum</strong></span> <span class='ocrx_word' id='word_1_743' title='bbox 2912 4551 3000 4619; x_wconf 90' lang='lat' dir='ltr'><strong>qui</strong></span> <span class='ocrx_word' id='word_1_744' title='bbox 3055 4565 3211 4603; x_wconf 89' lang='lat' dir='ltr'><strong>mann</strong></span> <span class='ocrx_word' id='word_1_745' title='bbox 3264 4551 3466 4606; x_wconf 66' lang='lat' dir='ltr'><strong>medica</strong></span> 
     </span>
    </p>
   </div>
   <div class='ocr_carea' id='block_1_106' title="bbox 1896 4637 3467 4708">
    <p class='ocr_par' dir='ltr' id='par_1_106' title="bbox 1896 4637 3467 4708">
     <span class='ocr_line' id='line_1_107' title="bbox 1896 4637 3467 4708; baseline -0.003 -15"><span class='ocrx_word' id='word_1_746' title='bbox 1896 4643 2124 4708; x_wconf 89' lang='lat' dir='ltr'><strong>publicis</strong></span> <span class='ocrx_word' id='word_1_747' title='bbox 2168 4650 2520 4697; x_wconf 72' lang='lat' dir='ltr'><strong>consueverat</strong></span> <span class='ocrx_word' id='word_1_748' title='bbox 2579 4640 2863 4693; x_wconf 90' lang='lat' dir='ltr'><strong>subvenire</strong></span> <span class='ocrx_word' id='word_1_749' title='bbox 2911 4637 3218 4691; x_wconf 91' lang='lat' dir='ltr'><strong>vulneribus</strong></span> <span class='ocrx_word' id='word_1_750' title='bbox 3263 4654 3275 4688; x_wconf 88' lang='lat'><strong>:</strong></span> <span class='ocrx_word' id='word_1_751' title='bbox 3318 4638 3467 4705; x_wconf 83' lang='lat' dir='ltr'><strong>cujus</strong></span> 
     </span>
    </p>
   </div>
   <div class='ocr_carea' id='block_1_107' title="bbox 1894 4726 3465 4798">
    <p class='ocr_par' dir='ltr' id='par_1_107' title="bbox 1894 4726 3465 4798">
     <span class='ocr_line' id='line_1_108' title="bbox 1894 4726 3465 4798; baseline -0.003 -15"><span class='ocrx_word' id='word_1_752' title='bbox 1894 4726 2037 4784; x_wconf 86' lang='lat' dir='ltr'><strong>fonte</strong></span> <span class='ocrx_word' id='word_1_753' title='bbox 2066 4746 2420 4785; x_wconf 64' lang='lat' dir='ltr'><strong>aerumnarum</strong></span> <span class='ocrx_word' id='word_1_754' title='bbox 2448 4745 2590 4798; x_wconf 71' lang='lat' dir='ltr'><strong>sazpe</strong></span> <span class='ocrx_word' id='word_1_755' title='bbox 2622 4731 2792 4782; x_wconf 90' lang='lat' dir='ltr'><strong>fuerat</strong></span> <span class='ocrx_word' id='word_1_756' title='bbox 2820 4728 2979 4781; x_wconf 85' lang='lat' dir='ltr'><strong>ardor</strong></span> <span class='ocrx_word' id='word_1_757' title='bbox 3015 4726 3327 4780; x_wconf 77' lang='lat' dir='ltr'><strong>exStiuctus.</strong></span> <span class='ocrx_word' id='word_1_758' title='bbox 3366 4728 3465 4793; x_wconf 86' lang='lat' dir='ltr'><strong>Qui</strong></span> 
     </span>
    </p>
   </div>
   <div class='ocr_carea' id='block_1_108' title="bbox 1893 4819 3466 4879">
    <p class='ocr_par' dir='ltr' id='par_1_108' title="bbox 1893 4819 3466 4879">
     <span class='ocr_line' id='line_1_109' title="bbox 1893 4819 3466 4879; baseline -0.003 -1"><span class='ocrx_word' id='word_1_759' title='bbox 1893 4825 2017 4879; x_wconf 89' lang='lat' dir='ltr'><strong>dum</strong></span> <span class='ocrx_word' id='word_1_760' title='bbox 2043 4842 2100 4879; x_wconf 91' lang='lat' dir='ltr'><strong>se</strong></span> <span class='ocrx_word' id='word_1_761' title='bbox 2126 4825 2329 4878; x_wconf 90' lang='lat' dir='ltr'><strong>diceret</strong></span> <span class='ocrx_word' id='word_1_762' title='bbox 2360 4824 2527 4876; x_wconf 91' lang='lat' dir='ltr'><strong>solum</strong></span> <span class='ocrx_word' id='word_1_763' title='bbox 2560 4823 2624 4875; x_wconf 85' lang='lat' dir='ltr'><strong>ad</strong></span> <span class='ocrx_word' id='word_1_764' title='bbox 2666 4831 2863 4873; x_wconf 89' lang='lat' dir='ltr'><strong>tantam</strong></span> <span class='ocrx_word' id='word_1_765' title='bbox 2906 4819 3167 4872; x_wconf 89' lang='lat' dir='ltr'><strong>sarcinam</strong></span> <span class='ocrx_word' id='word_1_766' title='bbox 3200 4824 3466 4874; x_wconf 82' lang='lat' dir='ltr'><strong>sustinen-</strong></span> 
     </span>
    </p>
   </div>
   <div class='ocr_carea' id='block_1_109' title="bbox 1894 4909 3467 4982">
    <p class='ocr_par' dir='ltr' id='par_1_109' title="bbox 1894 4909 3467 4982">
     <span class='ocr_line' id='line_1_110' title="bbox 1894 4909 3467 4982; baseline -0.004 -13"><span class='ocrx_word' id='word_1_767' title='bbox 1894 4916 2013 4970; x_wconf 88' lang='lat' dir='ltr'><strong>dam</strong></span> <span class='ocrx_word' id='word_1_768' title='bbox 2051 4929 2153 4968; x_wconf 88' lang='lat' dir='ltr'><strong>non</strong></span> <span class='ocrx_word' id='word_1_769' title='bbox 2185 4928 2340 4982; x_wconf 90' lang='lat' dir='ltr'><strong>posse</strong></span> <span class='ocrx_word' id='word_1_770' title='bbox 2368 4913 2635 4974; x_wconf 83' lang='lat' dir='ltr'><strong>sufficere,</strong></span> <span class='ocrx_word' id='word_1_771' title='bbox 2665 4917 2881 4976; x_wconf 84' lang='lat' dir='ltr'><strong>rogatur</strong></span> <span class='ocrx_word' id='word_1_772' title='bbox 2919 4909 3115 4976; x_wconf 82' lang='lat' dir='ltr'><strong>pariter</strong></span> <span class='ocrx_word' id='word_1_773' title='bbox 3145 4910 3467 4963; x_wconf 68' lang='lat' dir='ltr'><strong>venerabilis</strong></span> 
     </span>
    </p>
   </div>
   <div class='ocr_carea' id='block_1_110' title="bbox 1894 4996 3467 5065">
    <p class='ocr_par' dir='ltr' id='par_1_110' title="bbox 1894 4996 3467 5065">
     <span class='ocr_line' id='line_1_111' title="bbox 1894 4996 3467 5065; baseline -0.003 -7"><span class='ocrx_word' id='word_1_774' title='bbox 1894 5004 2212 5058; x_wconf 76' lang='lat' dir='ltr'><strong>Laurentius</strong></span> <span class='ocrx_word' id='word_1_775' title='bbox 2239 5000 2645 5055; x_wconf 56' lang='lat' dir='ltr'><strong>Mcdiolanensis</strong></span> <span class='ocrx_word' id='word_1_776' title='bbox 2662 4996 2943 5065; x_wconf 81' lang='lat' dir='ltr'><strong>cpiscopus</strong></span> <span class='ocrx_word' id='word_1_777' title='bbox 2969 5014 2980 5048; x_wconf 90' lang='lat'><strong>:</strong></span> <span class='ocrx_word' id='word_1_778' title='bbox 3006 4998 3095 5065; x_wconf 89' lang='lat' dir='ltr'><strong>qui</strong></span> <span class='ocrx_word' id='word_1_779' title='bbox 3121 4997 3341 5065; x_wconf 88' lang='lat' dir='ltr'><strong>profecti</strong></span> <span class='ocrx_word' id='word_1_780' title='bbox 3366 5012 3467 5053; x_wconf 82' lang='lat' dir='ltr'><strong>una</strong></span> 
     </span>
    </p>
   </div>
   <div class='ocr_carea' id='block_1_111' title="bbox 1898 5087 3467 5159">
    <p class='ocr_par' dir='ltr' id='par_1_111' title="bbox 1898 5087 3467 5159">
     <span class='ocr_line' id='line_1_112' title="bbox 1898 5087 3467 5159; baseline -0.003 -14"><span class='ocrx_word' id='word_1_781' title='bbox 1898 5094 2205 5147; x_wconf 79' lang='lat' dir='ltr'><strong>Ravennam</strong></span> <span class='ocrx_word' id='word_1_782' title='bbox 2234 5093 2391 5145; x_wconf 90' lang='lat' dir='ltr'><strong>etiam</strong></span> <span class='ocrx_word' id='word_1_783' title='bbox 2421 5090 2617 5159; x_wconf 83' lang='lat' dir='ltr'><strong>pariter</strong></span> <span class='ocrx_word' id='word_1_784' title='bbox 2647 5097 3029 5156; x_wconf 86' lang='lat' dir='ltr'><strong>pervenerunt,</strong></span> <span class='ocrx_word' id='word_1_785' title='bbox 3057 5087 3290 5154; x_wconf 87' lang='lat' dir='ltr'><strong>suscepti</strong></span> <span class='ocrx_word' id='word_1_786' title='bbox 3316 5104 3467 5141; x_wconf 81' lang='lat' dir='ltr'><strong>reve-</strong></span> 
     </span>
    </p>
   </div>
   <div class='ocr_carea' id='block_1_112' title="bbox 1893 5178 3465 5253">
    <p class='ocr_par' dir='ltr' id='par_1_112' title="bbox 1893 5178 3465 5253">
     <span class='ocr_line' id='line_1_113' title="bbox 1893 5178 3465 5253; baseline -0.006 -12"><span class='ocrx_word' id='word_1_787' title='bbox 1893 5196 2095 5241; x_wconf 88' lang='lat' dir='ltr'><strong>rentcr.</strong></span> <span class='ocrx_word' id='word_1_788' title='bbox 2147 5185 2429 5253; x_wconf 76' lang='lat' dir='ltr'><strong>P0stquam</strong></span> <span class='ocrx_word' id='word_1_789' title='bbox 2478 5181 2585 5235; x_wconf 92' lang='lat' dir='ltr'><strong>illis</strong></span> <span class='ocrx_word' id='word_1_790' title='bbox 2634 5178 2827 5247; x_wconf 77' lang='lat' dir='ltr'><strong>agendi</strong></span> <span class='ocrx_word' id='word_1_791' title='bbox 2869 5178 3045 5232; x_wconf 91' lang='lat' dir='ltr'><strong>aditus</strong></span> <span class='ocrx_word' id='word_1_792' title='bbox 3093 5178 3334 5233; x_wconf 62' lang='lat' dir='ltr'><strong>reclusus</strong></span> <span class='ocrx_word' id='word_1_793' title='bbox 3366 5189 3465 5241; x_wconf 92' lang='lat' dir='ltr'><strong>est,</strong></span> 
     </span>
    </p>
   </div>
   <div class='ocr_carea' id='block_1_113' title="bbox 1964 5310 3463 5382">
    <p class='ocr_par' dir='ltr' id='par_1_113' title="bbox 1964 5310 3463 5382">
     <span class='ocr_line' id='line_1_114' title="bbox 1964 5310 3463 5382; baseline -0.009 -11"><span class='ocrx_word' id='word_1_794' title='bbox 1964 5321 1985 5351; x_wconf 79' lang='grc'><strong>⁵</strong></span> <span class='ocrx_word' id='word_1_795' title='bbox 2018 5317 2131 5371; x_wconf 82' lang='lat' dir='ltr'><strong>Itur</strong></span> <span class='ocrx_word' id='word_1_796' title='bbox 2155 5333 2329 5370; x_wconf 77' lang='lat' dir='ltr'><strong>rursus</strong></span> <span class='ocrx_word' id='word_1_797' title='bbox 2358 5320 2423 5366; x_wconf 83' lang='lat' dir='ltr'><strong>ad</strong></span> <span class='ocrx_word' id='word_1_798' title='bbox 2460 5310 2625 5382; x_wconf 77' lang='lat' dir='ltr'><strong>illum]</strong></span> <span class='ocrx_word' id='word_1_799' title='bbox 2654 5312 2828 5365; x_wconf 89' lang='lat' dir='ltr'><strong>Tertia</strong></span> <span class='ocrx_word' id='word_1_800' title='bbox 2859 5312 2973 5365; x_wconf 73' lang='lat' dir='ltr'><strong>btcc</strong></span> <span class='ocrx_word' id='word_1_801' title='bbox 3005 5311 3285 5382; x_wconf 77' lang='lat' dir='ltr'><strong>Epipltanii</strong></span> <span class='ocrx_word' id='word_1_802' title='bbox 3320 5311 3463 5375; x_wconf 70' lang='lat' dir='ltr'><strong>lcga-</strong></span> 
     </span>
    </p>
   </div>
   <div class='ocr_carea' id='block_1_114' title="bbox 1893 5380 3463 5454">
    <p class='ocr_par' dir='ltr' id='par_1_114' title="bbox 1893 5380 3463 5454">
     <span class='ocr_line' id='line_1_115' title="bbox 1893 5380 3463 5454; baseline -0.01 -11"><span class='ocrx_word' id='word_1_803' title='bbox 1893 5390 1989 5452; x_wconf 87' lang='lat' dir='ltr'><strong>tio,</strong></span> <span class='ocrx_word' id='word_1_804' title='bbox 2020 5390 2070 5441; x_wconf 92' lang='lat' dir='ltr'><strong>in</strong></span> <span class='ocrx_word' id='word_1_805' title='bbox 2110 5402 2210 5454; x_wconf 89' lang='lat' dir='ltr'><strong>qua</strong></span> <span class='ocrx_word' id='word_1_806' title='bbox 2243 5386 2495 5451; x_wconf 80' lang='lat' dir='ltr'><strong>collegam</strong></span> <span class='ocrx_word' id='word_1_807' title='bbox 2521 5380 2722 5454; x_wconf 85' lang='lat' dir='ltr'><strong>babttit</strong></span> <span class='ocrx_word' id='word_1_808' title='bbox 2768 5380 3108 5454; x_wconf 80' lang='lat' dir='ltr'><strong>Laurentium</strong></span> <span class='ocrx_word' id='word_1_809' title='bbox 3157 5382 3463 5454; x_wconf 71' lang='lat' dir='ltr'><strong>episcopum</strong></span> 
     </span>
    </p>
   </div>
   <div class='ocr_carea' id='block_1_115' title="bbox 1894 5447 3468 5523">
    <p class='ocr_par' dir='ltr' id='par_1_115' title="bbox 1894 5447 3468 5523">
     <span class='ocr_line' id='line_1_116' title="bbox 1894 5447 3468 5523; baseline -0.009 -10"><span class='ocrx_word' id='word_1_810' title='bbox 1894 5447 2363 5515; x_wconf 82' lang='lat' dir='ltr'><strong>Mediolanensem,</strong></span> <span class='ocrx_word' id='word_1_811' title='bbox 2383 5447 2455 5505; x_wconf 75' lang='lat' dir='ltr'><strong>ad</strong></span> <span class='ocrx_word' id='word_1_812' title='bbox 2490 5453 2895 5509; x_wconf 76' lang='lat' dir='ltr'><strong>Theodericum.</strong></span> <span class='ocrx_word' id='word_1_813' title='bbox 2926 5450 2992 5503; x_wconf 91' lang='lat' dir='ltr'><strong>de</strong></span> <span class='ocrx_word' id='word_1_814' title='bbox 3022 5447 3324 5511; x_wconf 68' lang='lat' dir='ltr'><strong>abroganda</strong></span> <span class='ocrx_word' id='word_1_815' title='bbox 3351 5448 3468 5523; x_wconf 46' lang='grc' dir='ltr'><strong>μκή</strong></span> 
     </span>
    </p>
   </div>
   <div class='ocr_carea' id='block_1_116' title="bbox 1932 5514 3465 5588">
    <p class='ocr_par' dir='ltr' id='par_1_116' title="bbox 1932 5514 3465 5588">
     <span class='ocr_line' id='line_1_117' title="bbox 1932 5514 3465 5588; baseline -0.008 -9"><span class='ocrx_word' id='word_1_816' title='bbox 1932 5542 2049 5579; x_wconf 86' lang='lat' dir='ltr'><strong>nam</strong></span> <span class='ocrx_word' id='word_1_817' title='bbox 2083 5514 2471 5578; x_wconf 73' lang='lat' dir='ltr'><strong>adversuscos</strong></span> <span class='ocrx_word' id='word_1_818' title='bbox 2519 5525 2707 5575; x_wconf 89' lang='lat' dir='ltr'><strong>tulerat</strong></span> <span class='ocrx_word' id='word_1_819' title='bbox 2753 5523 2838 5588; x_wconf 85' lang='lat' dir='ltr'><strong>qui</strong></span> <span class='ocrx_word' id='word_1_820' title='bbox 2891 5526 3199 5572; x_wconf 87' lang='lat' dir='ltr'><strong>stcteranta</strong></span> <span class='ocrx_word' id='word_1_821' title='bbox 3230 5514 3465 5583; x_wconf 85' lang='lat' dir='ltr'><strong>partibus</strong></span> 
     </span>
    </p>
   </div>
   <div class='ocr_carea' id='block_1_117' title="bbox 1939 5596 2167 5650">
    <p class='ocr_par' dir='ltr' id='par_1_117' title="bbox 1939 5596 2167 5650">
     <span class='ocr_line' id='line_1_118' title="bbox 1939 5596 2167 5650; baseline -0.013 0"><span class='ocrx_word' id='word_1_822' title='bbox 1939 5596 2167 5650; x_wconf 87' lang='lat' dir='ltr'><strong>doacris.</strong></span> 
     </span>
    </p>
   </div>
  </div>
