4192 6260
693 289 871 364 227'

1831 314 2099 370 ENNODlI
2134 312 2432 369 EPISCOI’I
2472 314 2645 369 TICIN
2657 314 2846 373 ENSIS

3834 315 3941 379 ἳίὶά

693 442 883 498 beatus
913 443 1226 496 Laurentius
1256 445 1614 497 necessarium
1645 445 1795 497 duxit
1825 446 1899 498 illi
1934 445 2269 512 potissimum
2298 448 2349 505 Α
2377 458 2648 498 accessum
2677 462 2687 497 :
2721 455 2775 499 et
2804 446 2943 498 inter
2973 458 3059 499 res
3084 442 3105 475 ⁸
3127 444 3261 497 duas
3290 446 3558 497 nascentis
3590 444 3823 512 itnperii,
3848 449 3953 516 pie-

694 532 976 598 perorandi
1019 532 1225 598 copiam
1273 532 1411 595 dari,
1441 533 1592 600 cujus
1641 535 1861 601 vestigia
1910 533 2269 601 frequentium

694 616 1016 685 legationum
1065 619 1363 672 laboriosus
1411 608 1558 674 eallis
1604 623 1905 686 attriverat,
1936 631 1989 676 et
2033 639 2124 689 per
2164 634 2273 675 tra-

694 706 875 758 mitem
921 706 1285 773 hujuscemodi
1324 708 1531 764 itineris
1571 713 1915 766 cursitantem
1955 728 2061 766 non
2103 714 2271 767 semel

692 792 957 860 hispidum
983 796 1273 849 castrensis
1298 798 1467 864 pulvis
1488 798 1735 852 eﬂ'ecerat
1759 816 1771 851 :
1796 799 1885 868 qui
1917 800 2004 851 tali
2032 799 2270 867 publicas

693 884 975 951 petitiones
1016 894 1097 937 est
1145 886 1351 941 orditus
1398 889 1630 956 eloquio.
1669 908 1686 939 ii
1725 891 1984 954 Quantus,
2035 891 2272 944 invictis-

691 971 828 1025 sime
870 973 1134 1041 princeps,
1182 990 1273 1041 per
1312 976 1725 1032 innumerabiles
1768 994 2052 1033 successus
2106 980 2272 1035 felici-

697 1068 858 1114 tatem
904 1072 1044 1114 tuam
1088 1063 1235 1116 favor
1279 1064 1491 1117 divinus
1530 1069 1788 1133 erexerit,
1821 1071 1863 1121 si
1898 1083 1993 1137 per
2028 1068 2267 1123 ordinem

706 1150 973 1218 relegam,
1010 1151 1025 1181 ¹
1069 1153 1314 1219 agnoscis
1366 1163 1416 1207 te
1451 1166 1714 1225 _votorum
1766 1172 2015 1225 parcum,
2066 1158 2269 1227 majora

689 1251 906 1306 semper
925 1255 953 1291 a
976 1239 1082 1293 Deo
1113 1251 1295 1294 nostro
1318 1242 1573 1296 beneficia
1591 1246 1862 1314 accepisse
1882 1262 2039 1316 quant
2058 1259 2271 1316 optasse

688 1330 1023 1384 memineris.
1072 1332 1279 1386 Sullicit
1323 1344 1497 1389 tamen
1548 1337 1649 1389 hoc
1695 1354 1858 1391 unum
1906 1354 2144 1403 narrare,
2179 1342 2271 1394 Sed

688 1421 1013 1482 maximum,
1056 1421 1197 1487 quod
1249 1423 1388 1488 apud
1435 1434 1485 1476 te
1527 1426 1820 1492 principem
1875 1427 1943 1478 ibi
1994 1440 2270 1482 servorum

688 1518 900 1562 tuorutn
941 1522 1130 1561 causas
1169 1510 1410 1577 agimus,
1458 1510 1547 1564 ubi
1600 1513 1803 1567 solebat
1854 1512 2101 1567 inimicus
2152 1526 2272 1569 tuus

689 1594 847 1663 hujus
895 1594 1015 1649 solii
1064 1597 1406 1664 possessione
1457 1600 1710 1667 gaudere.
1762 1602 1935 1656 Habes
1988 1605 2270 1669 plurimum

686 1684 901 1740 Christo
932 1686 1273 1755 iledemptori
1302 1698 1485 1741 nostro
1515 1690 1654 1758 quod
1691 1693 1888 1746 debeas
1918 1709 2054 1765 apro
2079 1695 2271 1762 quibus

2377 538 2497 589 tatis
2520 537 2856 591 dulcedinem
2886 551 3123 590 censura-
3157 536 3300 603 pellit
3329 536 3545 588 utilitas.
3578 537 3949 604 Exemplorum

2374 627 2668 680 caalestium
2715 628 3025 680 testimonio
3045 626 3073 656 ’⁸
3111 614 3321 679 :itl‘ectio
3366 642 3480 679 mea
3528 628 3736 679 nititur.
3777 628 3948 681 θίγε..-

2375 718 2519 772 disse
2548 717 2770 786 legimus
2804 716 3113 784 principem,
3138 717 3221 782 qui
3254 716 3465 770 cazlitus
3490 715 3810 771 destinatum
3853 735 3947 771 nec

2377 807 2645 861 inimicum
2697 806 2947 858 subduxit
2994 806 3201 858 exitio:
3238 821 3445 872 poenam
3494 806 3690 857 meruit
3739 805 3943 873 lenitas,

2375 912 2529 966 quam
2564 896 2730 962 potuit
2770 896 3006 947 intulisse
3044 895 3305 948 districtio
3334 912 3346 945 :
3382 894 3635 947 ultionem
3677 897 3946 963 suscepit,

2375 985 2464 1053 qui
2489 986 2749 1039 detrectat
2780 984 3002 1037 inferre.
3036 984 3153 1035 Vim
3184 983 3344 1036 divini
3372 983 3556 1050 judicii
3597 994 3687 1035 aut
3716 992 3948 1039 attenuat

2375 1088 2465 1129 aut
2492 1077 2807 1139 centemnit,
2840 1078 2927 1143 qui
2959 1074 3097 1127 hosti
3132 1088 3251 1139 suo,
3283 1089 3402 1127 eum
3432 1075 3652 1142 potitur,
3693 1074 3946 1146 indulget.

2374 1166 2583 1221 Justitia
2610 1166 2888 1220 coercendi
2920 1173 3066 1229 sunt,
3094 1177 3227 1233 quos
3253 1176 3464 1219 coostat
3490 1166 3713 1234 gratiam
3742 1180 3847 1221 non
3868 1184 3949 1221 se-

2374 1263 2547 1309 cutos.
2578 1254 2716 1309 Vitia
2752 1255 3062 1307 transmittit
3090 1256 3155 1307 ad
3189 1258 3453 1322 posteros,
3477 1256 3565 1324 qui
3601 1256 3949 1324 praesentibus

2372 1347 2545 1412 culpis
2581 1348 2823 1414 ignoscit.
2853 1346 2984 1399 Nam
3006 1345 3144 1415 quod
3168 1347 3232 1398 de
3260 1346 3635 1414 Redemptoris
3664 1350 3828 1402 nostri
3862 1367 3947 1415 pa-

2378 1439 2562 1492 tientia
2613 1438 2865 1504 lojueris,
2922 1438 3041 1491 illos
3088 1453 3211 1492 vere
3248 1440 3586 1507 amplectitur
3632 1442 3709 1495 lac
3744 1442 3944 1509 gratim,

2374 1544 2507 1597 quos
2551 1529 2835 1583 austeritas
2876 1530 3007 1599 legis
3048 1530 3316 1583 informat.
3359 1524 3638 1600 Nunquam
3679 1548 3709 1586 a
3747 1535 3946 1587 medico

2374 1619 2439 1672 ad
2486 1620 2845 1687 plenissimam
2888 1625 3215 1675 curationem
3250 1638 3390 1690 aeger
3432 1624 3692 1678 adductus
3720 1634 3821 1690 est,
3850 1628 3944 1678 nisi

2373 1709 2441 1762 ab
2471 1711 2559 1761 illo
2592 1712 2679 1778 qui
2715 1711 2941 1777 primum
2969 1711 3143 1779 putria
3176 1712 3317 1765 ferro
3353 1713 3589 1766 membra
3620 1713 3877 1776 desecuit,
3900 1728 3945 1768 et

687 1790 958 1844 rogamus,
984 1777 1098 1843 ipse
1141 1778 1361 1845 '3'83'05
1399 1788 1501 1832 θεία
1544 1780 1845 1834 Cavendum
1893 1783 2043 1835 ιιοὺῖε
2074 1795 2177 1845 νει,
2204 1802 2268 1837 ηυ
2300 1809 2344 1867 Β
2374 1777 2623 1851 latentem
2659 1799 2867 1865 penitus
2896 1815 2927 1854 e
2955 1777 3073 1852 sinu
3104 1800 3364 1854 \iscerum
3416 1802 3663 1868 produxit
3692 1803 3940 1856 illuviem.

686 1863 984 1919 oﬂendatur
1027 1874 1214 1919 auctor
1263 1871 1527 1931 muneris,
1576 1870 1619 1922 si
1667 1872 1806 1938 quod
1860 1874 2108 1940 praestitit
2158 1891 2263 1928 non

685 1966 946 2007 amemus.
993 1952 1088 2005 Diu
1140 1956 1410 2023 suSpendo
1454 1956 1700 2010 fiduciam
1749 1975 1920 2012 meam
1948 1977 1960 2014 :
1989 1961 2158 2029 placrt
2194 1963 2271 2015 ire

686 2052 785 2112 per
827 2042 1069 2110 singula,
1104 2060 1220 2112 qua:
1270 2047 1426 2099 fando
1463 2048 1722 2114 comperi,
1753 2064 1974 2117 qumque
2027 2053 2269 2120 perSpesi

686 2134 979 2187 accessisse
1019 2136 1109 2186 tibi
1143 2134 1445 2188 Divioitatis
1476 2139 1495 2166 ³
1528 2137 1751 2189 auxilia.
1785 2138 1904 2191 Scis
1930 2155 2048 2207 qua:
2081 2150 2131 2192 te
2160 2142 2272 2208 pol-

688 2223 936 2277 licebaris
965 2235 1224 2289 acturum,
1255 2226 1465 2294 quando
1494 2228 1902 2282 confertissimis
1931 2230 2266 2285 inimicorum

697 2313 886 2368 cuneis
926 2314 1219 2380 urgebaris,
1250 2325 1303 2368 et
1341 2317 1484 2369 circa
1532 2334 1711 2372 mUIOS
1742 2319 2037 2373 Ticincnsis
2084 2323 2269 2375 civita-

687 2405 826 2455 tulzn.
854 2402 874 2431 ³
904 2402 1073 2455 hostis
1120 2404 1222 2457 tuis
1266 2404 1484 2473 clangor
1527 2417 1816 2475 streperet,
1852 2410 2062 2477 quando
2109 2415 2271 2464 aruis

683 2506 909 2545 numero
972 2491 1259 2547 adversarii
1321 2496 1719 2561 prmstantiores
1774 2501 2097 2565 subsistere,
2146 2504 2260 2556 sola

686 2588 859 2635 tecum
890 2580 1181 2636 dimicante
1213 2586 1430 2638 coalitus
1462 2586 1709 2640 invisibili
1743 2588 1957 2653 virtute,
1989 2607 2092 2643 non
2126 2601 2273 2658 pote-

685 2682 823 2727 rant.
863 2672 1107 2726 Audehat
1142 2682 1194 2727 te
1232 2675 1475 2742 aggredi,
1510 2678 1596 2744 qui
1646 2679 1913 2732 exercitus
1960 2691 2079 2733 tuos
2129 2680 2269 2733 nuda

684 2763 1036 2816 aastimatione
1086 2767 1392 2830 pensabat:
1436 2766 1753 2818 solatiorum
1808 2780 2018 2820 tuorum
2067 2769 2270 2833 pondus

685 2851 859 2904 omnis
890 2852 1119 2905 bellandi
1150 2867 1437 2921 apparatus
1473 2857 1740 2910 sustinere
1768 2874 1872 2909 non
1906 2859 2093 2912 valuit.
2122 2861 2267 2926 Quo-

686 2942 788 2996 ties
826 2943 1139 2998 utilitatibus
1177 2946 1281 2999 tuis
1326 2960 1421 2999 aer
1462 2948 1575 3015 ipse
1614 2950 1881 3013 servierit,
1913 2951 1955 3004 si
2001 2965 2268 3016 recenses,

687 3032 780 3085 tibi
829 3034 950 3086 cmli
1000 3048 1187 3088 serena
1238 3036 1619 3100 militaverunt,
1657 3040 1747 3091 tibi
1798 3056 2033 3095 convexa
2069 3044 2271 3109 pluvias

2376 1887 2476 1953 Qui
2506 1888 2823 1941 criminosus
2856 1890 3050 1955 patitur
3073 1890 3329 1958 impunite
3361 1892 3609 1954 transire,
3636 1892 3698 1941 all
3727 1892 3944 1943 crimina

2377 1978 2616 2032 hortatur
2647 1980 2906 2032 insontes.
2936 1980 3137 2033 Tamen
3164 1981 3283 2045 quia
3323 1981 3567 2046 precibus
3606 1982 3796 2033 vestris
3827 1982 3945 2047 qui.

2374 2068 2472 2121 bus
2512 2082 2744 2135 superna
2774 2070 3087 2131 assentiunt,
3122 2071 3386 2130 obsi~tere
3426 2081 3634 2124 terrena
3668 2086 3769 2121 non
3819 2085 3944 2139 pos-

2377 2168 2518 2223 suut,
2553 2160 2798 2212 omnibus
2823 2162 3144 2227 generaliter
3170 2176 3409 2214 errorem
3443 2161 3788 2212 dimittemus.
3819 2161 3943 2213 Nui-

2378 2247 2481 2300 Iius
2508 2259 2664 2316 caput
2696 2264 2830 2301 noxa
2862 2258 3181 2316 pr0sternet,
3212 2250 3461 2317 quoniam
3489 2253 3707 2315 polestis
3738 2262 3787 2303 et
3810 2251 3945 2317 apud

2380 2341 2542 2393 Deum
2578 2350 2817 2394 nostrum
2848 2355 3025 2409 agere,
3062 2353 3115 2394 ut
3141 2343 3413 2394 sceleratzr
3446 2355 3650 2394 mentes
3687 2356 3716 2393 a
3752 2357 3943 2409 propo-

2374 2430 2458 2482 siti
2495 2430 2575 2481 sui
2611 2430 2959 2497 perversitate
3004 2430 3299 2483 discedant.
3355 2431 3555 2483 Paucos
3601 2441 3775 2484 tamen
3819 2448 3946 2499 quos

2374 2520 2634 2571 malorum
2669 2520 2973 2573 incentores
3005 2520 3165 2573 fuisse
3192 2521 3435 2587 cognovi,
3468 2521 3701 2574 locorum
3732 2536 3946 2574 suorum

2374 2618 2574 2660 tantum
2609 2608 2934 2662 habitatione
2966 2610 3223 2676 privabo;
3259 2626 3324 2664 ne
3353 2611 3493 2663 forte
3522 2627 3820 2680 exsurgens
3859 2628 3947 2666 ne-

2373 2698 2594 2750 cessitas
2623 2697 2823 2750 vicinos
2855 2697 3087 2752 inveniat
3129 2700 3436 2762 nutritmea,
3468 2711 3522 2753 et
3561 2701 3820 2753 malorum
3853 2702 3945 2755 ad-

2369 2786 2481 2859 jnta
2507 2787 2840 2840 successibus
2870 2788 3002 2841 bella
3031 2798 3373 2856 consurgant.
3406 2810 3423 2841 ι
3462 2790 3547 2842 llis
3572 2792 3946 2858 pra-cellentis-

2374 2877 2541 2929 simus
2590 2892 2679 2929 rex
2728 2877 2916 2941 dictis,
2950 2878 2973 2908 ‘
3014 2877 3185 2931 virum
3236 2880 3651 2933 illustiissimam
3701 2881 3947 2935 l'rbicum

2371 2968 2531 3019 acciii
2574 2968 2749 3035 jubet,
2794 2969 2881 3036 qui
2926 2970 3169 3022 universa
3201 2970 3378 3036 palatii
3405 2972 3519 3037 ejus
3545 2986 3707 3024 onera
3742 2982 3948 3025 su~ten-

2375 3066 2510 3118 tans,
2546 3057 2858 3110 Ciceronem
2890 3058 3215 3125 eloquentia,
3247 3057 3502 3111 Catonem
3541 3061 3785 3127 mquilalc
3820 3076 3949 3128 pra:-

686 3134 783 3189 pro
810 3132 934 3175 voto
962 3121 1239 3177 fuderunt.
1273 3125 1404 3191 Quis
1434 3126 1683 3181 resistere
1732 3128 1935 3183 dextrae
1967 3142 2071 3184 tua:
2112 3148 2269 3186 ausus

2374 3155 2652 3198 cesserat:
2728 3148 2810 3198 cui
2860 3148 3108 3214 punct-pit
3154 3158 3211 3200 nt
3248 3150 3565 3215 generaliter
3615 3150 3951 3218 indulgentiae

688 3210 808 3275 fuit,
828 3220 883 3265 et
911 3228 1031 3267 cum
1062 3216 1231 3283 gratia
1260 3230 1487 3283 superna
1521 3222 1807 3287 pugnanti?
1834 3223 2043 3289 quoties
2074 3224 2271 3279 inimici

690 3303 770 3356 tui
789 3304 1097 3358 ceciderunt
1121 3309 1471 3362 mucronibus
1495 3311 1757 3363 sodalium
1787 3317 2041 3368 suorum?
2065 3319 2273 3384 quoties

690 3391 787 3443 tibi
816 3392 965 3455 vicit,
992 3393 1081 3460 qui
1111 3408 1205 3461 pro
1236 3394 1464 3448 hostium
1499 3408 1706 3452 tuorum
1740 3401 1970 3455 utilitate
1998 3407 2273 3459 certabat?

688 3478 783 3533 His
831 3494 960 3549 ergo
1005 3481 1161 3536 donis
1209 3484 1515 3538 cmlestibus
1563 3488 1980 3545 vii-issitudinem
2034 3494 2269 3561 impe..sa

688 3570 831 3624 circa
879 3571 1122 3626 homines
1167 3574 1366 3641 pietate
1412 3579 1649 3630 restitue.
1701 3580 1934 3648 Mysticm
1983 3584 2270 3637 oblationis

688 3648 997 3714 holocausta
1026 3674 1149 3715 sunt
1205 3667 1594 3733 supplicantqu
1628 3669 1896 3739 lacrymas
1938 3690 2040 3726 non
2071 3677 2268 3742 sperni.

689 3752 818 3805 Illud
849 3766 997 3807 certe
1026 3757 1313 3835 perpende,
1349 3759 1593 3825 qualibus
1624 3762 1674 3813 in
1708 3777 1872 3831 regno
1902 3767 2229 3820 successoris
2256 3787 2266 3819 :

688 3856 821 3911 quos
844 3843 912 3909 si,
943 3854 999 3897 ut
1030 3845 1219 3912 liquet,
1246 3850 1442 3902 malitia
1488 3853 1719 3916 cxjiulit,
1752 3867 1908 3907 casus
1940 3857 2147 3910 illorum
2182 3874 2272 3913 ne-

691 3950 845 3991 cesse
880 3947 980 4001 est,
1011 3948 1065 3991 ut
1110 3951 1394 4008 sequentes
1427 3943 1698 3999 informet.
1744 3947 1917 4001 Ruina
1968 3950 2271 4018 prmcedcn-

689 4034 797 4079 tum
829 4039 1069 4094 posteros
1098 4028 1254 4081 docet
1287 4048 1299 4082 :
1332 4032 1509 4085 cautio
1539 4046 1619 4086 est
1668 4052 1878 4104 semper
1910 4040 1960 4090 in
2005 4042 2266 4108 reYiqnum

689 4115 871 4182 lapsus
908 4116 1167 4170 anterior.
1199 4118 1313 4171 Non
1358 4121 1476 4175 sine
1524 4127 1770 4192 exemplo
1811 4128 2029 4191 militat,
2058 4132 2143 4197 qui
2190 4145 2272 4185 re-

687 4205 844 4271 Spicit
874 4220 977 4272 qua
1022 4220 1180 4258 causa
1224 4208 1480 4263 decessor
1506 4212 1709 4279 ejectus
1735 4225 1837 4268 est.
1883 4216 1976 4271 llis
2024 4217 2152 4273 l‘reta
2186 4220 2272 4274 Li-

614 4342 617 4345 .
685 4294 834 4362 guria
866 4304 1036 4347 vestra
1085 4296 1361 4351 nobiscum
1412 4300 1629 4367 profusa
1681 4305 1962 4373 supplicat,
1994 4320 2049 4361 ut
2097 4309 2269 4378 legunt

692 4392 982 4437 vestrarum
1037 4385 1293 4441 beneﬁcia
1340 4390 1419 4443 sic
1469 4393 1710 4446 tribuatis
1761 4397 2168 4465 innocentibus,
2218 4414 2272 4456 ut

2379 3237 2759 3303 pragmaticum
2808 3237 3167 3304 promulgaret
3194 3254 3206 3290 :
3239 3238 3378 3305 quod
3413 3240 3499 3292 ille
3530 3239 3592 3290 ad
3620 3255 3828 3293 omnem
3856 3241 3950 3295 be-

2377 3324 2689 3393 nignitatem
2721 3326 3087 3393 paratissimus
3128 3327 3267 3381 illico
3300 3336 3439 3380 tanta
3472 3329 3731 3383 brevitate
3759 3340 3813 3383 et
3837 3331 3953 3385 luce

2374 3420 2669 3482 contexuit,
2705 3430 2756 3470 ut
2780 3430 2834 3472 ct
2862 3420 2950 3471 illa
2982 3419 3255 3486 culparum
3288 3434 3482 3487 genera
3505 3432 3950 3488 cognosrezentur

2373 3505 2591 3573 abolit’a,
2622 3525 2741 3577 qua:
2772 3511 3090 3577 putabantur
3118 3510 3277 3564 fuisse
3308 3524 3599 3564 reservata.

2446 3600 2651 3653 ln‘erea
2691 3603 2947 3653 secretius
2979 3616 3068 3654 rex
3106 3601 3571 3668 pra-smmissimus
3618 3604 3949 3656 sacerdotem

2376 3690 2739 3745 venerandum
2770 3690 3119 3767 Epiphaninm
3151 3691 3374 3759 imperat
3398 3693 3600 3744 evocari
3633 3709 3644 3741 :
3671 3707 3828 3759 quem
3859 3695 3950 3745 tali

2374 3781 2660 3847 cmnpcllat
2692 3779 2849 3831 aﬂatu
2877 3796 2889 3831 :
2923 3799 2937 3829 ι
2972 3780 3162 3833 Jndicii
3202 3781 3377 3835 nostri
3408 3796 3470 3834 ex
3509 3781 3615 3847 ipsa
3657 3784 3950 3844 sententia,

2375 3869 2608 3936 gloriose
2628 3868 2868 3931 antistes,
2904 3871 3108 3937 pmi'dus
3128 3871 3383 3939 intellige,
3407 3882 3462 3924 ut
3483 3886 3597 3924 cum
3624 3879 3700 3923 tot
3720 3872 3769 3923 in
3797 3876 3952 3939 regni

2375 3960 2576 4012 circulo
2619 3960 2896 4028 politilices
2930 3975 3049 4013 csse
3093 3962 3388 4024 videantur,
3436 3972 3489 4015 tu
3539 3963 3870 4030 potissimum
3900 3965 3953 4017 in

2378 4058 2519 4102 ιειιιιει
2550 4065 2605 4103 re
2637 4051 2782 4115 quasi
2818 4051 3002 4104 unicus
3032 4052 3242 4118 eiigaris
3268 4068 3279 4102 :
3315 4066 3411 4104 nec
3441 4062 3689 4105 enervata
3720 4068 3811 4119 per
3841 4069 3953 4107 nie-

2379 4138 2538 4190 ritum
2595 4148 2738 4190 tuutn
2789 4139 3092 4206 hujusmodi
3138 4142 3489 4193 EDSllﬂiilltH‘es
3532 4142 3707 4195 il‘udit
3751 4144 3953 4209 opinio.

2374 4226 2532 4280 Solus
2557 4244 2677 4282 esse
2703 4229 2845 4296 jnste
2876 4231 3131 4294 crederis,
3168 4233 3319 4299 cujus
3354 4233 3660 4300 Splendorc,
3703 4246 3957 4295 tanquam

2373 4318 2544 4386 globis
2569 4320 2842 4372 lunaribus
2864 4321 3127 4373 minorum
3150 4322 3381 4375 siderum
3409 4324 3583 4375 lumen
3614 4326 3955 4389 obtenditur,

2374 4419 2429 4460 et
2470 4410 2689 4463 modica:
2739 4411 2869 4463 lucis
2921 4411 3053 4463 radii
3104 4410 3411 4480 prmiulgida
3457 4414 3798 4466 Conscientiae
3850 4425 3957 4468 tua:

689 4474 875 4529 noxios
925 4477 1236 4543 absolvatis.
1287 4479 1490 4549 Exigua
1529 4494 1609 4536 est
1647 4486 1785 4551 apud
1833 4488 1997 4541 Deum
2031 4504 2266 4545 nostrum
2303 4511 2349 4567 ι)
2376 4497 2496 4552 luce
2543 4499 2832 4553 iuseantur.
2863 4501 2993 4564 Quis
3037 4512 3240 4568 quaerat
3280 4504 3450 4555 noctis
3497 4505 3816 4570 lampadam,
3867 4507 3957 4558 ubi

684 4565 1079 4631 misericordia,
1106 4568 1151 4621 si
1182 4568 1298 4623 illos
1328 4579 1531 4625 tantum
1563 4575 1712 4628 laesio
1742 4592 1847 4630 non
1877 4592 2150 4647 sequatur,
2178 4588 2265 4651 qui

685 4668 836 4710 reatu
885 4668 1074 4711 carent
1106 4677 1119 4711 :
1150 4662 1334 4726 culpas
1376 4662 1642 4719 dimittere
1689 4667 1910 4723 caeleste
1940 4682 2049 4737 est;
2099 4675 2268 4729 vindi-

685 4762 807 4800 care
838 4757 1128 4802 terrenum.
1158 4770 1174 4801 ι
1214 4750 1339 4804 Post
1372 4755 1484 4807 lucc
1504 4756 1676 4812 siluit.

760 4840 827 4888 At
846 4840 1299 4895 eminentissimus
1322 4858 1415 4896 rex
1440 4846 1591 4901 inlit:
1626 4862 1730 4917 quo
1754 4851 2018 4919 loquente,
2048 4870 2076 4906 a
2105 4857 2264 4909 tonita

687 4924 758 4978 de
784 4926 1055 4983 voluntate
1080 4932 1194 4998 ejus
1220 4934 1381 4987 corda
1406 4952 1568 5003 pavor
1594 4943 1848 4995 arctabat.
1872 4961 1891 4993 ί
1912 4947 2161 5007 Quamvis
2191 4959 2262 5013 te,

687 5010 1006 5064 venerabilis
1035 5016 1304 5084 episcope.
1329 5034 1423 5087 pro
1448 5022 1754 5075 merito:um
1791 5035 1998 5079 tuorum
2028 5032 2142 5083 luce
2178 5010 2267 5083 su;

692 5112 735 5164 ε,
758 5097 933 5163 iciam,
962 5109 1015 5153 et
1039 5103 1198 5156 multa
1229 5109 1365 5179 apud
1398 5126 1481 5163 me
1507 5112 1831 5166 confusionis
1851 5122 2087 5179 tempore
2106 5135 2255 5186 repo-

693 5189 895 5241 suisses
926 5191 1200 5255 beneﬁcia,
1233 5198 1420 5263 quibus
1454 5201 1553 5253 frui
1586 5212 1635 5257 te
1666 5206 1922 5258 convenit‘
1965 5210 2266 5273 tranquilli-

693 5287 801 5333 tate
823 5292 1065 5334 rcvocata
1089 5298 1104 5334 :
1131 5288 1380 5353 regnandi
1414 5301 1585 5345 tamen
1615 5296 1904 5350 necessitas
1925 5314 2024 5365 qua
2049 5301 2265 5353 cont-lu-

690 5371 887 5437 diinur,
911 5372 1288 5428 misericordiae
1317 5392 1472 5445 quam
1502 5384 1713 5453 suades,
1744 5403 1846 5440 non
1874 5388 2066 5458 ubique
2086 5390 2268 5459 pandit

761 5506 779 5537 ⁸
816 5506 1077 5571 Bolland.,
1106 5523 1367 5574 ag'oscrs.

760 5576 781 5605 ⁸
815 5578 995 5629 δυΙιυι.
1023 5587 1075 5630 ct
1109 5578 1370 5640 liolland.,
1401 5584 1613 5635 auxilio.

764 5642 785 5672 ³
809 5646 989 5706 iidem,
1022 5648 1216 5700 lios'ilis
1248 5650 1379 5701 litui.

766 5710 788 5740 ’⁸
811 5716 987 5771 Schol.
1025 5728 1076 5771 ct
1110 5720 1264 5785 BolL,
1296 5721 1466 5774 durus.

2370 4590 2500 4644 solis
2524 4589 2683 4657 jubar
2712 4591 2992 4659 eiiulgorat
3014 4592 3036 4642 ’ξ
3068 4592 3185 4657 quis
3221 4593 3456 4646 candela:
3496 4595 3821 4660 prtcs'dinm.
3869 4597 3957 4647 nlii

2370 4680 2596 4733 caminis
2643 4682 3066 4735 indesinenlibus
3097 4682 3214 4734 ﬁdei
3250 4698 3377 4750 pyra
3424 4684 3810 4736 succenditur?
3854 4686 3959 4738 Po—

2372 4780 2574 4823 stremo
2607 4773 2762 4824 tafetn
2794 4786 2821 4822 a
2847 4786 2931 4824 me
2960 4781 3170 4838 oportet
3200 4772 3377 4840 diligi,
3411 4774 3620 4840 qualem
3653 4776 3959 4843 suscipiens

2369 4859 2599 4913 libenter
2622 4862 2907 4915 auscultet.
2936 4862 3094 4915 Vides
3117 4863 3359 4916 universa
3387 4865 3548 4917 ltali:e
3572 4867 3683 4917 loca
3714 4866 3959 4932 origina-

2369 4951 2465 5004 riis
2496 4951 2706 5004 viduata
2737 4954 3048 5006 cu'toribus.
3098 4955 3151 5005 In
3182 4956 3447 5007 tristitiam
3492 4971 3662 5008 meam
3706 4969 3957 5025 segetum

2370 5042 2518 5096 ferax
2555 5045 2734 5110 Splll‘iS
2764 5054 2921 5113 atque
2959 5045 3153 5112 injussa
3189 5048 3449 5114 plantaria
3491 5062 3710 5116 campus
3744 5064 3959 5117 appor-

2368 5140 2440 5185 tat
2468 5149 2480 5183 :
2510 5148 2557 5186 et
2584 5134 2670 5185 illa
2698 5144 2865 5188 mater
2885 5136 3127 5188 humanae
3157 5139 3351 5191 messis
3378 5139 3612 5206 Liguria,
3644 5140 3728 5192 cui
3756 5156 3955 5194 nume—

2367 5235 2485 5272 ru~a
2518 5224 2864 5290 agricolarum
2896 5226 3100 5279 solebat
3126 5239 3376 5281 constare
3408 5230 3711 5297 progenies,
3753 5232 3957 5285 orbata

2367 5318 2525 5376 atque
2561 5312 2759 5364 sterilis
2785 5314 3024 5381 jejunum
3054 5331 3084 5368 c
3119 5318 3308 5384 spitem
3336 5330 3471 5372 nosti
3489 5320 3530 5372 is
3560 5327 3820 5373 monSIrat
3854 5323 3959 5376 ob-

2371 5403 2589 5457 tutibus.
2618 5406 2921 5471 lnterpellat
2941 5425 3024 5462 me
3050 5418 3186 5462 terra
3226 5427 3542 5480 quocunque
3566 5414 3791 5481 rcSpicio
3818 5414 3959 5468 ube-

2439 5534 2461 5566 ⁸
2494 5535 2654 5600 Idem,
2686 5540 2913 5591 assertio.

2438 5605 2459 5635 ⁶
2500 5604 2554 5656 γ.
2583 5604 2629 5657 Ι.
2666 5608 2924 5676 Uriicum]
2979 5610 3307 5672 ancstorrtn
3349 5612 3480 5663 sarri
3516 5612 3711 5678 palatii.
3743 5622 3836 5667 aut
3870 5613 3960 5665 in-

2372 5682 2480 5749 star
2508 5688 2736 5749 qna-stur
2760 5694 2802 5727 s.
2838 5680 2985 5741 Quod
3020 5681 3204 5735 l-Lnricn
3231 5702 3241 5727 ι
3265 5696 3338 5732 rat
3377 5681 3481 5734 Leo
3516 5696 3527 5732 τ
3554 5685 3692 5749 quod
3724 5683 3958 5737 (Sando-

2370 5741 2506 5796 badu
2537 5743 2819 5811 Lacunius,
2854 5750 2949 5800 hoc
2982 5748 3202 5803 L‘tbicus
3232 5741 3577 5806 Theoderico:
