4192 6260
659 315 752 374 251

1773 320 2039 375 ENNODII
2081 321 2381 376 EPISCOPI
2420 323 2789 378 TICINENSIS

3790 326 3908 387 '23!

661 437 785 488 tium
823 434 970 488 turba
1016 435 1270 489 confluxit
1305 454 1317 488 :
1346 435 1436 505 qui
1475 435 1672 489 afl'atim
1722 436 2069 492 admiratione
2122 454 2209 492 ca-
2244 446 2287 498 Α
2318 440 2474 496 debat
2512 442 2792 510 displicere
2816 457 2996 511 posse,
3028 444 3073 495 si
3101 443 3365 510 perderet.
3392 438 3449 495 In
3473 456 3736 497 summam
3759 443 3901 509 capti

661 526 957 592 piebantur,
992 529 1130 593 quod
1165 528 1247 599 illa
1278 536 1352 579 tot
1395 526 1688 594 linguarum
1737 529 1873 582 fama
1906 539 2009 582 tam
2055 532 2225 584 mino-

661 624 767 666 rem
790 628 847 666 se
878 614 927 665 in
962 614 1083 677 isto,
1108 616 1344 681 quamvis
1365 624 1505 668 esset
1526 617 1721 683 ampla,
1753 628 2074 672 monstraret
2099 621 2224 672 :cui

661 718 926 781 nunquam
974 703 1236 756 sufficeret
1272 713 1577 773 paupertate
1620 720 1947 771 sermonum,
1990 711 2228 777 quamvis

660 792 813 845 ditior
837 793 978 858 justo
1003 802 1144 846 esset
1173 796 1223 845 in
1247 794 1484 862 reliquis.
1516 794 1844 849 Constitutus
1865 810 1991 865 ergo
2017 797 2229 851 videndi

660 895 834 949 regem
867 880 983 933 dies
1017 897 1028 930 :
1064 882 1126 933 ad
1158 898 1313 950 quem
1357 898 1478 935 cum
1524 885 1791 952 ingressus
1826 894 1927 949 est,
1959 886 2227 950 salutavit,

660 978 713 1021 et
734 984 825 1020 sua
855 981 1074 1037 uterque
1103 972 1306 1025 visione
1331 971 1491 1025 laetati
1518 983 1659 1027 sunt.
1700 974 1854 1027 Dedit
1881 988 2089 1028 summo
2113 976 2230 1030 viro

658 1052 857 1110 Victori
915 1057 1201 1123 licentiam,
1248 1061 1289 1113 si
1338 1061 1546 1127 juberet
1575 1062 1710 1130 ipse,
1744 1063 2057 1132 principium
2088 1064 2229 1133 lega-

665 1146 825 1198 tionis
866 1146 1030 1200 ordiri
1059 1164 1072 1200 :
1098 1149 1185 1215 qui
1222 1149 1284 1201 ad
1312 1141 1457 1202 illu'm
1488 1166 1645 1205 omne
1678 1133 1887 1218 pondus
1929 1154 2127 1220 retulit,
2170 1163 2229 1207 ut

659 1232 758 1287 fuit
787 1234 852 1287 ad
883 1246 1125 1289 cunctam
1152 1237 1503 1292 humilitatem
1534 1241 1917 1307 paratissimus.

724 1322 767 1376 Ε
795 1325 1017 1392 vestigio
1046 1327 1207 1379 decus
1238 1328 1401 1381 Italiae
1424 1332 1647 1383 antistes
1677 1341 1860 1385 noster
1885 1332 2077 1386 talibus
2106 1350 2226 1386 ver-

657 1412 739 1467 bis
763 1430 939 1484 regem
967 1416 1129 1482 carpit
1158 1418 1305 1470 affari
1336 1436 1347 1468 :
1382 1436 1399 1468 ι
1430 1418 1827 1487 lnexplicabilis
1859 1422 2112 1490 mihijam
2132 1423 2229 1477 du-

657 1500 806 1566 dum,
854 1504 1228 1570 probatiSsime
1268 1506 1530 1574 princeps,
1568 1509 1725 1561 vestri
1755 1493 1904 1563 amor
1950 1512 2223 1579 imposuit,

657 1602 754 1654 per
782 1589 882 1641 iter
913 1590 1050 1641 istud
1086 1600 1269 1644 contra
1300 1602 1539 1647 naturam
1569 1604 1620 1648 et
1651 1606 1858 1664 tempus
1885 1599 2023 1652 bella
2050 1602 2224 1652 susci-

658 1691 804 1746 pere,
826 1690 877 1733 et
906 1683 1123 1734 crustati
1158 1685 1350 1737 montis
1378 1687 1612 1753 pericula
1646 1705 1748 1742 non
1780 1691 1966 1744 timere
1993 1708 2005 1741 :
2036 1694 2227 1760 quibus

2326 543 2469 595 sunt,
2495 547 2626 600 quos
2647 548 2803 586 nemo
2824 532 3082 601 fugientes
3102 532 3322 585 invenit.
3355 531 3723 599 Ag‘ricolarum
3748 529 3898 585 labo-

2330 620 2488 672 riosa:
2519 621 2733 686 stirpes,
2764 629 2817 673 et
2844 619 2992 672 duris
3026 618 3329 671 exercitata:
3373 618 3635 685 ligonibus
3664 618 3895 681 soboles,

2335 723 2467 774 quos
2509 722 2601 775 per
2632 716 2826 760 teriam
2849 721 2998 759 suam
3033 705 3200 775 pascit
3225 705 3534 759 infabricata
3562 705 3892 772 simplicitas,

2328 814 2447 850 cum
2480 798 2608 851 loris
2636 795 2767 851 colla
2795 806 3154 859 necterentur,
3191 806 3245 850 et
3271 797 3474 865 palmas
3501 796 3735 849 vinceret
3754 806 3894 849 arcta

2330 889 2616 951 connexio,
2643 887 2775 940 nihil
2796 901 2890 953 pro
2910 884 3222 940 defensione
3244 900 3336 939 sua
3364 885 3502 938 aliud
3522 885 3890 938 clamitabant:

2329 982 2557 1043 Scimus,
2598 989 2649 1032 et
2687 980 2966 1033 evidenter
3007 978 3381 1046 agnoscimus:
3416 991 3595 1030 nonne
3633 989 3729 1029 vos
3770 976 3898 1028 esus

2330 1071 2733 1138 Burgundiones
2764 1070 2972 1123 nostri?
3013 1068 3220 1132 Vidi-te,
3272 1082 3337 1119 ne
3379 1076 3503 1119 ante
3546 1067 3689 1132 pium
3724 1080 3899 1133 regem

2330 1174 2448 1227 quae
2473 1158 2667 1221 facitis,
2691 1144 2984 1221 eicusetis;
3017 1167 3070 1211 et
3096 1157 3181 1210 illa
3212 1157 3532 1208 urbanorum
3559 1154 3900 1208 consuetudi-

2330 1263 2397 1300 ne
2422 1248 2645 1301 crimina
2692 1247 3056 1315 supprimatis.
3101 1247 3320 1313 Quoties
3349 1260 3480 1313 quas
3510 1246 3674 1313 ligare
3703 1247 3905 1312 prsesit-

2330 1338 2501 1404 mitis,
2537 1354 2723 1391 manus
2766 1338 2986 1391 domino
3030 1338 3297 1390 communi
3348 1337 3540 1389 tributa
3588 1335 3921 1389 solverunt?.

2331 1428 2590 1482 Novimus
2618 1429 2740 1496 quia
2775 1428 2865 1481 ille
2894 1427 3007 1481 fieri
3042 1427 3142 1480 ista
3190 1441 3292 1479 non
3318 1426 3496 1492 jussit.
3527 1426 3634 1478 ilac
3668 1425 3901 1479 auctori-

2333 1528 2441 1570 tate
2472 1518 2647 1572 miseri
2672 1532 2768 1586 pro
2794 1517 2995 1571 so'latiis
3023 1517 3324 1570 utebantur.
3353 1516 3542 1569 Multos
3565 1525 3740 1569 tamen
3766 1516 3902 1569 inte-

2328 1610 2532 1675 gritatis
2573 1619 2673 1661 tum
2705 1609 2893 1661 fiducia
2933 1608 3327 1671 fecitinterimi,
3358 1608 3481 1660 dum
3523 1607 3660 1674 capti
3711 1620 3903 1674 Super-

2331 1700 2447 1750 bius
2494 1698 2898 1764 responderunt.
2948 1696 3129 1750 Redde
3175 1711 3302 1765 ergo
3348 1695 3587 1749 res'duos
3655 1696 3838 1762 patria:
3880 1710 3896 1757 ;

658 1768 783 1821 dum
816 1770 869 1822 in
919 1772 1186 1825 metallum
1239 1789 1401 1842 aquas
1430 1780 1735 1842 arctaverit,
1788 1782 2121 1850 coagulatum
2160 1799 2223 1837 ex
2259 1789 2302 1847 Β
2333 1790 2493 1843 redde
2523 1788 2739 1857 origini,
2792 1787 2959 1842 redde
2984 1790 3169 1854 gloriae
3196 1799 3315 1839 ture.
3359 1788 3622 1855 Antiquus
3649 1787 3899 1839 dominus

659 1857 864 1925 liquore
905 1863 1136 1917 minatur
1164 1867 1402 1920 exitium.
1437 1869 1763 1926 Transceudi
1808 1875 1998 1929 alienis
2027 1879 2225 1931 mensi-

659 1944 756 1998 bus
787 1950 1066 2017 ninguidos
1090 1954 1257 2009 saltus
1284 1971 1299 2009 :
1330 1960 1479 2024 posui
1506 1975 1717 2029 gressus
1739 1980 1870 2032 quos
1892 1967 1943 2018 in
1962 1968 2072 2021 suis
2097 1968 2227 2021 locis

660 2039 738 2086 vis
768 2033 975 2103 frigoris
1004 2039 1297 2108 obligabat.
1329 2044 1605 2100 Postremo
1648 2063 1871 2106 mortem
1904 2070 2008 2108 non
2042 2056 2222 2121 timui,

660 2128 717 2173 ut
761 2123 853 2175 tibi
895 2128 1037 2179 celer
1078 2133 1351 2196 praemium
1382 2147 1597 2190 aeternae
1630 2139 1760 2193 lucis
1790 2143 2055 2197 atferrem.
2094 2147 2230 2199 lnter

658 2207 791 2263 duos
818 2214 1047 2280 optimos
1079 2233 1229 2287 reges
1263 2225 1619 2279 testimonium
1650 2229 1699 2281 in
1732 2232 2040 2287 crelestibus
2062 2235 2231 2289 dictu-

658 2312 749 2393 rus
773 2302 1050 2371 adhibeor,
1082 2308 1125 2359 si
1155 2310 1292 2377 quod
1324 2312 1413 2365 ille
1451 2316 1862 2373 misericorditer
1890 2326 2140 2393 postulat,
2175 2336 2227 2380 tu

658 2384 948 2442 clementer
985 2395 1313 2451 commodes.
1347 2399 1534 2455 Munus
1581 2409 2010 2472 repromissionis
2054 2384 2229 2468 doini-

661 2472 793 2570 pica:
825 2492 971 2545 aequa
1004 2480 1156 2536 lance
1186 2484 1407 2542 dividite
1434 2507 1448 2542 :
1483 2501 1535 2544 et
1562 2508 1682 2547 cum
1702 2500 1860 2551 ambo
1888 2504 2116 2570 amplius
2142 2505 2231 2558 ha-

663 2561 905 2631 bueritis,
936 2567 1127 2623 damna
1174 2589 1329 2628 nemo
1372 2578 1590 2648 lugebit.
1626 2583 1858 2651 Certate,
1886 2561 2049 2645 duces
2100 2594 2231 2647 invi-

662 2652 906 2720 ctissimi,
960 2667 1014 2710 et
1061 2661 1375 2719 alterutrum
1432 2685 1526 2723 vos
1575 2676 1915 2742 exsequendo
1969 2693 2228 2749 praecepta

662 2745 882 2812 mystica
923 2759 1192 2816 superate.
1220 2752 1275 2806 in
1315 2771 1415 2824 qua
1434 2761 1821 2817 conflictatione
1868 2765 1945 2819 sic
1970 2745 2228 2822 ﬁbravium

660 2833 833 2888 victor
870 2838 1113 2905 accipiet,
1142 2852 1197 2894 ut
1225 2846 1395 2899 victus
1423 2854 1700 2915 prannium
1744 2869 1845 2907 non
1883 2860 2108 2913 amittat.
2135 2860 2231 2914 Se-

661 2923 884 2987 quimini
915 2928 1194 2982 consilium
1225 2948 1420 2998 meum,
1454 2947 1507 2990 et
1535 2940 1691 2993 ambo
1716 2945 2039 3009 superiores,
2073 2951 2230 3000 ambo

660 3025 815 3078 pares
862 3017 1158 3071 exstabitis.
1209 3021 1491 3079 Redimere
1530 3030 1676 3096 rupit
1726 3033 1815 3086 ille
1857 3037 2139 3102 captivos:
2175 3046 2230 3091 tu

2330 1879 2655 1947 provinciam
2683 1879 2877 1945 diligit,
2910 1891 3068 1945 quam
3111 1885 3165 1929 et
3204 1876 3491 1929 modernns
3535 1877 3895 1943 amplectitur.

2327 1969 2561 2021 Remitte
2585 1967 2829 2036 quamvis
2854 1966 2919 2019 ad
2963 1968 3191 2020 alienam
3219 1966 3497 2029 ditionem,
3530 1967 3616 2032 qui
3645 1979 3702 2017 se
3731 1975 3785 2019 et
3826 1966 3898 2017 ibi

2328 2058 2480 2126 p05iti
2512 2067 2629 2110 tuos
2657 2071 2776 2110 esse
2806 2064 3152 2124 cognoscant.
3185 2057 3374 2109 Parum
3403 2055 3541 2108 enim
3588 2055 3768 2120 gratia:
3799 2055 3899 2113 im.

2330 2147 2615 2215 pendimus
2646 2147 2783 2199 illius
2814 2147 3058 2212 imperio,
3082 2147 3233 2213 cujus
3262 2144 3637 2198 misericordiae
3660 2145 3786 2197 nihil
3809 2145 3899 2197 de-

2328 2237 2466 2290 belli?
2490 2252 2536 2291 s.
2575 2236 2744 2289 Vacua
2775 2237 3012 2289 sentibus
3052 2235 3197 2289 illam
3228 2250 3383 2302 quam
3415 2233 3551 2287 bene
3580 2234 3714 2287 nosti
3743 2234 3900 2301 Ligu-

2332 2328 2487 2390 riam,
2529 2337 2584 2380 et
2608 2327 2751 2393 reple
2780 2327 3022 2380 culturis.
3057 2327 3322 2392 Quantum
3365 2326 3591 2378 obnoxia
3620 2323 3687 2378 s'it
3716 2339 3899 2378 mune-

2332 2418 2480 2470 ribus
2503 2418 2604 2469 tuis
2631 2416 2894 2483 in'elligit,
2925 2416 2967 2467 si
3002 2416 3187 2468 faciem
3210 2429 3359 2467 suam
3390 2414 3671 2482 aliquando
3705 2428 3901 2482 cogno-

2330 2506 2483 2559 verit.
2519 2506 2874 2558 Domesticum
2904 2505 2995 2557 tibi
3043 2519 3255 2569 semper
3300 2514 3382 2558 est
3410 2504 3678 2571 indulgere
3702 2504 3901 2571 suppli-

2330 2595 2516 2659 cibus,
2569 2596 2709 2647 sicut
2763 2595 3023 2661 suporbos
3073 2593 3394 2661 opptimere.
3444 2592 3533 2647 Sic
3578 2594 3628 2644 in
3674 2603 3903 2658 utroque

2331 2685 2671 2750 fortissimos,
2704 2684 2773 2738 ibi
2805 2700 2898 2752 per
2928 2683 3183 2753 gladium,
3241 2684 3326 2737 hic
3357 2699 3448 2751 per
3499 2684 3902 2750 temperantiam

2331 2774 2627 2842 triumphos
2647 2775 2911 2843 acquires.
2941 2774 3148 2827 Nostris
3171 2775 3193 2805 ⁸
3224 2783 3520 2827 nostrorum
3563 2788 3902 2827 commovere

2332 2864 2561 2917 fletibus.
2592 2865 2682 2917 Sic
2711 2866 2759 2917 in
2791 2865 3132 2918 successione
3159 2865 3303 2932 regni
3332 2865 3481 2917 istius
3503 2864 3771 2933 legitimus
3803 2865 3900 2925 tibi

2334 2954 2503 3007 lateres
2530 2962 2821 3021 a‘ccrescat,
2864 2964 2919 3008 et
2948 2970 3043 3022 per
3077 2968 3224 3023 Spem
3253 2954 3447 3007 adultae
3478 2953 3498 2983 '
3528 2954 3803 3021 progenies
3832 2954 3900 3007 ad

2332 3047 3157 3117 Burgundionumgubernacula
3201 3046 3597 3100 reviviscas:et
3640 3046 3760 3098 licet
3797 3045 3900 3099 hoc

656 3103 773 3158 Sine
823 3108 1201 3203 pretioreddei
1230 3118 1550 3181 genitalibus
1596 3124 1787 3190 glebis.
1835 3126 1957 3179 Mihi
2004 3131 2225 3197 credite,
2256 3128 2300 3188 C
2337 3103 2709 3201 Dcovtribuas,
2763 3103 2931 3203 adjice
2978 3146 3031 3189 et
3062 3137 3233 3200 illud;
3278 3136 3417 3201 quod
3450 3150 3547 3188 nec
3594 3134 3900 3188 hominibus

657 3206 813 3247 nemo
860 3196 1073 3252 uberius
1106 3200 1156 3252 in
1190 3202 1288 3255 hac
1332 3220 1511 3271 causa,
1574 3224 1729 3263 nemo
1761 3214 1929 3279 majus
1974 3218 2223 3284 accipiet,

652 3296 808 3349 quam
840 3286 927 3350 qui
978 3287 1106 3339 nihil
1137 3295 1401 3356 acceperit
1439 3311 1453 3345 :
1490 3297 1890 3353 defraudabitur
1944 3307 2221 3370 praemium

652 3370 815 3433 partis
841 3371 1009 3433 illius,
1041 3383 1199 3440 atque
1230 3379 1292 3428 ad
1327 3389 1410 3431 tua
1438 3386 1751 3449 compendia
1790 3388 1991 3441 lucrum
2035 3395 2223 3447 transit

653 3457 893 3520 alterius,
924 3460 967 3511 si
1013 3476 1145 3528 quos
1191 3472 1245 3516 ct
1287 3468 1514 3522 vendere
1552 3472 1840 3538 gloriosum
1884 3489 1986 3541 eSt,
2022 3478 2223 3535 donare

653 3546 926 3614 disponas.
954 3550 1055 3604 Pro
1076 3561 1330 3620 quantum
1354 3558 1617 3625 dispendii
1650 3563 1716 3615 de
1742 3563 2121 3629 pollicitatione
2143 3569 2223 3622 di-

653 3638 774 3688 vina
820 3637 1059 3691 offerenti
1104 3655 1288 3695 autum
1323 3645 1373 3696 in
1406 3650 1505 3698 hoc
1538 3652 1776 3716 negotio,
1810 3654 1852 3703 si
1900 3660 2219 3722 remittatur,

650 3724 881 3792 infliget;
915 3728 996 3780 vel
1026 3740 1276 3795 quantam
1310 3738 1633 3805 pauperiem,
1684 3742 1729 3794 si
1759 3734 2099 3811 sus«-ipiatur,
2129 3764 2221 3816 ap-

651 3820 851 3882 portat!
888 3820 1086 3874 D.vites
1115 3826 1384 3879 exercitus
1417 3839 1532 3880 tuos
1562 3831 1712 3884 faciet
1734 3843 2036 3902 contempta
2063 3852 2220 3905 pecu-

648 3905 755 3968 nia,
802 3908 1061 3975 acquisita
1103 3912 1399 3967 mendiCos.
1452 3918 1588 3970 Audi
1634 3919 1879 3974 Italorum
1920 3926 2217 3992 supplicum

648 4007 825 4059 voces,
867 4005 921 4049 et
947 3997 1014 4050 de
1038 4008 1088 4051 te
1119 4015 1532 4067 praesumentum
1561 4021 1746 4074 preces
1777 4024 1997 4063 serenus
2028 4014 2215 4067 admit-

648 4090 717 4135 te.
744 4084 880 4136 Audi
906 4084 1102 4138 Italiam
1132 4103 1397 4159 nunquam
1421 4106 1449 4141 a
1475 4100 1525 4144 te
1551 4094 1795 4159 divisam,
1822 4106 1871 4150 ct
1902 4101 2122 4153 tnulttnu
2151 4102 2217 4157 de

645 4170 806 4222 animi
839 4172 910 4224 tui
951 4172 1232 4228 clementia
1274 4179 1628 4233 confidentem
1660 4200 1671 4233 :
1702 4200 1816 4251 que
1858 4187 1901 4238 si
1942 4204 2044 4240 una
2089 4206 2217 4247 voce

645 4266 901 4324 uteretur,
936 4260 1049 4320 hic
1073 4262 1299 4320 diceret.
1332 4268 1553 4330 Quoties
1585 4285 1802 4339 prome,
1835 4275 1877 4328 si
1908 4278 2217 4335 reminisce-

642 4347 737 4411 ris,
777 4347 1027 4404 ferratum
1061 4361 1245 4420 pectus
1275 4357 1516 4413 hostibus
1562 4362 1834 4419 obtulisti?
1863 4371 2071 4436 quoties
2113 4390 2211 4441 pu-

639 4447 812 4513 gnasti
864 4450 1108 4521 consilio,
1150 4470 1217 4510 ne
1259 4456 1393 4512 bella
1438 4462 1858 4529 ‘subriperent?

638 4548 819 4629 eorum
841 4537 1125 4595 duceretur
1152 4544 1202 4597 in
1230 4562 1541 4618 quacunque
1566 4556 1713 4609 orbis
1736 4570 1884 4624 parte
1923 4537 2160 4629 captivus
2186 4569 2209 4617 1’

639 4620 785 4686 Quos
830 4642 969 4680 nunc
999 4630 1231 4697 detines,
1281 4645 1333 4688 tu
1363 4640 1575 4694 uutristi
1604 4661 1615 4693 :
1642 4620 1826 4700 dolose
1871 4620 2002 4704 mihi
2044 4657 2210 4710 virtus

638 4718 724 4763 tua
754 4712 1064 4772 beneficium
1090 4724 1360 4790 praestitit,
1385 4729 1429 4782 si
1458 4746 1591 4798 quos
1617 4736 1683 4788 ab
1709 4743 1978 4805 extraneis
2008 4755 2207 4802 tutatus

635 4806 718 4900 est
739 4814 937 4873 custos,
963 4807 1173 4863 invasit.
1195 4812 1325 4877 Quis
1351 4812 1656 4876 catenarum
1678 4828 1904 4882 nexibus
1923 4831 2207 4900 impeditus

636 4889 784 4944 dura:
805 4902 934 4952 sorti
966 4918 1068 4956 non
1099 4907 1374 4964 uberiores
1397 4911 1659 4983 lacrymas
1681 4920 1979 4991 exhiberet,
2003 4940 2124 4980 cum
2146 4943 2203 4983 se

635 4983 701 5034 ad
743 4988 1097 5047 conditionem
1129 4997 1381 5055 liberator
1410 5005 1745 5073 impelleret?
1772 5013 1891 5078 quis
1918 5029 1977 5068 se
2005 5018 2204 5071 subdu-

634 5081 799 5137 ceret,
831 5089 950 5131 cum
991 5096 1258 5138 armorum
1290 5098 1496 5146 tuorum
1544 5096 1781 5163 crepitus
1810 5088 2125 5168 audiretur,
2147 5106 2200 5161 in

632 5176 738 5257 quo
761 5166 811 5218 in
835 5174 1235 5257 acet-ssitatﬁtus
1257 5182 1577 5238 tutissimum
1604 5186 1835 5242 habuere
1859 5194 2199 5257 praesidium?

633 5251 796 5307 Elisis
835 5257 971 5311 collo
1020 5251 1263 5319 rnatﬂbus
1301 5280 1540 5325 matrona
1569 5277 1839 5343 sublimis,
1869 5294 1986 5333 cum
2021 5284 2194 5338 trahe-

630 5361 776 5407 retur
802 5354 866 5408 ad
900 5356 1128 5423 vincula,
1170 5362 1412 5427 promisit
1439 5367 1537 5420 sibi
1566 5371 1827 5425 vindicem
1862 5383 1910 5428 te
1943 5375 2191 5433 futurum.

632 5442 794 5508 Virgo
812 5446 880 5500 ab
898 5450 1217 5516 stupratoris
1244 5450 1450 5508 insidiis
1482 5459 1733 5524 pudorem
1765 5477 1915 5516 suum
1944 5465 2036 5519 tibi
2080 5481 2198 5521 cre-

700 5574 717 5645 ἵ
748 5576 1010 5642 Bolland.,
1036 5595 1379 5645 subreperent.

699 5644 720 5673 '
748 5647 929 5725 §.c_hot.
957 5662 1007 5702 et
1041 5644 1194 5725 lioll.,
1230 5666 1608 5725 uostrormnque
1639 5676 1849 5715 movere.

750 5712 935 5783 Iidem,
968 5722 1238 5790 progcuiei.

2327 3226 2566 3278 externis
2597 3225 2736 3279 istud
2764 3225 3045 3292 impendis.
3077 3225 3191 3279 Jam
3218 3225 3310 3278 tibi
3342 3225 3505 3278 Italia:
3533 3225 3776 3278 dominus
3796 3222 3820 3254 ⁵
3841 3234 3898 3277 et

2329 3316 2737 3369 necessitudinis
2765 3317 3023 3371 affinitate
3045 3318 3381 3385 conjungitur
3406 3335 3417 3367 :
3439 3317 3506 3370 sit
3531 3317 3621 3369 filii
3646 3316 3718 3368 tui
3742 3330 3898 3383 spon-

2326 3419 2381 3456 sa
2410 3406 3087 3473 Latialargitas,absolutio
3107 3409 3436 3475 captivorum
3470 3424 3482 3457 :
3516 3407 3702 3459 offerat
3728 3416 3898 3474 paene

2325 3509 2436 3547 sua:
2476 3511 2683 3558 munus,
2730 3498 2869 3563 qucd
2901 3506 2955 3551 et
2982 3498 3224 3551 Christus
3265 3499 3507 3565 accipiat.
3548 3519 3565 3549 ι
3612 3499 3733 3552 Hac
3772 3512 3897 3551 cum

2323 3582 2565 3646 dixisset,
2601 3587 2926 3639 commonito
2948 3596 3133 3640 sancto
3164 3589 3366 3656 collega
3403 3588 3610 3643 Victore
3638 3590 3891 3651 surrexit,

2323 3682 2375 3725 et
2399 3689 2568 3741 usque
2595 3676 2659 3727 ad
2687 3687 2866 3741 pectus
2897 3676 3097 3743 regium
3140 3676 3509 3747 lacrymantes,
3538 3686 3591 3731 ct
3618 3692 3736 3731 cum
3778 3694 3896 3731 om-

2324 3762 2480 3815 nibus
2513 3774 2724 3829 propter
2755 3764 3048 3817 astantibus
3070 3765 3237 3832 capita
3270 3768 3643 3821 submiserunt.
3722 3780 3725 3783 λ

2391 3851 2539 3903 Tunc
2584 3868 2677 3904 rex
2710 3854 3141 3919 probatissimus,
3190 3863 3249 3908 ut
3283 3865 3398 3909 erat
3430 3855 3583 3909 fando
3628 3855 3886 3923 locuples,

2320 3952 2377 3995 et
2411 3956 2476 3994 ex
2508 3941 2821 4010 eloquentia:
2850 3945 2997 3997 dives
3023 3945 3237 4012 opibus,
3267 3956 3317 3998 et
3345 3946 3599 3998 facundus
3629 3956 3887 4011 assertor,

2323 4032 2500 4086 verbis
2528 4035 2703 4087 taliter
2735 4034 2895 4087 verba
2928 4038 3203 4103 reposuit:
3238 4055 3254 4086 ι
3292 4038 3417 4091 Belli
3440 4038 3557 4103 jura
3588 4038 3734 4104 pacis
3764 4053 3893 4089 sua-

2318 4135 2409 4173 sor
2433 4122 2644 4188 ignoras
2663 4164 2679 4187 ,
2712 4133 2765 4176 et
2795 4125 3131 4178 Conditiones
3157 4126 3329 4199 g'adio
3354 4128 3558 4180 deci:as
3586 4127 3893 4181 Concordes

2316 4219 2502 4265 auctor
2528 4215 2791 4268 evisceras
2820 4231 2832 4267 :
2860 4216 2944 4268 lex
2971 4225 3052 4269 est
3078 4217 3393 4269 certantium
3443 4231 3597 4284 quem
3622 4226 3774 4284 putas
3802 4234 3886 4270 er-

2319 4316 2493 4355 rorem
2527 4320 2538 4352 :
2576 4303 2778 4357 frenum
2804 4306 3044 4358 nesciunt
3074 4306 3391 4371 iuittthiiiJ‘,
3437 4323 3593 4375 quem
3627 4315 3702 4371 tu,
3733 4306 3892 4359 Chii-

2316 4392 2503 4444 stiana:
2554 4393 2684 4446 lucis
2719 4394 2890 4457 iubar,
2941 4397 3199 4451 ostendis.
3235 4398 3437 4450 Prteliis
3482 4398 3889 4464 temperantiam

1906 4487 1972 4523 ne
2019 4474 2212 4542 aliquis
2238 4466 2289 4525 Ι)
2314 4483 2488 4534 nullus
2528 4484 2784 4548 annectit,
2817 4500 2934 4553 qua:
2961 4488 3071 4539 oris
3103 4489 3174 4540 tui
3218 4488 3413 4553 nitore,
3455 4488 3663 4557 egregie
3696 4488 3889 4542 mode-

2316 4582 2481 4635 ratur,
2514 4574 2793 4626 attollitur.
2819 4576 3025 4630 Statuta
3054 4588 3172 4631 sunt
3207 4578 3597 4645 dimicantium,
3627 4581 3788 4648 quidq
3832 4581 3888 4634 id

2314 4677 2419 4715 non
2454 4663 2597 4726 licet,
2628 4673 2752 4719 tunc
2784 4667 2962 4721 licere.
2998 4668 3095 4722 Ista
3126 4669 3263 4724 forte
3290 4672 3441 4739 quies
3471 4672 3727 4739 vindicet,
3760 4688 3889 4740 qua:

2314 4755 2539 4807 narrasti
2569 4772 2583 4807 :
2614 4757 2821 4811 ho-tcm
2855 4773 3006 4813 suum
3038 4762 3125 4827 qui
3154 4777 3255 4815 non
3286 4763 3438 4825 iicril,
3466 4763 3702 4831 adjuvat.
3748 4764 3889 4816 Pana

2310 4840 2457 4897 latim
2488 4845 2825 4901 adversarius
2854 4864 2881 4900 a
2912 4850 3054 4918 regni
3087 4852 3166 4904 sui
3215 4854 3353 4906 mole
3383 4852 3693 4918 succiditur,
3724 4853 3889 4921 cujus

2312 4936 2516 5006 imperii
2560 4944 2763 4996 radices
2791 4943 2813 4974 ⁸
2848 4944 3043 4999 viribus
3084 4957 3443 5016 amputantur.
3492 4949 3719 5015 llepo~ui
3765 4952 3883 5017 regi

2310 5028 2534 5092 partium
2568 5030 2779 5083 illarum
2831 5036 3229 5100 contumeliam,
3261 5052 3418 5105 quam
3466 5050 3623 5105 putas
3647 5039 3879 5095 illatam.

2310 5115 2629 5172 Ludificatns
2671 5125 2848 5187 specie
2881 5123 3098 5178 fcederis
3138 5127 3264 5180 nihil
3297 5128 3380 5201 egi
3411 5129 3719 5192 smd'osius,
3771 5132 3879 5183 nisi

2310 5216 2365 5259 ut
2399 5209 2535 5273 quod
2563 5218 2643 5263 est
2684 5214 2924 5277 Ctttttrlaz,
2958 5226 3169 5283 apertos
3212 5218 3454 5274 inimicos
3502 5234 3878 5289 agnoscerem.

2305 5295 2576 5350 Concedut
2615 5308 2786 5354 tamen
2828 5303 3117 5359 divinitatis
3164 5322 3433 5371 assensus,
3482 5321 3537 5362 ut
3588 5310 3880 5382 stilidatttm

2301 5383 2441 5436 inter
2471 5401 2566 5439 nos
2592 5386 2763 5441 foedus
2792 5391 2942 5460 longa
2967 5405 3123 5449 :ctate
3144 5408 3387 5452 servetur
3413 5416 3424 5449 :
3457 5400 3725 5453 invenient
3752 5414 3882 5466 par-

2302 5482 2379 5526 tes
2410 5474 2511 5529 illa:
2540 5491 2868 5535 COlirlalllCﬂl
2903 5485 2954 5536 in
2985 5486 3235 5551 amicitia,
3273 5506 3425 5556 quem
3460 5498 3742 5546 senserunt
3764 5490 3885 5548 sibi

2371 5606 2390 5635 ⁸
2422 5608 2605 5672 lidctn,
2638 5614 2807 5665 etiam.

2372 5676 2391 5705 '
2422 5678 2686 5745 Bolland.,
2719 5685 2919 5735 ricibus.
