4192 6260
270 330 395 398 ἐέῑὸ

1217 342 1370 399 VITA
1413 334 1473 398 Β.
1514 337 1855 401 EPIPIIANII
1898 338 2199 400 EPISCOPI
2239 340 2635 403 TICINENSIS.

3445 344 3559 414 234

290 458 651 531 perniciosum
683 457 849 513 fuisse
876 457 1001 513 dum
1029 449 1285 527 litigatur.
1313 458 1421 513 Vos
1466 468 1662 525 tamen,
1694 463 1864 515 sancti
1893 464 1947 522 Α
2050 459 2172 511 Post
2206 469 2528 528 praeceptum
2563 461 2850 515 venerandi
2884 462 3025 533 regis
3055 458 3277 534 impiger
3305 464 3393 521 ille
3430 481 3559 526 ver-

290 551 419 613 viri,
453 549 519 602 ad
550 549 739 602 domos
772 548 824 602 in
874 548 1065 617 quibus
1109 549 1336 603 manetis
1379 550 1495 605 sine
1537 550 1878 607 tribulatione

270 640 587 696 discedite:
612 638 739 693 dum
760 654 859 710 ego
888 640 1079 695 animae
1107 656 1241 697 mere
1262 652 1314 697 et
1335 644 1483 712 regni
1512 644 1744 699 utilitate
1767 644 1878 699 dis-

285 747 469 795 cussa,
501 748 618 802 qua:
650 748 733 787 me
754 733 1034 788 conveniat
1060 743 1314 802 prmstare
1337 737 1698 806 pronuntiem.
1737 756 1756 789 ι
1783 737 1877 793 His

266 824 490 879 -auditis
522 823 804 894 pontifices
832 824 1227 881 abscesserunt.

274 942 285 949 -
364 916 542 971 Atille
568 925 760 971 vocato
793 917 809 948 ¹
840 916 1093 982 Laconio,
1123 919 1205 972 cui
1234 928 1286 973 et
1314 934 1491 975 rerum
1519 928 1573 976 et
1595 920 1875 977 verborum

272 1008 428 1064 Ides
453 1009 522 1064 ab
551 1008 644 1064 illo
672 1023 883 1078 semper
908 1018 1019 1063 tute
1041 1009 1290 1065 mandata
1323 1021 1443 1080 est,
1475 1027 1631 1082 quem
1660 1021 1713 1067 et
1739 1027 1876 1082 pra:-

288 1101 529 1170 rogativa
574 1101 854 1166 natalium,
907 1109 961 1154 et
989 1114 1210 1156 avorum
1241 1102 1455 1159 curules
1484 1117 1581 1172 per
1607 1104 1875 1172 magistrae

269 1193 574 1265 probitatis
630 1194 853 1263 insignia
903 1193 1294 1261 sublimavere,
1350 1211 1472 1251 cum
1523 1212 1627 1267 quo
1666 1195 1877 1252 confert

272 1286 501 1354 'qu0ties
522 1294 574 1339 et
604 1284 691 1354 pia
719 1294 771 1339 et
794 1284 1040 1355 religiosa
1070 1286 1356 1341 meditatur
1380 1304 1396 1353 ;
1429 1298 1481 1343 et
1504 1289 1640 1344 sicut
1662 1305 1769 1343 non
1795 1300 1876 1346 est

288 1394 410 1433 cum
441 1378 584 1432 vitiis
614 1379 813 1432 sociata
846 1378 1110 1445 nobilitas,
1146 1394 1246 1435 nec
1272 1380 1582 1451 astringitur
1606 1382 1672 1436 ad
1694 1383 1874 1439 illece-

290 1469 415 1525 bras
443 1470 532 1524 lux
562 1476 802 1533 naturm;
832 1470 873 1523 si
897 1469 1022 1539 quid
1054 1470 1141 1525 ille
1164 1471 1391 1541 benigne
1417 1471 1591 1527 facere
1619 1473 1869 1541 voluerit,

292 1561 551 1631 duplicari
600 1561 702 1616 iste
753 1560 996 1616 hortatur
1051 1561 1343 1618 adhibitus.
1383 1583 1401 1616 ‹
1440 1562 1535 1618 Cui
1592 1565 1868 1633 princeps,

278 1652 457 1719 Vade,
492 1654 696 1723 inquit,
748 1653 967 1719 Laconi,
999 1663 1053 1709 et
1083 1664 1189 1708 tota
1238 1666 1480 1711 votorum
1511 1664 1721 1711 tuorum
1750 1657 1869 1711 vela

288 1745 581 1816 suspende.
611 1746 677 1800 Et
707 1746 961 1802 sacerdos
1001 1762 1029 1800 a
1054 1747 1208 1802 nobis
1238 1757 1291 1803 et
1321 1749 1509 1804 beatus
1538 1748 1869 1817 Epiphanius

1980 549 2168 604 borum
2194 552 2414 605 saltibus
2442 552 2782 623 indulgentia:
2807 557 3015 625 species
3044 566 3134 611 aut
3165 558 3361 613 formas
3389 575 3562 632 cXpo-

1980 642 2105 706 suit,
2136 650 2188 695 et
2215 641 2427 697 chartas
2459 644 2524 697 ad
2557 645 2815 715 insignem
2853 647 3145 703 antistitem
3177 647 3399 707 detulit:
3423 667 3559 724 quas

1976 732 2069 787 ille
2091 746 2211 787 cum
2243 736 2702 803 exspectatissima
2744 738 3027 796 devotione
3065 744 3326 813 suscepit,
3357 753 3412 799 et
3437 762 3563 815 por-

1976 822 2194 876 titorem
2227 826 2355 878 tanti
2387 824 2514 879 doni
2537 827 2835 883 ambienter
2862 832 3141 902 amplexus
3162 835 3379 902 est.Qui
3406 846 3556 905 post-

1978 929 2133 984 quam
2161 916 2617 985 rumor'innotuit,
2661 928 2804 975 tanta
2836 923 2992 980 istius
3015 926 3125 994 jam
3153 927 3335 982 liberm
3377 929 3557 982 multi-

1980 1006 2179 1061 tudinis
2210 1006 2507 1078 frequentia
2534 1011 2713 1066 subito
2737 1014 2926 1081 astitit,
2955 1026 3012 1070 ut
3042 1017 3278 1073 desolata
3308 1020 3558 1073 crederes

1978 1114 2099 1155 esse
2129 1101 2288 1155 etiam
2332 1103 2521 1157 incolis
2552 1119 2674 1158 rura
2704 1103 2975 1160 Gallorum
3012 1126 3023 1159 :
3058 1124 3176 1162 nam
3212 1111 3360 1163 testis
3403 1110 3561 1180 hujus
3598 1118 3607 1168 ἐ

1979 1195 2055 1248 rei
2086 1208 2186 1263 ego
2216 1209 2355 1261 sum,
2389 1210 2483 1264 per
2518 1198 2671 1266 cujus
2699 1213 2891 1253 manus
2930 1201 3150 1269 pictacia
3196 1204 3260 1257 ad
3288 1204 3562 1259 clausuras

1974 1284 2146 1353 jussio
2175 1285 2467 1340 sacerdotis
2496 1286 2698 1353 elicuit,
2743 1290 3161 1362 quadringentos
3201 1295 3444 1349 homines
3476 1296 3562 1352 die

1976 1392 2077 1431 una
2108 1377 2175 1432 de
2197 1379 2308 1432 sola
2344 1378 2687 1448 Lugdunensi
2720 1381 2935 1436 civitate
2966 1384 3232 1439 redituros
3263 1387 3326 1440 ad
3359 1387 3562 1443 Italiam

1974 1467 2143 1523 fuisse
2171 1468 2443 1524 dimissos.
2475 1470 2767 1526 Identidem
2818 1488 2913 1542 per
2942 1476 2962 1504 ²
2997 1476 3232 1546 singulas
3278 1480 3435 1535 urbes
3464 1477 3563 1533 Sa:

1974 1559 2205 1628 pandite,
2238 1560 2318 1614 vel
2352 1560 2576 1615 aliarum
2609 1562 3005 1631 provinciarum
3036 1566 3233 1622 factum
3257 1569 3565 1624 indubitan-

1974 1658 2058 1705 ter
2086 1651 2417 1720 agnovimus.
2449 1653 2523 1706 Ita
2549 1662 2606 1706 ut
2637 1654 2861 1708 istorum
2887 1671 3020 1725 quos
3056 1659 3185 1712 solae
3216 1674 3405 1728 preces
3436 1660 3563 1716 bea-

1974 1740 2166 1795 tissimi
2185 1741 2282 1795 viri
2304 1742 2615 1807 liberarunt,
2641 1745 2758 1813 plus
2776 1761 2933 1815 quam
2958 1761 3053 1801 sex
3080 1749 3244 1802 millia
3262 1752 3563 1806 animarum
3656 1818 3661 1821 Α

294 1836 525 1893 libenter
549 1837 762 1892 auditus
782 1846 903 1894 est:
933 1839 1083 1908 cujus
1115 1848 1164 1893 te
1194 1839 1440 1909 precibus
1464 1840 1629 1895 fuisse
1658 1854 1870 1909 permo-

1981 1830 2137 1885 terris
2161 1833 2392 1901 prOpriis
2414 1833 2789 1889 redderentur.
2815 1835 3015 1890 Eorum
3036 1853 3164 1893 vero
3190 1840 3278 1909 qui
3299 1840 3561 1911 redempti

292 1937 429 1999 tum,
456 1945 578 1985 cum
603 1930 742 2000 apud
775 1945 873 1985 nos
904 1930 1067 1986 verba
1089 1932 1309 1995 faceret,
1340 1932 1637 1987 animorum
1670 1931 1872 1989 indices

290 2022 545 2094 Iacrymte
574 2022 925 2079 testabantur.
961 2023 1128 2087 Vade,
1163 2024 1317 2091 pleno
1342 2034 1558 2094 peetore
1586 2023 1724 2079 dicta
1747 2038 1871 2078 sen-

289 2117 511 2181 tentias,
543 2132 642 2185 per
661 2131 789 2186 quas
816 2114 1078 2185 pactionis
1104 2115 1243 2171 illius
1283 2116 1570 2171 durissimo
1600 2132 1769 2171 nexus
1801 2118 1874 2171 ir-

294 2221 537 2275 rumpas’.
567 2208 741 2263 Liceat
768 2207 911 2262 Italis
948 2207 1218 2273 omnibus,
1250 2223 1596 2278 quoscunque
1628 2210 1871 2279 Burgun-

292 2298 513 2355 dionum
536 2312 836 2356 nostrorum
854 2310 1025 2355 metus
1049 2301 1373 2371 captivitatis
1405 2303 1529 2356 fecit
1555 2317 1677 2357 esse
1703 2304 1873 2373 capti-

290 2407 423 2457 vos,
455 2408 589 2463 quos
620 2392 774 2447 famis
804 2392 1114 2461 necessitas,
1168 2407 1299 2462 quos
1330 2393 1681 2460 periculorum
1712 2394 1872 2450 timor

288 2484 528 2550 advexit,
559 2496 836 2556 postremo
865 2499 1209 2556 quoscunque
1238 2485 1504 2540 concessit
1549 2493 1641 2539 aut
1666 2485 1872 2542 addixit

287 2590 581 2632 consensus
606 2578 866 2647 principis
902 2577 1004 2642 sui,
1045 2586 1228 2631 noster
1256 2576 1498 2630 absolvat
1526 2595 1537 2628 :
1563 2587 1616 2631 at
1649 2592 1869 2646 paucos,

287 2684 421 2741 quos
447 2671 601 2739 quasi
650 2670 847 2724 ardore
872 2667 1147 2740 praeliandi
1177 2677 1301 2723 tunc
1330 2669 1395 2723 ab
1443 2668 1869 2726 adversariorum

287 2775 512 2817 suorum
541 2761 904 2816 dominatione
932 2769 1244 2831 rapuerunt,
1270 2774 1368 2828 pro
1389 2759 1496 2814 illis
1518 2759 1675 2829 pretii
1701 2774 1872 2830 quan-

297 2853 682 2924 iulumcunque
714 2855 1044 2924 percipiant,
1086 2869 1152 2908 ne
1182 2853 1525 2909 detestabiles
1569 2854 1705 2924 apud
1749 2855 1871 2911 illos

290 2945 427 3001 fiant
459 2947 798 3002 certaminum
812 2963 988 3015 casus,
1010 2963 1235 3017 quorum
1264 2962 1385 3004 cum
1415 2947 1722 3004 discrimina
1754 2964 1872 3005 sus-

285 3037 576 3108 tinuerint,
612 3040 753 3095 lucra
781 3056 886 3095 non
908 3039 1158 3095 sentiant.
1197 3058 1216 3092 ι

322 3155 387 3279 0:1
394 3150 649 3236 Laconia]
685 3151 765 3207 Ad
804 3167 961 3223 quem
1004 3161 1184 3208 ternas
1211 3150 1439 3206 vidimus
1475 3151 1732 3221 epistolas
1758 3151 1868 3208 En-

394 3241 452 3278 ll.

288 3239 452 3280 ειοαιι.

358 3297 378 3325 ¹
411 3292 655 3363 Singulas
702 3295 850 3348 urbes
907 3294 1207 3365 Sopaudire]
1236 3292 1500 3361 Sapaudia
1527 3293 1636 3361 jam
1666 3292 1869 3365 dudum

292 3362 751 3434 Burgundionibus
785 3379 1041 3419 concessa
1089 3362 1281 3430 fuerat,
1318 3374 1438 3429 post
1465 3364 1867 3418 memorabilem

294 3433 499 3488 illorum
538 3435 772 3502 cladem,
807 3444 860 3488 et
882 3435 1158 3489 victoriam
1190 3434 1351 3488 Aetii.
1385 3433 1512 3487 Tiro
1562 3434 1790 3502 Prosper
1818 3435 1869 3488 in

291 3505 575 3570 Chronico,
633 3507 897 3576 Sapaudia
954 3504 1384 3576 Burgundionum
1438 3502 1873 3576 reliquiis_datur

293 3591 409 3629 cum
437 3576 683 3643 indigenis
703 3574 998 3629 dividenda.
1023 3576 1157 3643 Qum
1181 3574 1338 3629 hodie
1364 3574 1625 3630 Sahaudia
1650 3574 1868 3642 dicitur,

293 3644 499 3700 veteris
547 3647 819 3712 Sapaudiae
850 3654 1056 3715 partem
1088 3656 1290 3700 tantum
1345 3646 1560 3699 retinet.
1591 3643 1721 3715 Nam
1755 3644 1873 3699 Ion-

294 3717 415 3785 gius
442 3716 563 3769 olim
594 3714 985 3783 porrigebatur,
1018 3730 1139 3770 cum
1173 3718 1225 3770 in
1257 3716 1450 3769 Notitia
1486 3714 1695 3781 imperii
1724 3716 1868 3769 occi-

292 3787 523 3840 dentalis
554 3786 898 3840 Ebredunum
943 3786 1158 3854 Alpium
1205 3785 1588 3839 maritimarum
1619 3795 1778 3854 caput
1818 3787 1869 3842 in

288 3855 577 3939 Sapaudian
604 3858 939 3939 collocetur,
989 3858 1224 3928 itemque
1253 3856 1446 3911 Gularo
1485 3855 1859 3925 Allobrogum,

290 3936 405 3995 qua:
431 3938 511 3981 est
538 3927 951 3996 Gratianopolis.

325 4065 336 4068 Α
358 3997 380 4027 ³
408 3998 582 4051 Avitus
622 3996 924 4052 Viennensis
945 3995 1258 4068 episcopus]
1300 3996 1561 4068 Doctrina
1575 4006 1639 4068 iet
1674 3997 1871 4065 pietate

289 4065 637 4129 clarissimus,
666 4068 908 4122 Alcimus
939 4065 1186 4122 Ecdicius
1211 4065 1396 4121 Auitus
1422 4067 1671 4121 omnibus
1698 4070 1873 4122 nomi-

287 4139 440 4193 nibus
460 4138 765 4207 appellatur
794 4139 846 4192 in
874 4153 966 4193 sua
991 4139 1159 4207 ipsius
1205 4139 1453 4206 epistola,
1487 4152 1588 4205 qua
1623 4146 1867 4206 poemata

285 4222 379 4263 sua
413 4208 608 4279 quibus
647 4209 699 4262 in
729 4210 912 4264 codice
947 4209 1005 4263 S.
1050 4208 1282 4279 Victoris
1331 4209 1645 4279 prmligitur,
1706 4208 1871 4276 Apol-

285 4277 444 4403 ξρετί
469 4279 626 4334 fratri
656 4293 772 4345 suo,
814 4279 1064 4333 Valentia:
1099 4277 1351 4347 episcopo
1378 4278 1589 4334 dedicat
1622 4278 1704 4333 his
1745 4294 1869 4332 ver-

326 4365 370 4403 IS
399 4367 413 4403 :

326 4365 413 4404 IS:

354 4488 623 4542 "Domino
652 4495 828 4543 sancto
880 4488 934 4541 in
977 4487 1179 4557 Christo
1205 4486 1434 4557 piissimo
1476 4502 1536 4540 ac
1578 4486 1868 4539 beatissimo

286 4558 576 4629 Apollinari
605 4561 837 4629 episcopo
865 4558 1093 4611 Alcimus
1124 4556 1364 4629 Ecdicius
1391 4557 1568 4610 Avitus
1596 4557 1774 4625 frater.

357 4627 408 4681 Ν
416 4646 540 4694 aper
561 4626 969 4698 quidem‘paucis
1008 4626 1333 4681 homiliarum
1361 4642 1584 4680 mearum
1626 4629 1678 4679 in
1710 4643 1863 4680 unum

286 4713 472 4768 corpus
498 4700 739 4762 redactis,
771 4698 974 4752 hortatu
1017 4699 1297 4751 amicorum
1325 4698 1595 4750 discrimen
1627 4698 1866 4751 editionis

286 4769 490 4824 intraui.
524 4769 632 4824 Sed
664 4770 845 4821 adhuc-
858 4778 905 4821 te
943 4772 1145 4838 majora
1181 4768 1445 4832 suadente,
1477 4768 1530 4820 in
1558 4768 1868 4838 cothurnum

284 4840 640 4905 petulantioris
668 4840 899 4892 audacia:
924 4836 1139 4891 edurata
1167 4840 1335 4910 fronte
1354 4839 1594 4910 procedo.
1620 4836 1867 4910 Injungis

286 4923 518 4977 namque,
550 4920 603 4963 ut
631 4910 677 4963 si
697 4910 973 4979 quidquam
996 4909 1059 4961 de
1086 4909 1361 4974 quibusque
1383 4908 1549 4961 causis
1576 4910 1723 4961 metri
1753 4908 1868 4979 lege

286 4980 635 5051 conscriptum
651 4978 753 5051 est,
772 4978 863 5031 sub
887 4980 1198 5051 professione
1225 4979 1458 5051 opusculi
1479 4988 1642 5031 vestro
1666 4978 1868 5051 nomini

284 5048 562 5103 dedicet'ur.
598 5048 786 5103 Recolo
816 5050 1047 5119 equidem
1074 5050 1320 5102 nonnulla
1360 5064 1440 5101 me
1478 5064 1624 5103 uersu
1650 5049 1860 5113 dixisse,

286 5121 413 5173 adeo
432 5131 487 5173 ut
508 5122 550 5174 si
571 5122 928 5173 ordinarentur
949 5135 1053 5172 non
1073 5119 1278 5173 minimo
1296 5119 1550 5172 volumine
1571 5119 1755 5189 stringi
1775 5134 1865 5187 po-

289 5192 433 5242 tuerit
461 5192 884 5260 epigrammatum
913 5189 1381 5260 multitudo.rQuod
1402 5190 1523 5241 dunt
1545 5189 1733 5255 facere,
1755 5205 1864 5242 ser-

286 5269 397 5311 uato
426 5259 696 5315 causarum
734 5270 781 5313 et
822 5268 1099 5329 temporum
1129 5259 1327 5324 ordine,
1350 5260 1645 5327 meditarer,
1694 5260 1867 5313 omnia

287 5346 408 5397 pene
432 5334 485 5383 in
500 5334 591 5384 illa
611 5332 888 5385 notissimae
911 5330 1300 5394 perturbationis
1323 5331 1617 5383 necessitate
1638 5331 1869 5397 dispersa

288 5410 417 5472 sunt.
452 5403 579 5465 Quae
608 5403 851 5472 quoniam
880 5401 1148 5469 sigillatim
1175 5410 1264 5453 aut
1292 5402 1481 5472 requiri
1510 5401 1737 5469 difficile,
1782 5408 1872 5453 aut

287 5469 502 5523 inuenire
524 5469 839 5539 impossibile
858 5472 1006 5537 foret,
1040 5472 1201 5542 abjeci
1229 5487 1287 5524 ea
1309 5473 1370 5542 de
1387 5471 1559 5524 animo
1581 5488 1710 5534 meo,
1736 5485 1864 5538 quo-

285 5554 400 5589 rum
418 5543 537 5595 mihi
564 5544 641 5596 vel
667 5543 922 5596 ordinatio
946 5541 1224 5607 salvorunt,
1250 5541 1325 5595 vel
1346 5542 1691 5609 dispersorum
1714 5555 1866 5609 repa-

286 5611 421 5661 ratio
450 5614 571 5665 dura
595 5615 871 5666 videretur.
902 5614 1111 5678 Aliquos
1141 5628 1261 5664 sane
1281 5611 1476 5665 libellos
1504 5612 1642 5678 apud
1687 5626 1864 5678 quent-

278 5680 408 5730 dam
444 5685 744 5751 [nuntiarent
774 5699 939 5736 meum
960 5692 1134 5753 postea
1155 5684 1317 5751 reperi
1340 5697 1359 5735 :
1382 5682 1470 5751 qui
1498 5682 1611 5735 licet
1642 5680 1866 5732 nomini-

276 5754 377 5801 bus
407 5756 623 5818 propriis
645 5757 903 5822 titulisque
927 5754 1285 5823 respondeant,
1315 5763 1360 5805 et
1388 5754 1517 5804 alias
1551 5761 1719 5823 tamen
1743 5766 1868 5803 cau-

276 5833 367 5878 305
385 5822 581 5879 inventa
604 5819 833 5879 materia}
848 5819 1229 5893 Opportunitate
1245 5823 1608 5894 perstringunt.
1628 5819 1702 5874 Hi
1719 5834 1864 5893 ergo,

761 5917 1034 5981 PATROL.
1066 5916 1291 5981 LXIII.

1889 4584 1943 4646 D

1978 1936 2110 1977 auro
2139 1933 2285 1988 sunt,
2316 1941 2593 1980 numerum
2623 1926 2685 1980 ad
2717 1927 2971 1996 liquidum
3013 1934 3295 1999 agnovisse
3338 1950 3441 1987 non
3469 1949 3561 2001 pot

1976 2013 2052 2067 tui
2086 2031 2097 2065 :
2129 2015 2251 2083 quia
2281 2016 2422 2070 inter
2451 2031 2544 2071 eos
2575 2018 2736 2071 etiam
2768 2019 2960 2073 multos
2991 2020 3112 2091 fuga
3137 2023 3353 2092 eripuit.
3378 2025 3464 2078 Sic
3492 2023 3561 2079 fa-

1974 2114 2117 2160 ctum
2158 2115 2263 2174 est,
2298 2118 2354 2162 ut
2379 2117 2505 2164 tunc
2539 2110 2605 2164 ad
2637 2111 3008 2169 liberationem
3038 2118 3275 2171 omnium
3307 2118 3561 2188 subjuga-

1974 2206 2150 2254 torum
2192 2202 2507 2257 transeundi
2551 2206 2762 2260 occasio
2788 2216 3042 2264 conoessa
3089 2212 3379 2267 sufficeret.
3409 2213 3561 2269 Post-

1974 2305 2133 2360 quam
2175 2300 2354 2348 tamen
2407 2297 2754 2363 pecuniarum
2787 2298 2875 2354 ille
2921 2303 3166 2357 cumulus
3208 2304 3407 2359 effusus
3437 2315 3561 2374 est,

1974 2385 2229 2439 continuo
2260 2385 2323 2439 ad
2347 2401 2612 2457 expensas
2642 2390 3023 2460 redemptionis
3065 2397 3335 2464 suggessit
3380 2412 3561 2452 neces-

1974 2476 2112 2530 saria
2153 2477 2262 2542 illa,
2291 2494 2409 2549 quae
2438 2479 2509 2533 ibi
2546 2489 2627 2535 est
2657 2482 2937 2538 thesaurus
2978 2474 3255 2547 Ecclesiae.
3290 2490 3510 2560 Syagria
3543 2508 3559 2545 :

1974 2567 2125 2635 cujus
2157 2570 2417 2638 prolixam
2454 2573 2649 2641 qumrit
2686 2573 2789 2627 vita
2821 2577 3179 2632 narrationem
3212 2595 3225 2634 :
3254 2581 3449 2635 sufficit
3478 2592 3560 2637 ta-

1974 2673 2097 2713 men
2115 2668 2253 2714 utex
2282 2661 2535 2730 operibus
2556 2675 2892 2731 agnoscatur,
2919 2681 3075 2734 quam
3099 2669 3259 2724 verba
3286 2680 3559 2729 transcen-

1975 2752 2126 2807 dunt.
2162 2752 2490 2808 Deditetiam
2514 2756 2985 2824 praestantissimus
3016 2760 3155 2814 inter
3178 2761 3358 2817 Gallos
3380 2764 3399 2795 ³
3430 2767 3559 2820 Avi-

1976 2850 2064 2896 tus
2094 2842 2415 2899 Viennensis
2444 2846 2748 2916 episcopus,
2783 2848 2835 2902 in
2874 2864 2980 2918 quo
3003 2864 3059 2903 se
3098 2852 3298 2918 petilia,
3332 2856 3475 2909 velut
3506 2858 3559 2912 in

1979 2934 2278 2992 diversorio
2332 2938 2522 2992 lucidas
2576 2939 2770 2993 domus
2821 2940 3053 2995 inclusit.
3102 2944 3237 3007 Quid
3278 2946 3560 3014 pluribus!

1976 3040 2109 3080 auro
2140 3026 2352 3081 illorum
2399 3044 2465 3082 ex
2497 3031 2725 3082 maxima
2762 3038 2911 3097 parte
2938 3042 3114 3084 actum
3145 3043 3246 3096 est,
3293 3050 3360 3089 ne
3390 3036 3558 3093 Gallis

1975 3139 2099 3209 quia
2140 3139 2313 3207 jubes,
2346 3140 2440 3191 etsi
2472 3139 2669 3191 obscuri
2697 3149 2834 3203 sunt,
2876 3149 2961 3194 tuo
3009 3143 3178 3196 saltim
3207 3147 3407 3200 nomine
3434 3148 3558 3204 illu-

1900 3216 1945 3280 ρ
1976 3208 2320 3285 strabuntur:
2351 3224 2641 3285 quanquam
2668 3211 2873 3285 quilibet
2918 3228 3034 3265 acer
3063 3213 3149 3266 ille
3175 3216 3448 3285 doctusque
3467 3222 3556 3285 sit,

1974 3281 2020 3333 si
2055 3280 2313 3355 religionis
2345 3280 2618 3355 propositio
2661 3280 2848 3355 stylum
2891 3298 2993 3335 non
3036 3285 3201 3338 minus
3244 3280 3375 3353 ﬁdei
3404 3280 3558 3355 quani

1975 3350 2127 3427 metri
2174 3350 2280 3419 lege
2327 3353 2614 3427 servaverit,
2666 3354 2749 3427 via:
2776 3362 2928 3427 aptus
2978 3370 3086 3427 esse
3134 3350 3353 3421 poemati
3381 3350 3558 3427 queat.

1978 3420 2180 3488 Quippe
2200 3421 2543 3496 cunt_licentia
2570 3423 2868 3496 mentiendi,
2888 3440 3001 3491 quw
3026 3420 3301 3492 pictoribus
3322 3420 3562 3496 ac'poetis

1972 3505 2117 3567 coque
2145 3489 2462 3567 conceditur,
2489 3492 2612 3567 satis
2638 3494 2815 3560 procul
2836 3489 3184 3548 decertant-um
3210 3489 3439 3550 serietaie
3459 3503 3561 3567 μείς

1974 3560 2126 3614 lenda
2149 3562 2235 3635 sit.
2266 3559 2331 3613 In
2361 3562 2597 3635 saeculari
2624 3559 2836 3635 namque
2861 3580 3265 3635 versuumopere
3288 3559 3556 3622 condendo

1973 3640 2115 3684 tanto
2143 3632 2840 3707 quisperitior-appellatur,
2864 3644 3054 3703 quanto
3084 3632 3385 3707 elegantius,
3430 3643 3557 3707 imo,

1972 3712 2027 3754 ut
2068 3703 2468 3781 pereudicautus,
2499 3704 2719 3781 ineptius
2763 3705 2899 3781 falsa
2949 3703 3207 3781 terugerit.“
3233 3706 3398 3761 Taceo
3440 3703 3561 3781 jam

1974 3772 2135 3846 verba
2153 3772 2244 3825 illa
2274 3773 2350 3825 vel
2379 3774 2605 3836 nomina,
2632 3790 2745 3842 qua:
2767 3776 2911 3846 nobis
2942 3792 3030 3828 nec
3057 3778 3106 3827 in
3136 3778 3316 3831 alienis
3346 3772 3554 3846 quidem

1973 3842 2206 3904 operibus
2251 3846 2601 3910 frequentare,
2637 3860 2700 3895 ne
2740 3844 2905 3896 dicam
2936 3846 2989 3897 in
3032 3847 3217 3900 nostris
3244 3842 3558 3905 conscribere

1974 3911 2088 3990 licet
2111 3928 2272 3990 :_qute
2390 3914 2689 3990 compendia
2728 3924 2991 3990 poetarum
3012 3912 3154 3990 aliud
3184 3934 3246 3971 ea:
3268 3921 3370 3972 alio
3391 3922 3558 3990 signi-

1972 3981 2183 4060 ﬁcantia
2204 3983 2479 4060 plurimum
2503 3981 2686 4060 ualent.
2724 3981 2983 4060 Quocirca
2996 3988 3317 4041 swculdrium
3328 3981 3557 4060 judicio,

1973 4053 2060 4119 qui
2089 4062 2178 4106 aut
2228 4053 2495 4124 imperitia:
2532 4062 2621 4106 aut
2649 4055 2864 4122 ignaviw
2897 4056 3085 4109 dabunt
3116 4075 3217 4112 non
3250 4053 3345 4113 uti'
3372 4078 3464 4116 nos
3492 4053 3555 4116 li;

1974 4124 2140 4176 centia
2169 4133 2454 4201 poetarum,
2490 4126 2605 4201 plus
2643 4126 2862 4201 arduum
2891 4143 3052 4201 quam
3080 4130 3399 4201 fructuosum
3430 4150 3557 4201 opus

1972 4195 2221 4262 aggressi,
2255 4196 2479 4247 divinant
2510 4195 2657 4265 longe
2689 4196 3015 4251 discrevimus
3036 4195 3096 4252 ab
3126 4199 3352 4255 humana
3382 4195 3559 4257 existi-

1972 4265 2196 4343 matione
2238 4279 2505 4343 censuram
2532 4281 2552 4318 :
2582 4265 2834 4343 quoniam
2866 4268 2918 4319 in
2966 4273 3252 4343 disserendis
3279 4268 3557 4343 quibusque

1972 4332 2142 4397 rebus,
2172 4334 2247 4386 rel
2278 4334 2427 4385 etiam
2458 4344 2607 4409 prout
2635 4336 2854 4402 suppetit
2882 4338 3217 4409 erplicandis,
3253 4332 3300 4392 si
3327 4332 3561 4409 quacun-

1972 4417 2067 4469 que
2093 4419 2154 4455 επ
2185 4412 2327 4471 parte
2375 4403 2689 4471 peccandum
2718 4413 2810 4470 est,
2854 4403 3111 4460 salubrius
3140 4403 3348 4462 dicente
3372 4415 3557 4465 clerico

1973 4487 2076 4525 non
2103 4473 2354 4548 impletur
2388 4488 2575 4548 pompa
2595 4488 2755 4548 quam
2784 4475 2983 4548 regula,
3014 4478 3246 4548 et_tutius
3275 4483 3399 4533 artis
3433 4483 3557 4548 pede

1973 4559 2125 4610 quam
2155 4545 2379 4597 ueritatis
2425 4544 2635 4614 vestigio
2658 4544 2996 4600 claudicatur.
3030 4545 3154 4600 Non
3200 4550 3335 4602 enim
3363 4544 3440 4604 est
3469 4568 3563 4605 cx-

1970 4625 2144 4669 cusata
2184 4614 2557 4685 perpetrratione
2603 4616 2795 4683 peccati
2836 4616 3037 4670 libertas
3074 4619 3282 4685 eloquii.
3332 4620 3555 4675 Nantsi

1970 4699 2062 4757 pro
2092 4687 2228 4737 omni
2261 4684 2407 4757 verba
2434 4686 2594 4738 otioso
2618 4687 2754 4757 quod
2786 4686 2939 4741 locuti
2986 4684 3175 4755 fuerint
3207 4688 3434 4744 homines
3470 4708 3558 4745 ra-

1973 4754 2160 4827 tionem
2187 4756 2450 4827 redhibere
2479 4754 2744 4826 cogentur,
2776 4754 2991 4827 agnosci,
3008 4760 3060 4811 in
3083 4770 3321 4827 promptu
3351 4771 3443 4826 est,
3488 4764 3556 4817 il-

1973 4824 2060 4877 lud
2090 4825 2421 4899 periculosius
2468 4824 2671 4899 lwdere,
2701 4824 2836 4899 quod
2865 4824 3131 4899 tractatum
3156 4824 3305 4899 atque
3346 4824 3558 4888 medita-

1972 4894 2149 4973 tuntet
2170 4894 2508 4965 antepositam
2532 4897 2729 4949 vivendi
2757 4897 2949 4965 legibus
2972 4896 3212 4968 loquendi
3222 4894 3340 4971 lege
3361 4920 3557 4973 prtesu-

1971 4965 2147 5019 mitur.

2043 5098 2120 5169 Ex
2154 5099 2254 5153 hac
2272 5099 2495 5169 epistola
2526 5100 2805 5164 docemur,
2834 5100 3084 5159 homilias
3106 5104 3267 5159 etiam
3298 5106 3367 5161 ab
3397 5109 3557 5164 Avito

1971 5168 2143 5248 editas
2174 5168 2358 5248 fuisse.
2397 5173 2460 5224 Et
2481 5171 2694 5248 quidem
2727 5173 2840 5248 sola
2870 5189 2976 5226 una
3006 5186 3171 5229 restat
3202 5176 3269 5232 de
3299 5176 3555 5248 Ilogatin-

1972 5240 2129 5294 nibus
2168 5254 2200 5311 a
2239 5240 2505 5311 Mamerto
2540 5242 2656 5308 ejus
2687 5244 3087 5311 prtcdecessore
3132 5240 3409 5302 institutis:
3447 5249 3552 5302 Sed

1972 5309 2335 5385 pluscul'arum
2376 5310 2669 5385 fragmenta
2689 5309 2754 5367 in
2782 5315 3134 5382 antiquissimi
3167 5317 3286 5371 lihri
3316 5317 3556 5385 reliquiis

1974 5380 2038 5452 γ.
2073 5381 2110 5432 I.
2144 5379 2258 5452 lac.
2287 5380 2508 5449 Augusti
2535 5382 2738 5437 Thuani
2774 5379 3088 5452 amplissimi
3119 5398 3337 5440 senatus
3370 5379 3553 5451 prlcsi-

1972 5449 2055 5503 dis
2108 5450 2371 5503 vidimus:
2409 5466 2564 5505 unam
2599 5456 2649 5505 in
2700 5449 3051 5511 conversione
3101 5458 3296 5510 dictum
3349 5449 3551 5508 domini

1968 5519 2227 5593 Segisrici
2257 5520 2531 5588 Lugduni,
2577 5526 2836 5592 postridie
2870 5542 3026 5593 quam
3076 5542 3230 5579 soror
3276 5526 3437 5593 ipsius
3484 5541 3552 5580 ex

1968 5592 2165 5644 Ariana
2215 5590 2417 5644 haeresc
2447 5602 2530 5646 est
2565 5590 2814 5662 recepta;
2848 5590 3069 5649 alteram
3102 5598 3153 5647 in
3183 5590 3395 5648 basilica
3426 5608 3553 5649 sau-

1970 5670 2176 5715 ctorum
2206 5662 2630 5729 Agaunensium,
2675 5667 2726 5718 in
2755 5666 3096 5719 innovatione
3129 5666 3439 5720 monasterii
3470 5667 3553 5736 ip-

2035 5761 2488 5836 "Httticgepislolam
2532 5766 2815 5836 Sirmon'dus
2854 5774 3017 5827 postea
3045 5767 3199 5819 edidit
3237 5769 3366 5823 inter
3403 5782 3553 5836 opera

1972 5824 2028 5878 S.
2055 5824 2185 5875 Aviti
2212 5823 2457 5889 aliquanto
2482 5823 2885 5879 emendatiorem.
