4192 6260
599 321 703 381 255

1718 312 1988 370 ENNODII
2028 309 2333 369 EPISCOPI
2370 305 2747 365 TlClNENSlS

3764 303 3872 361 256

601 440 798 498 diutius
825 436 1106 493 servitium
1147 434 1315 505 pubes
1357 432 1609 503 Ligurum
1636 429 1941 485 duceretur.
1972 428 2081 484 Nec
2129 427 2183 482 in
2209 430 2264 491 Δ
2289 427 2441 491 tifex,
2474 434 2561 481 tua
2619 425 2739 495 plus
2776 423 2885 494 egit
2924 422 3201 488 absentia,
3251 428 3510 492 quantum
3539 420 3563 452 ⁸
3593 420 3876 492 imperavit

602 547 711 588 uno
740 532 857 586 loco
882 541 1121 584 summus
1155 527 1236 581 vir
1265 527 1315 580 in
1348 524 1433 578 illa
1465 523 1680 593 regione
1705 537 1764 577 se
1804 521 2083 587 continuit,
2115 534 2183 576 ne

602 622 826 679 forsitan
851 622 903 676 in
930 620 1216 689 longinquo
1230 617 1486 686 degentes
1512 614 1854 669 dominorum
1877 614 2059 668 feritas
2082 611 2185 667 im-

601 718 834 788 pediret.
881 712 1002 768 Fuit
1042 712 1294 780 Genavaz,
1348 709 1437 765 ubi
1470 709 1487 741 ί
1521 707 1854 781 Godigisclus
1897 721 2184 779 germanus

603 809 748 879 regis
771 809 936 862 larem
958 814 1220 861 statuerat
1244 821 1258 859 :
1287 804 1375 875 qui
1398 806 1418 835 ²
1441 803 1635 858 famam
1659 802 1909 857 fraternae
1930 800 2186 857 delibera-

604 901 765 957 tionis
796 908 1035 966 secutus,
1084 897 1242 954 bonis
1262 896 1651 967 operibusejus
1679 910 1739 951 se
1765 894 1975 951 socium
2014 892 2183 950 dedit.

603 994 765 1050 Brevi
816 1001 993 1047 tamen
1049 998 1208 1046 tantae
1258 991 1605 1047 liberatorum
1655 988 1948 1059 phalanges
1972 987 2187 1043 emissae

606 1097 749 1153 sunt,
770 1094 828 1139 ut
846 1083 1059 1138 videres
1071 1082 1245 1153 llonge
1269 1084 1479 1152 lateque
1495 1081 1796 1151 agminibus
1825 1079 2087 1135 ferventia
2110 1078 2190 1133 iti-

606 1192 738 1232 nera
770 1192 889 1231 cum
913 1175 1070 1230 laude
1096 1175 1213 1241 Dei,
1240 1184 1350 1229 tum
1372 1174 1534 1229 etiam
1560 1170 1982 1240 splendidissimi
2009 1184 2192 1224 sacer-

608 1269 752 1323 dotis
780 1268 1083 1337 Epiplianii,
1108 1266 1261 1337 cujus
1291 1264 1591 1321 ministerio
1619 1272 1779 1331 atque
1807 1262 1991 1317 labore
2020 1259 2195 1330 erepti

609 1357 843 1424 fuerant,
876 1359 1238 1414 redeuntium.
1284 1358 1352 1412 Et
1392 1371 1462 1412 ne
1494 1354 1625 1410 tanti
1661 1355 1752 1408 lux
1784 1361 1964 1407 nostra
1994 1360 2195 1418 trepazo

609 1436 850 1507 muneris
870 1451 1196 1520 privaretur,
1215 1458 1375 1518 atque
1401 1448 1468 1503 ab
1488 1448 1658 1503 oculis
1682 1447 1915 1516 ipsorum
1945 1444 2196 1515 pulcher-

608 1530 808 1601 rimum
840 1543 1203 1614 Spectaculum
1235 1542 1541 1608 tolleretur,
1572 1542 1687 1610 ipse
1716 1553 1837 1594 cum
1879 1538 1961 1592 his
1990 1551 2198 1592 remea-

613 1636 711 1690 vit.
744 1634 967 1690 Videres
988 1634 1111 1689 duci
1136 1634 1188 1688 in
1214 1633 1497 1701 triumphis
1518 1631 1829 1688 coelestibus
1851 1630 2040 1699 vulgus
2068 1627 2199 1683 libe—

608 1708 753 1791 rum,
780 1734 834 1779 et
855 1741 950 1794 pro
980 1722 1383 1779 mactandorum
1407 1722 1664 1793 sanguine
1692 1730 1891 1776 terram
1922 1717 2199 1774 madefieri

2288 518 2563 575 humilitas
2587 516 2954 585 deprehensa;
2988 514 3168 569 dicant
3189 512 3289 580 illi,
3322 526 3457 582 quos
3487 512 3554 568 de
3599 513 3872 570 exsulibus

2284 598 2584 679 ditissimos
2610 610 2912 667 reddidisti.
2938 608 3103 679 igitur
3123 608 3301 662 omnia
3321 622 3442 677 quae
3462 622 3489 659 a
3524 606 3765 677 piissimo
3793 623 3878 664 re-

2284 720 2355 778 ge
2374 719 2473 779 pro
2496 704 2715 761 miseris
2738 718 2833 773 per
2865 702 3110 773 paginam
3143 701 3297 771 petiit
3316 700 3603 770 singularis
3626 702 3875 771 antistes,

2288 800 2668 856 incunctanter
2690 796 2945 852 obtinuit.
2964 795 3204 851 Serenus
3243 795 3493 864 praestitit
3519 795 3731 862 copiam
3757 810 3881 867 sup-

2290 892 2540 967 plicanti,
2576 890 2662 947 cui
2693 905 2791 960 pro
2819 888 3256 959 compensatione
3285 886 3484 942 laboris
3511 888 3595 942 sui
3624 886 3733 945 hoc
3761 902 3878 943 ere-

2294 985 2521 1041 debatur
2550 997 2711 1054 posse
2740 981 3013 1046 sufficere,
3037 978 3296 1050 quidquid
3325 994 3421 1049 per
3454 979 3606 1040 illum
3636 978 3882 1037 beneficii

2290 1075 2607 1145 redemptus
2629 1085 2683 1129 et
2713 1087 2917 1143 pauper
2941 1071 3232 1141 acciperet.

2379 1167 2665 1236 Postquam
2700 1174 2877 1220 tamen
2914 1177 3102 1218 omnes
3143 1163 3231 1232 qui
3272 1162 3506 1217 revocati
3538 1161 3779 1227 fuerant,
3806 1162 3884 1216 in-

2297 1256 2447 1312 dultu
2472 1255 2791 1326 praeferendi
2822 1255 3080 1324 principis
3103 1253 3225 1323 jure
3254 1267 3352 1308 suo
3380 1252 3561 1308 donati
3591 1261 3735 1319 sunt,
3766 1268 3885 1322 por-

2298 1347 2536 1404 functam
2592 1348 2959 1402 molestiarum
3019 1361 3238 1401 suarum
3299 1346 3496 1401 molem
3559 1345 3887 1402 admirabilis

2301 1438 2559 1495 censebat
2588 1439 2875 1508 episcopus
2905 1454 2921 1491 :
2951 1452 3073 1493 cum
3112 1436 3338 1493 necdum
3375 1436 3590 1493 biennio
3620 1448 3826 1506 exacto,
3859 1453 3887 1493 a

2299 1518 2613 1588 deliberata:
2648 1531 2844 1601 quietis
2870 1531 3099 1603 gremio,
3158 1538 3409 1601 tanquam
3440 1546 3469 1584 a
3517 1541 3674 1600 portu
3700 1532 3890 1602 cymba

2303 1625 2427 1681 aliis
2460 1625 2621 1680 inlata
2652 1609 2970 1694 tempestate
3007 1624 3339 1693 propellitur.
3375 1624 3505 1679 Nam
3542 1624 3771 1681 infirmis
3796 1613 3889 1683 Li-

2305 1733 2500 1789 gurum
2526 1727 2581 1773 et
2607 1717 2911 1773 labantibus
2943 1718 3182 1774 humeris
3204 1718 3293 1773 vix
3324 1718 3541 1775 ferenda
3573 1718 3891 1775 tributorum

613 1813 865 1886 lacryntis
899 1816 1285 1871 exsultantium
1329 1832 1341 1867 :
1384 1828 1505 1869 cum
1548 1813 1682 1867 Eliae
1722 1826 1936 1867 currum
1978 1812 2201 1865 istarum
2229 1826 2281 1888 Β
2306 1811 2513 1865 sarcina
2546 1809 2924 1865 mandabatur.
2958 1811 3165 1865 Rursus
3189 1810 3257 1865 ad
3288 1820 3373 1876 te,
3418 1810 3737 1868 afflictarum
3766 1826 3892 1869 con-

616 1906 918 1962 cohortium
950 1907 1141 1961 ductor
1172 1904 1485 1970 scanderet,
1518 1912 1571 1959 et
1596 1901 1966 1972 quadriiugum
1992 1901 2059 1955 ad
2088 1914 2203 1955 ce-

616 1999 768 2077 lestia
799 2013 897 2067 ι)ῑο
917 1999 1110 2054 merito
1131 2013 1228 2054 suo
1254 2004 1533 2064 raperetur
1560 2010 1808 2052 excursu.
1837 1993 1953 2049 Non
1981 1992 2059 2047 sic
2087 1991 2207 2047 Pel-

616 2089 750 2146 lacus
777 2090 1025 2160 princeps
1056 2088 1384 2158 Alexander,
1414 2103 1572 2159 quem
1605 2096 1913 2157 pacatorem
1940 2084 2087 2139 orbis
2114 2098 2206 2138 vo-
2238 2078 2248 2087 ’

618 2182 761 2236 cavit
787 2196 926 2236 vana
953 2180 1218 2246 laudatio,
1247 2188 1457 2250 captum
1492 2178 1731 2249 gentium
1765 2176 1917 2231 duxit
1958 2187 2207 2239 examen,

618 2282 680 2328 ut
708 2274 809 2331 iste
832 2276 1125 2331 revocavit.
1155 2274 1296 2329 Ecce
1322 2273 1446 2328 hinc
1470 2270 1833 2343 comperimus
1876 2276 2205 2323 armatorum

619 2374 833 2421 mentes
878 2366 1169 2420 sanctitate
1224 2373 1524 2432 superatas,
1573 2372 1625 2417 et
1675 2361 1905 2416 cessisse
1958 2357 2208 2429 precibus

623 2461 781 2518 electi
813 2459 1129 2531 principem,
1166 2458 1256 2528 qui
1296 2456 1510 2511 obvium
1550 2470 1764 2525 semper
1794 2454 1992 2509 lanceis
2021 2460 2208 2522 pectus

623 2554 866 2627 ingessit.
892 2554 1161 2620 Quantum
1184 2550 1511 2607 fuitacutior
1541 2550 1853 2616 verborum,
1893 2564 2051 2620 quam
2082 2549 2208 2607 ferri

623 2648 851 2714 lamina,
882 2645 1007 2701 hinc
1038 2645 1207 2701 lector
1235 2658 1466 2715 agnosce
1498 2661 1509 2695 :
1546 2643 1875 2713 expugnavit
1903 2657 2099 2707 sermo,
2123 2642 2209 2697 cui

622 2755 683 2795 se
716 2739 875 2809 gladii
903 2737 1287 2793 subduxerant.
1336 2736 1467 2791 Dum
1510 2749 1639 2803 ergo
1671 2734 1829 2791 tertio
1856 2748 2043 2789 mense
2086 2747 2209 2789 cum

621 2834 716 2889 tali
746 2842 947 2903 tropaeo
968 2831 1213 2886 Ticinum
1245 2838 1511 2885 remearet
1541 2828 1788 2895 antistes,
1817 2836 1874 2882 ut
1904 2827 1925 2858 ³
1946 2825 2209 2882 Taranta-

621 2927 760 2984 siam
781 2925 928 2981 venit
951 2925 1055 2995 (sic
1085 2923 1227 2978 enim
1257 2922 1523 2977 vocitatur
1551 2920 1804 2991 oppidum
1831 2919 2055 2989 Alpibus
2080 2917 2211 2973 vici-

622 3018 799 3089 num),
851 3019 923 3073 ibi
971 3016 1215 3088 quaedam
1264 3014 1454 3070 mulier
1494 3013 1643 3083 gravi
1692 3011 1951 3067 immundi
1991 3010 2210 3080 spiritus

623 3110 907 3167 vexatione
932 3107 1245 3163 laborabat:
1277 3120 1397 3176 qua:
1436 3105 1693 3159 continuo
1717 3110 1963 3173 percepta
1994 3100 2212 3156 benedi-

2310 1903 2533 1969 solator,
2579 1902 2897 1956 accurritur.
2928 1900 2950 1933 ⁸
2980 1901 3215 1957 Doceres
3254 1902 3446 1956 frustra
3477 1901 3772 1960 reddidisse
3802 1919 3894 1973 pa-

2313 1994 2429 2049 triae
2474 1994 2651 2059 cives,
2701 1992 2745 2047 si
2775 1992 2881 2048 illis
2907 1993 2961 2046 in
2990 1992 3106 2046 solo
3142 1992 3284 2048 avito
3337 1991 3756 2060 periclitantibus
3785 2007 3894 2050 non

2313 2088 2550 2142 adesses.
2583 2085 2649 2140 Et
2678 2086 2800 2156 quia
2847 2084 2986 2155 apud
3033 2094 3082 2141 te
3110 2099 3382 2154 nunquam
3414 2083 3660 2157 fatigatus
3689 2096 3771 2140 est
3800 2086 3896 2154 qui

2313 2179 2544 2249 rogavit,
2586 2178 2871 2246 suscepisti
2908 2191 3099 2232 causas
3129 2176 3442 2243 infelicium,
3474 2187 3529 2232 et
3562 2188 3611 2232 te
3651 2178 3896 2247 protinus

2312 2271 2380 2326 ad
2412 2271 2645 2327 recidiva
2686 2286 2850 2326 onera
2899 2271 3232 2341 praeparasti.
3278 2270 3583 2326 Ravennam
3616 2286 3713 2340 pro
3742 2273 3896 2328 nobis

2310 2381 2497 2438 regem
2537 2373 2819 2435 rogaturus
2849 2365 3123 2431 excurris;
3153 2379 3313 2434 quam
3344 2379 3411 2420 ne
3441 2371 3494 2419 te
3524 2363 3594 2418 ibi
3619 2364 3897 2435 quisquam

2314 2469 2437 2531 post
2483 2459 2750 2513 Gallicana
2807 2458 3032 2528 insignia
3080 2457 3353 2523 laudaret,
3392 2457 3678 2527 effugeres.
3726 2459 3896 2514 Minas

2312 2550 2473 2631 pteli,
2508 2550 2973 2622 procellarumque
3008 2550 3319 2606 discrimina
3340 2591 3356 2617 ,
3402 2550 3575 2607 adhuc
3615 2552 3765 2622 quasi
3796 2553 3900 2610 avi

2314 2641 2554 2717 integer,
2595 2651 2689 2696 aut
2726 2642 2959 2698 valentia
2999 2643 3243 2711 corporis
3280 2644 3548 2711 munitus,
3581 2658 3895 2713 exsuperas.

2316 2732 2598 2803 Nunquam
2647 2733 2741 2788 tibi
2782 2733 2851 2788 ad
2901 2732 3139 2789 ofﬁcium
3193 2735 3493 2790 animorum
3545 2749 3606 2790 se
3660 2735 3900 2791 membra

2316 2825 2564 2894 quamvis
2587 2824 2822 2880 invalida
2844 2824 3243 2891 subduxerunt:
3265 2826 3447 2896 frigus,
3465 2826 3680 2896 pluviae,
3701 2827 3898 2895 Padu,

2311 2916 2545 2987 jejunia,
2579 2916 2885 2988 navigatio,
2931 2918 3254 2987 periculum,
3303 2920 3556 2986 tonitrua,
3599 2920 3718 2976 sine
3756 2928 3903 2977 tecto

2318 3010 2526 3065 mansio
2571 3011 2623 3064 in
2672 3010 2802 3079 ripis
2849 3010 3121 3079 ﬂuminis,
3153 3012 3342 3069 incerti
3390 3028 3528 3083 pene
3581 3015 3701 3071 sine
3757 3022 3903 3071 terra

2320 3111 2531 3171 portus,
2564 3102 2747 3157 virtuti
2772 3114 2875 3158 tuae
2900 3103 3072 3160 dulcia
3104 3104 3338 3172 fuerunt,
3360 3114 3414 3161 et
3439 3114 3585 3176 grata
3608 3107 3898 3163 successui.

622 3202 800 3261 ctione
829 3199 1071 3256 absoluta
1101 3197 1370 3253 discessit.
1403 3195 1521 3265 Ipse
1552 3205 1729 3251 tamen
1765 3194 1878 3250 suis
1904 3193 2211 3263 inopinatus
2240 3209 2289 3275 α
2321 3182 2342 3224 δ
2373 3192 2731 3249 Contristatus
2760 3204 2842 3249 est
2870 3194 2936 3249 de
2957 3198 3238 3266 praesentia
3269 3196 3344 3251 tui
3383 3205 3437 3252 et
3464 3196 3556 3253 ille
3590 3199 3905 3255 eminentis-

620 3306 725 3351 nec
754 3291 1135 3359 suspicantium
1168 3288 1338 3343 oculis
1366 3288 1556 3342 astitit.
1586 3286 1752 3341 Visus
1796 3295 1880 3341 est
1905 3285 2103 3351 subito,
2142 3284 2212 3341 de

622 3397 733 3454 quo
761 3383 853 3436 vix
880 3379 1198 3435 credebatur
1223 3379 1414 3447 aliquis
1446 3392 1606 3448 posse
1634 3392 1819 3431 rumor
1852 3374 2047 3430 audiri.

698 3473 816 3528 Mox
850 3481 1027 3527 tamen
1053 3477 1113 3525 ut
1139 3469 1321 3535 rediit,
1353 3470 1498 3523 curis
1540 3484 1607 3524 ex
1635 3482 1787 3523 more
1816 3467 2054 3522 animum
2087 3466 2212 3522 fati-

632 3572 748 3636 gat,
796 3578 863 3620 ne
899 3563 1038 3618 forte
1069 3561 1263 3632 quibus
1311 3560 1703 3617 absolutionem
1754 3559 1893 3615 Deus
1923 3574 2019 3628 per
2060 3558 2211 3614 illum

624 3655 882 3719 dederat,
932 3653 1135 3724 proprii
1188 3666 1387 3707 census
1441 3653 1782 3720 possessione
1826 3650 2210 3715 turbarentur;

623 3746 896 3816 praecipue
925 3746 994 3800 ob
1015 3743 1277 3800 nobilium
1309 3743 1793 3800 considerationem
1817 3757 2169 3815 personarum
2197 3761 2209 3795 :

623 3838 820 3909 quibus
849 3838 1134 3892 immanior
1160 3835 1304 3907 apud
1330 3850 1460 3893 suos
1482 3845 1691 3906 poterat
1719 3844 1968 3891 constare
1994 3834 2216 3889 calami-

623 3942 727 3995 tas,
752 3930 797 3985 si
826 3932 985 3985 vitam
1013 3930 1225 3999 inopem
1252 3930 1482 3986 reduces
1509 3929 1861 3996 sustinerent,
1889 3935 1945 3983 et
1972 3926 2039 3982 de
2058 3941 2215 3996 pere-

622 4024 941 4095 grinationis
998 4021 1352 4079 incommodis
1412 4023 1526 4078 sola
1577 4021 1964 4079 misericordiae
2021 4020 2211 4076 solatia

620 4115 1006 4187 perdidissent.
1055 4113 1135 4169 Ad
1166 4130 1347 4185 regem
1377 4113 1791 4170 invictissimum
1824 4111 2214 4169 Theodericum

626 4219 813 4281 pcr‘se
843 4220 967 4259 mox
989 4205 1069 4260 ire
1091 4205 1259 4260 noluit
1288 4221 1300 4258 :
1328 4219 1396 4261 ne
1422 4204 1562 4260 forte
1592 4204 1789 4260 laboris
1837 4205 1918 4259 sui
1944 4203 2214 4259 vicissitu-

627 4296 806 4351 dinem
836 4297 887 4350 in
914 4294 1183 4351 relatione
1209 4296 1523 4367 gratiarum,
1546 4305 1639 4352 aut
1663 4296 1719 4351 in
1741 4294 2071 4351 exhibitione
2095 4311 2214 4350 mu-

624 4399 814 4441 nerum
833 4399 1013 4440 coram
1039 4386 1246 4455 positus
1266 4386 1541 4443 videretur
1569 4386 1823 4458 exigere:
1849 4387 2051 4457 flagitat
2069 4386 2213 4442 enim

626 4477 778 4546 quasi
813 4475 1047 4532 debitam
1077 4478 1509 4544 retributionem,
1560 4480 1652 4549 qui
1684 4478 1979 4549 proﬂigatis
2005 4478 2213 4549 princi-

2318 3286 2487 3343 simus
2523 3303 2636 3353 rex,
2663 3288 2753 3358 qui
2795 3298 2848 3343 te
2885 3287 3068 3345 videre
3110 3289 3409 3346 ambienter
3448 3291 3686 3362 optabat.
3721 3278 3905 3363 Expos

2318 3380 2470 3435 suisti
2502 3380 2853 3437 necessitates
2875 3390 3088 3437 nostras
3114 3382 3343 3439 adventu
3375 3393 3483 3451 tuo,
3515 3393 3797 3456 antequam
3825 3384 3906 3455 ὁὶ-

2316 3483 2491 3535 ceres,
2516 3470 2772 3540 etquales
2802 3481 2977 3543 tecum
3010 3472 3361 3529 habitantium
3392 3475 3641 3547 lacrymae
3671 3487 3721 3533 te
3755 3491 3903 3534 com-

2318 3562 2576 3634 pulerint,
2605 3563 2903 3619 docuerunt
2940 3576 3192 3635 superata
3232 3566 3562 3623 discrimina.

2390 3658 2489 3711 Ast
2508 3655 2596 3711 ubi
2628 3656 2692 3710 ad
2720 3655 3011 3727 principem
3042 3669 3215 3713 tamen
3238 3659 3514 3731 ingressus
3535 3670 3638 3725 cst,
3663 3663 3732 3715 ita
3757 3660 3904 3732 loqui

2318 3746 2501 3817 Coepit.
2538 3767 2556 3801 ‹
2588 3747 2779 3823 Solita,
2808 3765 2901 3806 rex
2922 3752 3263 3819 venerabilis,
3296 3753 3489 3809 mentis
3519 3754 3907 3821 tranquillitate

2320 3840 2640 3896 famulorum
2675 3856 2864 3911 preces
2895 3843 3129 3913 intellige
3153 3861 3166 3898 :
3192 3854 3246 3899 et
3274 3860 3361 3898 me
3381 3844 3445 3899 ad
3474 3842 3787 3913 postulanda
3807 3859 3905 3899 nea

2320 3934 2575 4000 cessaria,
2605 3945 2659 3990 et
2690 3950 2783 3990 vos
2814 3936 2881 3991 ad
2913 3936 3193 3992 tribuenda
3224 3952 3352 3992 usus
3385 3936 3652 3993 informat.
3675 3935 3783 3992 Lex
3817 3945 3908 3991 tua

2320 4023 2428 4092 est,
2458 4023 2650 4082 ductor
2688 4027 2902 4095 invicte,
2930 4029 3175 4083 misereri
3214 4026 3411 4098 iugiter
3445 4048 3458 4081 :
3493 4037 3547 4084 tu
3574 4036 3788 4099 semper
3814 4045 3912 4086 nu-

2321 4117 2462 4172 tristi
2484 4134 2636 4187 spem
2665 4119 3069 4176 intercessionis
3100 4121 3152 4175 in
3195 4128 3490 4189 posterum,
3512 4120 3637 4176 dum
3670 4135 3912 4192 praesen-

2322 4207 2466 4263 tibus
2496 4224 2603 4265 non
2642 4212 2852 4266 resistis
2886 4229 2899 4265 :
2952 4211 3091 4266 viam
3120 4212 3500 4282 supplicationi
3531 4220 3735 4268 nostrae
3764 4220 3912 4283 pate-

2321 4299 2449 4356 fecit
2479 4302 2544 4356 ad
2574 4302 2794 4373 reliqua,
2822 4318 3037 4373 semper
3068 4305 3207 4374 apud
3236 4319 3331 4360 vos
3373 4305 3620 4360 beneficii
3647 4305 3782 4361 fides
3812 4306 3914 4360 im-

2322 4393 2534 4461 petrati.
2572 4393 2856 4464 Liguribus
2886 4396 2993 4449 tuis
3029 4395 3229 4465 largire
3256 4397 3397 4465 quod
3430 4395 3704 4466 proferas:
3735 4397 3913 4450 tribuo

2321 4484 2464 4551 quod
2486 4499 2719 4554 reponas
2743 4502 2755 4538 :
2786 4485 3085 4541 futurorum
3107 4498 3343 4557 quaestus
3366 4498 3469 4555 est,
3489 4489 3806 4559 temporalis
3832 4489 3916 4544 in-

623 4581 754 4635 pum
791 4567 1141 4636 iussionibus,
1170 4570 1284 4638 ipse
1316 4569 1442 4640 quid
1473 4578 1651 4625 actum
1684 4572 1756 4626 sit
1783 4580 1970 4626 auctor
2004 4584 2215 4624 annun-
2242 4594 2300 4657 Β
2321 4573 2616 4645 dulgentia.
2671 4575 2803 4631 Boni
2861 4578 3117 4648 principis
3150 4594 3265 4634 mos
3311 4588 3416 4646 est,
3464 4595 3585 4635 cum
3626 4579 3917 4635 virtutibus

624 4658 746 4714 tiat.
805 4660 917 4717 Hoc
965 4676 1093 4732 ergo
1120 4661 1211 4715 ille
1260 4662 1424 4717 totius
1464 4662 1725 4717 acuminis
1766 4662 1847 4717 vir
1882 4663 2218 4732 prospiciens

628 4750 899 4808 declinare
948 4753 1231 4823 gestiebat.
1278 4751 1508 4822 Scripsit
1555 4762 1754 4819 tamen,
1806 4760 1863 4809 et
1900 4768 2023 4823 quae
2065 4761 2217 4824 gesta

624 4850 775 4908 sunt,
804 4842 951 4912 loqui
974 4843 1245 4899 commisit
1269 4844 1542 4912 epistolis;
1576 4858 1645 4900 ne
1682 4852 1776 4899 aut
1816 4844 2048 4900 tacendo
2087 4859 2218 4901 con-

628 4941 881 5001 temptor,
922 4945 1017 4990 aut
1052 4936 1389 4992 occurrendo
1430 4952 1525 5006 per
1557 4937 1918 5007 arrogantiam
1966 4953 2212 5006 pronun-

628 5023 852 5079 tiaretur
872 5025 1250 5094 intemperans.
1272 5026 1536 5093 Quantum
1562 5036 1686 5082 tunc
1740 5027 2053 5082 admirande
2076 5043 2207 5098 pon-

627 5157 1017 5228 sius;tertiam
1046 5174 1102 5213 in
1128 5161 1519 5216 rcstauratione
1563 5160 1860 5228 baptisterii
1894 5161 1951 5216 in
1996 5163 2215 5219 civitate

628 5243 725 5283 sua
755 5227 957 5301 Vienna
981 5245 996 5294 ;
1023 5237 1267 5301 quartam
1290 5230 1343 5285 in
1371 5230 1587 5286 basilica
1615 5232 1672 5287 S.
1706 5230 1869 5298 Petri,
1895 5246 2054 5301 quam
2083 5247 2212 5289 san-

628 5308 746 5371 ctus
776 5299 1062 5371 episcopus
1088 5299 1413 5371 Tarantasiae
1453 5301 1725 5367 condidit;
1758 5299 1995 5371 quintam
2026 5303 2083 5357 in
2112 5306 2213 5360 de-

628 5366 895 5443 dicatione
913 5366 1145 5443 basilica:
1167 5370 1419 5443 Genevae,
1434 5387 1591 5441 quam
1621 5366 1802 5429 hostes
1817 5372 2167 5431 incenderant
2192 5393 2209 5443 ;

629 5449 683 5495 et
698 5440 836 5514 alias
856 5456 981 5514 quae
999 5441 1082 5497 vel
1106 5440 1542 5514 inscriptionibus
1565 5444 1693 5512 ipsis
1709 5444 1931 5499 nimium
1951 5440 2207 5514 quantum

620 5511 710 5565 .sui
756 5511 1076 5567 desiderium
1109 5511 1368 5585 excitant,
1398 5511 1849 5585 reliquorumque
1880 5511 2019 5570 beati
2065 5518 2207 5573 Aviti

635 5593 851 5649 operum
880 5599 999 5652 qua:
1029 5590 1314 5636 recensent
1344 5581 1578 5636 lsidorus
1603 5593 1660 5639 et
1687 5581 1806 5641 Ad’o
1832 5586 2167 5643 Viennensis,
2195 5632 2202 5640 ,

664 5718 678 5723 _
703 5649 1097 5723 [ϐοιίίςὶεειιιε]
1126 5650 1203 5706 Ita
1232 5654 1489 5723 scribunt
1517 5652 1637 5708 libri
1669 5672 1879 5723 omnes,
1904 5672 2008 5715 non
2040 5658 2202 5714 Godi-

1863 5699 1879 5723 ,
1904 5689 2008 5715 uvu
2040 5689 2208 5714 υυυι·

629 5718 955 5801 gisilu_rn,_:ut
975 5718 1197 5791 vulgata:
1229 5722 1423 5779 habent
1454 5723 1712 5782 editiones
1746 5718 1984 5800 Gregorii
2029 5727 2203 5784 Turo-

632 5792 812 5842 nensis
841 5792 1191 5859 aliorumque.

680 5862 699 5888 ³
733 5864 919 5915 Schut.
948 5873 1000 5916 ct
1032 5862 1293 5925 Bollaud.,
1329 5864 1566 5919 formam.

2327 4681 2509 4722 amare
2536 4666 2763 4735 famam;
2794 4678 2849 4724 et
2898 4686 3118 4742 regnum
3155 4672 3228 4728 ita
3253 4674 3527 4741 ordinare,
3561 4685 3812 4743 tanquam
3842 4675 3919 4729 ad

2327 4760 2512 4830 stirpis
2556 4774 2669 4815 sua:
2717 4770 2961 4830 posteros
3013 4765 3385 4820 transiturum.
3421 4765 3681 4822 Nutantes
3710 4766 3920 4821 domini

2328 4856 2446 4911 haec
2487 4865 2693 4912 tantum
2721 4873 2840 4929 qua:
2874 4857 3159 4929 accipiunt,
3199 4859 3467 4932 diligunt:
3501 4860 3789 4915 firmissimi
3820 4859 3919 4919 illa

2328 4948 2530 5019 potius,
2571 4965 2689 5020 quac
2718 4948 3011 5005 dimittunt.
3044 4951 3132 5007 Sic
3161 4952 3320 5008 terris
3346 4952 3550 5008 semina
3578 4966 3741 5021 parva
3763 4966 3919 5007 com~

2329 5041 2612 5109 mittimus,
2640 5050 2701 5097 ut
2727 5043 3073 5111 multiplicata
3099 5044 3372 5113 capiamus
3397 5062 3412 5098 :
3462 5044 3619 5101 fenus
3646 5047 3763 5101 sine
3802 5045 3919 5100 cri-

2365 5170 3167 5260 ,ᾎΤιξῖξιξξίιεξέιξτηῙΤιφηέξείε
3197 5176 3788 5260 ριίηιίορρίαίηυιηερν
3818 5178 3917 5234 Αιη

2324 5241 2783 5324 piumnflraiarum
2812 5241 2991 5324 caput.
3020 5245 3108 5324 _Sic
3137 5248 3279 5324 enim
3310 5259 3364 5302 et
3393 5241 3446 5303 iri
3473 5257 3655 5324 vetere
3683 5241 3914 5303 itinera-

2324 5308 2407 5366 i'io
2438 5308 2661 5390 IEtbici,
2690 5322 2743 5390 et
2762 5313 2821 5390 in
2842 5308 2985 5390 Aiiti
3026 5316 3242 5390 humilia
3286 5334 3447 5389 quant
3478 5321 3639 5374 modo
3665 5335 3913 5375 comme-

2324 5382 2858 5461 moravimus._liodie
2874 5383 3239 5442 Tarantasiam
3259 5382 3495 5445 vocitant
3510 5406 3615 5447 non
3629 5390 3883 5461 oppidum
3896 5433 3911 5455 ,

2323 5450 2419 5533 sed
2452 5466 2642 5533 pagum
2672 5454 2866 5522 ipsum,
2920 5466 3253 5533 tractumque
3276 5461 3437 5516 totius
3467 5450 3793 5533 centroiium
3826 5450 3915 5533 Aci-’-

2328 5523 2741 5602 litatis-Itaque
2768 5536 2951 5602 contra
2978 5527 3051 5582 illi
3083 5523 3274 5585 accidit
3302 5546 3463 5601 quam
3495 5532 3761 5602 plerisque
3788 5531 3916 5586 aliis

2327 5590 2511 5673 Galliae
2535 5590 2702 5673 locis,
2719 5604 2775 5649 ut
2798 5598 3045 5673 princeps
3074 5590 3335 5673 Oppidum'
3355 5590 3559 5673 regio-ni
3586 5590 3785 5660 nomen
3806 5602 3910 5658 da-

2321 5670 2429 5741 ret,
2449 5679 2566 5741 non
2593 5668 2868 5741 regioseu
2896 5667 3084 5741 civitas
3111 5667 3331 5741 oppido.

2395 5732 2418 5764 ’⁵
2445 5732 2715 5802 Bolland.,
2744 5737 3052 5803 impetravit.

2397 5804 2418 5834 ⁸
2448 5803 2613 5872 Idem,
2652 5807 2868 5862 deceris.

2398 5873 2419 5903 ⁸
2448 5874 2708 5933 Baronius
2736 5893 2799 5933 ex
2834 5877 2953 5936 Vat.
2983 5883 3106 5941 cod.
3161 5886 3455 5944 consolatus

3836 5873 3859 5898 ’
