4192 6260
264 461 367 518 2'57

1185 464 1341 521 VlTA
1380 464 1440 521 Β.
1482 464 1826 522 EPIPHANII
1864 465 2169 524 EPISCOPI
2210 464 2610 525 TlClNENSlS.

3424 471 3533 531 253

266 589 409 645 mine
450 592 507 639 ttt
560 583 926 654 triplicatum:
971 582 1095 637 boni
1139 584 1476 652 Imperatoris
1505 594 1589 639 est
1637 585 2213 655 posses-Adicorum.
2277 584 2503 639 Stabant
2556 583 2897 640 mussitantes
2940 595 2992 641 et
3053 586 3261 642 attoniti
3313 588 3532 658 populi,

263 682 405 737 soris
431 678 728 748 opulentia.
750 675 999 732 Concede
1026 674 1420 730 immunitatem
1451 680 1574 731 anni
1615 692 1851 747 prasen-

264 772 331 826 tis
348 768 816 841 Ligttrizegquieos
843 768 1081 823 externis
1101 766 1191 838 qui
1219 768 1541 838 supplicant,
1561 769 1845 826 reduxisti.

264 864 431 933 Quam
465 862 685 916 uberem
727 869 1046 928 praesentem
1095 861 1423 916 nativitatem
1478 860 1845 929 habuerimus,

262 956 551 1011 clementia
583 962 761 1008 vestra
791 960 1030 1007 astantes
1055 951 1366 1025 interroget.
1400 951 1569 1009 Nemo
1593 954 1667 1007 illi
1698 969 1849 1008 men-

260 1051 411 1112 titur,
436 1048 520 1103 cui
547 1046 789 1102 serviunt
818 1046 904 1115 qui
918 1044 1294 1099 convincant.»
1320 1045 1399 1099 Ad
1414 1044 1529 1101 hinc
1560 1046 1840 1115 princeps:

165 1138 177 1159 ‘
265 1138 890 1196 «Licetnosimmanium
918 1152 1278 1207 expensarum
1312 1137 1519 1206 pondus
1543 1137 1769 1201 illicitet,
1792 1145 1848 1191 et

260 1251 359 1306 pro
390 1235 630 1305 ipsorum
664 1231 842 1301 quiete
880 1228 1067 1299 legatis
1097 1228 1463 1284 indesinenter
1493 1243 1711 1283 munera
1740 1229 1846 1282 lar-

240 1312 495 1399 Igiamur,
540 1334 719 1379 tamen
772 1322 851 1376 vis
898 1322 1215 1375 meritorum
1266 1329 1477 1374 tuorum
1534 1318 1845 1374 tractatibus

260 1420 460 1475 nostris
480 1424 791 1473 reverenter
815 1415 1118 1469 intervenit.
1152 1413 1299 1483 Opus
1326 1423 1411 1468 est
1442 1414 1555 1467 ﬁeri
1586 1413 1843 1483 quidquid

260 1506 587 1584 iniunxeris:
624 1510 778 1579 juvat
806 1523 964 1563 omne
1012 1505 1151 1577 quod
1197 1505 1441 1576 principis
1471 1525 1482 1558 :
1516 1505 1843 1560 assumamus

170 1658 173 1659 ν
262 1607 406 1660 enim
430 1600 757 1671 compendiis
777 1599 976 1654 nostris
997 1598 1178 1667 adjici,
1196 1597 1334 1666 quod
1354 1598 1468 1667 ipse
1483 1596 1837 1665 decerpseris.

258 1695 401 1752 Nihil
433 1703 485 1749 tu
530 1692 683 1762 quasi
726 1706 792 1745 ex
823 1689 1082 1744 accidenti
1117 1688 1446 1757 depreceris,
1476 1688 1565 1757 qui
1612 1687 1776 1743 habes
1810 1705 1842 1742 a

259 1787 411 1844 nobis
448 1786 678 1857 plurima
719 1798 838 1852 qua:
876 1796 1147 1851 reposcas.
1183 1780 1323 1834 Duas
1355 1789 1529 1834 tamen
1562 1781 1843 1849 praesentis

257 1878 562 1937 indictionis
604 1874 805 1930 tiscalis
830 1872 1017 1928 calculi
1069 1880 1247 1942 partes
1277 1872 1567 1933 cedemus;
1622 1870 1839 1925 tertiam

1952 690 2131 730 casum
2163 676 2214 730 in
2239 691 2344 731 uno
2366 677 2581 732 homine
2607 678 2767 733 totius
2791 679 3076 747 provinciae
3103 681 3529 749 considerantes,

1949 775 2006 820 et
2038 768 2190 822 funus
2219 768 2400 822 mundi
2440 779 2763 825 metuentes.
2792 770 3033 839 Septimo
3074 782 3247 826 tamen
3290 773 3379 827 die
3418 772 3535 827 ino-

1953 860 2193 929 pinatum
2226 862 2433 929 scelus,
2470 861 2752 916 ineffabilia
2788 863 3096 931 calamitas,
3140 864 3533 932 inexplicabilis

1949 949 2123 1006 luctus
2151 953 2398 1010 accessit.
2434 952 2540 1008 Sed
2572 966 2691 1007 cum
2737 952 3077 1024 beatissimus
3114 966 3357 1009 cerneret
3402 970 3534 1023 pone

1951 1041 2109 1104 tifex,
2141 1044 2350 1097 sarcina
2387 1045 2563 1098 carnis
2605 1043 2813 1114 abjecta
2852 1049 3119 1106 maturius,
3152 1060 3210 1098 se
3245 1045 3309 1098 ad
3343 1060 3532 1114 purum

1951 1134 2167 1189 aetheris
2190 1136 2406 1190 evolare
2429 1135 2691 1206 fulgorem
2717 1153 2731 1193 :
2763 1137 2913 1206 cujus
2937 1152 3036 1191 vox
3063 1138 3147 1190 illa
3177 1152 3387 1205 semper
3412 1137 3529 1203 fuit,

1958 1222 2091 1277 Mihi
2122 1227 2283 1280 vivere
2342 1225 2576 1281 Christus
2624 1237 2729 1295 est,
2772 1237 2817 1282 et
2848 1230 2977 1282 mori
3006 1228 3202 1282 lucrum
3237 1227 3458 1298 (Philip.
3489 1244 3529 1293 ι,

1947 1314 2064 1384 21),
2084 1315 2207 1369 laeto
2232 1318 2410 1370 animo
2439 1334 2499 1371 ac
2526 1319 2671 1371 vultu
2695 1334 2889 1372 sereno
2918 1319 3035 1373 illos
3057 1319 3351 1374 versiculos
3375 1318 3531 1373 Davi-

1947 1405 2095 1459 dicos
2132 1409 2326 1475 saepius
2366 1407 2641 1476 repetebat
2670 1426 2681 1459 ε
2716 1408 3095 1462 Misericordias
3125 1419 3258 1476 tuas,
3291 1407 3528 1475 Domine,

1946 1495 1999 1545 in
2027 1506 2272 1548 ωιετηιιηι
2307 1498 2546 1550 cantabo.
2580 1495 2645 1549 In
2699 1498 3023 1566 generatione
3063 1509 3107 1552 et
3152 1502 3387 1571 proyenie
3413 1517 3531 1570 pro-

1945 1585 2190 1638 nuntiabo
2211 1587 2469 1639 veritatem
2494 1600 2630 1641 tuam
2652 1587 2704 1640 in
2726 1603 2812 1641 ore
2836 1605 2944 1641 meo
2969 1587 3137 1659 (Psal.
3167 1607 3419 1655 Lxxxvut,
3453 1592 3531 1663 l).

1946 1674 2016 1729 Et
2041 1676 2205 1730 illud:
2241 1676 2303 1730 In
2335 1696 2517 1733 manus
2545 1690 2677 1746 tuas,
2711 1681 2945 1747 Domine,
2973 1687 3263 1739 commendo
3292 1686 3531 1755 spiritum

1944 1782 2113 1820 meum
2144 1766 2314 1837 (Psal.
2348 1786 2451 1823 xxx
2474 1812 2487 1837 ,
2527 1770 2605 1842 b).
2636 1771 2745 1827 Nec
2778 1789 2883 1827 non
2929 1774 3211 1843 adjiciebat
3240 1776 3304 1830 dc
3351 1778 3530 1846 perfe-

1944 1857 2125 1913 ctione
2148 1873 2369 1915 securus
2390 1878 2403 1915 :
2430 1862 2799 1930 Con/irritatum
2823 1876 2893 1918 est
2915 1882 3002 1919 cor
3022 1883 3187 1920 meum
3212 1869 3261 1921 in
3284 1867 3526 1934 Domino,

259 1968 628 2029 tantummodo
649 1965 973 2035 suscepturi,
998 1978 1065 2018 ne
1085 1972 1174 2016 aut
1197 1961 1369 2016 aerarii
1396 1961 1565 2015 nostri
1593 1961 1839 2030 angustia
1869 1950 1917 2012 Β
1944 1963 1991 2010 οι
2021 1956 2305 2009 exaltatum
2334 1968 2405 2011 est
2450 1975 2610 2013 cornu
2657 1978 2822 2014 meum
2852 1962 2903 2016 in
2934 1962 3043 2018 Deo
3092 1964 3306 2018 salutari
3337 1980 3445 2018 meo
3476 1962 3530 2034 (Ι

258 2062 514 2120 Romanis
540 2059 714 2131 pariat
744 2059 947 2126 majora
974 2055 1271 2125 dispendia,
1296 2062 1385 2135 aut
1407 2054 1729 2124 supplicatio
1753 2063 1839 2110 tua

256 2162 566 2223 exspectata
592 2149 768 2220 patria:
796 2147 985 2217 gaudia
1014 2163 1116 2201 non
1145 2156 1399 2215 reportet.
1424 2164 1442 2197 ι
1477 2146 1679 2202 Taliter
1709 2162 1841 2217 prae-

260 2244 373 2299 fato
398 2243 508 2313 regi
552 2242 656 2311 egit
691 2240 889 2312 gratias
921 2251 1159 2292 summus
1205 2239 1430 2291 antistes
1472 2255 1486 2289 :
1530 2252 1559 2291 a
1589 2252 1694 2302 quo
1723 2239 1840 2295 vale

257 2336 441 2391 dicens
469 2330 744 2387 abscessit.
775 2331 887 2384 lleu
916 2328 1069 2383 dolor
1106 2337 1264 2398 atque
1291 2328 1519 2399 gemitus
1546 2330 1557 2382 !
1590 2330 1838 2385 omnibus

254 2428 401 2499 quasi
444 2425 679 2496 supremi
734 2422 895 2478 officii
936 2422 1019 2475 vel
1070 2421 1266 2476 ultimae
1300 2421 1621 2477 visitationis
1658 2422 1837 2479 studio

253 2519 475 2590 impiger
498 2516 839 2572 occurrebat.
867 2514 933 2568 Et
962 2528 1082 2568 cum
1105 2513 1296 2568 domus
1326 2512 1495 2583 ipsius
1517 2512 1837 2571 Christiana:

252 2610 610 2668 multitudinis
652 2607 836 2663 turbas
885 2616 1190 2672 evomeret,
1244 2607 1361 2674 ipse
1390 2615 1566 2662 tamen
1596 2608 1835 2664 omnium

250 2705 544 2778 penetralia
594 2701 811 2757 adibat:
847 2700 1050 2754 nullum
1079 2700 1326 2786 humana:
1358 2702 1555 2756 mentis
1583 2703 1836 2758 crassitu-

251 2798 376 2853 dine
406 2797 711 2851 hebetatum
745 2794 995 2862 tangebat
1027 2802 1130 2847 tam
1165 2792 1374 2847 funesta
1406 2793 1662 2862 suspicio,
1693 2795 1835 2863 quod

253 2868 487 2945 instaret
509 2886 757 2941 transitus
786 2884 921 2954 ejus,
952 2898 1107 2953 quem
1142 2882 1231 2939 ille
1254 2884 1476 2953 spiritus
1505 2884 1836 2941 revelatione

250 2980 532 3036 cernebat.
565 2976 821 3046 Ninguido
848 2990 995 3041 aere,
1023 2984 1077 3031 et
1118 2975 1260 3045 quali
1292 2975 1464 3031 solent
1494 2976 1736 3032 homines
1766 2978 1834 3034 ad

248 3081 385 3129 tecta
440 3069 761 3139 confugere,
802 3070 1111 3123 Ravennam
1162 3082 1411 3137 egressus
1466 3078 1584 3134 est,
1627 3080 1681 3125 et
1738 3085 1835 3140 per

248 3179 434 3220 omnes
475 3162 716 3219 Emilise
758 3161 1001 3215 civitates
1049 3160 1196 3215 celer
1243 3161 1426 3225 venit,
1479 3169 1728 3231 tanquam
1763 3164 1831 3218 ad

249 3256 481 3326 sepulcri
518 3252 915 3322 receptaculum
940 3267 1267 3322 properans:
1306 3254 1554 3309 omnibus
1579 3255 1836 3310 sacerdo-

250 3350 455 3405 tibusin
480 3349 671 3404 itinere
695 3347 882 3418 positis
905 3348 1210 3413 muniﬁcus,
1235 3348 1558 3419 communis,
1580 3348 1833 3418 affabilis,
1865 3327 1913 3391 ο

251 3452 305 3499 et
326 3441 478 3513 quasi
506 3444 520 3473 ι
548 3441 841 3511 exagellam
876 3440 1203 3510 relinquens,
1233 3455 1293 3495 se
1328 3441 1443 3509 ipso
1472 3442 1833 3509 praestantior.

253 3532 319 3589 Ut
351 3532 602 3587 Parmam
624 3543 801 3588 tamen
830 3531 1067 3599 ejusdem
1099 3531 1198 3586 vite
1240 3534 1510 3600 ingressus
1538 3538 1617 3586 est
1647 3533 1830 3587 civita-

252 3635 386 3686 tem.
420 3625 669 3680 continuo
691 3641 813 3681 eum
840 3625 1150 3693 coagulatus
1180 3626 1231 3679 in
1255 3625 1499 3680 vitalibus
1532 3626 1721 3679 humor
1748 3626 1834 3680 itt-

254 3717 413 3783 fudit,
438 3732 590 3787 quem
618 3718 919 3773 catharrum
951 3718 1142 3773 medici
1167 3728 1392 3773 vocant:
1424 3719 1510 3787 qui
1541 3732 1601 3773 se
1627 3718 1835 3773 medul-

252 3808 381 3863 litus
403 3812 645 3864 inserens
670 3810 724 3864 in
748 3811 953 3864 ruinam
984 3812 1249 3880 publicam
1272 3811 1560 3867 serviebat.
1581 3811 1683 3867 Sed
1706 3812 1833 3881 quid

246 3900 505 3956 formidas
536 3902 709 3956 oratio
738 3901 760 3954 ζ’
807 3902 935 3971 quid
966 3902 1109 3956 velut
1138 3905 1157 3932 ²
1195 3903 1344 3956 navis
1374 3902 1551 3971 fragos
1580 3903 1834 3971 scopulos

251 3992 661 4062 perhorrescis?
694 3992 862 4056 Veiis,
892 3993 1053 4061 nolis,
1086 3999 1139 4047 et
1168 3995 1210 4047 si
1256 3994 1504 4059 strictim,
1535 3994 1686 4062 cujus
1722 3993 1833 4047 vita

248 4084 387 4138 dicta
418 4090 517 4152 es't,
550 4086 849 4140 narrandus
878 4097 961 4141 est
990 4086 1167 4141 obitus
1195 4104 1208 4139 :
1260 4089 1511 4155 quoniam
1542 4086 1683 4140 nulla
1711 4099 1836 4154 pro—

248 4178 495 4232 tensione
558 4176 767 4242 libelli,
826 4178 987 4232 nullis
1034 4178 1434 4233 dilatationibus
1486 4176 1832 4246 promulgatae

248 4270 440 4335 laudis,
459 4272 716 4326 transitus
750 4272 917 4341 ipsius
956 4272 1449 4343 poteritoccultari.
1485 4272 1551 4325 Et
1587 4269 1833 4340 quamvis

246 4361 397 4416 velut
437 4362 700 4432 Scyllaios
738 4378 901 4419 canes
939 4376 992 4420 et
1042 4365 1250 4434 patulas
1284 4363 1585 4435 Charybdis
1616 4364 1831 4428 fauces,

248 4458 459 4529 fragosa
514 4459 829 4515 discrimina
882 4476 1153 4517 murmure
1194 4460 1504 4515 minitantes
1560 4458 1833 4513 velificans

248 4552 425 4607 carina
456 4550 721 4621 ditl‘ttgiat,
752 4553 927 4608 obitus
953 4553 1070 4623 ejus
1105 4538 1433 4625 naufragium
1474 4568 1582 4607 non
1609 4554 1829 4607 omittit.

248 4640 377 4708 Quid
410 4643 574 4697 fletus
599 4657 820 4699 narrare
844 4654 1047 4713 metuo,
1073 4660 1208 4715 quos
1229 4645 1482 4700 continua
1509 4657 1722 4713 semper
1748 4658 1835 4698 ne-

1945 2047 2075 2119 Reg.
2105 2064 2163 2114 ll,
2196 2048 2287 2120 i):
2320 2060 2377 2104 ut
2412 2050 2624 2121 hymnis
2654 2062 2709 2107 et
2746 2054 2969 2110 canticis
2997 2064 3052 2110 et
3081 2057 3133 2110 in
3179 2065 3353 2111 morte
3381 2070 3529 2111 reso-

1946 2157 2081 2197 nans
2118 2143 2184 2196 ad
2214 2144 2395 2199 sedem
2425 2160 2576 2199 suam
2607 2148 2842 2203 caelestis
2865 2150 3042 2203 anima
3072 2159 3335 2205 remearet
3364 2169 3376 2202 :
3406 2164 3528 2218 qua:

1941 2235 2443 2307 quinquagesimum
2481 2238 2502 2269 ⁸
2531 2248 2776 2295 octavum
2821 2243 2994 2296 aetatis
3030 2257 3225 2297 annum
3264 2242 3413 2296 duxit
3460 2242 3528 2296 ad

1943 2330 2249 2385 tumulum:
2301 2332 2518 2401 triginta
2557 2331 2609 2387 in
2656 2334 2757 2389 hac
2792 2326 3142 2400 sacerdotali,
3189 2336 3432 2404 qualem,
3472 2344 3527 2389 et

1942 2421 1986 2475 si
2017 2426 2308 2493 excerptim
2340 2425 2509 2481 lector
2536 2428 2771 2484 attendis
2799 2429 3088 2500 scalptam,
3117 2429 3526 2485 conversatione

1941 2518 2161 2571 exemit.

2012 2606 2144 2661 lllud
2176 2623 2405 2679 namque
2440 2609 2654 2665 silentio
2687 2612 2965 2681 praeterire
3009 2627 3116 2665 non
3163 2611 3353 2679 debeo,
3383 2612 3526 2683 quod

1940 2698 2059 2768 ejus
2080 2709 2282 2755 sancta:
2308 2701 2550 2771 reliquiae
2573 2717 2742 2772 usque
2770 2704 2821 2757 in
2847 2704 2987 2759 diem
3012 2705 3248 2774 tertium,
3273 2721 3379 2776 quo
3404 2721 3525 2761 cum

1942 2802 2151 2844 summa
2186 2794 2529 2848 veneratione
2554 2794 2843 2849 reconditae
2871 2794 3241 2864 dinoscuntur,
3268 2805 3411 2853 tanto
3444 2798 3525 2853 lu~

1942 2883 2087 2938 mine
2122 2898 2186 2939 ac
2215 2884 2410 2942 decore
2440 2889 2644 2943 vestitae
2676 2897 2988 2944 cunctorum
3019 2890 3148 2944 visa!
3178 2899 3301 2944 sunt
3332 2890 3503 2946 oculis

1943 2984 1998 3028 ut
2029 2976 2376 3046 splendorem
2412 2980 2532 3034 vita:
2564 2980 2738 3035 vultus
2767 2982 3001 3050 signaret
3041 2981 3309 3049 defuncti,
3352 2992 3408 3038 et
3433 2984 3524 3039 de-

1942 3070 2169 3136 positam
2201 3068 2425 3139 gloriam
2450 3071 2559 3139 jam
2599 3087 2740 3125 nunc
2783 3074 3087 3141 percepisse
3112 3073 3403 3141 gloriosum
3434 3090 3525 3128 vas

1942 3160 2276 3228 crederetur,
2327 3161 2380 3214 in
2421 3178 2527 3232 quo
2556 3178 2682 3217 vere
2728 3162 2827 3217 fuit
2858 3164 3139 3219 thesaurus
3166 3166 3347 3236 magni
3386 3168 3525 3237 regis

1941 3251 2345 3322 inclusus.Qu:e
2364 3253 2436 3307 ibi
2466 3254 2676 3310 fuerunt
2703 3256 2922 3310 flumina
2951 3258 3527 3329 lacry’marum,quanti

1942 3344 2208 3413 planctus,
2227 3343 2420 3410 silebo,
2444 3360 2510 3400 ne
2533 3346 2652 3415 p‘ost
2673 3362 2841 3401 annos
2860 3362 2931 3415 ac
2961 3350 3223 3404 curricula
3257 3352 3525 3406 novellum

1942 3435 2181 3490 dolorem
2240 3437 2469 3505 scriptor
2519 3436 2794 3491 incutiam.
2851 3438 3192 3510 Quaecunque
3230 3442 3302 3496 ibi
3356 3454 3527 3499 mater

1940 3527 2108 3593 venit,
2141 3528 2420 3583 liberatum
2466 3529 2713 3583 clamavit
2742 3530 2808 3583 ab
2840 3530 2929 3584 illo
2962 3531 3164 3598 filium;
3196 3549 3526 3604 quaecunque

1941 3635 2099 3686 uxor,
2129 3625 2376 3675 maritum
2402 3640 2416 3689 ;
2454 3637 2787 3692 quaecunque
2814 3636 2989 3689 soror,
3020 3625 3270 3691 fratrem;
3303 3628 3390 3696 qui
3413 3642 3522 3683 ca:-

1942 3714 2080 3780 lebs,
2115 3731 2174 3769 se
2200 3716 2392 3786 ipsum.
2414 3717 2694 3770 Postremo
2720 3716 2770 3770 in
2798 3717 2885 3770 illa
2919 3726 3061 3771 tanta
3088 3718 3361 3774 hominum
3387 3722 3526 3775 mul-

1942 3809 2169 3863 titudine
2218 3820 2270 3863 et
2327 3818 2628 3878 conventu,
2684 3817 2739 3863 ut
2785 3810 3042 3865 audenter
3074 3811 3269 3865 'dicam
3300 3852 3314 3877 ,
3365 3815 3525 3871 totius

1940 3900 2088 3956 orbis
2124 3917 2282 3957 nemo
2319 3900 2419 3956 fttit
2453 3904 2540 3973 qui
2574 3901 2851 3977 beneficiis
2882 3902 3024 3957 illius
3062 3902 3260 3974 aliquid
3298 3920 3401 3961 n0n
3434 3906 3525 3963 αυε-

1942 3996 2110 4050 beret.

2012 4087 2119 4143 Sed
2158 4103 2339 4157 quaeso
2364 4086 2473 4158 jam
2517 4099 2875 4159 temperemus
2914 4090 3267 4167 aluc’libus:
3308 4100 3525 4148 contra-

1940 4189 2079 4234 ctam
2114 4181 2325 4235 tristitia
2359 4181 2691 4235 resolvamus
2722 4181 2973 4237 frontem.
3008 4183 3229 4239 Excelsa
3260 4200 3379 4239 cum
3410 4184 3524 4239 Deo

1941 4273 2209 4343 possidet,
2247 4274 2317 4329 ob
2357 4274 2510 4342 cujus
2545 4275 2745 4329 obitum
2780 4292 3073 4331 maeremus
3117 4278 3167 4331 in
3208 4279 3385 4334 terris.
3418 4280 3524 4335 Sed

1942 4366 2065 4433 quid
2086 4364 2456 4436 faciam,quod
2484 4365 2858 4421 remediatoris
2874 4367 3035 4420 vestri
3066 4367 3330 4436 singultus
3359 4368 3524 4424 verba

1939 4454 2235 4508 difficiunt?
2266 4454 2517 4524 lacryma:
2548 4469 2639 4508 ora
2678 4449 3041 4524 profun‘dunt?
3082 4456 3341 4525 mugitum
3373 4472 3521 4512 reso-

1939 4554 2033 4601 nat
2061 4561 2224 4601 omne
2252 4546 2394 4616 quod
2424 4547 2688 4617 eloquor?
2714 4556 2766 4602 et
2801 4546 3041 4618 intelligo
3065 4548 3206 4619 quod
3245 4563 3519 4619 nunquam

1939 4638 2006 4694 ad
2037 4638 2251 4694 ﬂentem
2282 4638 2416 4694 ﬂens
2444 4639 2581 4695 bene
2617 4639 2796 4695 veniat
2824 4640 3148 4696 consolator.
3182 4640 3306 4696 H330
3332 4650 3523 4697 sancto

249 4702 395 4790 casse
425 4744 514 4791 est
536 4744 595 4789 ut
640 4745 900 4793 monstret
928 4702 1163 4793 effusio?
1212 4740 1351 4809 Ergo
1378 4737 1506 4793 dum
1546 4752 1606 4793 se
1628 4702 1833 4807 loppido
1860 4702 1915 4764 Β
1937 4731 2085 4787 Patri
2103 4742 2153 4788 et
2176 4733 2381 4787 doctori
2415 4733 2739 4802 peritissimo
2761 4734 2983 4789 idoneus
3003 4733 3195 4790 affectu
3223 4749 3329 4790 non
3347 4738 3522 4794 scien-

251 4824 541 4893 Ticiuensi,
565 4846 706 4885 nunc
728 4832 949 4899 misero,
979 4832 1381 4903 propinquavit,
1404 4834 1554 4902 quasi
1584 4832 1763 4887 alacer
1784 4842 1837 4886 et

254 4935 409 4975 sanus
443 4924 696 4993 apparuit
727 4939 743 4976 :
795 4924 937 4993 quod
963 4925 1089 4979 licet
1123 4939 1245 4980 cum
1277 4925 1298 4956 ³
1325 4924 1570 4978 omnibus
1600 4923 1837 4978 exsulta-

254 5014 485 5068 tionibus
529 5015 604 5069 ob
649 5016 878 5072 reditum
914 5031 1070 5072 suum
1114 5017 1408 5085 introisset,
1452 5016 1595 5071 illico
1641 5016 1833 5085 gaudia

253 5109 403 5162 vertit
434 5110 489 5162 in
521 5109 819 5180 lacrymas,
866 5126 1066 5180 aegrum
1099 5126 1159 5165 se
1188 5126 1309 5167 esse
1353 5111 1469 5180 ipsa
1504 5110 1590 5164 die
1627 5108 1834 5178 signifi-

252 5210 390 5262 cans,
406 5200 579 5255 altera
601 5201 924 5269 graviorem.
950 5201 1155 5257 Etcum
1178 5201 1433 5271 grandior
1459 5214 1555 5269 per
1578 5198 1695 5253 dies
1718 5198 1832 5253 sin-

251 5290 395 5355 gulos
423 5302 714 5363 appareret
740 5294 1050 5360 infirmitas,
1079 5294 1258 5363 adjuta
1295 5301 1381 5349 est
1422 5291 1689 5362 imperitia
1718 5305 1829 5347 me-

312 5429 329 5456 ‘
366 5428 669 5500 Emgeilam
708 5429 1025 5500 relinquens]
1074 5430 1187 5485 lloc
1220 5438 1336 5497 est,
1370 5438 1425 5485 ut
1474 5429 1825 5500 interpretor,

241 5511 486 5571 normam
522 5512 575 5555 et
610 5502 932 5570 exemplum.
976 5500 1282 5571 Exagellam
1319 5500 1465 5556 enim
1519 5501 1825 5569 appellasse

236 5569 492 5623 ridentur
542 5572 731 5625 libram
764 5569 859 5627 Seu
901 5569 1172 5639 trutinam,
1210 5572 1277 5627 ab
1316 5586 1381 5626 eo
1420 5571 1626 5627 scilicet
1673 5571 1819 5627 fonte

231 5652 261 5692 a
283 5655 400 5709 quo
427 5652 482 5695 et
503 5643 710 5713 aginam
737 5654 788 5697 et
818 5644 1089 5712 exagium.
1124 5644 1180 5697 ln
1220 5643 1437 5713 antiqua
1467 5642 1818 5709 inscriptione

227 5726 359 5777 qua:
397 5716 632 5767 continet
678 5714 911 5768 edictum
960 5713 1255 5783 Aproniani
1296 5712 1355 5768 P.
1390 5713 1450 5767 γ.
1490 5715 1587 5767 sub
1628 5713 1820 5783 exagio

225 5794 433 5848 pecora
483 5784 746 5849 vendere,
790 5794 872 5838 est
918 5798 1151 5853 appensa
1198 5784 1449 5838 vendere.
1507 5784 1652 5837 Zeno
1692 5785 1819 5837 item

222 5864 485 5925 sermone
533 5854 564 5907 6
600 5854 663 5925 ad
714 5855 1036 5925 neophytos,
1070 5855 1316 5921 Habetis,
1363 5853 1556 5921 inquit,
1587 5854 1820 5925 aginam:

219 5922 471 5989 mgium
509 5923 683 5991 facite,
710 5922 1140 5992 quemadmodum
1169 5924 1318 5980 vultis
1347 5924 1641 5995 ponderate.
1680 5924 1818 5979 Exa-

276 6109 387 6124 4,'..
448 6111 523 6126 ,ἦν

1940 4827 2011 4880 tia
2029 4825 2287 4895 impendi,
2307 4835 2361 4879 ut
2376 4826 2581 4897 aliquos
2600 4826 2665 4880 de
2685 4828 3088 4882 conversatione
3110 4826 3249 4882 illius
3266 4828 3522 4890 flosculos

1940 4918 2236 4988 relegerem
2269 4934 2282 4983 ;
2316 4925 2371 4972 ut
2408 4927 2492 4972 est
2522 4917 2737 4989 longum
2776 4917 2877 4972 iter
2905 4917 3183 4987 agentibus
3206 4920 3261 4973 in
3292 4936 3389 4977 usu
3423 4940 3519 4993 po-

1939 5012 2126 5076 Situm,
2156 5010 2247 5079 qui
2290 5025 2395 5065 non
2428 5024 2614 5064 omnes
2658 5008 2841 5065 obvios
2870 5008 3227 5065 consalutent.
3260 5011 3338 5068 Tu
3364 5016 3517 5085 mihi,

1938 5102 2117 5157 anima
2148 5102 2289 5172 apud
2322 5102 2735 5174 Redemptorem
2783 5112 3021 5156 nostrum
3054 5112 3379 5174 praepotens,
3422 5112 3519 5164 tri-

1939 5199 2066 5264 bue,
2093 5209 2150 5253 ut
2170 5214 2298 5253 cura
2320 5214 2519 5252 vacuus
2542 5206 2595 5251 et
2622 5204 2839 5267 pectore
2862 5196 3018 5264 liber,
3043 5198 3238 5253 munda
3266 5200 3360 5255 tibi
3384 5201 3520 5257 sicut

1938 5290 2204 5349 debentur
2235 5292 2499 5363 praeconia
2521 5290 2751 5346 mundus
2772 5290 3071 5348 exsolvam.
3094 5290 3171 5348 De
3195 5303 3393 5349 caetero
3424 5295 3520 5347 ha-

1934 5433 2079 5503 gium
2104 5431 2287 5505 facere
2310 5438 2393 5487 est
2415 5427 2749 5502 ponderare:
2776 5432 2971 5491 trutina
2995 5448 3096 5505 qua
3130 5432 3513 5504 ponderamus,

1934 5502 2516 5643 exgﬁllilifmavifragos.

2000 5642 2022 5673 ³
2052 5642 2178 5705 Alii,
2212 5642 2460 5695 omnium.

1999 5712 2019 5744 ⁸
2044 5713 2534 5785 Quinquagesimum
2581 5712 2844 5784 octavum]
2890 5712 3125 5785 Decessit
3162 5712 3349 5767 beatos
3387 5714 3509 5781 Epi-

1925 5784 2153 5855 phanius
2183 5800 2254 5855 xtt
2282 5782 2385 5837 cal.
2411 5784 2666 5855 Februar.
2702 5782 2973 5855 anni—49:7,
3002 5798 3144 5837 anno
3174 5786 3348 5840 aetatis
3375 5786 3509 5841 duo-

1926 5853 2328 5924 desexagesimo
2368 5853 2603 5908 nondum
2634 5855 2864 5921 expleto.
2898 5854 3074 5924 Quare
3103 5866 3259 5914 natus
3300 5858 3508 5912 videtur

1925 5940 2014 5979 an.
2050 5922 2174 5989 459,
2206 5933 2417 5981 creatus
2448 5927 2734 5994 episcopus
2763 5938 2903 5980 anno
2933 5922 3063 5980 467.

3144 6089 3239 6113 ,Μ’
3326 6092 3338 6103 .
