4192 6260
646 368 715 424 59
1740 346 2012 406 ENNODll
2053 341 2357 401 EPISCOPI
2396 333 2769 397 TlClNENSlS

610 492 825 545 bentem
856 484 908 539 in
945 490 996 537 te
1024 492 1143 553 post
1178 479 1340 534 Deum
1372 469 1618 529 fiduciam
1657 483 1762 524 non
1793 466 2101 535 relinquas,
2140 468 2193 516 et
2228 440 2285 501 Α
2309 461 2484 516 vinam
2513 451 2984 527 repromissionem
3012 442 3178 502 redde
3206 436 3543 512 participem.

611 594 769 651 quem
798 575 1071 647 religionis
1101 570 1269 627 titulis
1298 564 1589 636 insignisti,
1628 559 2004 631 religiosorum
2037 554 2089 608 in
2121 552 2203 607 di-

611 642 3859 739 -____'_______________————-——-———————-—-

2030 988 2509 1013 ___________—-.

1218 1080 1603 1143 PREFATIO.

696 1193 767 1250 Ut
786 1187 1090 1261 praeliantes
1112 1188 1398 1251 assurgunt
1416 1171 1686 1237 buceinis;
1706 1179 1763 1225 ut
1785 1178 2041 1238 equorum
2055 1160 2198 1218 cele-

624 1288 761 1343 ritas
791 1282 857 1337 ad
889 1280 1154 1350 potiorem
1184 1286 1399 1329 cursum
1446 1269 1639 1323 ferrata
1668 1261 1817 1318 calce
1846 1262 2196 1329 provocatur:

629 1379 701 1433 ita
729 1376 855 1431 dunt
892 1342 1155 1441 majorum
1204 1366 1375 1421 virtus
1422 1357 1705 1422 sollicitat,
1750 1350 1960 1421 ingenia
1990 1342 2203 1401 novella

630 1471 919 1525 contortat.
951 1460 1053 1530 Qui
1082 1473 1213 1515 cana
1238 1450 1498 1512 exercitia
1526 1457 1582 1505 et
1619 1454 1857 1501 veterum
1887 1449 2034 1511 gesta
2063 1434 2205 1491 rele-

629 1561 728 1631 git,
763 1557 827 1611 ad
854 1552 1253 1623 disciplinarum
1274 1546 1478 1614 frugem
1513 1536 1799 1611 propositis
1828 1532 2042 1588 laudum
2071 1542 2209 1597 pra:-

629 1619 753 1704 ntiis
776 1619 1083 1701 inardescit.
1117 1641 1294 1709 Imago
1322 1630 1674 1706 praecedentis
1703 1626 1904 1698 gloriae,
1938 1632 1999 1676 ut
2025 1619 2089 1675 ad
2124 1633 2211 1688 po-

632 1750 809 1796 steros
835 1737 1038 1800 veniat,
1072 1734 1367 1802 linguarum
1397 1735 1585 1782 eatena
1616 1722 1877 1776 retinetur
1908 1733 1921 1769 :
1951 1729 2057 1768 non
2086 1711 2211 1765 licet

631 1846 729 1899 per
754 1837 938 1881 :etates
968 1824 1157 1895 perire,
1177 1820 1221 1875 si
1246 1816 1370 1889 quid
1404 1815 1562 1871 lectio
1583 1810 1789 1867 serenis
1811 1806 2015 1862 actibus
2041 1802 2215 1856 amica

634 1895 955 1992 susceperit.
1013 1918 1193 1985 Itaque
1230 1909 1552 1982 eloquentiae.
1588 1900 1937 1967 diuturnitas,
1972 1895 2215 1951 mortalis

638 1990 842 2069 natura:
872 2009 987 2064 sine
1008 2000 1405 2076 congressionis
1436 1996 1675 2069 periculo
1703 1991 1869 2048 vincit
1889 1990 2215 2058 angustiam,

624 2112 916 2174 perquam
944 2099 1265 2169 Optimorum
1292 2090 1650 2156 conversatio,
1674 2086 1805 2157 ipsis
1824 2081 2217 2147 decidentibus,

642 2171 817 2251 nescit
860 2205 1131 2248 occasum.
1174 2185 1507 2243 Restituetur
1536 2180 1751 2252 quidem
1781 2189 1977 2246 corpus
2004 2171 2218 2243 origini,

643 2299 697 2345 et
723 2287 1017 2344 destinatus
1042 2299 1072 2338 a
1100 2281 1309 2353 superis
1338 2278 1560 2349 spiritus
1590 2274 1654 2329 ad
1686 2270 1962 2341 proprium
1994 2264 2225 2322 recurrit

646 2390 917 2436 auctorem
953 2395 966 2430 :
1005 2389 1236 2446 quorum
1285 2381 1465 2428 tamen
1509 2367 1748 2439 probitas
1777 2364 1931 2420 libris
1974 2360 2223 2416 mandata

646 2471 825 2536 fuerit,
852 2482 1038 2524 eorum
1070 2464 1249 2520 vitalis
1279 2470 1363 2519 est
1393 2461 1592 2516 obitus.
1620 2458 1770 2512 Dicat
1809 2454 2033 2509 forsitan
2063 2453 2228 2507 inter-

645 2578 771 2634 pres
811 2560 1123 2617 austerior:
1171 2555 1398 2625 Abjurat
1442 2549 1839 2623 praedicationis
1889 2545 2227 2602 dulcedinem

645 2652 929 2722 perfuncta
956 2662 1108 2704 mens
1132 2647 1353 2710 saeculo,
1393 2651 1448 2699 et
1472 2641 1649 2697 carnis
1680 2638 1909 2695 vinculis
1956 2636 2231 2692 absolutus

647 2759 758 2800 non
782 2742 1051 2799 desiderat
1065 2754 1182 2809 qua:
1199 2739 1337 2794 inter
1352 2738 1553 2792 incerta
1576 2733 1759 2789 mundi
1780 2730 1964 2802 gessit,
1980 2727 2194 2799 agnosci
2213 2742 2229 2781 :

654 2838 751 2893 sed
782 2837 900 2891 illos
929 2834 1195 2890 humanus
1228 2844 1436 2895 carcer,
1467 2828 1585 2882 sine
1634 2824 1895 2880 libertatis
1925 2819 2233 2889 dispendio,

654 2929 852 2987 refudit
876 2928 1095 2999 opifici:
1126 2925 1254 2981 dum
1296 2926 1433 2979 inter
1465 2921 1666 2993 polluta
1696 2916 1967 2990 gradiens,
2002 2914 2233 2970 nitorem

656 3040 813 3080 suum
862 3023 1039 3077 anima
1077 3020 1189 3075 Deo
1220 3027 1405 3073 nostro
1443 3018 1646 3072 intenta
1682 3010 2011 3083 geminavit;
2043 3016 2101 3063 et
2139 3020 2236 3077 per

652 3115 1029 3172 mandatorum
1071 3111 1370 3168 caelestium
1427 3109 1593 3164 lineas
1641 3105 2035 3160 lenocinantem
2075 3098 2236 3169 hujus

656 3210 790 3266 lucis
819 3223 926 3263 non
952 3202 1120 3263 sensit
1148 3218 1407 3261 errorem.
1430 3201 1594 3256 Nobis
1615 3213 1741 3253 vero
1764 3196 1866 3251 ista
1895 3193 2234 3257 reviviscant,

658 3304 815 3359 nobis
840 3300 1114 3372 profutura
1145 3306 1457 3361 serventur;
1498 3293 1692 3364 quibus
1738 3292 1784 3344 si
1814 3305 1844 3344 a
1876 3288 2053 3344 studio
2082 3286 2237 3341 deest

661 3396 852 3452 sectari
876 3392 1123 3459 meliora,
1156 3390 1222 3445 de
1252 3390 1466 3444 illorum
1494 3387 1585 3456 qui
1614 3385 1785 3438 facem
1815 3380 2238 3437 conversationis

664 3503 773 3543 sua:
807 3482 1318 3558 przeferunt,vcnire
1347 3479 1507 3536 debet
1532 3476 1798 3548 exemplo.
1819 3475 1898 3529 Tu
1931 3483 2241 3536 autetn,vc-

665 3580 916 3637 nerabilis
944 3579 1108 3633 abbas
1139 3575 1347 3641 Leonti,
1379 3573 1466 3643 qui
1494 3572 1545 3627 id
1578 3568 1706 3625 mihi
1728 3567 1908 3639 operis
1938 3564 2239 3635 injunxisti,

667 3673 857 3742 adjuva
893 3670 1133 3725 oratione
1157 3666 1507 3727 titubantem,
1537 3669 1588 3716 et
1630 3660 1923 3715 siccitatem
1954 3656 2079 3726 styli
2109 3670 2241 3709 san-

670 3776 871 3821 ctarum
904 3776 1119 3833 precum
1140 3760 1313 3814 imbre
1340 3757 1636 3826 locupleta:
1669 3753 1831 3807 facies
1852 3751 2018 3815 enim,
2040 3757 2096 3803 ut
2119 3762 2245 3802 con-

671 3861 795 3927 ﬁdo,
830 3858 1036 3915 meritis
1068 3854 1392 3926 praecipuum
1411 3892 1428 3917 ,
1455 3849 1597 3920 quod
1627 3847 1845 3919 aggredi
1877 3858 1963 3900 me
1992 3843 2107 3912 ipse
2131 3840 2247 3910 jus-

672 3954 811 4008 sisti.
828 3952 1062 4006 Pronum
1089 3958 1189 4014 cst,
1207 3945 1479 4001 beatudini
1508 3954 1609 3997 tua:
1629 3942 1864 4012 jejunam
1886 3934 2247 4008 eloquentiam

674 4043 915 4099 fecundis
944 4037 1266 4095 innocentia:
1296 4034 1507 4091 ferculis
1540 4033 1796 4103 ampliare
1821 4046 1835 4085 :
1865 4030 2065 4085 credite
2094 4026 2246 4091 mihi,

677 4151 772 4190 vos
798 4132 1047 4203 respiciet
1070 4138 1292 4187 extorta:
1319 4137 1410 4182 aut
1434 4127 1609 4196 culpa,
1635 4133 1728 4179 aut
1754 4122 1939 4193 genius
1967 4119 2246 4176 dictionis:

679 4228 827 4297 cujus
865 4226 969 4281 nisi
1022 4222 1372 4279 substantiam
1412 4219 1659 4290 religiosa
1706 4216 2023 4272 auctoritate
2072 4213 2251 4267 firma-

680 4319 841 4383 veris,
871 4316 1140 4371 videbitur
1164 4312 1349 4383 judicii
1379 4312 1455 4366 tui
1483 4309 1671 4366 clauda
1704 4307 1833 4363 [ides
1860 4306 2125 4377 delegisse
2152 4304 2253 4359 mi-

682 4426 780 4465 nus
804 4405 1178 4475 idoneum,cui
1206 4402 1498 4462 venerandi
1525 4402 1721 4459 laboris
1750 4399 2078 4472 provinciam
2105 4412 2255 4453 com-

681 4501 896 4557 misisti.
1712 4496 1719 4501 '

753 4591 918 4661 Igitur
953 4589 1097 4646 beati
1125 4586 1341 4643 Antonii
1376 4593 1687 4641 narraturus
1727 4583 1990 4653 insignia,
2027 4595 2254 4652 primum

684 4684 915 4753 Spiritus
944 4679 1113 4736 sancti
1155 4678 1286 4733 milti
1315 4676 1568 4746 majestas
1605 4674 1895 4731 invocanda
1943 4683 2046 4741 est,
2081 4680 2140 4727 ut
2167 4668 2261 4740 qui

686 4776 834 4831 illunt
864 4774 1025 4831 rebus
1054 4773 1268 4829 divitem
1299 4770 1448 4839 fecit,
1474 4784 1559 4825 me
1590 4769 1644 4825 in
1675 4770 1756 4824 bis
1798 4766 2132 4839 explicandis
2167 4780 2264 4835 per

686 4866 883 4935 linguae
912 4867 1059 4922 frena
1093 4866 1420 4929 moderetur,
1452 4872 1507 4919 et
1530 4864 1792 4921 labiorum
1822 4864 2010 4920 sordes
2034 4861 2267 4933 prophe-

690 4954 780 5009 tici
804 4955 1049 5010 carbonis
1079 4956 1286 5011 diluere
1307 4963 1535 5009 maturet
1550 4955 1819 5021 incendio,
1834 4972 1901 5011 ne
1922 4955 2268 5011 conscientia:

691 5042 901 5101 nebulis
931 5044 1103 5099 lucem
1132 5045 1555 5101 conversationis
1584 5045 1747 5109 illius,
1778 5054 1870 5099 aut
1916 5046 2264 5114 amplissimis

692 5150 982 5205 pauperem
1011 5134 1200 5191 faciam
1230 5135 1494 5206 laudibus,
1527 5146 1617 5192 aut
1638 5136 1860 5191 infantia
1888 5146 2076 5191 arente
2106 5137 2271 5192 deve-

766 5248 784 5279 ¹
816 5245 894 5333 De
917 5248 1177 5333 vitabeata:
1202 5249 1431 5333 Antonii]
1462 5251 1678 5333 Beatum
1711 5250 1857 5333 hunc
1884 5251 2078 5333 virum,
2100 5268 2272 5333 quem

694 5320 1034 5400 paucisnpost
1070 5320 1685 5400 obitum_annis_primu_s
1713 5322 1953 5376 omnium
1978 5320 2276 5379 celebravit

696 5388 994 5471 Ettttoditts,
1014 5388 1135 5471 jure
1155 5388 1383 5471 quodam
1408 5388 1510 5444 sibi
1530 5391 1798 5471 vindicant
1818 5401 1928 5471 tres
1951 5394 2271 5465 provinciae:

697 5469 871 5541 ortum
898 5450 1470 5541 Pannonialpotiorem
1492 5461 1617 5541 vitam:
1637 5472 1847 5541 partem
1871 5450 2040 5529 Italia,
2062 5450 2269 5541 obitum.

697 5539 753 5612 et
778 5530 1243 5612 sacrasﬁcorporis
1290 5530 1508 5612 exuvias
1555 5530 1940 5612 palliauNatus
1989 5535 2185 5605 quippe
2212 5530 2267 5605 ᾗῇ

698 5599 908 5674 valeria
948 5599 1463 5674 Pannoniae,_atque
1502 5616 1533 5674 a7
1556 5602 1712 5658 beato
1740 5599 2267 5674 Severino'pri'mu};

701 5670 910 5753 abbate,
948 5670 1145 5753 deinde
1157 5687 1217 5753 .a
1242 5669 1577 5753 Constantio
1615 5676 1876 5753 episcopo
1913 5669 2270 5744 Laureaceﬁgi

704 5748 898 5818 patruo
921 5754 1019 5794 suo
1040 5742 1338 5818 _i_ust_itn_t_us,
1370 5742 1493 5797 inde
1534 5745 1583 5797 in
1614 5742 1825 5804 Italiam'
1844 5753 2115 5818 profectus
2145 5742 2267 5814 est:

703 5820 860 5877 atque
886 5809 940 5863 in
970 5813 1105 5868 valle
1132 5812 1356 5885 Tellina,
1381 5828 1480 5892 qua
1512 5819 1696 5881 Abdua
1725 5809 1935 5890 fluvius,
1961 5809 2266 5894 priusquam

2306 1064 2539 1111 nustem.
2580 1044 2919 1103 Benedicitur
2954 1038 3182 1095 indivisa
3230 1034 3467 1090 Trinitas
3506 1033 3648 1087 Deus
3677 1040 3883 1098 noster,

2303 1148 2396 1220 qui
2425 1156 2638 1200 servum
2661 1153 2815 1195 suum
2841 1134 3153 1199 Antonium,
3179 1138 3326 1182 tanta
3350 1126 3607 1180 virtutum
3636 1126 3761 1179 dote
3797 1138 3887 1178 su-

2306 1216 2549 1303 blimem,
2580 1235 2724 1291 circa
2740 1227 2968 1285 Danubii
2993 1223 3226 1281 fluminis
3255 1221 3395 1289 ripas
3416 1219 3469 1273 in
3496 1216 3714 1272 civitate
3730 1216 3889 1270 Vale-

2310 1331 2425 1395 ria,
2464 1323 2770 1383 Secundino
2808 1328 2961 1389 patre
3000 1315 3136 1369 lucis
3177 1310 3335 1380 hujus
3367 1309 3585 1378 januam
3621 1305 3780 1374 jussit
3809 1305 3890 1358 itt-

2313 1432 2480 1479 trare.
2511 1417 2613 1485 Qui
2643 1410 2884 1485 quamvis
2913 1406 2981 1465 de
3009 1402 3294 1476 splendore
3318 1400 3573 1455 natalium
3612 1397 3893 1454 conscien-

2317 1515 2401 1569 tia:
2429 1512 2585 1583 jubar
2612 1505 2871 1567 hauserit,
2913 1510 3091 1556 tamen
3120 1496 3377 1566 fulgorem
3400 1493 3583 1562 Stirpis
3614 1490 3893 1560 praecipua:

2314 1581 2525 1662 morum
2556 1599 2721 1654 radiis
2750 1590 3111 1653 obumbravit,
3141 1588 3363 1643 vincens
3391 1584 3641 1638 decorem
3673 1581 3893 1649 sangui-

2317 1698 2402 1754 nis
2428 1693 2626 1765 ingenii
2655 1687 2932 1748 claritate;
2973 1682 3097 1736 dum
3128 1685 3495 1735 coruscantem
3536 1672 3788 1744 germinis
3813 1668 3896 1724 sui

2243 1789 2292 1851 Β
2318 1764 2620 1859 lantpadam
2656 1790 2868 1837 actuuut
2916 1774 3205 1831 serenitate
3233 1766 3599 1831 transcendit;
3632 1775 3684 1820 ct
3714 1764 3883 1817 factus

2319 1894 2402 1941 est
2422 1882 2591 1936 victor
2615 1870 2913 1931 stemmatis
2929 1868 3032 1933 sui,
3055 1881 3150 1936 per
3167 1862 3308 1934 quod
3330 1861 3609 1915 universos
3632 1851 3901 1910 nascendo

2322 1970 2613 2045 superavit.
2661 1964 2763 2032 Qui
2791 1962 2914 2015 dum
2956 1958 3130 2012 adhuc
3168 1954 3236 2009 de
3275 1950 3460 2008 matris
3488 1947 3743 2019 penderet
3771 1945 3903 1999 ube~

2322 2037 2495 2128 ribus,
2526 2074 2683 2132 quem
2713 2053 2981 2126 przescivit
3011 2048 3102 2105 Dei
3140 2045 3340 2117 gratia,
3374 2056 3480 2097 non
3512 2037 3753 2107 reliquit:
3800 2047 3905 2088 ncc

2324 2125 2491 2232 passa
2512 2125 2595 2210 est
2622 2125 2832 2219 inopem
2864 2140 3060 2199 favoris
3098 2139 3328 2194 existere
3369 2129 3694 2201 dispensatio
3736 2125 3903 2181 cmic-

2325 2216 2450 2313 stis,
2479 2258 2636 2315 quem
2665 2216 3072 2295 remunerandis
3106 2229 3322 2299 pieutttn
3357 2222 3545 2280 studiis
3571 2216 3907 2291 approbavit.

2325 2307 2522 2407 Qui'ne
2549 2331 2723 2388 sancti
2769 2326 3009 2383 instituta
3046 2317 3303 2391 propositi
3329 2330 3422 2386 per
3447 2318 3725 2383 parentum
3756 2307 3910 2361 blan-

2328 2398 2567 2485 dimenta
2589 2422 2881 2490 frangeret,
2904 2425 3166 2470 annorum
3191 2408 3357 2463 ferme
3386 2415 3507 2460 octo
3537 2398 3793 2473 genitoris
3824 2407 3912 2451 tu-

2329 2522 2436 2578 tela
2459 2517 2690 2574 nudatus
2719 2521 2802 2567 est
2824 2528 2839 2564 :
2864 2522 2987 2564 mox
3014 2516 3191 2561 tamen
3217 2500 3283 2557 ad
3305 2497 3719 2554 illustrissimum
3741 2492 3913 2546 virum

2330 2610 2647 2669 Severinum
2682 2606 2866 2675 ignara
2904 2598 3011 2653 fuci
3050 2605 3183 2652 retas
3213 2592 3477 2649 evolavit:
3509 2589 3598 2659 qui
3632 2588 3756 2642 dum
3785 2598 3911 2640 eum

2333 2704 2593 2762 mulceret
2612 2697 2830 2761 osculis,
2857 2693 3031 2747 futura
3050 2689 3103 2746 in
3124 2699 3291 2758 puero
3312 2685 3448 2739 bona
3470 2680 3621 2751 quasi
3645 2685 3916 2735 transacta

2335 2796 2631 2867 relegebat.
2657 2790 2780 2847 Fuit
2797 2786 2959 2851 enim,
2984 2783 3134 2854 cujus
3156 2778 3356 2836 meritis
3379 2774 3510 2830 nihil
3534 2781 3677 2829 esset
3698 2772 3917 2826 abscon~

2337 2862 2531 2948 (litum.
2562 2887 2657 2941 llle
2687 2885 2829 2937 hunc
2858 2878 2959 2935 sibi
2986 2876 3218 2931 futurum
3239 2868 3575 2943 participem,
3599 2865 3687 2935 pia
3717 2862 3918 2931 ubique

2338 2998 2475 3040 voce
2500 2976 2828 3050 praedicabat
2852 2991 2865 3026 :
2894 2969 3079 3039 credo,
3108 2976 3167 3023 ut
3187 2963 3493 3036 incipientis
3521 2951 3763 3016 tirocinia
3792 2967 3922 3026 spes

2342 3074 2657 3132 annuntiata
2694 3065 2972 3123 solidaret.
2992 3096 2993 3099 η

2259 3169 2309 3234 C
2414 3166 2519 3225 Sed
2544 3171 2821 3234 postquam
2851 3159 3037 3212 beatus
3064 3153 3143 3207 vir
3170 3147 3415 3207 humanis
3447 3145 3606 3201 rebus
3635 3148 3923 3211 exemptus

2341 3269 2423 3315 cst
2442 3299 2457 3324 ,
2487 3231 2785 3310 Constantii
2808 3243 3061 3302 antistitis
3087 3256 3146 3297 ea
3179 3245 3497 3309 tempestate
3526 3231 3922 3300 florentissimi,

2337 3322 2555 3421 junctus
2584 3338 2856 3411 obsequiis
2876 3380 2892 3405 ,
2920 3334 3167 3406 gloriosis
3193 3328 3446 3400 operibus
3471 3324 3594 3380 vitae
3625 3322 3925 3379 rudimenta

2342 3418 2609 3495 dedicavit
2652 3452 2663 3486 :
2706 3431 2795 3501 qui
2836 3442 2957 3483 eum
2999 3426 3135 3479 inter
3175 3418 3566 3477 ecclesiasticos
3606 3420 3925 3483 exceptores

2343 3532 2619 3586 cmlestem
2655 3521 2900 3578 militiam
2928 3517 3085 3587 jussit
3122 3514 3286 3569 ordiri
3336 3530 3348 3565 :
3390 3518 3507 3565 crat
3532 3509 3673 3563 enim
3703 3518 3927 3560 venera-

2346 3622 2470 3677 bilis
2500 3613 2754 3673 sacerdos
2798 3608 3013 3665 Antonii
3042 3605 3212 3661 nostri
3248 3612 3489 3674 patrutts.
3519 3598 3623 3655 Sed
3655 3610 3927 3665 nunquam

2346 3711 2441 3767 ille
2472 3703 2768 3777 magisterii
2810 3702 3040 3769 rigorem
3083 3690 3553 3762 consanguinitatis
3590 3688 3707 3756 lege
3751 3685 3930 3739 molli.

2348 3802 2423 3857 vit
2454 3817 2471 3855 :
2504 3775 2604 3852 nec
2633 3794 2760 3851 fecit
2800 3804 3046 3847 securum
3083 3787 3151 3842 de
3179 3781 3567 3841 necessitudine
3606 3775 3931 3845 discipulum

2351 3906 2458 3948 non
2504 3889 2733 3950 timere,
2772 3883 2859 3938 cui
2898 3881 3122 3951 gratiam
3159 3874 3396 3931 doctoris
3434 3870 3536 3927 nisi
3563 3880 3787 3924 censura
3818 3879 3933 3921 non

2352 3981 2617 4054 praestitit.
2672 3975 2874 4030 Tantus
2927 3972 3026 4026 fuit
3079 3970 3220 4025 circa
3266 3975 3586 4023 sectatorem
3644 3959 3936 4030 diligentia:

2351 4052 2574 4134 modus,
2598 4073 2855 4138 quantum
2880 4061 3076 4132 judicia
3097 4057 3440 4114 contulerunt
3464 4072 3479 4109 :
3507 4052 3755 4109 meritum
3776 4063 3936 4105 suum

2352 4162 2407 4219 in
2427 4161 2563 4216 facie
2591 4156 2876 4213 monitoris
2906 4152 3140 4222 agnovit.
3172 4149 3277 4205 Sed
3303 4149 3409 4218 jam
3436 4155 3774 4217 peccatorum
3808 4156 3938 4196 con-

2354 4248 2643 4309 summatio
2675 4243 2961 4302 Pannoniis
2990 4241 3290 4296 minabatur
3319 4237 3607 4293 excidium.
3640 4234 3769 4289 Nam
3807 4246 3936 4286 suc-

2356 4343 2467 4398 cisa
2490 4339 2671 4395 radice
2692 4334 3002 4391 substantia:
3023 4332 3257 4402 regionis
3283 4330 3420 4384 illius
3443 4337 3609 4383 status
3634 4326 3686 4381 in
3711 4337 3942 4394 pronum

2359 4432 2671 4488 deflexerat.
2698 4426 2801 4481 Per
2822 4426 3068 4479 incursus
3088 4421 3231 4477 enim
3259 4420 3523 4474 variarum
3549 4416 3784 4487 gentium
3806 4426 3944 4482 quo-

2283 4555 2340 4618 D
2364 4524 2562 4578 tidiana
2603 4517 2903 4589 gladiorum
2938 4528 3092 4583 seges
3122 4526 3351 4567 messem
3381 4508 3670 4566 nobilitatis
3699 4504 3947 4560 abscide-

2364 4623 2480 4679 rat,
2505 4621 2559 4667 et
2584 4607 2837 4665 fecundas
2865 4606 3081 4661 humani
3109 4606 3322 4676 generis
3349 4612 3519 4659 terras
3556 4604 3630 4657 ira
3655 4599 3950 4671 populante

2366 4702 2663 4759 desolabat.
2706 4698 2825 4753 Jam
2867 4697 3090 4764 Franci,
3138 4697 3351 4765 Heruli,
3383 4696 3651 4761 Saxones,
3683 4692 3950 4762 multipli-

2368 4806 2459 4848 ces
2476 4788 2850 4846 crudelitatum
2870 4786 3081 4857 species
3101 4786 3397 4841 belluarum
3419 4799 3565 4841 more
3589 4784 3949 4856 paragebant:

2371 4896 2491 4953 qua:
2544 4880 2819 4936 nationum
2870 4877 3150 4933 diversitas
3204 4876 3588 4948 superstitiosis
3644 4875 3951 4942 mancipata

2372 4973 2598 5029 culturis
2613 5016 2628 5041 ,
2652 4971 2783 5026 deos
2803 4983 2933 5025 suos
2954 4969 3182 5025 humana
3208 4970 3496 5025 credebant
3514 4968 3661 5025 caede
3684 4967 3952 5022 mulceri:

2373 5081 2476 5122 nec
2504 5079 2737 5135 unquam
2770 5063 2997 5134 propitia
3024 5078 3083 5118 se
3107 5063 3305 5119 habere
3333 5064 3580 5128 numina,
3613 5062 3715 5117 nisi
3737 5076 3856 5116 cum
3889 5076 3956 5115 ea

2375 5157 2657 5227 aequalium
2702 5168 2894 5209 cruore
2938 5153 3237 5225 placassent
3287 5171 3302 5209 :
3354 5168 3569 5211 cessare
3612 5150 3957 5209 conﬁdebant

2378 5272 2592 5354 Larium
2631 5272 2840 5354 subeat,
2881 5271 3139 5354 decurrit,
3169 5286 3289 5326 cum
3316 5271 3482 5353 Mario
3513 5271 3825 5354 presbitero
3847 5268 3960 5351 .ali-

2379 5341 2625 5413 quandiuj
2639 5350 2911 5413 versatus,
2944 5343 3066 5397 inde
3098 5357 3283 5397 rursus
3302 5341 3603 5413 remigra'ns,
3640 5341 3707 5396 ad
3740 5341 3961 5396 Larium

2379 5411 2580 5494 lacum,
2613 5411 2757 5494 ha_ud
2787 5412 2971 5494 procul
2997 5428 3027 5467 a
3048 5413 3231 5494 “sancti
3262 5411 3466 5494 felicis
3492 5413 3773 5467 Comensis
3806 5426 3963 5491 mar-

2375 5483 2509 5553 tyris
2545 5482 2793 5553 sepulcro
2828 5482 3011 5538 sedem
3044 5484 3178 5550 fixit,
3229 5483 3690 5553 clarissimautque
3712 5482 3957 5553 nominis

2375 5552 2573 5606 famam
2603 5552 2826 5620 adeptus
2846 5562 2949 5608 est.
2987 5554 3156 5619 Quam
3188 5562 3244 5607 ut
3267 5553 3576 5618 declinaret,
3602 5552 3960 5606 Letinensem

2374 5622 2797 5694 deniquegmaris
2832 5624 3001 5694 nostri
3038 5623 3265 5679 insulam
3310 5624 3481 5694 petiit.
3519 5625 3570 5677 in
3618 5637 3791 5691 eaque
3832 5624 3964 5675 vitae
4051 5626 4054 5635 '

2614 5692 2755 5746 inter
2774 5693 3138 5751 sanetissimos
3161 5695 3278 5764 ejus
3300 5692 3402 5749 {cvi
3428 5694 3721 5750 monachos
3745 5693 3966 5748 biennio

2447 5835 2468 5865 ³
2499 5834 2553 5890 In
2584 5834 2962 5911 martyrologio
2991 5835 3231 5899 Romano
3256 5838 3344 5905 die
3374 5834 3447 5895 28
3473 5834 3813 5896 Decembris.
