4192 6260
296 443 393 501 2H

1205 436 1362 492 VITA
1392 437 1455 493 Β.
1497 432 1777 493 ΛΝΪΟΝΙΙ
1807 432 2106 492 MONACIII
2147 435 2565 501 LERINENSIS.

3468 446 3570 503 ΞΗ

298 557 428 614 iram
469 549 775 608 caelicolum
815 545 1123 604 innocentis
1167 545 1425 601 effusione
1456 547 1762 616 sanguinis,
1795 546 1884 616 qui
1914 551 1969 610 Α
1992 547 2140 602 venit
2165 548 2272 604 illic
2295 558 2470 604 tamen
2495 552 2628 606 duos
2651 566 2836 620 senes,
2859 568 2993 624 quos
3014 553 3124 623 jam
3148 554 3221 611 ita
3242 554 3380 611 inter
3404 559 3574 615 lustra

299 655 355 700 ut
383 646 432 698 in
463 643 688 713 gratiam
719 640 961 695 redirem
988 654 1108 692 cum
1140 639 1347 707 superis
1377 639 1487 692 suis
1507 681 1520 705 ,
1560 640 1885 708 propinquo-

245 753 247 762 ν
299 753 412 790 rum
454 742 783 788 consuerant
824 742 1028 785 mortes
1058 730 1253 784 offerre
1283 749 1295 784 :
1329 746 1676 801 quoscunque
1707 741 1884 787 tamen

298 825 531 894 religiosi
566 822 752 876 titulus
779 820 1084 875 declarabat
1111 819 1306 884 officii,
1343 821 1439 874 hos
1470 823 1619 890 quasi
1647 823 1885 876 serenio-

298 931 384 970 res
414 913 614 969 hostias
647 911 1030 975 immolabant,
1078 912 1404 966 mstitnantes
1431 952 1444 976 ,
1492 913 1632 982 quod
1675 915 1883 981 piorum

298 1004 494 1076 iugulis
539 1002 835 1058 divinitatis
874 1008 1114 1056 cessaret
1148 1000 1471 1069 indignatio,
1505 1011 1557 1056 et
1588 1004 1742 1057 ﬁeret
1772 1017 1882 1056 ma-

298 1099 434 1154 teria
478 1098 664 1166 gratiae
717 1095 867 1150 locus
917 1092 1154 1148 offensae.
1217 1093 1360 1146 Inter
1407 1108 1537 1162 quas
1579 1102 1881 1163 temporum

299 1190 562 1262 procellas
609 1188 950 1243 Constantius
999 1185 1266 1257 pontifex,
1317 1201 1384 1241 ne
1424 1187 1548 1256 quid
1588 1185 1641 1240 in
1683 1185 1884 1240 ntundo

301 1282 523 1335 haberet
567 1279 822 1344 subsidii,
873 1288 1014 1333 terra
1066 1279 1082 1309 ¹
1131 1277 1416 1334 hostilibus
1459 1278 1709 1335 deputata
1736 1318 1750 1342 ,
1782 1277 1883 1332 hu-

233 1429 240 1435 .
298 1391 453 1432 mana
484 1375 602 1444 lege
635 1373 891 1428 liberatus
929 1381 1029 1427 est.

369 1469 499 1520 Post
541 1465 693 1534 cujus
738 1464 1157 1530 resolutionem,
1191 1463 1484 1518 Antonium
1529 1468 1772 1516 nostrum
1804 1458 1882 1515 fa-

301 1559 431 1615 muli
454 1557 516 1610 ad
538 1555 701 1609 ltalim
727 1564 903 1625 partes
925 1557 1115 1624 quibus
1136 1555 1351 1610 etelitus
1373 1554 1544 1607 fuerat
1566 1551 1849 1620 deputatus
1865 1588 1882 1615 ,

301 1648 512 1704 Christo
535 1647 669 1700 duce
693 1647 1011 1715 perducunt.
1041 1646 1287 1713 Principe
1310 1645 1427 1698 loco
1450 1642 1673 1696 Telliua:
1697 1640 1881 1706 vallis,

301 1756 416 1810 qua:
442 1739 494 1793 id
523 1738 711 1792 sortita
742 1746 826 1792 est
855 1738 1131 1804 vocabuli,
1157 1738 1317 1792 limcn
1347 1735 1644 1806 ingreditur
1678 1753 1690 1786 :
1725 1749 1882 1804 quam

303 1833 562 1885 montium
593 1844 660 1882 ex
690 1838 916 1898 utroque
938 1827 1105 1882 latere
1137 1827 1369 1882 brachiis
1399 1827 1652 1880 fabricata
1679 1834 1884 1878 natum

1983 639 2280 694 belluarum
2307 641 2563 696 habitatio
2591 644 2745 714 longa
2773 646 3092 714 miscuerat,
3123 659 3181 703 ttt
3211 649 3341 703 nihil
3370 650 3435 703 de
3462 650 3571 704 illis

1984 733 2180 787 mundo
2219 734 2354 788 fama
2386 736 2656 790 nuntiaret
2685 753 2696 788 :
2731 753 2956 807 quorum
2986 741 3147 794 vitam
3181 742 3571 810 scientiamque

1986 825 2142 892 plene
2163 824 2348 880 videor
2369 827 2612 882 elocutus
2631 867 2645 892 ,
2673 843 2794 883 cum
2821 832 3106 899 expetitam
3135 846 3231 900 pro
3263 831 3356 886 Dci
3382 833 3573 887 timore

1985 916 2368 972 habitationem
2403 920 2519 974 sine
2563 921 2702 976 nube
2743 921 2968 990 volgavi.
3007 922 3160 977 Brevi
3192 933 3348 991 post,
3380 923 3571 980 horum

1985 1025 2124 1066 unus
2150 1021 2454 1081 assumptus
2489 1022 2600 1080 est,
2645 1023 2698 1070 et
2735 1015 2932 1070 terreni
2964 1015 3195 1070 carceris
3224 1016 3367 1070 mole
3396 1017 3566 1084 depo-

1985 1104 2119 1170 sita,
2146 1104 2420 1160 aetheriam
2462 1107 2820 1162 valetudinem
2861 1107 2986 1163 felix
3025 1109 3201 1163 anima
3231 1110 3519 1177 resumpsit
3549 1126 3563 1160 :

1985 1211 2108 1250 nam
2154 1198 2510 1254 absolutionis
2540 1199 2655 1269 ejus
2696 1209 2935 1270 tempore
2965 1202 3210 1262 columna
3246 1203 3400 1270 ignea
3429 1201 3572 1259 beati

1985 1288 2201 1343 Antonii
2242 1289 2411 1345 oculis
2442 1299 2524 1346 est
2565 1291 2797 1362 ingesta,
2826 1293 2892 1347 ad
2929 1294 3122 1349 coelum
3165 1311 3332 1365 usque
3372 1294 3572 1364 pertin-

1984 1394 2116 1450 gens
2165 1399 2178 1434 :
2210 1381 2372 1436 credo
2395 1423 2408 1445 ,
2443 1390 2499 1436 ut
2529 1385 2849 1440 venerabilis
2879 1386 2977 1440 viri
3016 1386 3177 1452 fides,
3211 1397 3263 1442 et
3295 1387 3456 1442 ardor
3486 1388 3573 1443 ille

1985 1475 2237 1529 vitiorum
2259 1475 2510 1530 decoctor
2530 1478 2706 1548 typico
2726 1488 3114 1534 monstraretur
3135 1482 3403 1536 incendio.
3423 1483 3575 1536 Tunc

1985 1567 2111 1622 dum
2139 1568 2208 1622 ibi
2238 1569 2348 1624 Deo
2374 1572 2547 1624 cultor
2579 1579 2687 1626 tota
2717 1571 3015 1642 disciplinis
3045 1574 3352 1629 caelestibus
3381 1573 3574 1628 virium

1986 1670 2203 1713 suarum
2228 1661 2343 1715 vela
2370 1663 2602 1727 laxaret,
2631 1672 2686 1717 et
2711 1678 2808 1732 per
2836 1665 2986 1719 sinus
3013 1665 3205 1719 anima:
3230 1667 3574 1734 corporisque

1987 1751 2322 1806 extrudentia
2365 1753 2545 1821 paleas
2588 1755 2752 1809 ﬂabra
2789 1758 3126 1827 susciperet:
3155 1759 3306 1827 cujus
3332 1759 3538 1828 vigilias
3559 1803 3572 1825 ,

1982 1840 2214 1909 jejunia,
2244 1844 2488 1900 lectionis
2520 1845 2886 1902 assiduitatem
2921 1849 3043 1918 jure
3083 1849 3395 1918 replicarem
3419 1893 3432 1913 ,
3469 1850 3574 1905 nisi

303 1920 434 1974 ditat
474 1919 794 1984 amtenitas,
841 1927 901 1972 et
927 1917 995 1972 de
1041 1917 1328 1972 verticibus
1360 1916 1598 1970 fecundis
1638 1915 1877 2011 amnium
1912 1917 1962 1978 Β
1988 1932 2240 1992 habere,“
2286 1936 2526 2006 digniora
2572 1949 2890 1995 mammam.
2924 1915 3214 2011 'Nunqua'm
3253 1942 3341 1996 me
3382 1942 3572 1996 cibum

304 2011 458 2079 plebe
488 2010 777 2078 locupletat
806 2010 941 2064 uber
970 2009 1144 2064 solum
1180 2027 1193 2061 :
1226 2009 1364 2079 quod
1393 2010 1566 2062 avaris
1595 2007 1884 2078 respondet

303 2099 453 2169 juxta
482 2099 745 2154 desideria
786 2098 1135 2153 immoderata
1178 2098 1506 2164 cultoribus,
1551 2113 1657 2152 non
1706 2106 1882 2150 tamen

308 2190 386 2243 ita
430 2189 608 2242 aristis
655 2188 1037 2257 przegravidum
1091 2196 1183 2242 aut
1227 2187 1462 2242 dotatum
1513 2187 1762 2254 pascuis,
1793 2193 1886 2240 aut

309 2281 543 2336 arbustis
567 2282 914 2349 compositum
937 2322 951 2345 ,
982 2288 1074 2334 aut
1108 2279 1416 2334 fluminibus
1447 2278 1664 2342 laetum,
1695 2286 1753 2332 ut
1779 2291 1885 2332 non

303 2375 422 2446 plus
449 2373 881 2444 supervenientis
917 2387 1160 2443 persona:
1187 2373 1357 2437 gratia
1389 2380 1694 2441 praestaret,
1726 2385 1884 2439 quam

303 2467 469 2536 ipsius
515 2465 741 2534 originis
783 2464 987 2518 variata
1029 2472 1084 2518 ct
1111 2463 1360 2517 distincta
1404 2461 1729 2515 formositas.
1772 2459 1885 2514 Illic

301 2556 464 2612 Mario
511 2555 832 2624 presbytero
875 2555 962 2622 qui
1009 2553 1284 2622 spiritibus
1315 2552 1606 2606 immundis
1637 2552 1884 2606 domina-

303 2647 479 2712 batur,
509 2645 793 2713 adjunctus
823 2652 905 2697 est
937 2659 950 2700 :
982 2644 1104 2713 quia
1135 2645 1251 2698 hmc
1290 2653 1371 2699 est
1401 2658 1580 2698 rerum
1611 2644 1847 2699 conditio
1867 2685 1884 2711 ,

300 2745 362 2790 ut
407 2735 534 2789 novi
576 2733 807 2787 hominis
851 2748 1026 2787 mores
1070 2732 1300 2803 divulget
1343 2734 1555 2787 inventa
1585 2733 1881 2788 sodalitas:

311 2833 367 2880 et
402 2826 492 2893 qui
529 2825 798 2893 ignoratur
845 2839 941 2893 per
990 2824 1284 2894 originem,
1328 2823 1578 2878 similium
1627 2825 1886 2879 clarescat

309 2913 528 2970 affectu.
576 2915 988 2983 Depreltenditur
1027 2929 1178 2969 mens
1215 2923 1420 2969 secreta
1461 2929 1556 2983 per
1595 2914 1801 2978 socios,
1831 2923 1884 2969 et

303 3006 392 3061 cui
435 3020 546 3059 non
578 3004 701 3059 licet
743 3004 805 3059 ad
847 3004 1105 3075 liquidum
1152 3004 1573 3074 supervenientis
1616 3003 1884 3059 aestimare

301 3097 682 3152 conscientiam
705 3137 718 3160 ,
749 3096 1059 3152 conceditur
1086 3095 1230 3150 utde
1259 3096 1371 3150 suis
1398 3095 1762 3165 deprehendat
1790 3111 1884 3151 ex-

300 3197 503 3243 ternos.
556 3185 690 3240 Nam
736 3200 856 3240 cum
902 3201 1024 3241 eum
1078 3186 1264 3241 beatus
1314 3185 1511 3241 Marius
1558 3187 1664 3240 illis
1714 3186 1883 3240 oculis

1987 2028 2247 2097 sumpsit,
2288 2029 2390 2083 nisi
2436 2029 2716 2087 fatiscente
2761 2033 3115 2104 corpusculo,
3158 2050 3427 2105 nunquam
3471 2035 3574 2092 nisi

1987 2119 2252 2187 exemptis
2280 2121 2440 2176 officii
2471 2125 2686 2189 muniis,
2719 2126 3134 2181 sollicitudinem
3158 2127 3335 2196 quiete
3354 2127 3571 2182 laxavit.

1985 2208 2090 2265 Sed
2125 2211 2250 2280 quid
2277 2221 2516 2268 retexam
2539 2255 2554 2280 ,
2581 2231 2700 2285 qum
2735 2217 3076 2286 perfectionis
3103 2217 3347 2274 habuerit
3378 2220 3571 2273 instru-

1987 2311 2165 2358 menta
2197 2303 2496 2372 perfectus,
2526 2316 2618 2362 aut
2658 2324 2750 2376 per
2783 2317 2917 2380 quos
2957 2309 3153 2381 gradus
3180 2311 3247 2364 ad
3273 2311 3414 2366 celsa
3444 2325 3572 2365 con-

1987 2395 2286 2463 scenderit,
2341 2413 2499 2468 quem
2552 2401 2754 2469 liquido
2812 2403 3141 2459 declaratum
3201 2412 3285 2458 cst
3331 2404 3572 2459 obtinere

1987 2486 2270 2542 sublimia?
2309 2487 2477 2545 Scivit
2514 2491 2600 2546 ille
2641 2494 2717 2547 sic
2758 2507 2852 2560 per
2879 2493 3091 2548 labores
3119 2494 3297 2548 varios
3334 2493 3573 2563 discipli-

1988 2589 2176 2629 narum
2217 2576 2541 2634 lineamenta
2585 2581 2809 2647 sectari,
2858 2589 2917 2636 ut
2955 2596 3226 2652 nunquam
3277 2591 3572 2639 assumeret

1989 2666 2350 2735 arrogantiam
2372 2667 2440 2723 de
2469 2668 2652 2726 labore
2691 2688 2706 2726 :
2735 2679 2788 2726 et
2826 2687 2945 2727 cum
2987 2673 3164 2727 omnia
3192 2681 3376 2728 essent
3413 2675 3572 2742 digna

1989 2759 2273 2826 praeconiis
2303 2774 2422 2827 qua:
2459 2761 2710 2829 gerebat,
2741 2761 3077 2832 dispendium
3107 2762 3318 2817 virtutis
3344 2762 3573 2818 credidit

1987 2847 2154 2905 fuisse
2181 2850 2476 2905 laudatum.
2517 2851 2605 2908 Sic
2633 2860 2801 2906 totum
2831 2850 2899 2906 de
2922 2852 3039 2920 ejus
3070 2852 3276 2907 actibus
3304 2853 3571 2922 opinionis

1988 2939 2105 2994 luce
2136 2939 2407 3007 radiabat,
2446 2948 2504 2994 ut
2542 2940 2672 2996 nihil
2704 2942 3034 3012 praeberetur
3055 2942 3287 2997 ostentui
3315 2959 3329 2995 :
3357 2941 3572 3011 prtemi-

1987 3031 2148 3084 nebat
2166 3045 2392 3086 censura
2416 3032 2610 3086 mentis
2630 3033 2682 3086 in
2707 3046 2962 3101 corpore,
2983 3039 3037 3085 et
3056 3030 3385 3085 iracundiam
3408 3044 3570 3098 quam

1986 3129 2170 3174 contra
2211 3121 2398 3188 culpas
2427 3120 2604 3175 anima
2631 3120 2748 3187 ejus
2784 3129 3120 3188 susceperat,
3150 3119 3311 3176 facies
3336 3120 3570 3178 infucata

1985 3208 2251 3278 pingebat.
2291 3209 2512 3265 Videres
2556 3210 2812 3266 adversus
2853 3210 3051 3281 ﬂagitia
3089 3211 3357 3266 mundana
3385 3207 3568 3266 torvo's

302 3279 491 3347 quibus
545 3285 755 3330 mentes
807 3275 1075 3342 videntur,
1125 3275 1449 3346 inspiceret,
1500 3285 1555 3331 et
1606 3275 1878 3331 interioris

1984 3275 2197 3363 oculos,
2225 3306 2279 3353 et
2309 3298 2573 3354 indefessa
2602 3307 2789 3355 contra
2829 3275 3011 3356 saeculi
3042 3299 3325 3356 blanditias
3363 3300 3568 3356 Christi

307 3372 549 3425 decorem
575 3369 808 3424 hominis
824 3368 1148 3423 absconditis
1169 3377 1572 3438 percontaretur
1588 3368 1881 3434 obtutibus,

303 3462 469 3515 voluit
503 3477 625 3516 eum
654 3461 973 3516 clericorum
1011 3461 1218 3516 sociare
1258 3463 1509 3531 collegio,
1543 3470 1597 3517 et
1632 3461 1767 3516 inter
1795 3477 1883 3518 ec-

301 3551 631 3606 clesiasticos
673 3562 845 3606 cauus
885 3560 1225 3621 praestantem
1257 3555 1459 3607 meritis
1483 3553 1731 3608 dedicare
1765 3569 1883 3621 per-

304 3655 518 3694 sonam.
557 3641 655 3695 Sed
694 3642 824 3713 fugit
861 3642 1118 3697 honorem
1142 3686 1157 3710 ,
1199 3643 1344 3698 velut
1373 3645 1561 3698 veneni
1592 3645 1839 3714 poculum
1861 3686 1878 3711 ,

302 3733 392 3800 qui
423 3747 628 3802 semper
657 3735 946 3802 potentiam
981 3735 1208 3790 credidit
1243 3736 1550 3802 subiacere,
1582 3746 1638 3790 et
1675 3738 1881 3793 servire

294 3829 560 3896 patienter
590 3828 819 3896 praetulit
847 3828 1009 3897 regali
1041 3828 1354 3882 dominatui.

364 3917 441 3973 Ne
468 3925 648 3972 tamen
677 3918 766 3971 diu
793 3917 1036 3972 humana:
1064 3919 1494 3974 conversationis
1524 3921 1721 3974 mixtus
1753 3921 1876 3975 ille-

297 4009 500 4075 cebris,
525 4011 835 4065 societatem
864 4012 1194 4082 contagionis
1219 4012 1489 4079 hauriret,
1514 4015 1672 4083 elegit
1702 4029 1878 4070 seces-

294 4115 409 4156 sum
441 4101 584 4155 haud
612 4101 797 4170 procul
833 4117 861 4155 a
893 4102 1029 4156 beati
1066 4107 1317 4173 martyris
1356 4104 1548 4158 Felicis
1588 4105 1872 4173 sepulcro,

291 4193 379 4246 ubi
421 4192 613 4247 Larius
651 4191 790 4246 Jonii
831 4193 1113 4246 marmoris
1154 4195 1326 4248 minas
1375 4193 1624 4263 deponit;
1665 4195 1879 4264 quando

291 4298 358 4336 ne
399 4291 657 4352 evagetur
700 4281 942 4350 longius,
982 4281 1207 4350 objectis
1249 4284 1378 4351 ripis
1423 4285 1682 4339 resistunt
1724 4285 1876 4340 frena

292 4372 520 4427 telluris.
551 4372 663 4425 illic
691 4372 888 4426 inserto
915 4372 1140 4427 nubibus
1170 4373 1370 4428 vertice
1401 4389 1556 4428 mons
1595 4384 1874 4440 coruscat,

289 4464 376 4531 qui
422 4463 751 4517 sublimitate
795 4478 888 4517 sua
931 4464 1096 4519 vincit
1139 4475 1433 4536 aspectum.
1464 4467 1568 4521 Sed
1599 4483 1756 4536 quam
1786 4483 1875 4521 su-

289 4554 490 4620 perbus
519 4562 600 4606 est
629 4553 1023 4622 magnitudine,
1059 4562 1164 4609 tam
1206 4555 1438 4611 difficilis
1467 4572 1711 4611 ascensu.
1742 4557 1872 4611 Nam

287 4643 445 4696 nullis
469 4651 596 4696 ante
625 4642 943 4696 monachum
973 4653 1212 4698 nostrum
1245 4647 1416 4714 patuit
1445 4647 1746 4716 gressibus;
1777 4661 1876 4703 nec
1903 4659 1957 4721 Ῑ)
1980 4642 2808 4738 ὲᾷυιίοέίὼέεεείεῐζιξῐηἐὸῶέέ

286 4750 381 4806 per
407 4745 679 4807 praerupta
708 4752 958 4792 saxorum
1006 4739 1221 4793 humani
1254 4742 1464 4810 generis
1491 4743 1736 4811 admisit,
1769 4745 1875 4799 for-

286 4833 490 4886 midine
515 4842 845 4901 repugnante
867 4872 880 4894 ,
925 4832 1228 4901 vestigium.
1274 4833 1330 4887 In
1363 4834 1604 4902 praecisis
1630 4835 1871 4890 cautibus

287 4929 396 4974 tuta
440 4921 571 4975 feris
613 4921 828 4990 longum
867 4921 1094 4991 praebuit
1123 4922 1271 4976 nullo
1300 4933 1604 4978 exterrente
1644 4925 1868 4985 cubilia:

285 5029 349 5068 eo
375 5015 568 5070 bestiis
615 5013 879 5079 blandior,
919 5029 1026 5084 quo
1065 5015 1356 5070 terribilius
1385 5016 1737 5086 agricolarum
1769 5018 1872 5072 mi-

284 5116 438 5159 natur
465 5104 738 5160 excursui.
774 5105 828 5159 In
859 5106 958 5160 hoc
989 5107 1081 5162 Dei
1113 5107 1338 5163 famulus
1366 5109 1547 5164 sedem
1578 5109 1783 5178 diligit,
1816 5112 1868 5165 in

281 5214 387 5266 quo
427 5199 547 5254 sola
579 5197 678 5252 fuit
715 5198 952 5266 placendi
985 5214 1174 5267 causa,
1207 5201 1327 5272 quia
1361 5217 1693 5272 nequaquam
1725 5203 1872 5259 leno-

282 5293 559 5347 cinabatur
577 5292 902 5362 aspectibus.
925 5294 1064 5349 Nihil
1088 5311 1270 5350 secum
1295 5296 1539 5366 amplius,
1565 5296 1663 5351 nisi
1684 5311 1868 5366 parum

283 5380 565 5451 leguminis
613 5383 944 5452 et‘ligonem
999 5399 1105 5454 quo
1158 5394 1353 5440 terram
1407 5387 1752 5453 sollicitaret,
1803 5388 1869 5443 de

283 5473 460 5525 mundi
485 5471 761 5526 beneficiis
782 5486 1098 5540 assumens;
1123 5474 1388 5531 dedicavit
1410 5477 1598 5532 callem
1627 5477 1867 5545 subjecta

281 5563 567 5630 asperitate
619 5563 908 5617 nescilum.
960 5563 1094 5634 Juga
1147 5566 1235 5620 illa
1292 5567 1602 5622 indomitam
1659 5575 1863 5623 natura:

280 5653 450 5722 legem
481 5657 718 5712 Antonio
746 5659 1130 5728 congrediente
1174 5661 1519 5730 perdiderunt
1564 5679 1578 5716 :
1623 5672 1862 5718 reserata

277 5741 467 5802 itinera
509 5757 631 5818 post
665 5750 962 5820 ingressum
997 5753 1112 5822 ejus
1143 5764 1361 5824 patuere
1390 5754 1744 5824 cupientibus.
1782 5754 1864 5808 ln-

355 5899 374 5926 ³
404 5905 586 5961 δυὶιυι-
611 5941 631 5964 .
666 5907 908 5960 hostibus.

1984 3389 2208 3444 militem
2251 3389 2390 3445 bella
2442 3399 2692 3446 tractare.
2744 3391 2967 3458 Quando
3009 3392 3099 3447 illa
3143 3393 3319 3463 imago
3366 3402 3570 3450 statum

1983 3495 2138 3535 suum
2164 3481 2386 3535 resolvit
2427 3481 2478 3536 in
2509 3483 2708 3547 risum,
2745 3491 2800 3539 et
2825 3484 2892 3538 ab
2930 3485 3134 3540 ordinis
3161 3487 3360 3555 proprii
3389 3487 3568 3556 rigore

1983 3573 2182 3629 laetitia:
2222 3574 2498 3631 debilitate
2536 3576 2806 3631 confracta
2852 3579 2967 3632 est?
3009 3579 3214 3634 Interea
3252 3579 3378 3634 dum
3421 3580 3568 3634 velut

1983 3666 2319 3736 obsignatum
2362 3667 2610 3722 monachi
2659 3667 2711 3720 in
2763 3668 3026 3724 universis
3064 3669 3253 3739 implet
3297 3669 3562 3738 officium,

1981 3756 2065 3811 vir
2092 3757 2307 3828 quidam
2339 3773 2496 3828 quem
2525 3772 2736 3828 sponsae
2766 3772 2877 3814 sua:
2906 3774 3056 3816 amor
3082 3762 3135 3816 in
3165 3761 3369 3816 facinus
3389 3763 3567 3832 impu-

1983 3850 2146 3917 lerat,
2177 3859 2230 3904 et
2265 3849 2330 3903 ad
2371 3849 2680 3903 effusionem
2717 3849 2934 3904 humani
2971 3853 3244 3922 sanguinis
3279 3854 3473 3909 affectu
3510 3862 3565 3909 et

1982 3939 2343 4010 indignatione
2379 3951 2724 4009 provocarat;
2759 3943 2884 3998 dum
2925 3944 3304 3998 conscientiam
3349 3959 3408 4000 se
3448 3959 3565 4000 cre-

1980 4030 2113 4086 didit
2151 4032 2332 4101 fugere
2383 4033 2676 4090 mutatione
2715 4043 3007 4101 terrarum,
3063 4043 3118 4091 et
3165 4034 3217 4090 in
3265 4036 3384 4091 aliis
3441 4051 3563 4105 pro-

1981 4123 2170 4179 vinciae
2221 4123 2461 4194 partibus
2506 4126 2864 4182 innocentiam
2915 4128 3139 4198 reperiri
3178 4142 3336 4198 quam
3380 4125 3563 4183 lurore

1981 4214 2114 4269 duce
2169 4216 2504 4284 perdiderat,
2561 4219 2791 4273 velatum
2843 4219 3182 4288 simplicitate
3235 4220 3301 4274 ad
3349 4228 3562 4274 secreta

1981 4308 2147 4361 eremi
2189 4310 2419 4375 portavit
2449 4309 2798 4376 homicidam,
2835 4323 3024 4380 putans
3063 4312 3114 4366 in
3159 4313 3252 4366 Dei
3301 4313 3562 4382 obsequio

1980 4405 2283 4460 constitutis
2311 4405 2378 4460 de
2407 4405 2612 4460 actibus
2641 4406 2750 4460 suis
2781 4414 2972 4473 praeter
3000 4407 3229 4476 effigiem
3257 4409 3326 4461 nil
3351 4416 3557 4476 patere.

1979 4497 2187 4553 Artifici
2241 4497 2494 4552 humilem
2546 4497 2817 4552 simulaVit
2867 4497 3086 4563 obtutu;
3135 4507 3193 4552 et
3239 4512 3335 4566 per
3382 4497 3556 4550 dolosi

1977 4599 2280 4644 commenta
2303 4589 2543 4652 consilii,
2569 4589 2820 4645 fabricata
2844 4589 3174 4658 subjectione
3194 4589 3521 4656 compositus
3537 4629 3554 4653 ,

2837 4683 2969 4737 texit
2993 4679 3301 4735 obstaculis.
3329 4678 3558 4734 Difficile

1977 4783 2060 4829 est
2090 4782 2283 4843 praeter
2307 4773 2470 4827 Deum
2492 4773 2890 4842 deprehendere
2910 4818 2924 4842 ,
2950 4771 3203 4842 quidquid
3225 4771 3556 4840 obsequendi

1976 4867 2305 4936 argumentis
2352 4864 2639 4919 involvitur
2679 4883 2692 4918 :
2726 4865 2947 4934 proinde
2985 4863 3240 4934 flagitium
3286 4865 3427 4921 celat
3455 4867 3554 4923 ab-

1970 4961 2133 5030 jectio
2164 4974 2324 5015 :raro
2354 4959 2406 5014 in
2434 4958 2606 5015 lucem
2637 4966 2924 5027 erumpunt
2949 4959 3194 5026 crimina,
3222 4975 3340 5028 qua:
3369 4969 3554 5017 auctor

1974 5051 2378 5121 obtemperandi
2409 5052 2591 5109 scierit
2632 5052 2750 5105 fuco
2784 5050 3032 5119 sepelire.
3081 5049 3330 5107 Protinus
3374 5062 3552 5110 tamen

1975 5145 2144 5200 adfuit
2171 5145 2262 5200 ille
2289 5144 2443 5200 index
2475 5151 2794 5206 consuetus,
2823 5152 2876 5196 et
2915 5141 3130 5196 latentis
3169 5151 3375 5199 secreta
3418 5159 3550 5200 con-

1975 5237 2212 5291 scientiae
2235 5236 2428 5292 divina:
2458 5233 2604 5288 vocis
2633 5234 2782 5289 clave
2811 5233 3102 5298 reseravit;
3134 5234 3186 5289 in
3223 5234 3310 5290 bis
3347 5250 3552 5290 sermo-

1974 5329 2132 5382 nibus
2168 5328 2392 5382 adorsus
2437 5324 2757 5389 Antonium,
2805 5325 3016 5394 quando
3063 5339 3184 5380 eum
3227 5326 3352 5400 plus
3390 5339 3549 5390 quam

1974 5419 2134 5473 homo
2166 5420 2332 5489 possit
2359 5417 2539 5471 docuit
2569 5417 2888 5485 cognovisse
2909 5460 2923 5483 ,
2951 5419 3098 5474 illum
3125 5417 3429 5478 denudans,
3458 5417 3546 5485 qui

1973 5527 2160 5567 crasso
2211 5512 2520 5568 indumento
2570 5512 2831 5568 latronem
2878 5512 3088 5582 tegebat
3136 5528 3148 5562 :
3197 5527 3215 5560 ι
3260 5507 3437 5573 Cave,
3468 5508 3548 5562 in-

1972 5605 2159 5675 quiens
2181 5644 2195 5668 ,
2228 5620 2295 5658 ne
2335 5605 2467 5658 tanti
2497 5604 2736 5660 criminis
2766 5619 2915 5659 reum
2947 5609 3130 5657 sancto
3160 5599 3291 5654 velis
3319 5599 3548 5656 miscere

1973 5696 2201 5765 collegio
2236 5713 2246 5746 :
2280 5710 2344 5748 ne
2376 5695 2551 5764 lupum
2583 5696 2770 5750 ovibus
2794 5735 2807 5759 ,
2837 5693 2986 5758 agnis
3012 5690 3248 5758 viperam
3275 5688 3547 5760 negligens

1976 5789 2268 5847 aestimator
2309 5787 2584 5860 adjuugas.
2618 5788 2720 5843 Iste
2759 5783 2986 5839 animam
3023 5781 3116 5839 Dei
3145 5783 3386 5840 manibus
3414 5797 3547 5840 con-
