4192 6260
566 377 674 433 245

1695 367 1969 426 ENNODII
2008 365 2310 424 EPISCOPI
2349 362 2722 421 TICINENSIS

3733 353 3830 407 ΞΗ

569 505 773 549 cessam
805 503 901 559 per
928 500 1045 544 ensn
1079 488 1367 556 fragmenta
1407 478 1633 554 gutturis
1669 484 1954 555 eﬂ'ugavit,
1985 494 2039 540 et
2067 486 2150 539 in-
2180 484 2233 546 Α
2256 466 2371 556 ipse
2396 492 2757 555 pertractans,
2788 482 2937 535 brevr
2963 478 3196 532 animum
3228 488 3379 529 suum
3409 472 3728 529 allocutione
3751 471 3837 523 tir-

568 585 849 641 ternecivo
894 580 1070 636 fratris
1114 579 1291 634 furore
1336 577 1611 632 constricti
1662 578 1821 631 vitam
1872 592 1903 633 e
1933 577 2148 635 sedibus

571 679 713 742 suis,
752 675 878 730 dum
923 674 1082 728 infert
1121 670 1358 725 faucibus
1397 670 1640 737 vincula,
1682 670 1923 725 dissolvit
1959 688 1969 721 :
2006 669 2147 725 hunc

573 768 810 825 debitum
857 767 1075 822 exitium
1124 766 1385 833 sequitur,
1439 778 1539 817 nec
1564 780 1593 817 a
1622 764 1748 833 jugo
1774 764 2019 833 supplicii
2050 764 2152 818 erit

574 860 778 914 alienus
806 858 895 927 qui
924 856 1156 910 humano
1183 855 1425 925 sanguini
1464 869 1568 909 non
1612 855 1847 924 pepercit
1888 871 1902 908 :
1936 854 2150 912 miseri-

576 950 761 1005 cordia
789 956 896 1014 est,
930 948 1071 1003 circa
1100 947 1433 1002 facinorosos
1462 954 1669 1001 servata
1699 944 1980 1000 districtio.
2013 946 2153 1016 Ergo

577 1041 760 1111 sopori
808 1040 1091 1094 terminum
1147 1053 1379 1109 ponens,
1429 1037 1798 1093 mandatorum
1855 1036 2197 1093 cmlestiunt'

575 1135 784 1189 hostem
817 1131 1054 1202 depelle,
1084 1147 1151 1187 ne
1180 1130 1404 1186 candida
1432 1132 1772 1185 conversatio
1800 1139 1973 1185 tecum
2001 1129 2154 1184 habi-

576 1234 784 1279 tantum
823 1225 970 1278 fusca
1008 1221 1437 1293 supervenientis
1480 1222 1794 1292 contagione
1835 1221 2081 1277 violetur.
2130 1238 2150 1272 ι

582 1319 727 1373 Illico
781 1316 975 1372 divinis
1026 1316 1315 1372 obsecutus
1364 1316 1599 1384 imperiis
1649 1314 1916 1369 hominem
1965 1322 2155 1381 vocat,

577 1409 925 1465 mentientem
952 1409 1249 1473 convincit,
1277 1408 1465 1462 feriato
1486 1423 1583 1462 ore
1606 1408 1742 1461 male
1762 1406 1959 1462 conscii
1982 1407 2158 1461 omnia

580 1502 697 1569 ejus
716 1509 863 1569 gesta
886 1500 1237 1569 persequitur.
1266 1496 1491 1567 Expavit
1511 1498 1895 1567 deprehensus,
1917 1512 2036 1551 cum
2060 1497 2160 1551 fla-

580 1594 708 1662 gitia
731 1607 823 1646 sua
846 1590 1114 1647 recenseri
1139 1591 1343 1646 videret
1364 1591 1430 1645 ab
1458 1592 1673 1646 homine
1692 1634 1705 1657 ,
1736 1606 1853 1660 quae
1877 1591 1992 1645 sine
2023 1598 2161 1645 teste

582 1683 800 1737 humani
832 1683 1044 1752 generis
1075 1684 1418 1738 commiserat
1450 1701 1462 1735 :
1496 1684 1743 1737 viaticum
1772 1684 2049 1751 poposcit,
2083 1683 2164 1735 fu-

583 1790 702 1845 gam
726 1785 958 1830 tremens
988 1775 1262 1845 apparavit
1304 1796 1317 1832 :
1345 1776 1598 1829 continuo
1628 1783 1807 1830 tamen
1847 1773 2163 1843 pedissequa

2259 578 2445 634 mavit.
2476 595 2494 627 ‹
2541 574 2678 642 Quid
2710 573 2949 642 agimus,
2979 584 3129 623 mens
3160 566 3331 621 adhuc
3376 564 3628 619 mundani
3662 563 3838 617 oneris

2260 669 2403 724 fasce
2449 660 2761 734 depressa,
2789 676 2946 733 quam
2993 659 3226 714 nondum
3274 657 3338 710 ad
3385 666 3656 711 auctorem
3688 669 3838 708 suum

2260 772 2550 827 corporeus
2579 770 2764 810 carcer
2793 750 3059 809 evomuit?
3083 764 3187 803 non
3221 748 3312 801 tibi
3340 756 3485 802 certa
3514 754 3597 802 est
3623 746 3691 800 de
3717 761 3842 814 per-

2260 840 2489 907 fectione
2519 848 2708 903 fiducia
2726 888 2740 912 ,
2767 847 2891 901 dum
2914 844 3087 898 adhuc
3110 839 3398 898 includeris
3422 840 3703 909 fragilitate
3729 854 3846 893 car-

2261 947 2370 1002 nali
2398 964 2409 999 :
2442 942 2691 1014 periculis
2720 940 2877 1010 plena
2906 946 3065 1003 sunt,
3088 952 3207 1009 quae
3226 934 3475 989 videntur
3500 947 3617 988 esse
3650 931 3848 986 tutissi-

2264 1054 2348 1093 ma
2380 1056 2391 1091 :
2418 1035 2679 1091 lenocinia
2719 1032 2887 1087 hostis
2915 1030 2989 1084 tui
3016 1027 3299 1096 intelligis,
3328 1027 3453 1078 dum
3484 1024 3848 1081 universorum

2262 1144 2393 1185 voce
2435 1127 2685 1183 laudaris.
2743 1123 2871 1177 Vide
2914 1120 3130 1192 quantis
3180 1118 3389 1172 labores
3433 1114 3677 1169 insidiis:
3722 1114 3848 1166 abs-

2269 1220 2542 1278 conditum
2581 1232 2699 1273 esse
2752 1230 2857 1270 non
2893 1214 3050 1279 licet,
3092 1210 3231 1279 quod
3272 1208 3480 1263 adimus
3532 1225 3544 1260 :
3590 1206 3848 1260 latebram

2265 1322 2504 1367 nostram
2548 1306 2852 1378 persecutio
2902 1303 3204 1357 manifestat
3252 1298 3483 1354 hostilis.
3533 1298 3852 1353 Sanctorum

2265 1416 2511 1475 petamus
2531 1401 2830 1457 exercitum
2851 1441 2864 1465 ,
2892 1406 2946 1452 et
2967 1396 3111 1451 illam
3133 1392 3427 1448 Lirinensis
3450 1390 3635 1445 insulae
3657 1390 3854 1445 cohor-

2268 1508 2375 1553 tem
2403 1496 2602 1566 irriguo
2632 1494 2963 1562 inquiramus
2989 1488 3182 1542 ardore
3225 1504 3238 1541 :
3272 1501 3428 1555 quem
3470 1484 3645 1538 solum
3672 1483 3855 1539 hacte-

2268 1578 2373 1647 nus
2396 1588 2626 1662 pulsavit
2653 1586 3024 1649 adversarius,
3058 1579 3264 1636 timebit
3290 1579 3427 1633 inter
3449 1576 3724 1633 inimicam
3756 1576 3856 1634 sibi

2268 1670 2663 1738 multitudinem
2687 1676 3057 1734 constitutum.
3088 1672 3347 1728 lnstructa
3378 1669 3575 1739 pracliis
3597 1668 3739 1723 acies
3766 1668 3854 1722 illa

2270 1792 2482 1847 semper
2531 1773 2797 1843 invigilat,
2827 1782 2879 1825 et
2911 1768 3070 1822 variis
3113 1765 3411 1835 perfossum
3454 1763 3649 1817 ictibus
3692 1761 3858 1832 abigit

584 1883 735 1922 ι’θυω
760 1868 889 1923 “mo
914 1866 1345 1935 comprehendit.
1378 1876 1427 1921 οι
1467 1866 1738 1937 expiatum
1777 1866 1951 1920 scelus
1991 1873 2167 1933 Pall‘a-
2196 1865 2247 1929 Β
2274 1870 2612 1927 infestantem
2651 1883 2663 1917 :
2698 1870 2826 1933 quot
2855 1860 2992 1918 bella
3020 1858 3122 1916 illis
3155 1856 3397 1911 diabolus
3426 1854 3639 1920 intulit,
3671 1868 3852 1909 nume-

590 1963 723 2016 toris
752 1969 921 2016 morte
950 1960 1231 2015 nuntiavit.
1265 1960 1336 2014 Ita
1360 1973 1537 2014 sermo
1575 1958 1701 2029 justi
1742 1957 1948 2012 viribus
1987 1969 2174 2010 carere

586 2066 696 2106 non
720 2052 911 2120 potuit.
954 2051 1158 2107 Interea
1183 2058 1398 2105 sanctus
1420 2048 1500 2104 vir
1533 2064 1628 2119 per
1650 2048 1897 2120 regiones
1924 2047 2178 2101 finitimas

594 2146 936 2201 insidiatricis
978 2144 1134 2199 fama:
1175 2144 1366 2214 linguis
1406 2143 1634 2198 innotuit
1668 2159 1679 2193 :
1722 2156 1841 2209 qua:
1871 2154 1939 2194 ne
1965 2145 2179 2209 pareret

590 2238 657 2293 de
688 2237 998 2292 celebritate
1016 2236 1322 2306 iactantiam
1338 2276 1353 2301 ,
1379 2242 1503 2288 ante
1526 2233 1735 2301 provisa
1760 2238 1884 2285 sunt
1905 2228 2138 2285 remedia
2157 2269 2173 2295 ,

592 2342 748 2397 quam
787 2328 1006 2381 morbus
1041 2326 1393 2382 adolesceret.
1423 2323 1524 2393 Qui
1554 2324 1696 2378 enim
1726 2322 2043 2391 grandaevus
2083 2328 2176 2375 aut

592 2417 815 2484 debilis,
844 2417 980 2471 duce
1005 2416 1277 2487 diligentia
1296 2457 1312 2482 ,
1342 2430 1447 2471 non
1479 2415 1685 2469 itineris
1714 2412 1855 2468 illius
1880 2422 2177 2469 transmea-

592 2509 687 2565 bat
727 2509 983 2579 abrupta,
1031 2523 1151 2563 cum
1206 2508 1455 2563 dantibus
1492 2507 1851 2563 valetudinem
1892 2504 2177 2561 desideriis

598 2600 757 2657 etiam
802 2601 1145 2671 aegritudines
1188 2614 1413 2670 corpora
1461 2616 1567 2654 non
1601 2598 1881 2655 tenerent?
1910 2596 2022 2653 Hac
2052 2612 2176 2666 per—

594 2694 815 2748 territus
853 2690 1179 2763 frequentia;
1227 2690 1293 2747 ad
1323 2691 1613 2746 secretiora
1654 2691 1822 2745 eremi
1853 2688 2038 2744 beatus
2068 2688 2178 2740 An-

594 2783 773 2840 tonius
815 2781 1041 2838 credidit
1079 2782 1433 2851 evolandum,
1476 2798 1544 2839 ne
1590 2783 1921 2852 singulorum
1964 2780 2177 2837 devotio

595 2873 900 2929 inamabilis
943 2876 1259 2944 arrogantiae
1296 2883 1467 2929 mater
1502 2875 1787 2943 existeret,
1819 2882 1874 2930 et
1902 2872 1967 2929 de
1997 2871 2177 2927 multi-

596 2964 757 3020 formi
802 2965 969 3034 gratia
1017 2965 1283 3035 rigidioris
1330 2958 1587 3035 propositi
1636 2966 1786 3019 ruina
1842 2973 2173 3020 nasceretur.

598 3054 716 3110 Mox
748 3061 926 3110 tamen
970 3069 1214 3111 secessus
1257 3071 1414 3124 quem
1461 3056 1685 3124 pendula
1724 3070 1883 3125 rupes
1905 3069 2178 3110 commen-

598 3146 787 3215 dabat,
818 3148 1019 3203 electus
1048 3156 1130 3203 est
1178 3166 1191 3202 :
1233 3149 1285 3204 in
1317 3163 1424 3219 quo
1453 3148 1606 3203 annis
1638 3148 1880 3218 pluribus
1915 3150 2091 3217 solus,
2123 3154 2179 3203 et

2284 1969 2403 2016 rant
2451 1966 2528 2014 tot
2570 1953 2868 2019 triumphos
2912 1968 2924 2004 :
2977 1965 3082 2005 non
3114 1956 3357 2003 metuunt
3392 1947 3637 2017 quotiens
3665 1946 3858 2002 adesse

2281 2053 2532 2109 Satanam
2559 2092 2574 2116 ,
2608 2038 2669 2103 ut
2702 2044 3015 2101 dimicantes
3042 2050 3264 2105 acuant,
3300 2038 3524 2096 classico
3553 2038 3706 2093 fuerit
3731 2038 3858 2092 stri-

2280 2140 2441 2202 dente
2470 2140 2767 2197 nuntiatum
2817 2154 2830 2189 :
2880 2146 3086 2204 semper
3122 2131 3360 2188 eruditos
3397 2139 3451 2186 et
3489 2129 3654 2184 fortes
3684 2128 3860 2183 reddi-

2281 2237 2358 2295 dit
2403 2232 2709 2306 quotidiana
2755 2227 3085 2290 decertatio,
3137 2223 3402 2296 quomodo
3453 2220 3709 2293 prolixior
3758 2236 3859 2290 pax

2280 2330 2507 2387 solutos.
2547 2344 2565 2377 ›
2599 2324 2691 2379 His
2716 2321 2872 2378 dictis
2890 2359 2907 2387 ,
2938 2318 3159 2374 dimissa
3193 2314 3445 2371 fratribus
3470 2313 3663 2371 cellula
3684 2354 3699 2379 ,
3726 2326 3859 2382 quos

2280 2420 2479 2477 ibidem
2508 2415 2745 2489 praedicti
2776 2426 2925 2469 amor
2963 2418 3411 2481 congregaverat,
3440 2406 3578 2477 apud
3620 2406 3860 2461 Lirinum

2278 2512 2603 2583 improvisus
2632 2508 2901 2578 apparuit.
2926 2502 3197 2561 Nuntiavit
3225 2501 3397 2558 virum
3427 2500 3715 2570 insignium
3748 2514 3863 2553 me-

2277 2610 2499 2663 ritorum
2555 2602 2716 2657 facies
2753 2598 2941 2671 jejunii
2983 2596 3184 2668 pallore
3244 2594 3513 2653 decorata.
3562 2592 3695 2648 Nam
3724 2590 3850 2645 dunt

2279 2674 2475 2754 secreti
2502 2694 2731 2750 nitorem
2762 2689 2994 2747 hominis
3021 2686 3452 2758 splendidissima
3484 2685 3681 2739 macies
3721 2682 3864 2737 indi-

2280 2797 2460 2856 caret,
2505 2801 2614 2841 non
2662 2782 2829 2840 defuit
2871 2789 3086 2835 actuum
3137 2778 3253 2848 ejus
3296 2791 3474 2847 praeco
3511 2785 3801 2831 consuetus
3848 2792 3863 2826 ε

2281 2879 2678 2938 immaculatam
2711 2871 3136 2929 conversationis
3165 2870 3332 2939 ipsius
3360 2868 3595 2937 speciem
3625 2868 3725 2922 sub
3749 2882 3866 2922 ver-

2280 2973 2473 3028 borum
2516 2966 2839 3024 abundantia
2878 2974 2933 3020 et
2960 2962 3237 3020 relationis
3264 2960 3509 3017 ubertate
3534 2959 3866 3015 describens.

2282 3064 2478 3119 Mixtus
2531 3057 2829 3130 grandaevis
2886 3064 2943 3112 et
2991 3052 3273 3125 prmeipuis
3324 3060 3594 3120 gestorum
3644 3064 3867 3105 suorum

2283 3156 2585 3225 lampadam
2613 3168 2720 3208 non
2742 3150 2939 3206 minori
2974 3147 3238 3217 intellexit
3273 3144 3396 3215 igne
3424 3144 3642 3199 rutilare
3673 3159 3688 3199 :
3717 3142 3869 3198 meti-

598 3252 726 3293 vere
767 3237 1061 3293 monachus
1098 3239 1258 3293 vitam
1299 3241 1414 3294 sine
1443 3240 1658 3293 humani
1684 3239 1895 3311 generis
1929 3248 2181 3294 consorte
2204 3229 2255 3295 (ἶ
2287 3257 2376 3305 ωε
2416 3255 2500 3302 est
2547 3243 2748 3300 fomitis
2794 3241 2876 3297 sui
2924 3240 3131 3303 lucem,
3162 3236 3289 3292 dum
3316 3234 3450 3290 vidit
3492 3235 3672 3290 alieni.
3704 3233 3867 3298 Ωιιπὶ

602 3331 883 3399 transegit.
934 3330 1103 3385 Dabat
1147 3332 1287 3385 feras
1332 3346 1427 3402 pro
1470 3332 1744 3386 sodalibus
1771 3340 2021 3388 montana
2052 3331 2183 3387 soli-

600 3420 733 3476 tudo
783 3438 795 3472 :
848 3421 1083 3490 mugitus
1121 3421 1232 3475 ursi
1277 3420 1611 3492 aliarumque
1662 3422 1956 3476 belluarum
2003 3423 2184 3477 minax

601 3512 1060 3579 itnmurmuratio,
1096 3528 1191 3583 pro
1222 3511 1431 3567 blanda).
1469 3511 1910 3569 confabulationis
1940 3528 2185 3568 commu-

602 3605 765 3661 nione
797 3606 1112 3676 ponebatur.
1148 3606 1383 3675 Denique
1409 3621 1471 3661 ea
1501 3615 1815 3676 tempestate
1840 3622 1997 3662 ursus
2029 3615 2186 3677 petu-

601 3698 819 3763 lantior,
852 3698 1037 3767 gloriae
1061 3698 1179 3768 plus
1205 3698 1426 3753 daturus
1444 3740 1459 3764 ,
1490 3699 1673 3754 caules
1703 3700 1868 3768 ipsius
1894 3700 2185 3770 puberibus

601 3786 747 3842 foliis
776 3788 1033 3857 laetiores,
1064 3799 1119 3844 et
1146 3788 1372 3861 quadam
1406 3789 1623 3845 domino
1654 3788 1916 3845 hilaritate
1945 3789 2183 3861 gestien-

604 3886 685 3934 tes
712 3920 727 3944 ,
768 3880 985 3934 immani
1025 3880 1331 3952 ingrediens
1371 3883 1692 3937 contritione
1731 3884 1989 3946 vastavit,
2023 3881 2100 3936 ita
2134 3893 2193 3939 ut

604 3970 861 4041 nusquam
891 3972 958 4027 de
986 3973 1210 4042 simplici
1236 3974 1385 4042 fruge
1408 3988 1531 4044 spes
1560 3973 1771 4027 residua
1804 3974 2139 4042 linqueretur
2172 3986 2187 4024 :

610 4076 769 4130 quem
802 4062 890 4117 ille
919 4062 1107 4117 baculo
1137 4064 1425 4119 mulcatum
1470 4062 1762 4118 districtius
1804 4064 1953 4119 abire
1995 4064 2188 4132 praeci-

607 4152 789 4221 piens,
824 4161 1012 4207 testem
1051 4152 1262 4207 virtutis
1300 4166 1409 4207 sua:
1430 4194 1445 4219 ,
1477 4161 1531 4208 et
1558 4154 1797 4208 nuntium
1830 4154 2094 4223 passionis
2123 4152 2190 4208 ad

606 4241 740 4296 alias
770 4243 848 4298 ire
880 4243 1077 4297 bestias
1120 4259 1244 4297 mox
1290 4244 1463 4313 coegit
1503 4262 1514 4296 :
1559 4252 1615 4298 ut
1641 4245 1951 4315 impleretur
1980 4244 2191 4299 Domini

608 4332 783 4388 fidelis
806 4333 1113 4403 pollicitatio
1131 4379 1145 4403 ,
1171 4350 1287 4404 quae
1309 4335 1661 4391 sectatoribus
1682 4337 1794 4391 suis
1816 4338 1975 4392 totius
1996 4338 2192 4392 veneni

605 4434 659 4480 et
685 4427 921 4481 omnium
972 4426 1201 4482 ferarum
1241 4428 1485 4507 promisit
1514 4429 1849 4498 obsequium.
1882 4430 2087 4484 Rursus
2120 4439 2190 4482 ta-

605 4535 729 4574 men
772 4520 1034 4589 gradienti
1078 4522 1125 4577 ei
1177 4536 1271 4590 per
1313 4521 1635 4576 destinatum
1667 4522 1857 4575 callem
1890 4524 2103 4591 rugiens
2134 4536 2193 4576 se

2288 3343 2429 3399 inter
2457 3345 2769 3396 ornamenta
2800 3333 2919 3391 caeli
2948 3340 3004 3389 et
3038 3330 3216 3385 sidera
3246 3327 3405 3396 pleno
3437 3326 3643 3397 fulgore
3670 3326 3869 3380 micans

2292 3434 2397 3498 tia,
2426 3426 2851 3499 supervenientis
2888 3424 3016 3479 astri
3062 3420 3322 3477 claritudo
3366 3419 3635 3483 societur;
3665 3424 3869 3473 certant

2289 3524 2405 3579 sine
2435 3520 2631 3575 invidia
2665 3535 2679 3571 :
2711 3516 2986 3586 geminare
3014 3512 3223 3577 radios,
3254 3520 3306 3568 et
3347 3525 3442 3580 per
3479 3518 3758 3581 augmenta
3790 3508 3870 3563 lu-

2289 3613 2451 3671 minis
2465 3611 2697 3681 speciem
2717 3621 2973 3677 superare
2991 3606 3260 3662 novitatis.
3284 3603 3400 3660 Alia
3422 3602 3699 3675 prolixiori
3721 3601 3871 3656 crine

2292 3706 2462 3761 facem
2491 3717 2642 3758 suam
2668 3700 2827 3757 stella
2861 3698 3232 3762 commendat;
3263 3696 3365 3752 alia
3408 3694 3619 3764 puriore
3651 3713 3661 3746 :
3705 3710 3870 3750 unam

2291 3798 2425 3853 ditat
2478 3796 2654 3865 potior
2706 3794 2954 3859 ﬂamma,
3000 3790 3247 3847 nobilitat
3290 3789 3507 3846 alteram
3555 3801 3648 3857 per
3694 3787 3865 3855 spatia

2292 3897 2551 3946 nocturna
2595 3885 2873 3942 sincerior.
2906 3882 2997 3938 Sic
3023 3882 3313 3938 Antonium
3356 3888 3594 3936 nostrum
3622 3892 3713 3948 per
3742 3879 3864 3932 uni-

2293 3993 2478 4036 versas
2506 3978 2745 4033 locorum
2791 3973 3113 4030 mutationes
3138 3988 3169 4028 a
3212 3971 3426 4028 Christo
3450 3972 3671 4028 veniens
3710 3970 3873 4026 disci-

2296 4070 2438 4141 plina
2483 4068 2735 4123 comitata
2780 4073 2881 4121 est.
2912 4063 3152 4120 Providit
3199 4073 3404 4130 tamen,
3437 4078 3506 4120 ne
3549 4063 3635 4118 cui
3676 4063 3730 4118 in
3779 4062 3871 4118 illa

2295 4161 2503 4218 nutrice
2546 4170 2851 4214 sanctorum
2896 4156 3105 4221 insula,
3150 4170 3268 4211 cum
3314 4164 3596 4224 pra:staret
3625 4154 3870 4218 meritis,

2296 4252 2538 4325 praeferri
2566 4250 2835 4307 videretur
2865 4247 3156 4304 honoribus
3192 4264 3206 4301 :
3249 4247 3426 4303 sciens
3465 4245 3515 4303 in
3559 4246 3873 4301 humilitatis

2296 4345 2477 4401 radice
2534 4343 2827 4413 plantatum
2882 4340 2951 4396 ad
3005 4348 3261 4396 centenos
3312 4339 3512 4394 fructus
3570 4353 3866 4408 assurgere.

2296 4436 2530 4492 Blandus
2570 4434 2883 4504 juvenibus,
2930 4431 3107 4502 gravis
3148 4430 3399 4497 maturis,
3434 4432 3620 4486 doctus
3649 4429 3869 4499 peritis,

2296 4528 2590 4585 submissus
2616 4522 2895 4579 existendo
2922 4522 3251 4592 simplicibus
3270 4562 3285 4585 ,
3322 4531 3484 4577 totam
3524 4522 3665 4575 illam
3694 4521 3868 4574 domi-

605 4611 715 4665 fera
759 4613 1049 4683 suggessit:
1082 4626 1241 4681 quam
1271 4611 1361 4665 ille
1390 4612 1500 4666 sola
1521 4611 1759 4680 jussione
1787 4611 2053 4665 turbatum
2083 4612 2182 4664 iter
2207 4597 2264 4659 D
2288 4617 2388 4672 nici
2418 4617 2593 4686 gregis
2619 4614 2880 4681 legionem
2910 4612 3217 4667 distinctam
3244 4620 3388 4677 actu,
3415 4612 3668 4665 variatam
3696 4611 3870 4680 genti-

605 4703 732 4757 fecit
762 4704 1001 4772 aperire;
1034 4714 1088 4758 et
1113 4713 1366 4772 occupata
1399 4703 1497 4756 via:
1520 4701 1749 4759 claustra
1778 4703 2050 4757 deserere.
2083 4701 2189 4757 Sed

607 4809 731 4851 ecce
760 4797 951 4852 lterum
986 4797 1086 4851 alis
1116 4796 1420 4868 pernicibus
1440 4836 1456 4863 ,
1493 4811 1585 4865 per
1615 4794 1931 4867 proditionis
1960 4810 2069 4849 sua:
2101 4809 2188 4847 or-

608 4886 816 4949 dinem,
849 4889 940 4941 Dei
966 4903 1178 4943 servum
1218 4888 1269 4942 in
1300 4903 1404 4957 quo
1433 4888 1551 4941 loco
1588 4887 1805 4957 degeret
1841 4888 1974 4940 fama
2008 4887 2188 4957 vulga-

608 4977 712 5038 vit;
766 4977 911 5031 aliud
965 4979 1033 5034 de
1086 4980 1234 5049 ipso,
1292 4996 1390 5049 pro
1448 4981 1828 5036 sententiarum
1888 4980 2182 5044 varietate,

608 5068 834 5123 diversis
855 5069 1213 5137 opinantibus.
1240 5072 1386 5129 Tunc
1409 5072 1607 5143 liquido
1630 5072 1795 5141 patuit
1817 5086 1912 5141 per
1932 5085 2185 5127 occursus

610 5157 938 5226 multiplices
966 5161 1095 5215 nihil
1126 5162 1338 5217 obstare
1363 5165 1727 5234 cupientibus;
1761 5164 1960 5229 planari
1987 5162 2180 5229 ardua,

608 5249 830 5306 solidari
861 5250 1056 5317 scissa,
1082 5254 1365 5320 pendentia
1405 5273 1509 5310 non
1536 5257 1732 5312 timeri.
1760 5256 1860 5311 Sed
1894 5256 2183 5323 potioribus

609 5342 846 5411 insidiis,
874 5358 942 5399 ne
984 5360 1080 5414 per
1106 5349 1461 5415 arrogantiam
1497 5350 1661 5405 hostis
1701 5350 2034 5419 subriperet,
2077 5350 2181 5403 for-

612 5436 736 5492 tiori
777 5436 1001 5492 consilio
1049 5451 1235 5491 manus
1286 5441 1569 5507 opposuit,
1605 5458 1669 5497 ne
1711 5443 1822 5513 jam
1869 5441 2182 5512 grandaevus

610 5532 877 5599 perderet,
897 5531 1037 5603 quod
1056 5533 1191 5587 inter
1215 5533 1454 5586 tirocinia
1478 5535 1669 5589 virtute
1689 5546 1951 5592 servasset
1977 5554 1988 5590 :
2009 5537 2184 5591 acrius

610 5625 751 5677 enim
780 5624 922 5679 circa
950 5624 1200 5681 robustos
1226 5624 1421 5680 diaboli
1452 5635 1722 5680 certamen
1755 5636 1862 5693 est,
1891 5638 1945 5683 et
1973 5629 2186 5697 majori-

612 5711 714 5765 bus
734 5715 903 5781 c0piis
926 5716 1043 5770 illos
1070 5718 1397 5788 aggreditur,
1424 5716 1513 5787 qui
1540 5716 1817 5773 cnnflictus
1843 5719 1957 5789 ejus
1979 5721 2183 5789 experti

613 5800 823 5855 roboris
862 5804 1057 5861 sudore
1100 5807 1437 5866 domuerunt.
1483 5808 1738 5865 Universa
1786 5819 1964 5865 tamen
2003 5824 2184 5865 secum

2296 4710 2429 4773 bus,
2459 4707 2612 4777 quasi
2650 4721 2808 4761 unam
2848 4705 3080 4760 animam
3111 4705 3163 4759 in
3196 4719 3291 4761 sua
3333 4703 3609 4759 affectione
3635 4703 3868 4772 collegit.

2295 4798 2370 4854 lbi
2400 4795 2647 4863 biennio,
2695 4810 2755 4851 se
2794 4796 2910 4864 ipso
2956 4795 3151 4864 pntior,
3195 4795 3375 4850 mundi
3415 4794 3566 4850 istius
3602 4792 3868 4848 sarcinam

2291 4892 2599 4961 deponens,
2641 4890 2811 4945 victor
2849 4888 3161 4944 insidiarum
3198 4903 3327 4957 quas
3365 4887 3568 4957 antiqui
3607 4888 3871 4955 serpentis

2290 4995 2441 5054 parat
2469 4984 2695 5048 astutia,
2726 4979 2866 5037 diem
2898 4990 3136 5037 nostrum
3164 4989 3219 5036 et
3246 4981 3419 5036 lucem
3451 4980 3734 5049 praesentis
3763 4994 3869 5033 sa:-

2290 5077 2395 5132 culi
2436 5076 2675 5146 perpetui
2723 5076 2940 5132 luminis
2984 5075 3268 5143 adeptione
3294 5075 3664 5128 commutavit.
3693 5072 3871 5128 Taceo

2289 5172 2517 5239 qualiter
2546 5173 2709 5227 vitam
2740 5171 2907 5241 ipsius
2934 5171 3120 5226 mortis
3149 5170 3414 5226 claritudo
3451 5171 3769 5241 signaverit,
3804 5185 3871 5225 ne

2288 5264 2532 5320 universa
2555 5263 2823 5333 digerens,
2849 5280 2955 5321 non
2981 5273 3085 5319 tam
3112 5265 3390 5319 veritatem
3418 5279 3686 5329 narrasse,
3709 5279 3869 5334 quam

2287 5355 2524 5425 praedicti
2563 5354 2805 5411 laudibus
2860 5356 3044 5411 videar
3080 5354 3415 5410 immoratus.
3462 5355 3635 5412 Veluti
3666 5355 3709 5409 si
3748 5354 3870 5424 quis

2289 5446 2553 5502 consitum
2601 5446 2778 5502 lucum
2832 5447 3097 5502 frondium
3144 5446 3410 5503 densitate
3455 5448 3747 5516 repererit;
3796 5462 3866 5500 ex

2288 5553 2397 5609 quo
2440 5554 2692 5595 coronam
2744 5540 2886 5595 ferro
2935 5540 3226 5609 stringente
3276 5538 3610 5608 subripiens,
3649 5537 3868 5606 genium

2288 5632 2468 5697 silvae,
2502 5632 2628 5688 dum
2662 5633 2933 5700 praesumit
2972 5646 3165 5701 parva,
3203 5645 3310 5686 non
3341 5640 3591 5695 amovet;
3624 5629 3870 5683 meliori-

2289 5723 2388 5779 bus
2413 5723 2658 5793 equidem
2688 5721 2754 5775 de
2785 5722 3001 5777 Antonii
3031 5723 3195 5779 nostri
3227 5722 3411 5787 factis,
3445 5737 3561 5792 qua:
3590 5719 3733 5790 stylo
3760 5735 3869 5773 non

2292 5815 2469 5886 attigi,
2496 5812 2762 5869 narranda
2784 5814 3009 5867 servavi.
3042 5814 3233 5869 Vincar
3261 5814 3397 5870 forte
3422 5812 3741 5885 eloquentia;
3769 5812 3867 5867 flu-
