4192 6260
267 365 373 421 9.-ίῦ

1618 367 2185 428 EUCIIARISTICUM.

3425 369 3532 426 9.46

268 478 410 532 mine
438 494 448 529 :
475 488 631 532 nemo
655 490 738 530 me
759 490 900 532 eirea
925 476 1072 534 illum
1095 478 1366 547 superabit.
1395 476 1607 532 aﬂ‘ectu.
1645 478 1844 532 llaheat
1871 482 1923 541 Α
1950 481 2175 549 gratiam
2210 480 2348 540 beati
2387 480 2618 538 hominis
2649 497 2808 538 nemo
2835 483 3134 553 praeripiet,
3161 483 3248 552 qui
3272 483 3336 536 ad
3369 485 3532 551 expli-

267 567 354 638 qui
379 575 591 621 secutus
618 565 802 630 fuerit,
827 566 891 623 de
916 569 1115 636 peritia:
1142 583 1316 623 messe
1336 568 1650 636 jactantiam
1681 587 1691 619 :
1721 569 1848 622 mihi

1958 570 2124 624 cauda
2149 571 2263 638 ejus
2289 572 2426 626 bona
2459 575 2660 641 primus
2687 576 2906 629 accessi.

3291 703 3535 722 ι-υ--ιη

1204 785 1946 868 OPUSCULUM
2024 789 2630 895 QUINTUM.

1353 925 1368 954 ¹
1398 927 1998 979 ευοιιλιιιετιαυω
2022 932 2120 981 ΒΕ
2153 933 2325 981 νιτΑ
2355 933 2510 982 ευΑ.

1770 1022 2040 1037 ῃ

337 1088 392 1141 In
426 1086 642 1140 nomine
674 1084 840 1138 Patris
867 1089 921 1137 et
947 1081 1066 1136 Filii
1103 1091 1157 1136 et
1185 1081 1413 1151 Spiritus
1439 1083 1630 1136 sancti.

333 1179 624 1235 Oraculum
675 1185 760 1230 est
800 1173 1144 1230 scientissimi
1192 1174 1432 1229 doctoris
1473 1176 1713 1243 gentium
1764 1161 1850 1244 °(ll

265 1274 382 1328 Cor.
415 1289 508 1338 xit,
539 1272 596 1341 9)
629 1269 770 1339 quod
804 1270 976 1340 pariat
1005 1269 1293 1324 inﬂrmitas
1321 1281 1500 1324 nostra
1533 1271 1849 1338 potentiam,

267 1377 318 1422 et
344 1365 487 1436 quod
519 1374 732 1419 terrena
765 1361 1095 1417 contritione
1122 1361 1301 1415 anima
1331 1362 1667 1416 convalescat
1692 1379 1708 1416 :
1731 1376 1856 1416 cum

267 1460 435 1513 virtus
463 1473 580 1526 quae
627 1456 697 1510 de
743 1455 1039 1509 substantia
1081 1455 1259 1508 carnis
1305 1455 1542 1521 ﬂuxerit,
1578 1465 1757 1509 currat
1787 1455 1853 1510 ad

270 1555 545 1622 spiritum;
594 1560 647 1604 et
691 1551 816 1604 dum
859 1550 1191 1605 labefactatio
1229 1560 1413 1604 nostra
1451 1552 1722 1605 caelestem
1751 1551 1852 1605 ho-

270 1645 490 1708 minem,
522 1652 576 1696 et
602 1642 655 1697 in
679 1642 864 1696 divina
892 1641 1172 1696 locandum
1201 1656 1327 1696 arce
1351 1643 1622 1710 componit
1653 1643 1721 1696 ad
1745 1642 1867 1697 frun:

269 1752 386 1806 gem
421 1736 676 1805 spiritus;
713 1735 757 1788 si
796 1731 1009 1804 quando
1037 1735 1154 1789 sine
1180 1727 1389 1788 cultura
1417 1743 1507 1788 aut
1532 1749 1704 1790 messe
1731 1741 1868 1790 sunt

1962 1093 2226 1149 dcliniunt
2257 1095 2440 1160 verba,
2491 1094 2583 1146 sed
2631 1093 2831 1161 puritas
2871 1110 2884 1146 :
2919 1103 2972 1146 tu
3018 1095 3157 1163 apud
3197 1110 3353 1164 quem
3399 1114 3541 1170 saepe

1962 1189 2094 1242 muti
2125 1188 2416 1259 loquimur,
2450 1197 2503 1241 et
2546 1187 2840 1240 clamantes
2874 1196 3128 1242 tacemus.
3183 1191 3271 1244 Sic
3300 1191 3424 1246 dtttn
3458 1210 3543 1250 me

1960 1282 2384 1337 concinnationis
2431 1280 2713 1348 superﬂua:
2763 1281 2815 1334 in
2873 1281 3155 1338 rhetoricis
3217 1294 3271 1338 et
3321 1288 3542 1354 poeticis

1962 1375 2168 1443 campis
2195 1374 2345 1443 lepos
2371 1373 2617 1440 agitaret,
2651 1385 2680 1423 a
2712 1387 2836 1424 vera
2867 1374 3126 1442 sapientia
3155 1377 3428 1431 mentitam
3457 1395 3541 1433 se-

1961 1479 2118 1522 cutus
2142 1469 2544 1530 abscesseram,
2600 1466 2731 1519 nihil
2775 1467 2915 1518 aliud
2964 1470 3201 1535 cup'ens,
3252 1472 3349 1523 nisi
3397 1473 3542 1525 auris

1961 1574 2111 1614 vana:
2160 1559 2491 1614 laudationes
2537 1552 2810 1628 aucupari.
2864 1561 2991 1613 Erat
3017 1561 3204 1614 orandi
3241 1562 3537 1630 fastidium,

1962 1651 2086 1706 dum
2129 1652 2410 1720 perorandi
2459 1651 2683 1706 tenebar
2719 1646 3010 1718 cupiditate
3054 1655 3298 1708 mercari.
3354 1653 3543 1710 Infelix

1963 1747 2061 1811 ego
2110 1745 2298 1796 homo!
2348 1744 2468 1812 quis
2521 1757 2606 1795 me
2651 1751 2926 1810 separaret
2969 1744 3033 1796 de
3081 1759 3306 1811 corpore
3355 1749 3543 1803 mortis

272 1842 516 1897 corpora,
562 1826 718 1881 dulce
749 1834 852 1892 est,
896 1833 1097 1881 etcum
1140 1826 1432 1880 accesserit
1480 1837 1695 1895 propter
1721 1807 1937 1896 aug—:B
1965 1807 2123 1903 hujus
2155 1833 2332 1902 (Rom.
2366 1807 2468 1887 vn.
2501 1831 2628 1900 24)?
2657 1807 2826 1899 gratia
2860 1833 2973 1897 Dei,
3009 1807 3338 1889 medicabilis
3369 1840 3542 1892 morbi

274 1929 449 1974 menta
482 1920 765 1974 diminutio
791 1935 804 1971 :
835 1917 900 1972 ad
927 1917 1144 1973 divitem
1173 1919 1264 1972 Dei
1288 1919 1512 1989 gratiam
1547 1924 1857 1989 pervenitur

269 2011 446 2081 jejuna
464 2012 706 2066 etsterili
732 2019 1042 2081 paupertate
1070 2011 1450 2066 membrorum.
1480 2013 1620 2082 Ergo
1643 2015 1739 2068 tibi
1761 2014 1855 2069 de-

273 2103 428 2158 betur
457 2111 581 2171 post
607 2102 791 2167 Deum,
818 2101 1154 2156 imbecillitas
1180 2111 1382 2166 nostra,
1409 2104 1548 2169 quod
1580 2104 1646 2158 de
1673 2120 1852 2160 rerum

278 2192 894 2248 sublimium-affectione
923 2193 1270 2248 surreximus.
1311 2193 1494 2248 Votiva
1527 2194 1690 2249 febris
1718 2211 1852 2250 mem

275 2284 588 2350 necessitas,
619 2295 667 2339 et
699 2286 909 2340 exustio
948 2284 1321 2353 amplectenda
1351 2285 1728 2351 medullarum,
1761 2288 1854 2343 de-

270 2377 464 2434 derunt
510 2377 644 2432 mihi
674 2387 728 2432 et
767 2378 954 2432 timere
985 2377 1148 2433 Deum
1195 2378 1524 2434 de'abitione
1560 2381 1850 2447 sospitatis,

270 2478 322 2525 et
343 2470 397 2524 in
425 2471 544 2537 ipso
564 2471 799 2539 gaudere
824 2471 891 2524 de
911 2469 1103 2524 reditu.
1135 2469 1371 2524 Laetatur
1395 2485 1533 2524 nunc
1561 2470 1610 2524 in
1635 2481 1854 2527 auctore

271 2570 454 2617 nostro
484 2562 682 2616 mentis
709 2561 911 2615 sanitas
937 2569 1218 2629 procurata
1250 2561 1611 2630 languoribus.
1643 2561 1741 2616 Ubi
1769 2573 1853 2618 est

268 2653 520 2722 superbia
551 2653 744 2707 divina:
773 2651 964 2708 salutis
993 2651 1216 2721 quaesita
1251 2652 1515 2706 ludibrio?
1546 2653 1635 2708 ubi
1667 2669 1851 2722 super-

270 2747 474 2810 cilium,
507 2761 602 2814 per
630 2745 768 2814 quod
799 2747 1036 2800 omnium
1081 2759 1272 2802 munus
1301 2745 1559 2801 credebas
1589 2761 1708 2803 esse
1737 2763 1850 2804 rem

274 2838 580 2908 propriam?
607 2837 841 2908 Repente
865 2837 1102 2893 deseruit
1128 2845 1178 2892 te
1200 2839 1496 2894 constantia
1523 2839 1730 2895 roboris
1753 2842 1847 2910 tui,

270 2938 325 2984 et
350 2926 686 2999 :egritudinis
713 2930 946 2999 subjecta
995 2929 1320 2999 ponderibus
1359 2929 1486 2986 elisa
1518 2932 1728 2988 cervice
1762 2933 1848 3000 ja-

264 3018 422 3074 cuisti
455 3038 468 3070 :
497 3030 770 3089 postquam
799 3019 930 3090 fugit
961 3021 1290 3090 prosperitas
1322 3029 1432 3086 tua,
1477 3037 1650 3077 seram
1681 3023 1851 3078 medi-

267 3120 368 3166 tata
389 3111 788 3181 pmnitentiam,
807 3112 944 3183 quod
967 3115 1350 3182 praivalueras,
1372 3113 1467 3167 Dei
1493 3116 1660 3170 nostri
1684 3115 1848 3170 fuisse

265 3205 561 3274 cognoscis.
595 3201 806 3259 Gratias
837 3205 951 3270 tibi,
983 3205 1107 3262 coeli
1147 3204 1452 3260 moderator
1487 3214 1541 3259 et
1579 3205 1842 3273 conditor,
1876 3177 1922 3242 Ο

268 3297 352 3366 qui
378 3297 782 3367 dispensatione
812 3298 1013 3362 subtili,
1044 3308 1100 3352 et
1129 3298 1352 3353 occultis
1382 3298 1670 3354 miserendi
1695 3301 1848 3356 itine-

270 3388 434 3453 ribus,
465 3389 578 3444 vias
607 3397 818 3445 nostras
859 3398 912 3445 et
935 3389 1003 3444 de
1028 3389 1312 3444 afﬂictione
1342 3389 1641 3458 componis,
1692 3401 1746 3448 et
1782 3393 1848 3447 ad

267 3483 522 3538 virtutem
553 3480 842 3550 perfectam
891 3484 974 3550 pia
1006 3481 1329 3537 laceratione
1358 3497 1455 3536 nos
1485 3497 1723 3552 reparas.
1765 3484 1848 3540 Ad

269 3573 594 3627 medicinam
624 3581 766 3628 tuam
796 3573 1000 3640 venire,
1037 3573 1136 3628 nisi
1167 3572 1422 3642 suﬂ‘ragio
1451 3574 1705 3641 vulneris,
1740 3591 1848 3632 non

269 3667 509 3722 valemus
532 3683 682 3723 :cum
709 3668 960 3723 duritiam
987 3665 1166 3722 cordis
1193 3668 1556 3722 assuescimus
1578 3679 1628 3722 te
1657 3683 1849 3737 percu-

270 3762 432 3817 tiente
447 3761 680 3827 mollire,
697 3771 750 3818 et
773 3762 1168 3832 suggestionem
1189 3768 1416 3816 terrena:
1436 3760 1656 3816 vilitatis
1679 3761 1847 3817 nobili

265 3863 314 3910 et
340 3855 658 3911 dulcissima
689 3854 1054 3910 molestiarum
1089 3863 1390 3908 nostrarum
1420 3853 1666 3920 passione
1703 3867 1850 3908 com—

267 3945 516 4014 primere.
565 3945 699 4000 Ecce
730 3954 827 4014 ego
856 3944 969 4008 ille,
1021 3943 1112 4014 qui
1160 3946 1214 3998 in
1264 3932 1478 4012 longum
1513 3943 1668 3998 ducta
1719 3944 1850 3998 mihi

267 4037 549 4091 alacritate
571 4035 918 4104 plaudebam;
951 4050 1053 4104 qua
1080 4035 1204 4090 dum
1223 4036 1425 4103 perpeti
1448 4035 1672 4103 fruerer,
1695 4035 1850 4104 quasi

266 4130 407 4184 nulla
453 4129 860 4184 intermissione
906 4127 1224 4195 solveretur,
1276 4127 1578 4196 quaerebam
1623 4127 1850 4196 qualiter

266 4222 469 4288 peccati
491 4219 818 4289 stipendium
850 4234 995 4274 mors
1023 4219 1250 4274 veniret.
1277 4218 1410 4274 Nam
1447 4219 1683 4274 elevatus
1713 4220 1852 4272 insa-

267 4317 349 4368 nis
372 4313 736 4378 successibus,
789 4323 1062 4382 poetarum
1093 4327 1178 4367 me
1219 4313 1388 4382 gregi,
1439 4314 1655 4380 ignarus
1685 4325 1848 4365 vene—

268 4407 448 4460 randa
481 4405 854 4474 professionis,
883 4405 1185 4460 indideram
1212 4422 1225 4460 :
1255 4404 1590 4460 delectabant
1611 4403 1849 4459 carmina

268 4497 546 4567 quadratis
596 4496 852 4550 fabricata
905 4496 1206 4564 particulis,
1268 4505 1322 4550 et
1368 4495 1608 4550 ordinata
1657 4495 1848 4564 pedum

269 4562 528 4644 varietate
555 4588 800 4644 solidata.
853 4562 1176 4659 Angelorum
1204 4587 1380 4644 choris
1413 4604 1498 4643 me
1528 4562 1726 4644 ﬂuxum
1759 4599 1850 4644 aut
1877 4562 1932 4622 Ῑ)

271 4689 517 4735 tenerum
551 4694 740 4748 poema
773 4679 1032 4738 miscebat
1074 4697 1090 4734 :
1120 4687 1173 4734 et
1199 4679 1246 4735 si
1275 4679 1560 4745 evenisset,
1593 4689 1650 4735 ut
1674 4695 1848 4736 essem

271 4773 540 4828 clarorum
573 4786 825 4829 versuum
856 4782 1063 4828 servata
1107 4771 1224 4840 lege
1268 4769 1543 4836 formator,
1573 4772 1672 4826 sub
1699 4767 1853 4843 pedi-

272 4867 368 4922 bus
392 4867 529 4922 meis
549 4864 868 4934 subjectum,
889 4862 1145 4933 quidquid
1167 4861 1290 4918 οωιὶ
1311 4862 1502 4931 tegitur
1518 4877 1645 4928 axe,
1664 4879 1850 4920 cerne-

272 4959 413 5014 bam.
447 4957 689 5024 lneptum
715 4955 808 5015 diu
853 4955 1110 5012 volutavit
1135 4954 1243 5010 vita
1293 4953 1552 5018 mortalis,
1598 4961 1653 5007 et
1703 4961 1851 5010 certa

272 5050 613 5105 miseriarum
645 5047 860 5116 caecitas
895 5046 960 5103 de
985 5046 1112 5100 falsa
1143 5044 1354 5100 dicendi
1388 5043 1635 5097 felicitate
1666 5057 1852 5112 perex—

273 5144 410 5196 tulit.
459 5140 720 5208 Quotiens
767 5138 1174 5193 acclamantium
1224 5135 1436 5192 ﬂatibus
1477 5143 1690 5206 propter
1734 5134 1854 5188 reli-

274 5237 483 5303 gionem
514 5241 698 5288 vertex
729 5231 959 5286 nudatus
987 5229 1259 5294 intumuit,
1305 5235 1360 5282 et
1404 5225 1747 5281 mendacibus
1773 5224 1851 5280 la-

273 5325 481 5380 bioruut
510 5324 659 5382 lusus
685 5320 973 5385 illecebris,
1007 5318 1237 5374 credidit
1276 5331 1510 5370 amorem
1539 5314 1622 5370 sui
1651 5313 1856 5368 haben-

277 5419 403 5473 tium
435 5416 745 5487 pectoribus
791 5411 1078 5482 imperari?
1126 5410 1206 5464 Tu
1258 5419 1432 5463 autem
1480 5408 1568 5476 qui
1612 5407 1664 5459 in
1705 5405 1857 5460 caelis

277 5511 503 5575 habitas,
553 5509 815 5565 irridebas
862 5523 947 5562 me
995 5503 1167 5577 (Psal.
1208 5519 1267 5568 ll,
1315 5501 1496 5571 4):tu
1546 5515 1704 5569 Quem
1752 5513 1858 5552 non

348 5630 362 5658 ³
400 5623 1143 5694 EucharisticumlLiberatus
1167 5619 1317 5694 gravi
1346 5615 1531 5671 morbo
1560 5613 1855 5694 Erinodius,

271 5701 470 5767 gratias
503 5701 638 5760 Deo,
671 5704 781 5750 tum
824 5685 890 5767 de
923 5693 1127 5747 reddita
1173 5685 1369 5767 Salute,
1404 5696 1512 5767 tum
1555 5685 1620 5767 de
1648 5685 1853 5767 cmteris

273 5753 395 5837 qtae
441 5773 494 5822 in
540 5753 747 5834 reliqua
788 5765 892 5818 vita
941 5771 1224 5837 acceperat
1271 5756 1565 5837 beneficiis,
1609 5755 1707 5834 hoc
1752 5753 1863 5837 egit

276 5821 575 5908 (intimate:
606 5821 692 5891 edi
732 5851 852 5888 cum
901 5821 1315 5901 anepigrapltum
1368 5833 1537 5892 esset,
1579 5827 1674 5878 nisi
1725 5821 1862 5891 quod

1960 1937 2218 1980 cOncessa
2265 1923 2586 1978 ministerio.
2640 1923 2770 1977 Nam
2818 1939 2946 1978 ecce
2994 1933 3216 1993 repente
3261 1927 3327 1982 ad
3357 1929 3542 1984 sedem

1955 2021 2148 2072 animae
2174 2009 2509 2071 formidantis
2540 2015 2694 2070 dolor
2724 2018 3019 2085 ingressus,
3051 2027 3103 2070 et
3127 2029 3331 2074 secreta
3362 2021 3543 2075 cordis

1958 2109 2138 2162 hostili
2169 2108 2316 2175 pavit
2347 2106 2628 2160 incendio:
2667 2109 2791 2160 tunc
2830 2107 3086 2176 quidquid
3122 2109 3281 2162 homo
3311 2121 3396 2164 est
3426 2112 3542 2180 jugi

1908 2253 1929 2268 ,_
1956 2198 2376 2253 consenescebat
2402 2197 2617 2262 ardore,
2651 2207 2703 2250 et
2736 2213 2829 2266 per
2853 2197 3027 2251 aditus
3066 2199 3335 2254 naturales
3366 2203 3541 2255 coctio

1957 2301 2016 2344 se
2042 2288 2250 2342 interna
2282 2288 2578 2342 reserabat.
2613 2287 2744 2342 Nam
2773 2287 2897 2341 dum
2929 2304 2958 2341 e
2989 2289 3207 2342 latebris
3232 2291 3342 2344 suis
3374 2293 3539 2360 pclle-

1959 2381 2109 2434 relur
2139 2377 2478 2446 arrogantia,
2511 2377 2752 2446 quamvis
2783 2377 2958 2432 adhuc
2988 2379 3160 2446 aliqua
3191 2379 3257 2433 de
3286 2382 3541 2448 supersti-

1958 2475 2116 2538 tioso,
2150 2481 2329 2528 tamen
2369 2471 2478 2540 jam
2511 2471 2577 2524 de
2620 2470 2912 2540 superstite
2952 2471 3084 2525 nihil
3118 2471 3398 2526 habebam.
3431 2473 3541 2526 Hoc

1955 2567 2128 2620 solum
2157 2573 2492 2620 remanserat
2519 2561 2586 2616 de
2611 2562 2935 2616 conscientia
2963 2560 3210 2623 viventis,
3241 2562 3380 2631 quod
3406 2578 3432 2614 a
3463 2571 3536 2625 te,

1959 2660 2099 2716 Deus
2140 2674 2312 2723 meus,
2356 2659 2534 2712 sanari
2575 2671 2662 2710 me
2693 2670 2850 2724 posse
2890 2654 3254 2720 confidebam,
3287 2669 3443 2723 quem
3473 2653 3542 2709 ad

1955 2750 2369 2806 commotionem
2398 2762 2584 2802 errore
2621 2747 2994 2815 perduxeram.
3025 2745 3132 2800 Nec
3163 2755 3340 2801 tamen
3371 2757 3540 2801 vasta-

1956 2845 2058 2898 trix
2090 2843 2178 2897 illa
2202 2853 2254 2897 et
2277 2839 2528 2910 magistra
2559 2839 2723 2909 pestis
2752 2837 2976 2902 latebat,
3001 2837 3268 2891 viscerum
3296 2837 3536 2891 immissa

1955 2936 2299 2991 conclavibus
2325 2953 2337 2987 :
2364 2948 2464 2989 nec
2486 2940 2734 2987 contenta
2761 2931 3047 2992 velamine,
3072 2939 3240 2985 totum
3265 2944 3351 2984 me
3379 2930 3538 2985 luridi

1953 3029 2152 3084 coloris
2182 3027 2321 3080 nube
2364 3027 2648 3088 vestierat;
2681 3033 2736 3077 ttt
2767 3021 3021 3092 quidquid
3064 3022 3115 3075 in
3160 3023 3372 3076 caeteris
3414 3035 3538 3089 pas-

1954 3118 2193 3173 sionibus
2220 3115 2548 3170 medicorum
2571 3112 2824 3182 qumritur
2850 3111 3051 3179 digitis,
3081 3112 3182 3166 hoc
3207 3112 3538 3180 propositum

1957 3223 2054 3277 pro
2081 3205 2426 3274 correptione
2455 3203 2534 3257 sui
2573 3202 2760 3272 vulgus
2795 3201 3023 3257 videret.
3054 3202 3257 3258 Urebat
3297 3211 3538 3258 amantes

1957 3299 2060 3354 mei
2095 3300 2247 3365 longa
2286 3295 2587 3357 calamitas;
2621 3292 2808 3346 urebat
2845 3293 3128 3346 inimicos:
3164 3294 3299 3348 alios
3340 3293 3532 3362 despe-

1955 3392 2092 3446 ratio
2141 3390 2316 3444 obitus
2358 3386 2494 3451 mei,
2532 3385 2664 3438 alios
2712 3384 2936 3452 angebat
2977 3383 3257 3448 instantia,
3284 3399 3536 3462 concors

1955 3494 2072 3539 erat
2116 3479 2348 3536 civitatis
2396 3479 2446 3532 in
2485 3475 2642 3531 studii
2683 3474 2949 3529 divisione
2990 3475 3276 3528 sententia.
3329 3475 3538 3529 interea

1955 3591 2042 3630 me
2069 3574 2203 3629 edax
2255 3570 2393 3640 ignis
2425 3569 2637 3623 interno
2670 3565 2907 3620 vastabat
2954 3563 3156 3630 ofﬁcia,
3189 3572 3244 3617 et
3270 3565 3538 3617 continuis

1955 3666 2257 3720 curantium
2309 3659 2645 3715 nutriebatur
2693 3657 2904 3711 studiis.
2950 3654 3081 3709 Nam
3127 3653 3280 3722 quasi
3321 3653 3538 3708 morbos

1956 3758 2152 3821 aleret,
2193 3755 2266 3809 ita
2301 3749 2560 3824 quidquid
2592 3757 2777 3804 contra
2814 3748 2960 3815 ipsos
3007 3745 3407 3814 providebatur,
3453 3758 3537 3797 ac-

1956 3849 2142 3904 cessit.
2175 3847 2324 3901 Tunc
2353 3843 2438 3896 illa
2469 3839 2740 3895 saecularis
2772 3851 2980 3906 pompas
3020 3835 3376 3904 philosOphia,
3407 3835 3534 3902 Ilip-

1958 3937 2194 4009 pocratis
2227 3944 2282 3990 et
2319 3933 2508 3989 Galeni
2535 3928 2762 3986 contrita
2805 3927 3078 3993 subsidiis,
3113 3926 3180 3980 ad
3214 3925 3538 3995 adjutorium

1963 4031 2118 4087 ﬂdele
2145 4045 2204 4084 se
2227 4025 2524 4090 transtulit,
2551 4020 2835 4091 aliquando
2866 4019 3102 4074 sentiens
3125 4017 3304 4072 mundi
3337 4015 3534 4071 blandi-

1960 4131 2138 4179 menta
2189 4131 2515 4178 Vanescerc,
2561 4124 2612 4170 et
2663 4111 2910 4168 humanis
2960 4109 3228 4164 hominem
3281 4107 3539 4175 pra‘sidiis

1957 4230 2064 4269 non
2093 4213 2286 4282 juvari.
2317 4209 2433 4264 Jam
2465 4207 2693 4260 duorum
2741 4201 2911 4256 ferme
2953 4200 3218 4254 mensium
3258 4197 3539 4252 curriculis

1956 4307 2122 4362 cladis
2164 4305 2318 4372 hujus
2346 4316 2431 4356 me
2471 4299 2571 4352 sibi
2616 4310 2866 4365 pressura
2915 4295 3260 4349 submiserat.
3293 4294 3410 4348 Jatn
3458 4309 3538 4348 ιερ-

1957 4397 2117 4453 medii
2147 4397 2263 4449 vice
2294 4389 2569 4447 transitum
2602 4385 2975 4456 praestolabar,
3008 4394 3064 4438 et
3104 4384 3235 4436 nihil
3278 4398 3440 4438 suave
3470 4385 3538 4437 de

1958 4504 2114 4545 usura
2131 4489 2268 4543 lucis
2288 4484 2440 4539 istius
2457 4481 2720 4541 recolens.
2737 4476 3058 4544 abrumpere
3077 4489 3276 4537 moras,
3299 4475 3399 4528 etsi
3416 4488 3538 4528 cum

1957 4579 2160 4652 peccati
2183 4580 2354 4634 iturus
2370 4575 2511 4630 fasce
2521 4569 2818 4642 cupiebam.
2837 4566 3128 4635 Expendite
3146 4564 3386 4633 legentes
3420 4579 3538 4630 qua:

1956 4672 2043 4727 hic
2069 4669 2294 4740 ﬂagella,
2323 4681 2441 4736 quae
2476 4667 2738 4718 tormenta
2765 4673 2852 4713 me
2879 4655 3200 4712 manserint:
3233 4662 3291 4710 ut
3329 4653 3538 4722 suppli-

1955 4764 2159 4819 ciorum
2185 4757 2523 4828 praesentium
2549 4763 2694 4809 metu
2714 4752 2975 4821 gehenna:
3000 4761 3185 4816 pmnas
3203 4755 3534 4815 expeterent,

1957 4863 2014 4911 et
2041 4863 2101 4908 ut
2129 4852 2192 4907 ad
2223 4850 2311 4904 illa
2351 4845 2665 4902 immortalis
2691 4842 2886 4898 camini
2929 4849 2982 4894 et
3015 4839 3188 4894 dirum
3235 4837 3534 4893 anhelantis

1959 4945 2168 5018 piacula
2217 4942 2545 4998 festinarem.
2577 4935 2681 4992 Sed
2727 4949 2835 4989 non
2875 4930 3042 4986 defuit
3086 4929 3215 4984 mihi
3256 4928 3536 4993 Dominus,

1958 5041 2048 5112 qui
2076 5037 2346 5106 morti/icat
2376 5044 2421 5088 et
2451 5032 2666 5102 viri/ictu
2684 5069 2697 5093 ,
2725 5026 2928 5080 deducit
2957 5023 3024 5076 ad
3053 5023 3244 5092 inferos
3273 5030 3319 5074 et
3345 5019 3540 5073 reducit

1959 5111 2011 5203 (il
2037 5131 2163 5201 Reg.
2191 5145 2226 5183 ll
2245 5169 2259 5192 ,
2286 5127 2362 5194 6),
2390 5124 2668 5192 majestate
2690 5134 2786 5173 sua
2813 5118 2924 5184 ille,
2951 5115 3102 5184 cujus
3124 5124 3205 5167 est
3232 5111 3536 5182 promissio.

1911 5242 1913 5244 ·
1959 5223 2147 5276 Adhuc
2177 5219 2335 5274 verba
2368 5215 2420 5268 in
2453 5227 2546 5266 ore
2583 5220 2694 5272 tuo,
2729 5209 2792 5262 Et
2822 5223 2933 5262 ecce
2961 5205 3174 5268 adsum,
3208 5204 3329 5257 dicit
3363 5203 3541 5255 Domi-

1959 5332 2052 5369 mis
2097 5311 2248 5384 (Isai.
2293 5323 2390 5373 LII,
2418 5307 2471 5373 6,
2504 5312 2548 5358 et
2580 5316 2724 5368 LVIII,
2748 5299 2837 5368 9).
2881 5298 3008 5351 Nam
3048 5311 3167 5350 cum
3199 5309 3339 5347 unus
3384 5306 3442 5346 se
3475 5308 3541 5344 ex

1930 5467 1939 5477 _
1964 5409 2047 5462 his
2069 5383 2158 5474 qui
2186 5402 2493 5457 assidebant
2520 5395 2648 5450 mihi
2665 5435 2682 5462 ,
2704 5403 2758 5449 et
2778 5408 2869 5461 per
2899 5389 3136 5460 singulos
3158 5387 3272 5440 dies
3301 5383 3542 5438 ditabant

1967 5495 2379 5564 inrequalitatem
2411 5503 2582 5544 meam
2609 5483 2890 5554 dispendio
2921 5480 3247 5541 facultatum,
3281 5475 3539 5530 lassatum

1969 5609 2022 5662 in
2056 5618 2159 5659 uno
2190 5601 2373 5656 codice
2411 5599 2608 5653 Relatio
2635 5611 2814 5649 cursus
2846 5594 2958 5646 vita:
2984 5606 3105 5662 sum
3125 5585 3540 5662 inscribebatur,

1974 5655 2325 5734 Eucharistici
2352 5685 2546 5725 nomen
2571 5666 2877 5728 indidimus,
2904 5661 3109 5738 Paulini
3137 5655 3542 5738 Burdegalensis

1973 5729 2240 5812 exemplo,
2288 5741 2376 5809 qui
2427 5742 2666 5810 ejusdem
2709 5731 3004 5802 argumenti
3052 5743 3112 5782 ac
3156 5729 3292 5782 tituli
3325 5741 3542 5782 carmen

1973 5814 2288 5885 composuit.
