4192 6260
603 388 714 451 24⁸1

1713 394 1985 452 ENNODII
2013 395 2323 454 EPISCO‘PI
2362 395 2745 455 TICINENSIS

3758 396 3862 452 Siti

605 524 669 565 se
714 507 880 564 fuisse
929 518 1230 575 testaretur,
1286 522 1382 563 nec
1423 507 1639 579 aliquid
1670 511 1994 583 remansisse
2046 512 2187 581 quod
2217 511 2449 573 Adendi
2481 515 2657 570 aditus
2706 523 2931 585 pateret.
2982 514 3120 568 Deus
3168 526 3339 577 meus,
3384 509 3684 581 redemptio
3726 525 3899 591 mea,‘

603 604 793 667 ﬁeret;
830 604 973 657 illico
1004 604 1130 656 mihi
1162 618 1311 671 spem
1340 601 1463 656 vita
1491 602 1679 657 detulit
1707 603 2009 671 desperatio
2037 618 2186 657 cura-

604 694 757 749 toris.
792 694 921 747 Nam
954 694 1060 749 illic
1089 694 1414 763 promptiora
1446 704 1571 747 sunt
1592 695 1828 749 calestis
1855 694 1992 749 bona
2031 696 2186 761 juva-

602 785 794 849 minis,
844 784 930 838 ubi
971 798 1028 838 se
1076 784 1439 841 subtraxerint
1481 786 1736 855 obsequia
1785 786 2012 841 infausta
2068 787 2184 841 Ian-

601 879 905 950 guentibus.
930 877 1199 934 Continuo
1227 894 1313 935 me
1349 879 1414 934 ad
1445 881 1458 910 ¹
1488 880 1632 936 beati
1666 880 1901 957 'Victoris
1932 882 2185 952 martyris

599 969 851 1045 prasidia
883 985 1026 1040 sape
1052 979 1279 1041 experta
1307 970 1574 1026 transvexi
1594 1012 1607 1034 ,
1633 979 1687 1026 et
1714 986 1872 1040 opem
1905 972 2186 1026 fortissimi

599 1072 877 1134 precatus,
923 1064 1034 1119 Deo
1079 1080 1173 1135 per
1221 1066 1396 1135 ipsum
1440 1079 1561 1119 cum
1609 1064 1861 1135 lacrymis
1905 1065 2186 1136 alleganda

598 1158 868 1212 commisi.
917 1156 1058 1214 Satis
1105 1173 1227 1214 esse
1274 1158 1343 1212 ad
1388 1158 1802 1227 promerendam
1846 1159 2186 1215 clementiam

598 1249 740 1319 ejus,
783 1250 829 1303 si
865 1262 1081 1320 semper
1107 1259 1233 1305 ante
1258 1249 1443 1305 oculos
1474 1264 1601 1305 suos
1631 1257 1862 1316 statuat,
1906 1250 2050 1305 unde
2089 1265 2189 1305 nos

595 1342 920 1411 sumpserit;
954 1357 1053 1397 nec
1085 1342 1242 1397 facile
1280 1341 1346 1396 ad
1381 1341 1761 1396 sublimitatem
1810 1341 2185 1397 mandatorum

595 1432 742 1489 illius
771 1449 892 1488 eum
920 1434 1204 1489 velocitate
1232 1441 1528 1488 extremam
1558 1432 1793 1501 migrare
1820 1446 1980 1503 posse
2014 1436 2187 1488 mate-

595 1526 757 1580 riam.
782 1525 1039 1592 Quamvis
1074 1539 1171 1593 per
1201 1524 1491 1579 secundam
1516 1523 1589 1591 pii
1619 1530 1865 1577 naturam
1896 1522 2189 1590 baptisma-

597 1617 671 1671 tis
692 1615 929 1671 ablutum
957 1617 1028 1670 sit
1052 1614 1311 1685 quidquid
1338 1615 1406 1670 de
1434 1614 1562 1669 limo
1590 1622 1816 1683 parente
1837 1612 2147 1668 sorduimus
2174 1628 2187 1666 :

596 1716 779 1763 tamen
819 1708 941 1776 quia
982 1706 1111 1761 dum
1158 1705 1406 1760 inimicus
1449 1705 1637 1760 salutis
1682 1712 1884 1758 nostra
1924 1704 2190 1759 inclusum

594 1798 981 1855 blandimentis
1005 1797 1147 1852 fucat
1176 1797 1474 1861 interitum,
1499 1795 1639 1851 dulci
1678 1794 1805 1849 vitia
1842 1808 2036 1864 sapore
2058 1809 2192 1849 con-

2292 617 2410 669 qua
2439 605 2569 657 mihi
2599 614 2891 659 occurrunt
2916 605 2987 659 de
3019 603 3099 656 his
3127 619 3244 673 qua
3273 602 3444 657 fecisti
3485 600 3692 658 mecum
3717 623 3729 658 :
3760 618 3879 674 qua

2290 692 2357 748 de
2388 694 2492 748 illis
2516 710 2633 765 qua
2660 696 2797 765 gessi
2827 695 3109 749 adversum
3142 709 3226 749 me
3253 713 3264 748 :
3294 712 3413 766 qua
3440 696 3483 751 si
3512 698 3879 767 conferantur,

2294 784 2497 839 nullum
2532 795 2740 854 tempus
2772 796 2864 840 aut
2892 801 2995 855 ope
3025 796 3146 851 tua,
3182 794 3272 841 aut
3311 787 3509 843 delicto
3537 805 3660 844 meo
3688 791 3755 845 sit
3786 806 3881 845 va-

2292 889 2472 929 cuum.
2514 874 2669 930 Libet
2695 891 2758 931 ex
2803 876 3100 932 innumeris
3137 878 3189 932 in
3234 893 3319 934 me
3360 879 3736 935 collationibus
3772 881 3880 940 tuis

2292 981 2451 1020 unam
2504 966 2693 1036 libare,
2742 976 2796 1023 et
2840 971 3215 1037 pratereundo
3263 971 3486 1041 populos
3535 971 3879 1042 largitionum

2292 1068 2531 1123 tuarum,
2580 1060 2907 1130 singularem
2953 1076 3165 1118 summo
3204 1071 3357 1118 tenus
3403 1064 3686 1135 attingere.
3720 1065 3880 1122 Tem-

2291 1168 2422 1223 pore
2450 1168 2555 1223 quo
2600 1153 2805 1209 Italiam
2845 1156 3214 1225 oplatissimus
3256 1155 3577 1213 Theoderici
3616 1160 3759 1226 regis
3785 1173 3877 1214 re-

2292 1244 2569 1299 suscitavit
2614 1244 2922 1316 ingressos,
2969 1262 3091 1302 cum
3138 1249 3319 1304 omnia
3363 1249 3429 1305 ab
3479 1250 3712 1306 inimicis
3756 1251 3878 1321 ejus

2292 1341 2647 1408 inexplicabili
2691 1342 2843 1398 clade
2884 1353 3245 1412 vastarentur,
3283 1354 3338 1402 et
3381 1347 3523 1417 quod
3567 1358 3876 1416 superesset

2292 1433 2512 1503 gladiis,
2561 1433 2732 1490 fames
2772 1446 3026 1493 necaret:
3059 1452 3180 1493 cum
3215 1439 3429 1493 excelsa
3470 1441 3734 1495 montium
3780 1456 3875 1497 ca-

2292 1533 2633 1598 strorumque
2674 1542 2830 1584 arces
2876 1528 3098 1597 penuria
3145 1540 3543 1601 perrumperet;
3578 1541 3633 1587 et
3675 1532 3730 1587 in
3762 1534 3877 1591 cul-

2294 1619 2527 1675 minibus
2580 1621 2782 1677 locatos
2837 1622 3000 1677 armis
3053 1622 3245 1678 savior
3297 1633 3506 1695 egestas
3553 1624 3872 1683 obsideret:

2295 1712 2315 1743 ²
2338 1726 2439 1783 ego
2466 1728 2729 1768 annorum
2758 1715 2927 1770 ferme
2954 1714 3221 1781 sedecim,
3250 1717 3429 1772 amita
3459 1733 3579 1787 qua
3611 1734 3696 1774 me
3724 1719 3877 1774 alue-

2294 1811 2409 1870 rat,
2450 1818 2513 1859 ea
2560 1811 2880 1873 tempestate
2922 1805 3113 1860 solatio
3161 1807 3402 1876 privatus
3448 1822 3605 1863 sum:
3639 1810 3873 1865 remansi

596 1892 758 1957 divit;
792 1902 847 1947 et
887 1892 1011 1947 dum
1058 1890 1267 1960 pruritu
1306 1889 1550 1957 aurium,
1578 1889 1703 1946 dum
1744 1887 1993 1959 gustandi
2038 1887 2182 1943 oble-

2294 1898 2462 1963 solus,
2495 1898 2648 1968 inops
2674 1913 2733 1954 re
2758 1908 2812 1953 et
2840 1899 3070 1954 consilio
3102 1899 3416 1968 destitutus,
3441 1902 3527 1955 cui
3557 1902 3667 1957 sola
3696 1917 3874 1958 reme-

594 1984 833 2041 ctatione
862 1984 1232 2054 producimur,
1264 1999 1410 2039 mors
1453 1998 1550 2054 per
1586 1983 1849 2038 fenestras
1891 1981 2187 2050 ingreditur

594 2079 734 2151 (Jer.
762 2096 846 2144 ix,
874 2078 998 2148 2t);
1031 2093 1134 2147 quo
1175 2077 1485 2149 fugiendum
1515 2084 1599 2131 est
1625 2075 1692 2131 ab
1735 2075 1814 2130 ira
1844 2074 2035 2143 ipsius,
2081 2074 2186 2129 nisi

594 2170 664 2226 ad
702 2170 1123 2226 misericordiam
1152 2171 1288 2240 ejus,
1323 2171 1414 2240 qui
1456 2167 1710 2225 reducem
1753 2166 1920 2221 filium
1957 2175 2013 2221 et
2053 2182 2185 2222 con-

594 2276 761 2319 cessa
790 2262 1071 2333 prodigum
1103 2262 1386 2332 portionis,
1418 2275 1577 2331 quem
1607 2267 1889 2330 postquam
1915 2273 2037 2314 cum
2062 2274 2186 2329 por-

595 2354 673 2410 cis
699 2370 795 2424 per
815 2355 1106 2410 obscenum
1128 2354 1442 2424 siliquarum
1470 2353 1649 2408 cibum
1674 2352 1879 2406 addixit
1903 2351 2181 2408 immunda

596 2449 926 2514 communio,
952 2448 1019 2502 ad
1040 2448 1236 2503 stolam
1256 2446 1562 2514 candidam,
1590 2446 1657 2501 ad
1690 2446 1948 2501 annulum
1980 2446 2187 2515 pretio-

595 2556 747 2605 sum,
795 2540 862 2595 ad
900 2540 1115 2596 divitias
1163 2541 1280 2595 illas
1319 2549 1555 2611 paternae
1596 2539 1990 2610 possessionis,
2030 2540 2183 2609 quasi

595 2644 811 2702 semper
853 2642 1124 2687 servasset
1164 2632 1346 2700 jussa,
1393 2632 1667 2688 revocavit
1712 2631 1875 2701 (Luc.
1915 2648 2007 2697 xv,
2043 2631 2184 2702 12)?

596 2721 855 2779 Precatus
886 2736 1005 2777 sum
1030 2739 1129 2793 per
1157 2723 1389 2779 electum
1414 2725 1554 2794 ejus,
1583 2733 1642 2781 ut
1664 2723 1846 2780 debita
1874 2724 2001 2779 mihi
2035 2725 2183 2794 plura

598 2814 926 2883 dimitteret,
957 2824 1016 2869 ut
1045 2815 1165 2884 plus
1195 2814 1486 2885 diligentia
1530 2816 1810 2871 absolutus
1850 2815 2179 2871 exhiberem.

597 2905 669 2962 Et
698 2906 797 2961 hoc
827 2921 949 2961 eum
983 2907 1358 2976 promissionis
1403 2922 1514 2963 sua
1557 2906 1919 2978 chirographo
1955 2913 2010 2962 et
2036 2915 2183 2961 casta

597 2998 891 3067 sponsione
936 3000 1291 3065 conveniens,
1334 3000 1580 3068 poposci,
1614 3010 1671 3055 ut
1702 3000 1856 3054 daret
1892 2999 2052 3054 etiam
2088 3013 2185 3068 per

596 3099 868 3160 pracepta
917 3104 1013 3145 sua
1060 3090 1273 3145 amabili
1313 3090 1600 3146 devotione
1647 3104 1733 3146 me
1769 3104 2028 3146 currere:
2060 3091 2184 3160 quia

600 3193 723 3235 cum
752 3181 822 3234 sit
850 3180 1014 3245 illius,
1046 3179 1191 3250 quod
1220 3195 1496 3247 vocamur,
1525 3181 1666 3235 illius
1706 3180 1851 3251 quod
1882 3180 2059 3236 vocati
2089 3195 2183 3234 ac-

2290 1992 2437 2048 dium
2476 1992 2712 2048 tribuere
2750 1992 2920 2063 possit
2954 1993 3272 2049 adversitas.
3306 1992 3384 2049 Ne
3420 1993 3558 2049 inter
3591 2003 3866 2063 parentes,

2289 2083 2429 2154 quod
2460 2094 2545 2139 est
2572 2082 2901 2154 captivitatis
2925 2096 3073 2141 sorte
3101 2086 3360 2149 amarius,
3395 2085 3629 2142 subsidia
3655 2084 3872 2141 vivendi

2289 2175 2426 2232 liber
2491 2190 2804 2246 poscerem,
2856 2178 3131 2249 extemplo
3198 2178 3497 2249 porrexisti
3561 2187 3875 2235 consuetam

2290 2268 2599 2339 dexteram,
2627 2270 2868 2327 defensio
2899 2287 3049 2337 mea;
3081 2281 3136 2327 et
3176 2272 3395 2328 domum
3441 2286 3607 2328 censu
3646 2281 3701 2328 et
3740 2273 3873 2329 reli-

2287 2364 2444 2433 gione
2470 2363 2828 2433 pradivitem,
2859 2373 2916 2419 ut
2943 2364 3192 2421 solatium
3222 2380 3401 2420 meum
3433 2380 3541 2420 non
3571 2373 3869 2433 respueret,

2287 2456 2615 2525 compulisti.
2651 2456 2875 2527 Peposci
2914 2457 2966 2511 in
3010 2454 3412 2511 matrimonium
3451 2455 3727 2525 cujusdam
3770 2471 3873 2511 no-

2287 2549 2564 2605 bilissima
2589 2558 2645 2605 et
2673 2549 2769 2604 tibi
2799 2550 2938 2605 bene
2963 2557 3258 2619 comperta
3287 2547 3563 2619 parvulam
3609 2548 3826 2603 filiolam
3855 2566 3872 2603 :

2288 2641 2554 2712 protinus,
2585 2650 2636 2697 te
2663 2649 2723 2697 ut
2759 2642 2825 2697 ad
2859 2652 2910 2697 te
2952 2642 3166 2697 veniret
3203 2650 3548 2712 procurante,
3577 2642 3728 2712 quasi
3768 2640 3873 2697 hoc

2286 2750 2316 2790 a
2358 2750 2445 2792 me
2491 2738 2693 2805 sperari
2744 2735 3050 2802 debuisset,
3101 2742 3405 2805 exceptus:
3460 2736 3684 2791 contulit
3736 2732 3871 2789 mihi

2285 2829 2611 2898 placentium
2653 2828 2746 2885 tibi
2794 2826 3156 2893 consortium,
3190 2836 3244 2883 et
3270 2836 3328 2883 ut
3364 2827 3637 2884 alimentis
3678 2826 3871 2882 afﬂue-

2287 2936 2432 2989 rem,
2474 2931 2527 2977 et
2555 2920 2623 2976 ad
2651 2922 2915 2977 culturam
2954 2930 3097 2977 tuam
3137 2921 3341 2991 fugiens
3379 2921 3716 2976 inﬁdelitatis
3762 2918 3866 2974 ob-

2286 3028 2442 3070 scura
2484 3027 2869 3081 commearem,
2914 3029 3049 3084 pene
3097 3023 3220 3069 ante
3263 3012 3590 3084 agnitionem
3639 3010 3861 3067 desola-

2288 3105 2448 3160 tionis
2497 3120 2661 3173 mea,
2708 3113 2993 3175 caperunt
3041 3105 3172 3160 mihi
3222 3106 3498 3175 largienda
3552 3112 3861 3174 suppetere.

2287 3197 2437 3252 Tunc
2467 3196 2694 3266 primum
2725 3213 2789 3253 ex
2832 3197 3079 3254 mendico
3116 3197 3172 3252 in
3212 3212 3392 3267 regem
3437 3204 3692 3264 mutatus,
3724 3194 3871 3250 affli-

600 3272 945 3341 quiescimus,
974 3286 1005 3323 a
1032 3272 1189 3326 nobis
1218 3282 1470 3341 tanquam
1496 3272 1601 3327 sint
1629 3280 1746 3327 orta
1790 3283 2141 3328 muneranlur
2166 3292 2179 3329 :

2289 3298 2493 3345 ctorum
2537 3290 2742 3344 orditus
2771 3305 2888 3345 sum
2929 3290 3065 3344 mala
3108 3288 3376 3353 deridere,
3403 3296 3458 3343 ct
3502 3286 3651 3359 quasi
3687 3286 3869 3341 debita

598 3370 655 3417 et
684 3362 819 3416 velle
844 3369 988 3416 recta
1006 3401 1021 3426 ,
1052 3370 1107 3416 et
1136 3362 1397 3430 perficere
1424 3363 1542 3432 ipse
1569 3362 1804 3433 suggerit
1829 3382 1841 3415 :
1874 3372 2052 3420 tamen
2086 3379 2187 3419 ceu

599 3467 701 3524 pro
730 3460 911 3508 nostra
949 3451 1218 3507 obnoxius
1246 3452 1539 3509 devotione
1579 3454 1670 3509 dat
1714 3455 2013 3524 pramium.
2056 3454 2187 3511 Pro-

600 3545 725 3600 misi
756 3546 915 3599 etiam
935 3587 950 3612 ,
988 3545 1034 3599 si
1064 3544 1307 3599 clarioris
1345 3545 1507 3600 studii
1538 3561 1625 3600 me
1656 3561 1749 3615 per
1782 3545 2004 3616 gratiam
2035 3561 2187 3601 suam

602 3633 827 3689 donaret
855 3633 1138 3698 affectum,
1172 3633 1241 3688 de
1281 3648 1442 3688 manu
1490 3633 1686 3704 lingua
1729 3650 1866 3690 mea
1904 3635 2183 3692 confessio

601 3726 708 3781 ista
752 3725 1094 3796 procederet;
1127 3725 1195 3781 de
1232 3727 1544 3783 muneribus
1582 3729 1748 3798 ipsius
1790 3728 2046 3799 ingenioli
2081 3731 2188 3786 mei

601 3821 777 3876 eidem
821 3820 1032 3891 adipem
1078 3821 1318 3886 litarem;
1363 3831 1422 3877 ut
1461 3838 1732 3893 nunquam
1781 3824 1903 3894 styli
1947 3838 2074 3878 cura
2119 3823 2189 3879 de

601 3914 939 3969 saecularium
971 3929 1152 3970 rerum
1194 3923 1419 3970 ventosa
1466 3916 1814 3971 exsecutione
1854 3916 2183 3971 lassaretur:

601 4008 836 4079 reliquas
860 4007 1023 4063 etiam
1054 4008 1248 4077 quibus
1270 4008 1598 4078 suggillabar
1625 4008 1896 4063 foeditates
1916 4008 2182 4074 abnuere;

601 4102 648 4156 si
680 4111 857 4155 tamen
884 4101 1020 4170 ipse,
1045 4099 1187 4169 quod
1217 4101 1360 4169 loqui
1386 4100 1696 4171 inspiravit,
1722 4102 1862 4157 velle
1891 4116 1977 4156 me
2004 4100 2180 4155 faciat.

602 4188 914 4264 Supplicavi
941 4200 998 4245 ut
1020 4191 1232 4246 adesset
1260 4192 1312 4246 in
1340 4207 1425 4247 me
1453 4192 1723 4248 beneficiis
1745 4193 1877 4261 suis,
1909 4208 2008 4247 nec
2032 4207 2187 4249 aver-

601 4291 739 4339 teret
765 4298 824 4339 se
853 4284 921 4340 ab
946 4299 1033 4355 eo,
1065 4300 1225 4355 quem
1253 4285 1471 4356 genuini
1502 4285 1737 4356 prasidii
1771 4287 1936 4341 tutela
1962 4286 2188 4341 destitu-

601 4385 718 4431 tum
758 4375 978 4432 fovisset
1016 4376 1475 4442 misericorditer,
1515 4385 1569 4432 et
1602 4377 1719 4443 illis
1763 4378 1853 4447 qui
1901 4387 2182 4447 parentum

600 4467 921 4523 laetabantur
948 4467 1279 4535 defensione,
1304 4470 1655 4539 pratulisset:
1683 4478 1736 4523 et
1766 4478 1821 4522 ut
1844 4468 1961 4523 hac
1982 4469 2184 4525 tribue-

599 4554 790 4615 rentur
810 4576 918 4615 non
940 4560 1111 4616 vicem
1129 4562 1449 4616 innocentia
1470 4576 1604 4616 mea
1629 4560 1881 4627 reddidit,
1904 4560 1996 4615 sed
2014 4576 2182 4630 quan-

2293 3382 2424 3436 mibi
2448 3382 2630 3438 fuisset
2662 3383 3005 3452 prosperitas,
3033 3382 3111 3435 sic
3138 3380 3352 3435 illorum
3379 3380 3649 3449 negligere
3679 3385 3864 3433 aucto-

2291 3486 2429 3528 rem.
2459 3470 2574 3526 Non
2604 3481 2778 3527 tamen
2812 3471 3099 3540 perduellis
3128 3469 3338 3524 animus
3372 3478 3427 3525 et
3455 3468 3603 3524 dura
3638 3467 3864 3523 cervicis

2290 3564 2543 3620 continuo
2568 3578 2598 3617 a
2643 3573 2698 3618 te
2738 3572 2914 3618 tumor
2952 3564 3116 3618 elisus
3153 3570 3234 3617 est
3262 3579 3274 3614 :
3306 3559 3601 3630 produxisti
3637 3558 3857 3613 ultionis

2292 3666 2529 3729 tempora
2547 3698 2563 3721 ,
2597 3672 2664 3712 ne
2690 3656 2825 3711 forte
2848 3668 3253 3725 compungerer,
3283 3661 3337 3709 et
3367 3654 3464 3708 hoc
3487 3660 3713 3717 tantum,
3738 3651 3867 3721 quis

2291 3758 2435 3805 esset
2475 3749 2763 3818 prastitor,
2799 3754 3015 3801 sanatus
3058 3748 3336 3800 sentirem.
3370 3742 3474 3800 Sed
3516 3741 3640 3812 quia
3691 3742 3866 3796 homo

2291 3855 2396 3896 non
2428 3840 2649 3907 corrigit
2676 3854 2740 3893 ex
2766 3838 2985 3907 injuste,
3015 3852 3114 3892 nec
3145 3834 3391 3891 facilead
3430 3831 3711 3889 candidum
3740 3839 3866 3901 post

2290 3929 2527 3985 maculas
2573 3928 2819 3993 sedetur;
2867 3928 2989 3982 steti
3037 3928 3089 3982 in
3140 3925 3407 3983 sententia
3456 3938 3571 3980 mea
3622 3922 3712 3978 illa
3754 3938 3868 3992 qua

2290 4022 2565 4088 caderem,
2605 4022 2709 4077 vici
2740 4022 3051 4093 patientiam
3096 4029 3241 4077 tuam
3281 4018 3687 4075 continuatione
3728 4032 3861 4086 pec-

2290 4116 2415 4171 cati.
2462 4115 2528 4169 Et
2556 4116 2708 4186 quia,
2736 4130 2856 4170 cum
2901 4115 2975 4169 sis
3002 4112 3473 4178 clementissimus,
3502 4124 3610 4166 non
3653 4124 3868 4178 semper

2284 4208 2547 4279 justitiam
2572 4209 2811 4279 reponis,
2835 4206 3064 4262 nudatus
3086 4204 3335 4275 praesidio
3356 4212 3473 4270 tuo,
3501 4217 3691 4258 vocem
3717 4202 3862 4256 illam

2288 4316 2407 4370 qua
2447 4299 2653 4355 directa
2696 4309 2779 4355 est
2818 4298 2884 4352 ad
2933 4311 3090 4353 aures
3141 4297 3296 4366 primi
3345 4296 3615 4365 parentis,
3647 4293 3869 4364 accepi,

2286 4395 2454 4448 Adam
2475 4395 2562 4447 ubi
2586 4409 2636 4448 es
2669 4391 2822 4464 (Gen.
2852 4408 2940 4459 ιιι,
2962 4391 3060 4461 9)?
3089 4391 3142 4445 In
3176 4389 3493 4446 confusione
3522 4404 3667 4455 mea,
3700 4402 3871 4456 quan-

2288 4497 2369 4542 tos
2397 4486 2667 4541 amiserim
2693 4485 2990 4540 clementia
3019 4492 3124 4539 tua
3153 4484 3453 4547 thesauros,
3483 4490 3537 4537 et
3561 4496 3666 4551 qua
3696 4478 3870 4534 nuda-

2286 4587 2370 4634 tus
2418 4579 2522 4632 sim
2570 4577 2728 4644 dote,
2776 4577 3099 4633 numeravi:
3141 4591 3319 4631 rerum
3368 4590 3399 4629 a
3443 4583 3495 4629 te
3543 4571 3864 4628 collatarum

598 4660 711 4707 tum
741 4652 928 4723 gratia
957 4652 1073 4722 ejus
1106 4652 1330 4707 deberet
1370 4652 1494 4707 felix
1533 4661 1589 4706 et
1614 4650 1862 4706 eruditus
1907 4661 2178 4720 peccator,
2210 4658 2264 4720 D
2288 4673 2569 4729 aestimatio
2597 4683 2721 4729 tunc
2745 4689 3000 4730 concessa
3028 4674 3133 4742 est,
3155 4688 3275 4729 cum
3308 4672 3439 4728 mihi
3467 4671 3699 4741 periret:
3727 4666 3869 4723 redii

601 4744 851 4799 ostendit.
881 4744 1012 4799 Nam
1063 4744 1109 4799 si
1147 4744 1282 4799 recti
1331 4742 1626 4798 custodiam
1667 4744 1918 4812 pietatem
1963 4751 2180 4799 secutus

599 4849 705 4888 non
747 4836 1041 4905 linqueret,
1066 4845 1120 4893 et
1159 4851 1257 4892 nos
1288 4844 1518 4891 terreret
1556 4843 1614 4889 ut
1641 4836 1862 4902 arbiter,
1894 4844 1947 4890 et
1973 4850 2079 4891 non
2124 4846 2182 4891 ut

600 4933 752 4994 pater
796 4926 1031 4994 foveret;
1077 4945 1339 5001 nusquam
1377 4930 1463 4985 via
1511 4930 1716 4997 salutis,
1750 4942 2010 4999 nusquam
2057 4944 2182 4986 eva-

671 5039 687 5067 ³
719 5036 865 5091 Beati
904 5038 1141 5113 Victoris]
1192 5043 1437 5113 Martyris
1488 5043 1924 5106 Mediolanensis,
1953 5042 2045 5097 ubi
2088 5044 2179 5101 do-

599 5121 718 5160 nms
747 5118 811 5183 et_
838 5110 1284 5183 s_edes_Enriodio.
1321 5110 1395 5170 De
1426 5115 1524 5169 hac
1571 5115 1686 5183 ipsa
1728 5114 2004 5168 curatione
2050 5129 2174 5183 sua,

599 5192 757 5259 quam
799 5179 973 5259 infuso
1002 5179 1151 5259 beati
1174 5183 1563 5259 Victorisoleo
1595 5179 1917 5259 consecutus
1956 5192 2066 5248 est,
2099 5179 2180 5259 vi}

598 5249 773 5324 diinus
800 5249 894 5305 lib.
921 5253 1226 5324 vm,»epi_s_t.
1253 5254 1344 5309 2t.
1372 5256 1610 5311 Alterum
1639 5256 1877 5323 ejusdem
1904 5256 2172 5324 martyris,

597 5322 697 5374 etsi
735 5336 793 5376 re
832 5336 895 5394 ac
938 5322 1097 5375 modo
1135 5322 1345 5392 dispar,
1396 5326 1447 5379 in
1488 5322 1847 5394 Apollinarem
1880 5322 2171 5382 nostratem

599 5399 792 5456 prater
816 5392 1067 5448 usitatum
1096 5407 1298 5448 morem
1340 5392 1589 5450 collatum
1629 5397 1946 5452 beneficium
1992 5409 2176 5454 narrat

598 5459 885 5527 Gregorius
911 5462 1111 5518 Turon.
1138 5462 1231 5519 lib.
1254 5479 1270 5518 ι
1298 5465 1505 5532 Mirac.,
1530 5482 1579 5521 c.
1604 5467 1693 5521 45.

667 5534 685 5562 ³
711 5534 822 5605 Ego
843 5535 1274 5610 agnoruntferme
1294 5536 1531 5610 sedecim]
1556 5537 1686 5610 Hinc
1716 5538 1943 5606 petenda
1967 5540 2173 5610 epoehc

595 5615 855 5659 annorum
891 5606 1138 5661 Ennodii.
1181 5606 1312 5661 Nam
1344 5609 1389 5661 si
1435 5608 1667 5661 sedecim
1714 5623 1975 5665 annorum
2004 5606 2170 5674 erat,

595 5686 716 5750 cum
746 5676 1105 5732 Theodericus
1135 5677 1339 5735 Italiam
1366 5679 1640 5747 ingressus
1665 5688 1780 5743 est,
1813 5696 2005 5750 nempe
2028 5696 2170 5736 anno

595 5742 719 5804 489,
756 5760 1090 5821 consequens
1121 5757 1219 5821 est
1259 5758 1342 5821 ut,
1382 5742 1592 5821 Valerio
1639 5752 1879 5819 consule,
1938 5742 2023 5821 qui
2076 5752 2174 5806 fuit

593 5828 765 5894 titulus
792 5815 990 5870 Christi
1037 5819 1135 5894 521
1170 5819 1505 5894 etAEunodio
1533 5815 1874 5894 postremus,
1902 5815 2167 5877 atiuorum

594 5884 756 5946 fuerit
786 5898 891 5939 non
934 5888 1162 5967 amplius
1188 5889 1277 5945 t8.
1322 5890 1502 5962 Itaque
1536 5884 1689 5947 'hunc
1737 5906 2021 5947 numerum
2067 5908 2171 5949 nnu

2291 4768 2358 4823 ad
2396 4783 2481 4824 me
2506 4776 2668 4839 atque
2705 4767 2771 4823 ad
2801 4782 3067 4823 arumnas
3111 4781 3280 4831 meas,
3318 4773 3373 4820 et
3414 4772 3633 4834 propter
3674 4758 3869 4831 gaudia

2290 4860 2545 4930 producta
2572 4861 2879 4933 lacrymavi.
2908 4860 3095 4916 Statim
3123 4858 3339 4930 quidem
3363 4857 3470 4912 alio
3505 4855 3717 4917 itinere,
3755 4864 3866 4906 non

2291 4963 2468 5009 tamen
2496 4955 2722 5024 impare,
2756 4953 3067 5009 subvenisti.
3092 4950 3394 5016 Ordinasti,
3424 4958 3481 5003 ut
3510 4961 3606 5018 per
3633 4943 3867 4999 ofﬁcium

2292 5067 2544 5122 excessit.
2575 5066 2706 5121 Nam
2739 5066 2983 5140 dissimili
3012 5071 3325 5140 argumento
3349 5068 3567 5140 atatem
3597 5072 3780 5140 suam,
3815 5066 3869 5112 ct

2288 5152 2395 5207 quo
2440 5152 2748 5209 annosuOS
2778 5137 2941 5191 libros
2986 5130 3200 5201 ederet,
3235 5131 3485 5209 prodidig
3512 5130 3863 5209 Prudentius,

2280 5201 2556 5282 consulem
2589 5208 2832 5261 indicans
2857 5222 2963 5277 quo
2994 5216 3149 5261 natus
3172 5201 3403 5282 erat,_in
3445 5201 3869 5282 Cathemerinon

2282 5278 2617 5349 praefatione,
2645 5294 2800 5346 quam
2826 5275 3006 5333 vetera
3036 5275 3389 5349 exemplaria,
3419 5275 3664 5349 ut_totius
3688 5275 3871 5349 operis

2281 5341 2631 5404 Prudentiaui
2660 5341 2981 5418 prooemium
3002 5388 3016 5414 ,
3044 5348 3097 5403 in
3127 5341 3300 5418 prima
3329 5344 3446 5414 ejus
3475 5341 3651 5397 fronte
3678 5341 3871 5395 merito

2286 5418 2484 5475 locant.
2557 5489 2759 5552 IrrCPsit
2780 5490 2944 5539 subito
2964 5492 3171 5541 canities
3194 5489 3319 5547 seni,
3852 5504 3864 5531 ⁴

2560 5551 2772 5603 Oblitum
2796 5554 2983 5603 veteris
2999 5566 3078 5603 me
3099 5552 3245 5601 Salia
3266 5560 3503 5613 arguens,

2647 5616 2752 5664 Sub
2772 5628 2870 5678 quo
2896 5629 3045 5678 prima
3068 5616 3177 5664 dies
3195 5612 3329 5663 mihi.

2278 5701 2419 5757 Salia
2454 5702 2641 5774 consul
2672 5717 2792 5757 cum
2838 5702 3087 5774 Philippo
3110 5702 3232 5774 fuit
3252 5714 3393 5755 anno
3431 5695 3561 5774 ᾆ48.
3609 5692 3703 5748 Ilis
3731 5692 3870 5774 addo

2279 5788 2448 5828 annos
2488 5773 2556 5828 57
2587 5788 2722 5843 quos
2752 5783 2934 5842 egerat
2983 5769 3341 5831 Prudentius:
3374 5769 3641 5840 reliquum
3688 5775 3773 5821 est
3814 5771 3868 5821 ut

2281 5844 2395 5900 hac
2421 5846 2699 5919 scripserit
2728 5860 2871 5901 anno
2898 5843 3024 5903 405.
