4192 6260
257 391 358 450 249

1445 406 1856 470 ΡΑΒᾹΞΝΕδΙΞ
1894 415 2367 481 DIDASCALICA.

3437 449 3543 505 250

258 508 537 565 levitarum
583 517 800 564 coactus
839 525 1082 578 sanares,
1115 524 1169 570 et
1207 516 1424 586 impacti
1470 520 1693 578 honoris
1731 538 1850 579 sar-
1880 529 1933 590 Α
1960 530 2247 605 rilitatem,
2281 537 2295 563 ⁹
2328 535 2594 606 religiosae
2624 554 2831 597 mecum
2859 542 3183 603 habitudinis
3203 548 3394 607 decora
3424 569 3545 624 par-

262 602 371 624 ιιι--
421 598 561 624 -....,1
611 602 885 624 ..--..--ι.-ι
937 618 958 624 Α
1013 621 1093 624 Α--
1145 622 1200 624 -__
1270 608 1283 624 ι
1746 617 1775 624 ρ.
1834 620 1846 624 -

258 602 374 655 cina
417 598 562 669 quod
611 602 889 669 premebat
934 618 963 657 a
1012 621 1100 661 me
1144 608 1353 676 pondus
1400 624 1699 670 amoveret.
1741 617 1848 673 Sed

258 703 536 764 postquam
572 695 895 751 venerandae
935 712 1021 752 me
1054 714 1303 767 pressura
1344 703 1620 774 dignitatis
1660 709 1847 766 absol-

256 788 355 853 vit,
387 786 547 841 habui
579 786 645 842 de
674 787 831 842 titulo
870 792 1123 860 genium,
1157 809 1263 848 non
1291 795 1359 851 de
1399 800 1629 856 actionis
1672 802 1846 859 nitore

257 880 662 936 conscientiam.
691 880 734 935 Ο
761 896 915 937 mens
946 885 1123 954 rigore
1155 886 1416 944 inebriata
1449 894 1724 961 venefico,
1747 911 1846 953 nec

256 972 515 1040 exemplis
542 971 833 1040 instructa,
866 990 965 1031 nec
1006 977 1251 1032 monitis!
1297 980 1357 1036 Si
1386 981 1579 1039 desunt
1629 986 1721 1043 tibi
1752 1003 1845 1044 ve-

255 1061 571 1117 nerabilium
612 1064 918 1133 magisteria
960 1067 1222 1124 librorum
1263 1072 1331 1127 ad
1375 1074 1671 1143 profectum
1696 1121 1711 1147 ,
1760 1081 1843 1136 in-

254 1152 487 1209 formare
530 1154 847 1225 suppliciis:
879 1166 934 1213 et
960 1160 1065 1215 nisi
1096 1171 1149 1217 te
1193 1177 1350 1221 caeno
1392 1169 1708 1236 perditionis
1737 1174 1841 1228 im-

254 1244 471 1314 mergis,
503 1244 701 1301 habere
732 1255 885 1313 potes
927 1249 996 1306 de
1027 1266 1181 1320 poena
1230 1255 1555 1314 doctrinam.
1586 1262 1690 1318 Sed
1726 1265 1839 1319 haec

256 1335 411 1391 faciat
439 1336 494 1391 in
538 1336 692 1392 nobis
736 1337 827 1394 ille
868 1343 958 1411 qui
1000 1346 1285 1416 praecepit,
1328 1357 1382 1404 et
1427 1359 1482 1405 ut
1522 1367 1676 1421 pares
1720 1356 1838 1425 ejus

253 1428 549 1483 existamus
600 1430 875 1500 imperiis,
923 1432 1038 1503 ipse
1085 1437 1364 1494 nobiscum
1388 1442 1528 1509 quod
1578 1443 1833 1516 injungit,

253 1530 522 1590 operetur.
566 1519 692 1576 llazc
732 1532 787 1577 et
829 1523 929 1579 alia
963 1526 1148 1595 plura,
1194 1529 1334 1586 sicut
1380 1532 1639 1602 prmfatus
1681 1551 1832 1605 sum,

252 1627 349 1681 per
389 1621 577 1669 testem
631 1614 1070 1684 probatissimum
1121 1621 1338 1678 beatum
1389 1624 1663 1683 Victorem
1704 1629 1833 1685 inti-

249 1704 435 1758 manda
462 1706 707 1776 suggessi
730 1723 746 1761 :
773 1721 873 1764 nec
902 1711 1140 1781 requies,
1178 1729 1279 1772 nec
1308 1731 1457 1772 mora
1494 1722 1829 1787 procuranda

250 1797 499 1853 lentavit:
536 1800 848 1869 petitionem
878 1817 1051 1859 meam
1080 1809 1338 1877 suscepit,
1366 1810 1666 1880 replicavit,
1692 1814 1831 1870 obti-

1958 624 2170 691 tiretur,
2199 636 2253 683 et
2283 631 2438 685 fieret
2469 634 2712 700 pratclari
2744 636 2851 692 dux
2892 638 3086 695 femina
3118 643 3276 700 tituli.
3306 646 3411 703 Sed
3442 651 3544 706 uti-

1954 731 2080 772 nam
2111 733 2299 773 sexum
2348 721 2588 792 fragilem
2617 725 2672 779 in
2706 728 2869 783 animi
2916 730 3111 788 virtute
3161 749 3537 811 sequeremur,

1951 813 2006 860 et
2061 809 2275 864 actione
2329 812 2493 867 nobili
2550 830 2657 869 non
2709 825 2911 875 tantum
2965 825 3259 881 excelleret
3309 809 3536 901 merito,

1950 908 2207 967 quantum
2241 900 2488 958 femineze
2529 906 2912 966 imbecillitatis
2956 914 3108 985 sequi
3138 917 3412 977 videretur
3442 900 3538 979 ob¥

1948 995 2122 1043 tentu.
2151 990 2245 1045 Illa
2292 994 2544 1062 pretiosae
2593 998 2772 1068 vigore
2812 1006 3130 1061 constantiae
3174 1010 3315 1065 mala
3360 1018 3536 1071 carnis

1951 1088 2077 1134 vota
2107 1082 2440 1151 perdomuit,
2471 1096 2524 1140 et
2551 1089 2878 1146 affectiosam
2924 1097 3157 1152 servavit
3188 1102 3530 1171 pudicitiam,

1946 1187 2050 1226 non
2083 1183 2343 1230 coactam.
2370 1176 2462 1231 Illa
2491 1180 2628 1234 recti
2653 1183 3079 1255 observantiam,
3106 1191 3232 1247 dum
3264 1195 3532 1254 obstinate

1943 1261 2146 1332 diligit,
2180 1264 2258 1319 ire
2301 1268 2556 1336 compulit
2598 1271 2649 1325 in
2692 1284 2957 1331 naturam.
2994 1279 3205 1336 Utinam
3246 1301 3351 1340 non
3397 1289 3527 1345 mihi

1942 1353 1995 1409 in
2030 1355 2116 1410 illa
2162 1356 2389 1413 districti
2424 1374 2751 1431 preponatur
2789 1367 2921 1424 hora
2962 1370 3183 1440 judicii;
3214 1387 3267 1430 et
3307 1377 3431 1433 dum
3472 1382 3526 1437 in

1941 1446 2249 1505 infirmitate
2276 1465 2370 1505 sua
2401 1452 2555 1508 fortis
2577 1460 2914 1525 apparuerit,
2938 1476 3038 1531 ego
3070 1464 3124 1517 in
3156 1470 3385 1524 naturali
3420 1472 3527 1526 vir-

1938 1546 2052 1593 tute
2092 1540 2194 1594 sim
2239 1542 2467 1611 fragilis!
2504 1543 2662 1614 Ecce,
2696 1546 2942 1615 Domine,
2974 1556 3218 1610 recensui
3252 1559 3363 1627 ipsa
3407 1577 3525 1630 qua:

1936 1644 2186 1699 noveras,
2214 1642 2269 1687 et
2296 1633 2349 1688 in
2383 1649 2446 1689 ea
2478 1642 2683 1691 tantum
2712 1637 2784 1692 fui
2815 1641 2988 1698 fidelis
3011 1655 3183 1715 parte,
3215 1659 3269 1702 ut
3298 1666 3402 1706 non
3431 1669 3520 1708 ra-

1935 1735 2119 1791 perem
2170 1725 2312 1792 quod
2361 1727 2599 1783 tenebas.
2644 1729 2876 1798 Adesto,
2927 1750 3024 1790 rex
3068 1738 3283 1807 gloriae,
3333 1743 3522 1801 adesto

1932 1814 2285 1884 supplicanti,
2321 1825 2377 1871 et
2403 1819 2697 1874 secundum
2731 1822 3069 1893 benignitatis
3097 1837 3201 1885 tuae
3230 1845 3520 1890 consuetu-

249 1889 377 1947 nuit.
408 1890 523 1945 lloc
561 1891 795 1963 amplius
821 1892 1143 1966 suffragator
1169 1913 1323 1955 meus
1362 1904 1626 1971 emeruit,
1668 1920 1825 1974 quam
1858 1917 1907 1978 Β
1934 1902 2145 1972 dinem,
2181 1916 2429 1963 secutura
2457 1909 2700 1979 dispone.
2724 1911 2925 1969 GLORlA
2956 1932 3134 1986 eum,
3172 1936 3239 1976 nr
3263 1939 3423 1993 nuo,
3455 1942 3517 1982 ετ

247 1984 488 2054 poposci,
521 1993 576 2039 ut
612 1985 702 2040 illa
732 2002 851 2057 quae
882 2004 1093 2047 mecum
1138 1995 1467 2052 matrimonii
1501 1996 1687 2053 habuit
1727 2014 1827 2069 pa-
1861 2056 1865 2065 ,

313 2116 329 2145 ¹
366 2116 1110 2196 Refig_io_sw_mecum]_Simi|e
1139 2126 1390 2196 quiddam
1423 2130 1640 2187 Ruricio
1685 2132 1828 2187 acci-

246 2186 390 2241 disse
419 2186 605 2241 scribit
631 2186 1334 2267 Faustusﬂeiensis'epist.
1360 2201 1413 2265 7,
1456 2209 1512 2256 ut
1546 2217 1668 2257 cum
1702 2186 1819 2273 ipso

1930 2009 2158 2051 SPIRITUI
2190 2012 2412 2054 SANC'I‘O.

1932 2131 2238 2212 fidelissima
2263 2134 2452 2199 Sarra,
2487 2137 2536 2191 id
2564 2141 2873 2212 estconqu
2905 2158 3021 2208 sua.
3050 2147 3150 2203 sub
3177 2164 3283 2205 uno
3309 2150 3509 2209 Christi
3540 2148 3543 2149 ⁷

1927 2205 2055 2273 jugo
2080 2205 2146 2258 ad
2172 2219 2511 2262 communem
2540 2205 2792 2267 tenderet
2808 2205 3085 2272 coronam.

1215 2393 1949 2482 OPUSCULUM
2011 2400 2543 2484 SEX-TUM.

856 2532 1277 2587 PARENESIS
1306 2539 1806 2589 DIDASGALICA
1842 2541 1947 2588 AD
1987 2542 2429 2593 AMBROSIUM
2466 2546 2557 2594 ΕΤ
2596 2547 2921 2603 BEATUM.

1755 2653 1983 2671 “’a—w

299 2709 414 2764 Deo
456 2706 826 2776 obsequimur,
858 2707 985 2763 dum
1025 2710 1141 2779 ejus
1171 2714 1545 2769 convenientia
1596 2716 1815 2770 monitis

236 2801 607 2870 imperamus:
637 2813 756 2852 nam
789 2799 933 2869 quod
968 2802 1211 2868 petitioni
1238 2813 1433 2859 vestrae
1475 2806 1653 2862 studio
1682 2808 1818 2862 cari-
1864 2792 1871 2801 ³

236 2891 363 2947 tatis
402 2889 819 2960 acquiescimus,
868 2893 1091 2963 mystica
1135 2904 1261 2950 sunt
1298 2906 1589 2968 praecepta.
1640 2900 1818 2955 Multis

232 2981 434 3038 etenim
484 2980 962 3049 supplicationibus
1009 2986 1286 3055 exegistis.
1327 2995 1384 3041 ut
1430 2990 1619 3060 pagina
1664 2990 1819 3046 vobis

233 3070 659 3128 concinnationis
689 3070 1025 3129 didascalica:
1054 3075 1365 3147 fingeretur.
1396 3080 1595 3136 Volens
1632 3098 1721 3137 me
1762 3082 1815 3136 in

235 3165 520 3221 multorum
541 3162 666 3232 jura
706 3162 929 3220 submisi
955 3184 967 3218 :
1000 3168 1121 3237 quia
1154 3169 1366 3237 videbo,
1396 3173 1522 3241 quid
1552 3174 1604 3227 in
1632 3173 1815 3228 verbis

2075 2715 2332 2773 Resolvat
2357 2720 2535 2774 studio
2560 2721 2782 2790 jubente
2810 2726 3014 2785 fortes:

1976 2852 1987 2883 ί
2071 2811 2139 2864 At
2170 2826 2271 2865 nos
2302 2810 2492 2869 Pieria:
2521 2815 2736 2872 modum
2769 2817 2995 2888 loquelae

2070 2899 2126 2954 In
2158 2909 2363 2957 tantum
2387 2906 2682 2975 sequimur,
2710 2920 2962 2967 monente
2989 2926 3149 2981 cura,

2075 2994 2344 3070 Quantum
2372 2996 2463 3051 dat
2492 3000 2704 3068 genius,
2734 3003 2992 3074 vigorque
3018 3008 3150 3062 veri.

2070 3082 2269 3138 Christi
2300 3087 2486 3142 militis
2507 3090 2726 3145 insitttm
2756 3093 2988 3162 rigorem

2064 3175 2345 3232 Elumbem
2380 3180 2611 3248 patimur
2633 3196 2832 3240 cavere
2860 3184 3103 3243 ductum.

235 3258 551 3313 adhibeatur
578 3256 875 3340 examinis;
904 3259 1101 3316 sufficit
1124 3262 1168 3317 si
1199 3278 1285 3319 me
1314 3264 1365 3319 in
1402 3274 1528 3319 voto
1557 3265 1817 3333 przedice-
1843 3235 1909 3303 Cr
1992 3264 2136 3336 Ergo
2170 3265 2432 3322 dictorum
2464 3271 2784 3340 aliquotiens
2814 3290 3024 3333 alumna
3070 3279 3356 3352 fugientes,
3386 3304 3499 3342 ma~

1558 3329 1574 3333 -
2070 3329 2096 3336 -
2554 3329 2567 3340 .
3071 3329 3356 3352 --ιν-...νη
3386 3329 3498 3342 η...-

238 3355 327 3409 tis.
353 3354 464 3425 Ego
493 3329 675 3412 tamen
709 3357 764 3411 in
812 3353 1016 3411 foribus
1055 3356 1366 3427 scriptionis
1406 3358 1549 3429 quod
1581 3358 1817 3415 vivificat
1920 3356 2112 3410 feriant
2156 3356 2381 3413 solidam
2411 3373 2509 3415 suo
2540 3375 2632 3419 ore
2662 3365 3018 3435 celebremus,
3050 3385 3119 3426 ne
3150 3376 3345 3430 sentiat
3376 3380 3502 3435 viri.

236 3462 343 3503 non
370 3448 571 3503 tacebo.
608 3450 779 3506 Deum
807 3458 917 3506 tota
938 3446 1143 3506 mentis
1168 3450 1465 3506 intentione
1492 3450 1706 3506 mundis
1739 3459 1817 3506 tc-
1918 3446 2038 3502 liias
2081 3448 2256 3519 operis
2301 3452 2540 3506 enervali
2581 3454 2775 3511 damna
2817 3462 3104 3517 sermonis.
3149 3462 3265 3519 Non
3310 3468 3503 3540 refugit

224 3530 361 3597 nete
387 3540 697 3609 visceribus,
735 3552 787 3599 et
813 3543 956 3598 circa
997 3557 1094 3598 vos
1123 3558 1341 3613 precum
1387 3543 1814 3614 frequentatione

1938 3540 2305 3598 trofessionem
2351 3560 2525 3601 meam
2568 3548 2851 3606 monitoris
2895 3552 3161 3623 officium,
3193 3557 3316 3625 quia
3346 3560 3502 3619 decet

234 3632 496 3698 mulccte,
518 3634 669 3689 nullis
689 3636 756 3689 ab
774 3651 838 3691 eo
857 3636 1155 3691 animarum
1179 3636 1641 3705 fornicationibus,
1669 3638 1814 3693 nulla

1938 3633 2284 3690 )rsecedentes
2306 3638 2642 3693 emendatio:
2668 3647 2722 3695 et
2750 3640 2891 3696 sicut
2922 3652 3040 3714 post
3069 3653 3274 3716 tergum
3302 3651 3501 3710 relictis

236 3724 597 3780 transactione
639 3727 877 3783 deducti.
922 3727 1121 3784 Fovete
1159 3730 1319 3785 etiam
1359 3730 1651 3798 proximos,
1680 3746 1815 3801 quos

1938 3741 2015 3779 )ar
2031 3735 2113 3781 est
2129 3725 2298 3782 facem
2316 3729 2383 3784 de
2404 3730 2705 3787 innocentia
2737 3734 2996 3804 proferri;
3027 3737 3101 3793 ita
3121 3741 3257 3795 ratio
3277 3740 3499 3812 flagitat,

235 3814 359 3872 facit
403 3820 650 3875 naturale
694 3820 1008 3892 collegium;
1039 3829 1093 3877 et
1127 3836 1195 3876 ne
1238 3821 1379 3891 quod
1425 3823 1577 3878 vobis
1620 3823 1813 3878 factum
1919 3824 1977 3870 ut
1996 3816 2157 3872 etiam
2180 3818 2356 3873 verbis
2379 3819 2481 3876 iter
2502 3822 2644 3891 quod
2661 3833 2953 3893 sequantur
2972 3829 3257 3887 ostendas:
3280 3846 3400 3888 cum
3419 3835 3500 3890 di-

234 3912 407 3968 dolori
435 3922 610 3982 esset,
640 3928 735 3969 vos
778 3914 974 3977 fecisse
999 3914 1298 3985 gaudeatis.
1345 3916 1511 3986 Hujus
1543 3917 1671 3972 boni
1708 3917 1816 3971 fru—
1919 3908 2026 3963 vini
2049 3924 2182 3964 voce
2205 3918 2413 3965 constet
2440 3911 2783 3982 hortaminis,
2803 3916 2974 3988 Argue
2988 3920 3265 3989 sapientem
3290 3931 3337 3977 et
3358 3940 3501 3980 ama-

233 4012 353 4059 αυε
378 4012 488 4072 εει,
514 4005 775 4075 φιωρυεά
805 4015 1038 4077 opum“
1068 4008 1152 4063 Mc
1180 4017 1356 4064 tamen
1396 4009 1487 4063 diu
1530 4017 1817 4065 ιεηυρηηη
1918 4000 1989 4054 bit
2010 4000 2255 4072 te(Prov.
2283 4019 2354 4069 tx,
2381 4002 2467 4074 8):
2490 4015 2546 4060 et
2574 4021 2681 4063 non
2704 4009 2925 4064 reticeat
2947 4011 3218 4070 stecularis
3238 4027 3497 4086 assertor,

232 4099 448 4152 anxium
472 4098 877 4155 deliberationis
908 4100 1130 4167 incerta,
1158 4111 1336 4156 utrum
1369 4102 1435 4156 ad
1462 4118 1557 4158 vos
1586 4118 1684 4172 per
1703 4119 1816 4160 car-

1938 4091 2019 4159 lui
2060 4102 2444 4165 praeceptorem
2474 4098 2644 4153 sancti
2675 4100 2893 4158 voluere
2925 4105 3157 4170 parentis
3199 4122 3321 4164 esse
3357 4109 3497 4167 loco.
3542 4180 3545 4183 _

233 4202 386 4255 me",
430 4206 498 4244 an
539 4190 816 4260 ερίειοιπί
850 4191 963 4262 lege
992 4192 1157 4248 verba
1199 4196 1615 4263 ριιοηιυιεπειη,
1666 4198 1814 4269 Etegi
1916 4185 2045 4241 Jure
2067 4186 2210 4242 enim
2244 4188 2297 4242 in
2328 4188 2629 4246 affectionis
2670 4195 2956 4263 supercilio
2984 4196 3307 4268 collocatur,
3340 4218 3497 4272 quem
3542 4260 3545 4263 λ

231 4266 574 4336 affectionem
622 4297 797 4337 meam
843 4284 986 4339 circa
1018 4300 1113 4340 vos
1158 4294 1385 4357 utroque
1424 4288 1635 4343 dicendi
1679 4291 1817 4346 calle

1938 4281 2216 4351 ienignitas
2259 4284 2562 4352 corrigendi
2621 4288 2916 4355 promptius
2956 4292 3150 4346 asserit
3196 4308 3354 4362 quatn
3385 4295 3498 4365 ipsa

231 4370 585 4439 patefacere:
613 4374 737 4443 quia
778 4383 831 4430 et
870 4376 1271 4445 prazcipientem
1317 4378 1474 4433 decet
1518 4379 1674 4435 fortis
1705 4382 1816 4437 elo-
1920 4381 2104 4447 natura
2121 4374 2637 4442 generis.Genuisse
2658 4378 3112 4438 etenimlibidinis
3132 4384 3497 4444 testimonium

230 4463 407 4531 cutio,
454 4474 508 4519 et
559 4467 760 4535 pressis
818 4466 1181 4525 admonitione
1238 4472 1508 4528 mentibus
1554 4475 1816 4532 mollioris

1938 4473 2004 4521 :st
2039 4465 2285 4520 erudisse
2322 4467 2551 4536 pietatis.
2606 4466 2749 4538 Ergo
2781 4470 2847 4525 ad
2891 4471 3291 4541 disciplinarum
3320 4493 3497 4533 arcem

232 4556 355 4626 styli
400 4571 527 4612 cura
580 4558 905 4615 subvenitur.
957 4562 1097 4633 Ergo
1142 4563 1371 4634 benigne
1415 4574 1602 4622 exacta
1646 4571 1815 4624 susci-

1938 4563 2291 4623 imperantes,
2324 4569 2549 4613 matrem
2578 4558 2839 4615 bonorum
2869 4575 3093 4631 operum
3132 4575 3307 4620 amate
3348 4582 3496 4622 vere-

234 4619 362 4715 pi'le.
1030 4619 1059 4633 ν
1269 4619 1296 4634 υ
1428 4619 1438 4621 ἡ
1648 4619 1731 4623 *ἢ
1839 4619 1892 4679 Ῑ)
1916 4645 2205 4701 cundiam:
2235 4663 2353 4717 qua:
2392 4648 2464 4703 ita
2494 4664 2559 4704 ex
2605 4664 2665 4706 se
2697 4651 2959 4707 variarum
2999 4656 3206 4723 species
3248 4656 3498 4715 virttitum

819 4738 948 4779 ωυε
981 4739 1243 4779 νεικευωι.

371 4809 631 4875 Quamvis
660 4808 727 4864 sit
754 4820 996 4867 tenerum
1028 4817 1249 4871 madore
1279 4817 1471 4883 mellis,

372 4901 741 4972 Quodcunque
770 4906 997 4973 strepuit
1025 4922 1219 4974 parens
1250 4908 1535 4976 Camtena,

373 4993 441 5050 Et
473 4993 656 5049 fictum
688 4996 867 5065 lepido
894 4999 1069 5053 nitore
1096 5014 1315 5056 carmen

371 5085 618 5156 Captivet
639 5087 828 5144 docilis
857 5100 1125 5147 momenta
1148 5094 1326 5150 cordis
1352 5112 1363 5149 :

373 5177 483 5234 Nec
513 5194 727 5249 semper
755 5180 945 5236 deceat
972 5197 1165 5252 poema
1196 5186 1386 5251 virtus,

371 5272 524 5338 Quod
554 5276 641 5329 lex
672 5278 989 5347 praecipiens
1018 5288 1201 5334 tenere
1228 5282 1428 5336 ﬂuxum

304 5386 317 5415 ¹
354 5384 645 5462 Ραηεῃεδὶε
686 5389 1021 5462 άίάᾳδεναιὶσα]
1063 5394 1264 5448 Auctor
1307 5395 1421 5462 ipse
1460 5396 1560 5451 sub
1604 5395 1814 5452 initiunt

234 5458 1161 5533 concinnationemdiadascalicam
1208 5458 1394 5526 vocat.
1442 5476 1492 5519 et
1552 5467 1643 5522 lib.
1689 5484 1811 5533 vm,

232 5526 386 5609 epist.
410 5528 505 5594 28,
537 5529 1232 5609 epistolamadmonitionis
1256 5553 1285 5609 :_
1306 5536 1518 5604 dignam
1549 5552 1676 5592 sane
1705 5526 1823 5609 qua:

235 5596 973 5674 adolescentibusomnibus,
1011 5606 1100 5674 qui
1140 5606 1205 5659 ad
1236 5596 1484 5661 virtu'tem
1518 5617 1572 5661 et
1616 5596 1821 5666 litteras

235 5662 657 5747 informantur,_
680 5672 902 5741 legenda
938 5662 1045 5747 jac:
1073 5676 1344 5747 pmdagogi
1396 5677 1513 5732 loco
1563 5662 1818 5736 sectanda

234 5750 590 5817 proponatur.
622 5741 819 5817 Beatus
842 5753 895 5817 et
921 5741 1251 5801 Ambrosius
1280 5741 1344 5801 ad
1374 5763 1509 5817 quos
1547 5766 1608 5804 ea
1656 5756 1818 5805 missa

230 5817 345 5880 est,
376 5823 440 5864 ex
474 5813 722 5880 epistolis
764 5815 885 5868 noti‘
921 5824 1064 5869 sunt.
1096 5813 1436 5872 Ambrosium
1484 5820 1624 5873 cnitn
1678 5822 1820 5876 Fau-

240 5878 373 5935 stini
414 5878 585 5939 filium
617 5882 781 5941 fuisse
807 5885 987 5943 docuit
1016 5888 1109 5945 lib.
1140 5903 1221 5957 ιχ,
1250 5888 1408 5959 epist.
1435 5889 1469 5943 2
1506 5899 1557 5946 et
1586 5890 1637 5946 3.
1684 5891 1846 5978 Beas

1922 4736 2149 4794 fecunda
2188 4748 2243 4794 et
2272 4740 2421 4809 virgo
2451 4742 2703 4811 parturit,
2746 4751 2803 4797 ut
2846 4745 3170 4814 impudentia
3206 4762 3403 4818 procax
3447 4760 3499 4808 et

1918 4839 2171 4900 corrupta
2213 4832 2485 4887 vitiorum.
2529 4835 2656 4891 Haec
2696 4851 2791 4891 vos
2838 4837 2938 4891 hac
2981 4853 3131 4905 voce,
3168 4850 3225 4896 ut
3271 4842 3337 4897 ad
3382 4858 3500 4901 eam

1922 4922 2173 4988 tendatis,
2204 4922 2466 4979 hortetur.

2529 5033 2886 5077 VEBECUNDIA.

1997 5106 2246 5177 Tinguite
2275 5109 2567 5166 candentes
2595 5115 2753 5166 roseo
2778 5111 2845 5167 de
2875 5112 3076 5170 murice
3104 5116 3298 5185 vultus,

2102 5203 2278 5274 Atque
2307 5205 2463 5261 fidem
2493 5220 2701 5261 morum
2735 5206 2948 5276 pandite
2967 5208 3033 5263 de
3064 5208 3219 5266 facie.

1997 5294 2052 5349 In
2083 5296 2240 5353 niveo
2270 5311 2528 5368 spargens
2558 5299 2795 5355 maculas
2814 5300 2892 5355 sis
2924 5301 3197 5372 pulchrior
3223 5318 3340 5370 ore,

1929 5416 2071 5476 tum,
2100 5410 2199 5465 etsi
2250 5413 2416 5483 patris
2454 5413 2571 5480 ejus
2612 5430 2805 5470 nomen
2847 5432 2951 5471 non
2999 5418 3204 5483 prodit,
3237 5418 3497 5472 nobilissi-

1927 5494 2073 5559 mum
2107 5492 2180 5568 et“
2207 5482 2494 5568 sublimem
2536 5484 2930 5568 adolescentem
2979 5482 3211 5568 appellat
3259 5486 3350 5568 lib.
3382 5502 3497 5568 vni,

1928 5549 2181 5638 epi'st.1’3‘8
2215 5560 2269 5606 et
2416 5553 2772 5638 Adeumdem
2803 5559 2961 5638 etiam
2994 5549 3195 5638 aliquot
3233 5564 3357 5609 sunt
3382 5549 3498 5638 .epi‘l

1926 5620 2078 5707 stola:
2125 5621 2389 5707 Ennodii,
2414 5626 2765 5707 et_Am_brosii
2810 5628 3038 5707 nomine
3066 5620 3443 5707 controversia
3473 5628 3499 5682 ϐ

1926 5691 1979 5746 in
2012 5690 2339 5780 aleatore'm.‘
2362 5695 2677 5780 ambrosius
2720 5712 2849 5779 vero
2878 5698 2923 5751 is
2948 5696 3165 5780 videtur
3198 5697 3291 5780 μυί
3323 5710 3500 5780 postea

1925 5769 2162 5837 quaestor
2190 5762 2599 5837 fuit_Athalarici
2632 5768 2789 5837 regis.
2822 5766 2961 5837 apud
2995 5762 3370 5825 Cassiodorus)
3410 5770 3497 5829 lih.

1925 5845 2015 5892 vni
2031 5871 2045 5897 ,
2070 5833 2226 5901 epist.
2254 5834 2320 5889 15
2340 5843 2395 5891 et
2420 5837 2507 5891 M.
