4192 6260
254 386 360 444 253

1453 385 1863 451 PABENESIS
1901 388 2368 452 DICASCALICA.

3396 414 3399 419 ’
3438 406 3543 462 255

255 509 449 562 evocat
478 497 688 551 Mavors
717 498 1066 568 eloquentiae;
1101 507 1156 556 et
1187 500 1340 572 quasi
1379 502 1602 557 loricam
1647 502 1843 570 hamis,
1869 511 1925 574 Α
1950 507 2018 562 ab
2052 508 2183 563 urbe
2228 508 2595 564 sacratissima
2640 526 2745 567 non
2776 513 3050 570 recedunt.
3088 514 3148 570 In
3177 513 3305 586 ipsis
3332 526 3414 572 est
3443 534 3542 574 no-

255 599 332 655 ita
359 596 637 666 componit
664 594 825 650 variis
846 606 901 651 et
921 595 1179 651 connexis
1206 609 1488 650 causarum
1518 596 1847 651 munimenta

256 691 556 765 particulis.
590 689 721 745 Nam
753 688 972 744 nodosis
994 688 1253 744 orationis
1284 688 1505 744 artubus
1536 688 1588 741 in
1621 687 1846 743 solidam

258 796 317 841 et
342 783 640 853 simplicem
674 780 900 836 formam
928 779 1150 846 coactis,
1184 794 1339 834 unam
1380 793 1690 833 sermonum
1728 778 1848 847 pin-

258 880 339 948 git
362 876 635 947 efﬁgiem:
668 876 720 929 in
748 888 852 944 qua
900 873 973 927 ita
1017 871 1292 945 quadratis
1332 871 1606 927 sociantur
1636 870 1847 926 diversa

258 970 548 1035 mensuris,
582 976 771 1022 utnec
812 965 1009 1022 divisio
1052 966 1275 1041 deroget
1300 963 1700 1033 conjunctioni,
1749 978 1849 1019 nec

257 1061 465 1117 viritim
493 1058 826 1131 aggreganda
852 1058 1057 1123 valeat,
1089 1072 1208 1113 cum
1239 1071 1373 1126 opus
1419 1065 1532 1121 est,
1562 1070 1847 1125 segregare

258 1153 500 1224 partitio.
536 1152 643 1207 Vos
682 1152 960 1221 praamisso
992 1150 1162 1204 laudis
1195 1164 1387 1219 sapore
1418 1148 1651 1204 mascula
1683 1148 1847 1203 dictio

254 1253 314 1299 et
332 1244 550 1298 humani
569 1243 778 1313 saporis
800 1242 1009 1297 Latiare
1027 1241 1375 1309 supercilium
1398 1239 1474 1295 sic
1492 1240 1841 1296 adhortatur:

270 1359 288 1392 s
308 1340 440 1394 Post
455 1339 660 1409 apicem
678 1336 972 1392 divinitatis
989 1351 1088 1405 ego
1108 1335 1197 1389 illa
1212 1351 1327 1389 sum
1347 1350 1465 1404 qua:
1482 1334 1564 1388 vel
1578 1344 1851 1389 commuto

258 1437 304 1489 si
332 1435 441 1488 sint
480 1432 639 1496 facta,
666 1432 748 1485 vel
780 1429 944 1485 facio:
979 1429 1274 1499 quantisvis
1306 1428 1577 1482 actionum
1612 1428 1849 1482 tenebris

260 1526 504 1581 involuto
534 1524 625 1577 lux
662 1522 887 1590 sufﬁcit,
917 1538 1075 1592 quam
1106 1520 1376 1591 loquendo
1412 1520 1712 1575 contulere.
1736 1519 1849 1590 Ego

260 1632 379 1674 sum
402 1633 499 1687 per
518 1632 675 1687 quam
701 1623 1011 1684 exspectant
1040 1614 1284 1670 homines
1308 1622 1515 1669 reatum
1544 1612 1612 1668 de
1635 1611 1849 1667 turbida

260 1721 314 1766 et
335 1711 695 1767 innocentiam
721 1709 791 1766 de
818 1723 1047 1765 serena:
1088 1724 1183 1778 per
1212 1723 1299 1765 me
1327 1706 1476 1763 fusca
1504 1706 1849 1775 splendorem

261 1803 592 1857 conscientia
608 1842 623 1867 ,
649 1816 745 1870 per
766 1815 851 1855 me
875 1799 992 1855 luce
1018 1813 1113 1853 sua
1135 1798 1349 1853 radians
1371 1796 1661 1852 adventitia
1691 1805 1851 1852 nocte

1951 598 2075 655 bilis
2121 600 2283 654 curia:
2327 602 2692 671 principatus:
2734 620 2866 674 quos
2905 606 3133 674 vidisse,
3181 609 3383 666 erudiri
3424 622 3526 665 est.

1966 689 2079 744 Non
2107 692 2246 760 apud
2277 706 2371 747 eos
2394 707 2573 749 sermo
2600 694 2666 751 de
2694 696 2931 765 ludicris,
2961 714 3060 754 nec
3088 703 3538 770 pantomimorum

1952 781 2042 836 vix
2078 782 2401 853 ignoscenda
2427 792 2884 845 commemoratio.
2908 791 2988 847 llli
3008 807 3193 849 auram
3225 796 3536 864 popularem

1937 864 2049 955 Aper
2079 876 2299 945 pudoris
2326 877 2643 935 detrimenta
2675 898 2780 937 non
2822 885 3075 954 capiunt:
3109 890 3347 945 contenti
3376 892 3537 946 rectis

1953 968 2125 1039 magis
2171 970 2384 1040 placere
2429 986 2586 1042 quam
2638 974 2906 1043 plurimis,
2938 980 3236 1036 sortiuntur
3276 981 3342 1037 de
3385 982 3538 1038 inno-

1953 1061 2094 1114 centi
2140 1061 2345 1117 actione
2374 1062 2758 1119 testimonium.
2793 1064 3017 1121 Istorum
3058 1071 3305 1137 quamvis
3337 1072 3388 1125 in
3419 1087 3533 1127 om-

1953 1152 2109 1206 nibus
2145 1153 2291 1221 jussa
2321 1154 2591 1222 sequenda
2623 1156 2757 1225 sint,
2788 1168 2870 1214 est
2898 1169 3072 1214 tamen
3103 1161 3154 1215 in
3199 1161 3303 1215 illis
3334 1172 3388 1218 et
3420 1179 3534 1219 ma-

1952 1244 2115 1314 gistra
2139 1243 2493 1312 taciturnitas,
2517 1256 2567 1301 et
2592 1247 2785 1302 eruditi
2819 1248 2987 1304 forma
3012 1252 3233 1309 silentii.
3257 1254 3355 1310 Est
3375 1249 3535 1313 etiam

1953 1334 2215 1392 Prohinus
2246 1339 2524 1408 patricius,
2560 1340 2752 1409 placidi
2786 1344 3042 1413 germinis
3084 1348 3383 1403 examinata
3429 1348 3537 1404 cla:

1952 1430 2156 1494 ritudo;
2190 1446 2347 1501 quem
2389 1432 2718 1487 eruditorum
2752 1433 2963 1489 familiae
2994 1452 3169 1493 mores
3194 1439 3259 1493 ad
3303 1456 3532 1510 unguem

1953 1520 2096 1575 ducti
2128 1522 2467 1577 eontulerunt
2494 1541 2506 1577 :
2540 1525 2628 1593 qui
2658 1533 2713 1579 et
2738 1525 2804 1579 de
2836 1528 2999 1593 patris
3022 1536 3075 1583 et
3103 1530 3171 1583 de
3196 1533 3371 1585 soceri
3400 1534 3530 1587 hau-

1954 1612 2023 1667 sit
2052 1611 2224 1679 fonte,
2262 1613 2405 1683 quod
2436 1617 2667 1670 mundus
2695 1625 2797 1672 est.
2834 1618 2928 1673 Est
2955 1620 3213 1689 patricius
3240 1621 3535 1693 Cethegus,

1954 1706 2070 1775 ejus
2097 1706 2236 1761 filius
2264 1709 2346 1761 vir
2374 1708 2694 1775 consularis,
2726 1710 2816 1778 qui
2845 1724 3035 1767 canam
3069 1712 3403 1778 prudentiam
3435 1714 3537 1769 mi-

1954 1812 2053 1851 nor
2083 1797 2499 1866 transgrediens,
2531 1800 2652 1853 sine
2697 1800 2871 1853 aetatis
2913 1802 3225 1870 praajudicio
3276 1804 3433 1859 habet
3480 1815 3534 1861 et

262 1896 495 1966 tegitur:
525 1896 611 1949 vel
642 1894 688 1949 si
732 1893 802 1948 sit
832 1894 1012 1965 ignara
1054 1892 1429 1959 tenebrarum,
1457 1901 1538 1947 est
1567 1891 1710 1964 quod
1746 1906 1847 1948 nec
1875 1889 1925 1953 B
1953 1899 2322 1959 provectorum
2351 1904 2597 1961 saporem
2624 1899 2677 1945 et
2708 1892 2866 1948 mella
2900 1896 3160 1964 pueritiae.
3191 1897 3284 1952 Est
3313 1897 3530 1954 Boetius

264 1988 477 2043 confidit
519 1988 740 2058 puritas,
772 2001 871 2041 nec
900 1985 1052 2058 culpa
1090 1986 1343 2057 suspirat.
1379 1985 1458 2040 Ad
1490 1999 1668 2040 meum
1698 1998 1847 2041 com-

265 2079 521 2148 pendium
550 2078 855 2149 ubicunque
894 2087 975 2133 est
1017 2077 1290 2132 Romanus
1329 2077 1603 2147 invigilat:
1634 2075 1839 2143 fasces,

266 2170 507 2238 divitias,
542 2171 791 2237 honores,
821 2172 865 2224 si
918 2184 1023 2227 non
1074 2170 1383 2236 ornaveris,
1426 2171 1635 2240 abjecta
1680 2183 1841 2229 sunt:

265 2278 367 2318 nos
396 2278 558 2333 regna
588 2263 839 2334 regimus,
865 2272 921 2317 et
950 2264 1278 2335 imperantes
1315 2263 1549 2320 salubria
1571 2263 1844 2334 jubemus.

262 2356 401 2426 Quid
419 2356 561 2428 quod
581 2357 1031 2413 declamationum
1049 2366 1353 2411 nostrarum
1372 2356 1662 2413 oblectatio
1677 2358 1843 2414 vincit

262 2449 511 2503 universa
537 2463 658 2519 qua:
683 2449 927 2515 sapiunt,
955 2456 1010 2502 et
1033 2431 1348 2518 opinionem
1390 2461 1550 2517 quam
1587 2447 1845 2504 concilia-

262 2554 382 2595 mus
417 2548 620 2595 :eterna
650 2538 767 2593 est?
792 2537 933 2594 Ante
961 2524 1231 2609 scipiones
1258 2547 1313 2594 et
1340 2539 1551 2595 trabeas
1576 2548 1659 2595 est
1689 2554 1845 2610 pomo

260 2648 388 2705 posa
422 2628 712 2687 recitatio:
747 2627 815 2684 de
852 2628 1088 2683 virorum
1119 2629 1337 2685 fortium
1375 2629 1528 2687 factis
1565 2631 1707 2702 quod
1752 2645 1850 2686 vo-

260 2710 443 2783 lumus
469 2724 745 2782 creditur:
771 2733 948 2780 actum
977 2738 1136 2779 nemo
1164 2725 1395 2781 aestimat
1415 2724 1557 2797 quod
1580 2723 1842 2781 silemus:

266 2817 472 2873 nobilia
513 2816 777 2889 germina,
805 2832 873 2876 ex
918 2817 1075 2873 nobis
1120 2817 1271 2885 fusa,
1301 2818 1487 2875 orbem
1520 2828 1689 2874 tomm
1732 2817 1846 2876 sole

266 2910 420 2966 clara
468 2910 806 2981 perfectionis
854 2911 1134 2968 irradiant.
1176 2910 1421 2983 Poetica,
1448 2913 1585 2984 juris
1622 2912 1845 2983 peritia,

262 3002 571 3071 dialectica,
599 3002 963 3071 arithmetica,
993 3018 1116 3061 cum
1148 3020 1233 3059 me
1271 2985 1488 3061 utantur
1515 3004 1666 3075 quasi
1694 3005 1845 3075 genio

264 3094 420 3161 trice,
452 3109 543 3151 me
572 3102 749 3152 tamen
786 3105 1066 3152 asserente
1104 3104 1229 3152 sunt
1269 3098 1462 3165 pretio.
1492 3115 1511 3150 ο
1542 3096 1737 3154 Audite
1769 3106 1846 3152 ta-

266 3200 389 3242 men
435 3197 491 3243 et
534 3201 789 3254 carmen,
840 3188 998 3247 alieni
1036 3188 1179 3257 qu0d
1220 3188 1378 3247 nobis
1417 3190 1653 3261 suggerit
1690 3188 1847 3247 ludus

270 3279 449 3337 officii.

895 3366 1213 3407 RBETORICA.

341 3439 424 3496 Sit
463 3451 641 3498 noster
682 3450 918 3513 tantum,
961 3459 1065 3499 non
1103 3445 1368 3517 stringunt
1402 3444 1639 3501 carmina
1671 3460 1851 3517 quern-

1574 3539 1777 3613 rquam.

343 3624 456 3678 Nos
478 3628 596 3680 vita:
618 3626 852 3683 maculas
875 3629 1128 3700 tergimus
1151 3630 1281 3687 artis
1308 3645 1430 3700 ope.

343 3716 400 3772 Si
425 3718 576 3775 niveo
601 3728 810 3775 constet
830 3721 1021 3776 merito
1047 3723 1193 3792 quis,
1220 3730 1356 3780 teste
1378 3730 1566 3780 senatu
1586 3763 1601 3787 ,

343 3807 594 3883 Cogimus
619 3810 763 3869 hunc
792 3829 981 3870 omnes
1003 3813 1182 3872 dicere
1206 3825 1364 3872 nocte
1392 3823 1587 3875 satum.

337 3904 406 3959 Et
434 3920 579 3971 reus,
609 3914 662 3962 et
689 3915 906 3963 sanctus
935 3906 1003 3963 de
1034 3916 1220 3963 nostro
1250 3910 1484 3966 nascitur
1510 3924 1605 3965 ore
1631 3926 1646 3963 :

340 3993 473 4049 Dum
505 3997 795 4067 loquimur,
823 4008 1037 4067 captum
1067 3998 1277 4055 ducitur
1318 3998 1627 4057 arbitrium.

342 4086 485 4142 Lana
517 4087 828 4145 Tarentina:
856 4089 971 4145 laus
999 4089 1171 4156 urbis,
1204 4105 1446 4162 gemma,
1476 4099 1732 4162 potestas,

340 4180 478 4246 Quid
511 4187 637 4235 sunt
662 4180 728 4236 ad
760 4190 1001 4237 nostrum
1034 4182 1218 4254 juncta
1260 4185 1643 4253 supercilium?

343 4269 441 4337 Qui
475 4270 675 4327 nostris
704 4274 869 4327 servit
896 4273 1108 4345 studiis,
1137 4290 1262 4331 mox
1290 4275 1517 4346 imperat
1541 4277 1678 4332 orbi.

344 4363 425 4417 Nil
455 4363 678 4419 dubium
708 4375 951 4423 metuens
980 4381 1068 4423 ars
1095 4367 1226 4423 mihi
1263 4383 1423 4439 regna
1464 4370 1631 4425 dedit.

345 4453 472 4511 Haec
521 4470 668 4527 ergo,
713 4455 1038 4524 dulcissimi,
1080 4468 1135 4514 et
1181 4460 1397 4529 assequi
1437 4461 1767 4530 contendite,
1797 4451 1888 4520 et‘

277 4545 467 4618 adepta
490 4547 773 4604 custodite.
800 4548 905 4608 Sed
932 4550 1226 4622 replicetis,
1255 4553 1451 4623 quibus
1466 4553 1533 4609 ad
1561 4554 1663 4611 ista
1683 4556 1853 4628 magi-

1950 1982 2227 2053 patricius,
2253 1980 2307 2035 in
2339 1996 2447 2050 quo
2488 1982 2573 2036 vix
2603 1983 2844 2040 discendi
2886 2000 3057 2042 annos
3086 1987 3331 2056 respicis,
3365 1997 3421 2046 ct
3449 1990 3531 2044 in-

1949 2073 2144 2143 telligis
2194 2073 2479 2143 pueritiam
2534 2073 2785 2130 sufficere
2833 2076 2943 2145 jam
2993 2077 3256 2135 docendi:
3309 2079 3377 2135 de
3424 2095 3530 2149 quo

1948 2165 2352 2221 emendatorum
2395 2163 2655 2234 judicavit
2697 2166 2910 2223 electio.
2941 2154 3037 2224 Es‘t
3068 2171 3324 2238 Agapitus
3361 2173 3532 2241 patri-

1948 2257 2085 2322 cius,
2107 2265 2162 2311 et
2188 2256 2468 2311 honestate
2496 2256 2646 2313 dives
2667 2267 2722 2313 et
2753 2258 2995 2316 scientia.
3029 2260 3122 2315 Est
3154 2260 3360 2319 Probus
3389 2262 3453 2315 V.
3486 2263 3527 2319 Ι.

1947 2367 2105 2423 quem
2130 2353 2173 2405 si
2201 2351 2520 2421 sequamini,
2549 2352 2696 2409 illum
2720 2352 2971 2408 Faustum
3032 2365 3084 2410 et
3108 2355 3367 2411 Avienum
3396 2371 3531 2427 quos

1948 2442 2275 2514 prmdixistis
2331 2452 2642 2511 praesentes,
2672 2443 2835 2501 etiam
2860 2460 2981 2499 cum
3006 2444 3201 2503 desunt
3230 2446 3524 2505 habebitis.

1948 2531 2184 2589 Caeteros
2210 2533 2389 2589 claros
2416 2533 2559 2593 viros
2599 2550 2733 2605 quos
2765 2545 2969 2593 tantum
2998 2537 3065 2592 ad
3096 2554 3183 2593 me
3222 2539 3407 2608 opinio
3434 2540 3531 2595 dc-

1950 2624 2095 2691 tulit,
2134 2624 2346 2681 silentio
2376 2626 2620 2696 relinquo
2647 2645 2660 2680 :
2693 2642 2788 2698 per
2830 2643 2953 2693 vos,
2981 2629 3025 2684 si
3056 2629 3208 2686 vobis
3234 2632 3346 2698 jam
3376 2632 3526 2688 cordi

1949 2728 2031 2774 est
2062 2719 2356 2782 maturitas,
2386 2726 2477 2772 aut
2504 2733 2600 2788 per
2627 2734 2721 2775 eos
2745 2734 2881 2790 quos
2907 2736 3024 2776 sum
3052 2723 3325 2791 praefatus,
3356 2738 3523 2793 agno-

1950 2813 2127 2868 scite:
2160 2811 2458 2869 manifestis
2486 2812 2628 2869 enim
2677 2822 2823 2882 patet
2854 2813 3067 2870 indiciis
3110 2816 3316 2872 amicus
3363 2816 3532 2872 bono-

1951 2918 2109 2971 rnm‘:
2140 2919 2239 2960 nec
2267 2906 2322 2959 in
2347 2904 2521 2960 altero
2556 2919 2735 2961 mores
2774 2906 3060 2976 quisquam
3090 2908 3396 2975 hominum,
3428 2910 3530 2964 nisi

1951 3010 2088 3067 quos
2116 2997 2171 3051 in
2201 3010 2261 3051 se
2301 2995 2579 3062 formavit,
2611 2998 2973 3064 amplectitur.
2998 2999 3116 3055 iam
3161 3002 3207 3054 si
3258 3009 3531 3057 matrona-

1952 3100 2072 3142 rum
2121 3086 2357 3141 delectat
2407 3085 2604 3150 aditio,
2651 3086 2861 3145 habetis
2905 3088 3154 3144 domnam
3205 3090 3528 3156 Barbaram,

1952 3177 2181 3234 Romani
2222 3176 2322 3233 ﬂos
2349 3177 2523 3247 genii,
2550 3193 2673 3247 quae
2702 3180 3015 3236 testimonio
3040 3182 3217 3237 vultus
3248 3183 3533 3252 patefaciet

1876 3256 1925 3323 C
1956 3270 2133 3327 lucem
2163 3269 2440 3343 Sanguinis
2462 3278 2518 3326 et
2543 3271 2749 3340 saporis
2776 3289 2787 3323 :
2821 3271 2874 3326 in
2906 3286 3008 3342 qua
3038 3272 3321 3328 invenietis
3349 3283 3404 3329 et
3432 3292 3529 3330 ve-

1952 3362 2242 3421 recundam
2266 3362 2639 3429 securitatem,
2665 3372 2720 3418 et
2749 3362 2816 3417 de
2840 3363 2983 3418 bono
3007 3365 3235 3419 actionis
3257 3366 3534 3421 confiden-

1954 3466 2063 3521 tem
2112 3455 2491 3521 verecundiam
2534 3473 2549 3510 :
2595 3470 2903 3513 sermonem
2954 3458 3189 3513 naturali
3236 3466 3295 3513 et
3339 3450 3532 3515 artifici

1952 3550 2295 3621 simplicitate
2321 3548 2628 3615 conditum,
2661 3558 2717 3605 ut
2745 3564 2841 3605 nec
2883 3550 3034 3620 lepos
3060 3551 3379 3606 devenustet
3403 3552 3534 3605 allo-

1951 3644 2099 3715 quii,
2128 3657 2227 3700 nec
2254 3642 2406 3699 duris
2442 3642 2695 3712 splendor
2725 3642 3043 3698 feminarum
3094 3643 3323 3714 rigescat
3351 3643 3528 3699 affati-

1952 3735 2073 3799 bus,
2106 3735 2159 3790 in
2189 3748 2291 3804 qua
2325 3734 2406 3791 sic
2448 3734 2501 3791 in
2533 3742 2778 3789 naturam
2816 3735 3028 3790 transiit
3069 3733 3365 3790 honestatis
3410 3736 3536 3791 dilio

1950 3826 2157 3897 gentia,
2194 3837 2249 3880 ut
2276 3825 2322 3881 si
2352 3825 2434 3881 vel
2464 3824 2679 3880 mentiri
2708 3824 2867 3890 velit,
2909 3839 3015 3879 non
3048 3826 3216 3895 possit
3264 3839 3529 3882 errorem.

1956 3917 2125 3973 Sonat
2153 3914 2397 3983 pudicam
2419 3914 2596 3984 lingua
2621 3913 2963 3971 dulcedinem
2981 3956 2997 3981 ,
3028 3930 3129 3970 nec
3155 3915 3350 3970 mentis
3376 3916 3535 3971 nubi-

1956 4006 2068 4061 lum
2099 4013 2242 4059 tecto
2270 4003 2450 4060 sereni
2487 4004 2752 4061 sermonis
2778 4006 3057 4073 operitur:
3089 4006 3191 4061 hoc
3229 4013 3314 4060 est
3354 4016 3538 4075 pecto-

1955 4099 2053 4164 ris,
2084 4095 2226 4166 quod
2268 4096 2521 4166 loquelae.
2544 4096 2646 4153 Det
2674 4098 2885 4154 veniam
2929 4098 3245 4156 feminarum
3292 4100 3537 4156 diadema

1956 4188 2336 4258 prtesumenti,
2368 4187 2511 4257 quod
2553 4188 2673 4258 ejus
2710 4188 2923 4244 invideo
2937 4188 3151 4259 'quieti:
3185 4192 3343 4246 velim
3388 4191 3533 4245 illam

1964 4279 2215 4336 omnibus
2262 4277 2425 4333 Italia:
2474 4278 2717 4346 partibus
2758 4278 3111 4335 imitationem
3160 4282 3437 4349 praeferri,
3480 4291 3540 4336 ut

1960 4384 2080 4440 qua
2102 4383 2211 4424 non
2233 4368 2579 4436 acquiescunt
2602 4370 2840 4435 monitis,
2871 4370 3231 4424 formarentur
3249 4374 3534 4439 exemplis.

1959 4462 2055 4519 Est
2082 4460 2191 4515 illic
2233 4459 2396 4515 etiam
2445 4458 2777 4528 Stephanio,
2810 4460 3299 4529 splendidissimum
3350 4463 3540 4517 catho-

1962 4554 2085 4610 licae
2115 4552 2299 4609 lumen
2336 4551 2616 4615 Ecclesiae,
2645 4551 2799 4622 cujus
2829 4551 3032 4606 natales
3074 4553 3143 4606 ita
3175 4552 3379 4621 majore
3423 4553 3542 4608 luce

280 4638 634 4708 stris,qnibus
656 4622 1311 4709 utamurinstitutoribus,
1335 4659 1563 4715 quorum
1587 4622 1859 4717 eriganiur
1882 4622 1937 4688 D
1964 4647 2260 4709 fuscantur,
2299 4645 2345 4702 si
2393 4657 2572 4701 mores
2620 4644 2916 4715 intelligas,
2950 4658 3012 4698 ac
3049 4645 3093 4701 si
3144 4642 3312 4699 facem
3356 4642 3541 4696 mundi

282 4731 575 4802 exemplis;
608 4746 727 4786 cum
766 4732 1020 4789 Faustum
1055 4742 1110 4791 et
1135 4735 1428 4803 Avienum,
1458 4740 1643 4796 saeculi
1685 4741 1857 4797 nostri

284 4819 684 4891 beatitudinem,
704 4833 757 4879 et
777 4824 1003 4883 Latiaris
1025 4829 1220 4884 flumen
1241 4830 1462 4900 eloquii,
1481 4831 1669 4888 aulicis
1686 4832 1862 4889 distri.

286 4921 421 4967 ctum
455 4922 639 4970 teneat
662 4929 780 4971 sors
805 4918 1039 4973 secunda
1066 4921 1341 4976 consiliis?
1366 4936 1501 4993 quos
1520 4922 1647 4979 dum
1680 4932 1864 4981 manet

287 5017 437 5072 cura,
470 5021 502 5060 a
531 5009 875 5077 generalitate
906 5013 1173 5069 nescitur:
1208 5029 1435 5083 quorum
1469 5024 1677 5073 tentare
1721 5033 1859 5087 prae-

287 5099 432 5151 conia
465 5097 608 5154 idem
637 5108 719 5154 est
746 5116 809 5158 ac
843 5100 887 5157 si
934 5103 1105 5159 lucem
1135 5104 1269 5162 solis
1307 5116 1363 5163 et
1403 5109 1695 5177 potentiam
1726 5111 1864 5167 velis

289 5180 575 5244 divinitatis
602 5204 865 5248 asserere.
896 5193 1002 5249 Sed
1032 5195 1148 5251 istis
1188 5197 1239 5251 in
1273 5197 1412 5252 bono
1442 5198 1657 5269 publico
1700 5201 1864 5259 desu—

291 5276 553 5345 dantibus,
576 5280 821 5350 patricii‘
846 5283 1036 5341 Festus
1054 5294 1109 5341 et
1128 5288 1502 5358 Symmachus,
1523 5293 1760 5348 omnium
1782 5294 1867 5352 di-

290 5370 629 5439 sciplinarum
659 5377 911 5432 materias
940 5387 996 5435 et
1025 5391 1335 5439 constantes
1361 5384 1535 5444 forma
1564 5389 1867 5456 sapientiae,

361 5507 377 5587 ξ
409 5506 683 5587 fastose:
711 5512 1088 5587 Symmachus]
1120 5517 1173 5572 ln
1197 5519 1298 5575 hoc
1319 5520 1600 5577 illustrium
1629 5524 1863 5580 virorum

293 5578 529 5657 catalogo
583 5578 902 5651 dignitatum
951 5578 1194 5644 ordinem
1241 5601 1459 5647 secutus
1514 5603 1614 5648 est.
1668 5578 1866 5653 Festus

292 5651 429 5737 enim
478 5651 904 5737 hoc‘tempore,
961 5666 1018 5737 ut
1066 5662 1379 5737 Anastasius
1436 5666 1487 5717 in
1522 5651 1868 5737 Symmacho

292 5728 631 5805 notat,caput
648 5734 1023 5805 senatusenat,
1036 5732 1401 5805 consularium
1425 5728 1867 5804 antiquissimus:

293 5800 353 5843 ex
395 5806 537 5846 anno
582 5795 829 5851 videlicet
856 5798 981 5852 472.
1033 5798 1388 5871 Symmachus
1421 5795 1664 5863 eumdem
1696 5795 1868 5864 hono-

1964 4740 2153 4799 oculus
2180 4738 2263 4793 sol
2288 4737 2575 4794 obumbret
2600 4756 2614 4792 :
2645 4738 2689 4792 s’i
2716 4737 2968 4808 ingenita:
3002 4736 3425 4793 conversationis
3458 4751 3541 4790 ra-

1964 4831 2082 4887 dios
2120 4842 2366 4898 seponas,
2414 4828 2535 4897 plus
2577 4828 2696 4897 ejus
2735 4829 2991 4899 sanguine
3036 4829 3107 4882 nil
3150 4826 3368 4882 lucebit.
3405 4827 3541 4884 isto-

1965 4936 2118 4987 rum,
2163 4933 2509 4990 quoscunqne
2552 4918 2803 4990 praefatus
2846 4933 2991 4984 sum,
3037 4919 3270 4975 coelestia
3302 4935 3394 4975 vos
3434 4921 3544 4976 dis-

1964 5012 2208 5083 pensatio
2231 5010 2419 5081 jungat
2447 5010 2738 5082 obsequiis.
2769 5011 2907 5066 Ecce
2947 5011 3155 5068 habetis
3182 5013 3364 5083 gratiae
3410 5029 3546 5068 meae

1970 5105 2214 5164 obsidem
2266 5103 2547 5176 paginam,
2596 5119 2754 5175 quam
2800 5103 2946 5160 velut
2989 5105 3330 5177 paedagogum
3384 5116 3546 5162 secta-

1976 5196 2133 5252 mini.
2172 5195 2274 5253 Det
2317 5204 2494 5251 autem
2538 5194 2691 5249 vobis
2725 5195 2867 5253 Dens
2916 5196 3059 5266 quod
3099 5198 3252 5253 decet
3313 5207 3364 5252 et
3411 5198 3549 5251 velle

1968 5301 2183 5358 semper
2205 5296 2261 5343 et
2290 5286 2485 5345 facere.
2512 5285 2652 5356 Ergo
2679 5287 2724 5341 si
2767 5302 3020 5359 pompose
3050 5290 3292 5344 oratione
3320 5304 3424 5343 non
3454 5300 3548 5340 va-

1968 5377 2073 5446 lui,
2096 5377 2340 5434 oratione
2364 5391 2481 5446 vos,
2510 5391 2717 5433 memor
2743 5378 3109 5448 professionis,
3139 5380 3335 5449 adjuvi.

1970 5542 2091 5599 rem
2113 5527 2335 5599 adeptus
2365 5544 2505 5583 anno
2527 5527 2651 5599 4⁵15ῗ
2677 5530 2939 5587 Prohinus
2964 5546 3106 5585 anno
3128 5530 3248 5583 489.
3279 5528 3549 5599 Cethegus

1971 5596 2190 5667 Probini
2220 5598 2358 5653 filius
2386 5613 2529 5654 anno
2555 5598 2680 5655 504.
2715 5602 2931 5657 Boetius
2948 5616 3111 5667 anno,
3138 5610 3194 5653 ut
3223 5596 3548 5667 monuimus,

1971 5666 2096 5741 510.
2124 5668 2391 5741 Agapitus
2407 5670 2642 5725 nondum
2669 5672 2883 5741 quidem
2911 5672 3116 5735 consul,
3141 5686 3260 5725 cum
3290 5671 3551 5728 scriberet

1975 5739 2268 5802 Ennodius,
2302 5739 2395 5810 sed
2436 5751 2618 5810 postea
2652 5739 2857 5797 futurus
2885 5756 3026 5798 anno
3056 5742 3182 5797 5l7.
3212 5742 3415 5799 Probus
3442 5744 3550 5799 for-

1975 5819 2117 5865 tasse
2141 5824 2285 5867 anno
2304 5809 2430 5871 525.
