4192 6260
633 406 744 473 255

780 520 882 578 Per
908 529 977 589 te,
1009 523 1023 555 ⁸
1059 536 1151 591 per
1178 521 1269 592 qui
1298 526 1347 575 te
1377 518 1533 574 talem
1572 532 1807 588 genuere
1846 526 2115 588 parentes,

780 615 1120 689 Symmache,
1160 628 1228 669 ne
1273 619 1513 669 nostram
1544 620 1758 666 maneat
1804 623 1922 664 sors
1951 608 2083 662 dura
2128 618 2212 659 ta-

1884 702 1904 773 [
1924 701 2139 766 bellam,

781 807 854 861 Da
884 805 1125 861 dextram
1153 804 1318 869 tenui,
1346 812 1400 859 et
1433 810 1606 857 tecum
1633 814 1721 855 me
1748 799 1876 854 tolle
1906 812 2000 867 per
2020 795 2211 852 undas.

778 896 892 952 Non
911 894 1035 950 iacit
1058 894 1124 950 ad
1156 909 1333 949 mores
1360 892 1665 948 credentem
1695 888 1879 943 fallere
1906 893 2141 941 sanctos.

780 985 922 1041 Nihil
958 999 1160 1052 moror,
1193 998 1261 1038 en
1298 982 1521 1052 supplex
1560 979 1719 1035 venio
1754 995 1765 1030 :
1795 978 2049 1032 miserere
2092 985 2213 1042 pre-

1937 1068 2135 1142 [canﬁ,

715 1221 729 1249 ¹
764 1217 863 1289 Per
891 1225 957 1282 te,
999 1214 1198 1289 perAqui
1236 1213 1315 1283 te]
1340 1212 1571 1289 ‘Miserat
1610 1205 1885 1289 Ennodius
1922 1200 2214 1289 l’armnesis

639 1288 938 1356 exemplum
980 1284 1044 1338 ad
1086 1285 1459 1356 Symmachum
1489 1284 1789 1356 patricium,
1819 1284 1876 1328 ut
1902 1289 2017 1328 eam
2038 1287 2218 1356 corn-

638 1344 812 1430 geret,
844 1359 935 1411 lib.
969 1373 1076 1421 vni,
1108 1344 1264 1424 e'pist.
1294 1354 1383 1407 28.
1423 1344 1705 1420 Propterea
1741 1347 1793 1400 hi
1823 1358 2008 1399 versus
2038 1344 2217 1395 Paraz-

1833 1479 1992 1492 _—l

650 1479 1831 1511 .u—————-—-———-——'—-—"

1748 403 2016 462 ENNODII
2056 397 2359 459 EPISCOPI
2400 390 2772 452 TICINENSIS

2232 516 2289 576 Δ

2001 1460 3535 1490 W

3780 376 3886 444 9.36

2457 508 2595 563 Vilia
2633 504 2894 561 divitibus
2920 500 3301 559 commendans
3333 497 3470 556 dicta
3501 497 3753 570 patronis.

2749 595 3004 652 Germina
3032 594 3175 648 clara

2751 687 2959 743 Sumite
2988 684 3114 738 sicci

2750 775 2923 830 Verba
2962 772 3217 843 parentis.

2744 864 2932 921 Nobile
2961 864 3157 917 dictmn
3184 870 3288 925 est,

2750 955 2902 1021 Quod
2935 954 3075 1008 bona
3102 958 3383 1006 monstrat.

2323 1182 2439 1238 nesi
2498 1178 2872 1247 subjiciuntur.
2917 1172 3110 1229 Adonii
3157 1184 3289 1226 vero
3349 1168 3416 1225 ad
3473 1168 3807 1225 Ambrosium
3844 1179 3891 1227 et

2320 1256 2541 1309 Beatum
2566 1248 2854 1305 referendi.

1978 1806 2589 1831 Μ

714 1910 846 1966 Nulli
869 1910 1084 1966 dubium
1112 1920 1211 1976 est,
1245 1910 1513 1965 hominem
1554 1908 1641 1978 qui
1693 1904 1921 1960 carnalis
1950 1900 2205 1968 concupi-
2237 1892 2286 1951 B
2312 1888 2664 1944 πείίῐηῒιιῖοηθ
2717 1890 2997 1957 Ροτουιτῖῑ·
3052 1888 3158 1943 N05
3207 1897 3381 1943 tamen
3423 1903 3557 1959 ίῐιιοε
3604 1889 3898 1959 91‘5")"llis

646 2002 867 2055 sccntia:
912 2001 1192 2055 illecebras
1238 2002 1375 2055 sacri
1420 2007 1627 2053 amator
1667 1997 1918 2062 instituti,
1972 1996 2223 2065 magistra

646 2092 859 2146 vivendi
904 2100 1019 2147 arte
1064 2092 1350 2158 domuerit,
1382 2102 1436 2147 et
1473 2098 1859 2161 prmceptornm
1902 2088 2036 2144 falce
2064 2088 2226 2143 caele-

648 2193 787 2239 stum
818 2183 1072 2238 erraticos
1101 2184 1343 2254 palmites
1374 2184 1441 2239 de
1469 2182 1891 2237 conversationis
1915 2195 2024 2250 suae
2048 2180 2228 2235 radice

647 2275 942 2341 sustulerit,
969 2275 1116 2329 vitali
1161 2276 1450 2331 traditurus
1480 2275 1745 2340 incendio,
1778 2274 2045 2329 fructuosa
2079 2273 2229 2342 plan-

650 2368 781 2423 taria
803 2368 867 2421 ad
893 2383 1180 2437 supernum
1216 2368 1396 2423 fovere
1423 2367 1651 2421 valitura
1676 2366 2227 2435 compendium,unde

651 2471 851 2511 annuas
880 2457 1056 2511 divina
1094 2459 1241 2527 jussa
1272 2458 1488 2528 capiunt
1522 2459 1827 2527 pensiones,
1861 2465 1916 2513 et
1941 2472 2061 2511 eum
2093 2455 2231 2509 sicut

651 2546 955 2601 sinceritate
988 2548 1327 2615 innocentiae,
1361 2549 1432 2604 ita
1471 2549 1735 2619 opinionis
1779 2549 1897 2603 luce
1949 2546 2228 2617 gratulari.

654 2636 765 2691 Nec
792 2637 1051 2692 honorum
1083 2638 1251 2693 facem
1275 2639 1586 2693 meritorum
1619 2638 1981 2693 maledicentis
2008 2638 2232 2693 creden-

653 2725 779 2781 dum
820 2722 903 2780 est
948 2725 1215 2797 exstingui
1262 2741 1422 2797 posse
1468 2728 1703 2782 conﬂatu
1735 2745 1749 2781 :
1780 2728 2046 2797 quomodo
2090 2736 2145 2782 et
2185 2727 2232 2782 si

651 2817 813 2873 dente
842 2826 1089 2888 tangatur
1125 2818 1293 2872 invidi
1321 2818 1577 2886 Splendor
1615 2819 1758 2887 vitm,
1792 2818 2033 2873 umbram
2068 2832 2233 2873 vene-

658 2918 799 2963 nata:
826 2909 1179 2964 oblocutionis
1210 2910 1462 2965 excludit.
1496 2910 1780 2964 Auctorem
1810 2918 2053 2978 repetunt
2086 2917 2233 2962 tene-

655 3000 789 3065 brae,
817 3016 935 3070 qua:
981 3001 1045 3054 ad
1095 3001 1469 3056 involvendum
1495 3001 1653 3070 jubar
1685 3009 1932 3070 aptantur
1964 3016 1976 3050 :
2006 3000 2232 3052 nitorem

655 3094 887 3149 siderum
916 3107 1021 3148 nox
1051 3094 1221 3148 infusa
1250 3108 1354 3148 non
1382 3092 1559 3147 obruit
1593 3111 1605 3144 :
1640 3093 1705 3147 ad
1732 3090 1946 3162 genium
1976 3088 2234 3143 claritatis

656 3183 867 3254 prolicit
920 3198 1040 3237 cum
1092 3182 1416 3238 obscuritate
1461 3181 1739 3237 conﬂictus
1782 3198 1797 3235 :
1840 3180 2041 3234 lunaris
2092 3178 2235 3249 globi

2329 1994 2454 2034 cura
2502 1979 2839 2047 constringit,
2886 1978 3078 2049 quibus
3130 1978 3442 2033 tuendarum
3498 1979 3775 2034 commissa
3822 1988 3904 2035 e-t

2328 2070 2627 2123 animarum
2664 2067 2955 2137 diligentia,
2986 2083 3054 2123 ne
3082 2083 3412 2123 smmnorum
3439 2068 3697 2137 quispiam
3739 2069 3904 2122 mini-

2330 2177 2645 2232 morumque
2698 2163 3006 2230 dispereat;
3063 2162 3293 2216 maxime
3360 2175 3480 2217 cum
3554 2159 3678 2214 mali
3736 2160 3907 2228 ipsius

2331 2269 2520 2309 recens
2566 2254 2735 2309 oculis
2784 2253 3038 2307 offeratur
3082 2254 3407 2324 exemplum,
3434 2268 3554 2308 cum
3596 2252 3907 2321 apostolica:

2332 2344 2475 2400 sedis
2522 2345 2831 2415 prtesulem,
2866 2354 2921 2398 ct
2957 2345 3194 2400 omnium
3229 2362 3363 2415 pene
3409 2345 3771 2400 Ecclesiarum
3814 2361 3910 2415 gu-

2332 2434 2616 2491 bernacula
2668 2444 3010 2500 tractantem,
3044 2450 3139 2505 per
3180 2435 3408 2505 proximi
3448 2435 3702 2491 tumultus
3731 2437 3911 2492 incen-

2333 2529 2480 2583 dium
2525 2527 2861 2583 inimicorum
2901 2527 3077 2583 rabies
3115 2528 3205 2583 tali
3235 2543 3329 2583 ore
3357 2528 3750 2592 momordisset,
3780 2538 3839 2582 et
3862 2529 3913 2583 in

2334 2621 2542 2676 ruinam
2566 2635 2714 2675 suam
2740 2620 3039 2690 aliquorum
3066 2619 3215 2677 furor
3242 2620 3358 2675 sine
3381 2619 3524 2689 justa
3551 2618 3917 2688 indignatione

2336 2712 2685 2767 surrexerint.
2721 2712 2869 2766 llanc
2896 2726 3026 2779 ergo
3057 2712 3296 2767 volentes
3326 2711 3631 2766 morborum
3660 2710 3918 2767 desecare

2336 2804 2652 2873 perniciem,
2674 2818 2741 2858 ne
2766 2803 2819 2856 in
2848 2802 3023 2856 locum
3055 2802 3247 2870 iniquae
3271 2802 3580 2857 assertionis
3610 2811 3917 2857 nostrorum

2336 2893 2529 2963 aliquis
2576 2893 2923 2963 negligentias
2961 2902 3274 2961 aucupetur,
3305 2903 3359 2948 et
3391 2891 3741 2948 similitudine
3772 2892 3921 2947 veri-

2342 2986 2469 3039 tatis
2515 2984 2583 3038 ad
2633 2983 3089 3054 impugnationem
3140 2983 3301 3039 fultus
3354 2992 3595 3039 occumt
3634 2984 3808 3054 :qui,
3864 2991 3921 3039 ut

2341 3076 2510 3141 aiunt,
2530 3076 2652 3130 viva
2684 3075 2956 3130 hominum
2986 3075 3286 3130 testimonia
3315 3090 3420 3129 non
3452 3073 3759 3137 formidant,
3788 3074 3921 3128 dum

2341 3168 2483 3239 quod
2514 3169 2662 3223 nefas
2689 3168 2831 3223 dictu
2876 3176 2979 3233 est,
3012 3167 3242 3223 convicti
3284 3168 3402 3223 loco
3427 3167 3711 3238 deputatur
3736 3167 3922 3221 incau-

656 3273 1011 3330 ministerium
1039 3272 1126 3327 die
1152 3272 1435 3327 recedente
1466 3272 1582 3340 plus
1616 3272 1818 3338 rutilat,
1856 3281 1911 3345 et
1941 3273 2113 3340 placet
2137 3284 2235 3326 suo
2264 3262 2311 3327 C
2341 3268 2445 3326 ιυεν
2472 3268 2527 3315 ει
2576 3260 2767 3316 [θεῖεεθ
2818 3260 2994 3315 scelus
3036 3259 3293 3327 (τθάίιυΐν
3323 3260 3417 3331 qui
3457 3262 3695 3331 Ροιυίεδθ
3742 3260 3922 3316 facere

658 3365 877 3427 lumine,
912 3364 1037 3417 dum
1074 3362 1219 3431 fugat
1257 3363 1511 3416 alienum.
1559 3362 1669 3416 Sub
1702 3371 1981 3417 externum
2008 3363 2094 3431 jus
2125 3378 2232 3417 non

658 3453 905 3517 mittitur,
933 3452 1022 3520 qui
1074 3452 1246 3506 lucem
1272 3450 1469 3516 facere,
1497 3460 1557 3505 ut
1599 3462 1806 3517 auctor,
1848 3455 2089 3507 assumit.
2127 3452 2235 3509 Sed

659 3542 926 3616 quomodo
968 3543 1140 3596 noxia:
1174 3552 1381 3597 mentes
1410 3542 1641 3597 definitis
1680 3557 1739 3598 se
1767 3544 2031 3598 :estimant
2059 3543 2234 3598 senio-

660 3637 809 3694 ribus
861 3651 965 3690 non
1015 3635 1204 3697 teneri,
1248 3643 1494 3703 putantes
1542 3636 1922 3705 prophetarum
1972 3645 2235 3707 praecepta

667 3724 994 3782 dicentium:
1031 3724 1105 3781 Os
1133 3724 1465 3780 detrahentis
1496 3725 1876 3793 eradicabitur,
1917 3743 2039 3782 cum
2081 3736 2238 3783 aetate

662 3826 1033 3881 veterescere;
1081 3825 1136 3872 et
1181 3816 1541 3871 valetudinem
1582 3831 1688 3871 non
1732 3816 1931 3873 habere
1970 3833 2067 3887 per
2097 3826 2237 3871 tem-

662 3906 826 3979 pora?
854 3908 1002 3976 quasi
1035 3906 1258 3962 novellis
1292 3915 1492 3962 tantum
1522 3908 1678 3962 timor
1707 3907 1964 3964 debeatur
2001 3908 2234 3971 statutis,

663 4002 716 4052 et
736 3996 799 4051 ad
832 4010 1041 4065 pinnam
1073 4009 1193 4050 reos
1221 3995 1303 4050 lex
1332 4011 1533 4052 annosa
1563 4011 1667 4051 non
1697 4007 1876 4053 teneat
1903 4016 1915 4052 :
1944 4013 2063 4053 cum
2096 4006 2237 4052 tem-

663 4099 849 4156 porum
892 4094 1141 4155 operator
1195 4084 1367 4151 Deus,
1419 4084 1693 4154 pr0phet:e
1744 4103 1873 4143 usus
1922 4088 2139 4152 officio,
2185 4094 2240 4142 et

664 4177 876 4247 antiqua
900 4174 1140 4244 jusserit,
1169 4182 1224 4229 et
1251 4173 1503 4230 moderna
1529 4175 1812 4244 disponat;
1841 4186 1896 4232 et
1921 4191 2059 4232 unus
2079 4185 2240 4246 atque

664 4270 805 4326 idem
851 4268 975 4323 boni
1026 4266 1314 4322 fabricator
1354 4266 1603 4333 instituti,
1642 4271 1782 4325 circa
1825 4270 2070 4326 homines
2099 4268 2240 4338 quod

667 4360 927 4431 prtemisit
971 4359 1024 4415 in
1073 4359 1401 4430 parentibus,
1441 4368 1619 4417 servet
1658 4362 1709 4416 in
1758 4363 2002 4431 posteris.
2036 4360 2140 4417 Sed
2174 4360 2241 4415 ad

667 4450 1002 4522 propositum
1034 4461 1385 4507 revertamur.
1440 4452 1768 4509 Exercentur
1797 4456 2011 4524 quidem
2042 4464 2242 4509 sanctte

666 4545 856 4598 animat
878 4543 1212 4598 sermonibus
1232 4543 1567 4609 mmulorum,
1592 4552 1644 4600 et
1663 4546 1727 4600 ad
1754 4546 1937 4615 gloria:
1958 4556 2239 4615 augmenta

2338 3352 2667 3422 perhibetur.
2725 3351 2893 3406 Nemo
2920 3351 3013 3405 Dei
3048 3351 3257 3418 oculos,
3289 3350 3447 3421 q'uam
3494 3351 3748 3417 hominis,
3777 3350 3924 3420 judi-

2337 3453 2425 3499 cat
2474 3445 2590 3512 plus
2633 3445 2811 3498 timeri
2843 3462 2854 3496 :
2884 3459 3122 3499 errorem
3161 3445 3397 3500 creditur
3432 3445 3613 3501 fovere
3648 3445 3904 3514 solitudo,

2336 3544 2391 3592 et
2441 3534 2754 3605 profundam
2824 3535 3108 3604 nequitiam
3168 3535 3504 3591 incomitatus
3564 3536 3903 3591 admittere:

2337 3624 2489 3694 quasi
2543 3624 2682 3680 coelo
2734 3623 2969 3679 facinora
3025 3627 3387 3695 penetralibus
3426 3627 3626 3681 inclusa
3660 3642 3766 3681 non
3808 3642 3907 3696 pa-

2339 3723 2505 3779 teant,
2530 3727 2585 3770 et
2605 3715 2863 3770 vindicari
2892 3716 3089 3770 malum
3122 3731 3229 3771 non
3261 3724 3437 3787 queat,
3459 3715 3597 3785 quod
3625 3714 3786 3771 homo
3809 3732 3923 3770 non

2340 3806 2558 3875 respicit
2592 3825 2603 3859 :
2639 3807 2922 3862 credentes
2944 3807 3085 3878 quod
3132 3823 3244 3864 rem
3284 3807 3442 3864 studii
3496 3807 3699 3877 possint
3747 3807 3924 3877 depu-

2342 3907 2455 3953 tare
2482 3899 2784 3953 necessitati
2830 3916 2844 3954 :
2883 3908 2937 3954 et
2979 3899 3104 3954 dum
3135 3900 3295 3955 homo
3340 3901 3541 3955 homini
3586 3907 3768 3955 custos
3805 3911 3923 3967 est,

2340 3990 2445 4044 alio
2491 3989 2847 4045 maledicendi
2884 3991 3094 4058 ordine,
3122 3991 3429 4061 pudicitiam
3458 3992 3667 4047 valeant
3710 4006 3929 4048 accom-

2343 4081 2565 4137 modare
2596 4081 2887 4137 formidini.
2926 4081 3037 4137 Nos
3064 4083 3276 4152 quidem
3299 4085 3378 4139 vel
3410 4099 3473 4139 ex
3500 4100 3605 4140 una
3627 4095 3781 4155 parte
3809 4100 3930 4139 car-

2342 4173 2502 4244 pendi
2532 4174 2848 4229 occasiones
2890 4174 3175 4229 incidimus
3206 4192 3220 4229 :
3254 4189 3352 4229 nos
3382 4190 3628 4245 superna:
3656 4190 3931 4232 memores

2343 4263 2666 4333 disciplinae,
2707 4264 3129 4335 qualemcunque
3190 4265 3575 4321 sacerdotalem
3633 4264 3921 4321 dexteram

2344 4356 2645 4412 volentibus
2684 4357 2857 4425 perire
2885 4356 3243 4426 porriglmus;
3285 4365 3340 4411 et
3365 4370 3395 4410 a
3421 4357 3588 4411 ruina:
3619 4355 3928 4427 praecipitio

2345 4447 2623 4503 diabolicis
2679 4456 2829 4502 actos
2892 4447 3122 4501 stimulis
3166 4447 3500 4502 retardamus
3545 4468 3559 4504 :
3608 4455 3665 4501 ut
3712 4446 3932 4503 discant

2348 4541 2635 4610 loquaces,
2690 4543 2773 4595 vel
2828 4549 2947 4610 post
3005 4539 3217 4596 decreta
3272 4540 3558 4611 prmsentia
3610 4539 3929 4609 religiosum

667 4632 944 4702 deputant,
975 4630 1233 4702 quidquid
1262 4642 1447 4686 contra
1479 4646 1662 4687 earum
1691 4636 1938 4688 meritum
1964 4644 2244 4709 accusator
2268 4633 2323 4693 D
2346 4648 2528 4689 amare
2551 4632 2842 4687 silentium.

670 4721 992 4791 iugesserit:
1026 4721 1165 4776 sicut
1212 4720 1400 4776 doctor
1436 4722 1674 4791 gentium
1720 4724 1951 4789 clamat,
2000 4725 2243 4783 homines

670 4812 1100 4867 oblocutionibus
1136 4813 1395 4868 exerceri.
1440 4812 1509 4868 Ut
1547 4814 1724 4869 solent
1768 4815 1992 4871 arbores
2030 4831 2148 4887 qua:
2177 4817 2245 4872 ad

673 4913 831 4959 terrae
875 4907 1167 4974 penetralia
1214 4906 1404 4961 validis
1442 4905 1708 4961 radicibus
1738 4919 2122 4978 pervenerunt,
2152 4910 2248 4967 de-

674 4993 881 5062 spicere
922 4995 1089 5049 ﬂabra
1132 5005 1432 5063 ventorum,
1464 5006 1519 5053 ct
1554 5000 1847 5053 certamina
1887 5003 2245 5070 procellarum

674 5082 961 5143 stabilitate
1014 5086 1231 5155 propria
1281 5088 1549 5144 animante
1600 5097 1993 5145 contemnere:
2038 5093 2115 5146 sic
2168 5092 2247 5149 illi

675 5174 1017 5248 repudiantes
1058 5178 1413 5245 superstitiosi
1458 5196 1578 5250 qua:
1619 5181 1847 5251 impacta
1890 5180 2049 5236 fuerit
2077 5182 2248 5253 caligo

677 5266 952 5340 ﬁgmenti,
1004 5282 1100 5338 per
1143 5267 1331 5321 sudum
1390 5270 1569 5325 radios
1624 5271 1779 5326 bonae
1827 5272 2249 5327 conversationis

676 5358 986 5417 ostendunt.
1038 5354 1170 5411 Nam
1221 5356 1347 5410 dum
1399 5358 1518 5426 quis
1576 5360 1787 5416 illorum
1829 5360 2074 5430 objectis,
2118 5375 2251 5416 con-

676 5453 900 5509 scientia
932 5460 1089 5519 teste,
1109 5448 1471 5519 congreditur,
1495 5451 1559 5505 ad
1589 5454 1841 5525 triumphi
1871 5469 2020 5526 spem
2044 5454 2251 5512 interna

751 5588 767 5618 ¹
810 5588 1101 5660 Cellulanos
1128 5583 1339 5660 habere]
1368 5583 1631 5660 Scriptum
1659 5596 1737 5660 est
1765 5589 1832 5643 ab
1864 5590 2107 5645 Ennodio
2135 5591 2249 5660 epi-

681 5660 931 5729 scopisui
962 5658 1201 5713 nomine:
1224 5655 1355 5729 Cum
1388 5658 1530 5729 enim
1558 5658 1689 5721 jussi
1725 5670 1903 5713 essent
1934 5676 1963 5713 a
1995 5675 2126 5729 papa
2158 5655 2250 5713 aut

682 5727 885 5799 synodo
915 5728 934 5795 (
951 5743 1120 5797 neque
1148 5728 1286 5799 enim
1320 5727 1583 5799 proditum
1612 5734 1693 5780 est
1712 5728 1749 5792 ),
1777 5727 2011 5799 episcopi
2039 5745 2245 5794 omnes,

681 5795 1086 5867 contubernales
1136 5795 1359 5853 clericos
1402 5798 1598 5852 habere
1634 5798 1756 5851 vitae
1794 5814 1905 5853 sua:
1933 5795 2251 5867 actuumque

683 5871 867 5931 testes,
892 5864 957 5919 ad
980 5868 1309 5923 amoliendas
1342 5868 1720 5925 maledicorum
1747 5869 2039 5925 calumnias
2064 5864 2255 5941 quibus

2419 4725 2627 4780 Nullum
2676 4738 2804 4793 ergo
2848 4723 3210 4789 sacerdotum,
3269 4722 3501 4795 antiquis
3546 4730 3600 4778 et
3652 4721 3938 4778 modernis

2350 4816 2553 4887 legibus
2606 4816 3024 4887 obsequentem,
3076 4815 3385 4887 nullumque
3445 4814 3755 4882 levitarum,
3806 4816 3935 4869 sine

2348 4907 2484 4964 bene
2531 4909 2749 4978 probata
2802 4909 3046 4963 volumus
3088 4908 3139 4961 in
3187 4920 3506 4977 quocunque
3555 4905 3661 4960 loci
3705 4919 3937 4962 manere

2350 5014 2581 5070 persona
2612 5018 2625 5054 :
2659 4999 2743 5055 vel
2782 5015 2940 5070 quem
2981 4999 3290 5053 substantiae
3328 4998 3539 5054 exilitas
3581 5012 3685 5051 non
3729 4996 3937 5066 permi-

2351 5092 2484 5147 serit
2513 5091 2709 5146 habere
2732 5102 3059 5156 consortem,
3097 5091 3211 5159 ipse
3250 5089 3626 5144 concellaneus
3658 5088 3750 5141 ﬁat
3786 5087 3934 5142 alte-

2352 5183 2486 5237 rius.
2512 5181 2788 5235 Publicum
2838 5183 2909 5236 sit
2950 5182 3086 5250 apud
3129 5182 3405 5252 religiosos
3430 5195 3586 5236 omne
3618 5179 3759 5249 quod
3784 5180 3938 5246 geri-

2355 5279 2475 5337 tur;
2514 5270 2845 5327 clandestina
2888 5273 3196 5341 repudietur
3233 5272 3564 5337 obscuritas;
3604 5270 3801 5325 multos
3833 5270 3939 5324 lia-

2357 5362 2480 5419 beat
2523 5372 2737 5417 actuum
2782 5366 3048 5429 conscios,
3078 5364 3168 5435 qui
3202 5364 3309 5419 Deo
3338 5363 3497 5429 debet
3539 5361 3937 5417 innocentiam.

2361 5454 2586 5512 Videant
2606 5454 2807 5521 aemuli,
2834 5457 2957 5526 quia
2979 5457 3069 5527 qui
3092 5465 3253 5512 tcStes
3279 5455 3515 5519 adhibet,
3536 5453 3652 5509 vult
3677 5451 3890 5523 probari
3922 5468 3939 5504 :

2349 5598 2584 5647 vexatus
2616 5607 2784 5661 nuper
2825 5593 2995 5647 fuerat
3033 5590 3388 5664 Symmachus
3418 5589 3807 5664 :_episc0pi,_ut
3836 5601 3946 5664 par

2354 5672 2490 5726 erat,
2523 5657 2829 5730 exemplum
2859 5665 3049 5728 secuti,
3074 5657 3405 5731 presbyteris
3435 5657 3560 5726 item
3597 5657 3661 5713 ac
3689 5657 3944 5731 diaconi;

2359 5742 2574 5788 suarum
2620 5727 2911 5786 dioecesium
2960 5733 3013 5787 id
3040 5727 3043 5728 ⁷
3073 5727 3259 5801 ἷρευηῖ
3302 5737 3691 5801 ρτίιιοερενυιιι.
3732 5735 3793 5801 ut
3832 5727 3945 5801 ipsi

2359 5816 2570 5873 quoque
2607 5802 2723 5856 sine
2763 5802 2986 5858 aliorum
3012 5796 3367 5873 contubernio
3391 5796 3495 5854 non
3522 5806 3725 5854 essent.
3750 5796 3951 5873 geuu-

2360 5867 2515 5930 ianos
2546 5873 2723 5943 itaque
2762 5872 3141 5944 interpretatur
3165 5872 3576 5938 conceltaneos,
3606 5867 3941 5935 συγκέλλονς.
