4192 6260
296 380 393 435 257

1571 370 1977 431 BENEDICTIO
2012 371 2236 430 CEREI.

3449 373 3553 427 258

298 492 432 548 male
477 490 813 562 deprehensa
861 490 1133 560 judieetur
1171 489 1543 557 conversatio‘,
1594 506 1715 561 quae
1763 488 2138 554 nonAPetri,
2169 486 2253 542 vel
2290 484 2536 556 praesulis
2580 484 2697 553 ejus
2752 483 3067 541 auctoritate
3114 498 3267 555 papa:
3318 483 3550 551 subnixi.

297 590 438 651 eptat
476 581 718 651 agnosci.
748 580 907 636 Certe
950 580 1035 635 vel
1083 579 1130 635 si
1176 595 1330 637 mens
1365 582 1437 636 sit
1465 581 1599 637 recti
1627 582 1866 650 conscia,

296 673 523 728 vindicta
559 672 753 743 dignus
792 680 896 737 est,
940 671 1029 743 qui
1067 672 1159 728 alii
1200 674 1383 728 existit
1411 687 1570 728 causa
1605 673 1870 745 periculi:

297 764 419 820 dum
448 764 592 820 enim
622 763 1017 834 suspicionibus
1061 764 1310 834 patefacit
1343 779 1617 821 accessum
1638 806 1654 833 ,
1684 765 1742 820 tit
1765 764 1874 821 fra-

297 857 433 914 terni
489 858 641 929 origo
683 857 1011 913 discriminis
1049 875 1062 911 :
1102 867 1155 913 et
1201 859 1291 928 qui
1338 858 1593 928 peccandi
1639 857 1872 914 fomenta

297 949 505 1018 tribuit,
533 949 648 1021 ipse
672 948 917 1020 jugulum
953 949 1143 1006 mortis
1174 948 1436 1019 impingit,
1470 960 1526 1004 ut
1552 949 1626 1004 ait
1660 949 1874 1005 divinus

296 1047 349 1095 et
377 1038 563 1095 beatus
591 1052 769 1108 praeco
802 1056 816 1092 :
850 1038 975 1092 Noli
997 1037 1284 1105 detrahere,
1320 1054 1382 1093 ne
1416 1040 1704 1093 eradiceris.
1729 1038 1873 1095 Con-

297 1131 464 1187 fessor
490 1129 805 1185 Ambrosius
836 1148 848 1183 :
880 1129 1032 1187 Multi
1055 1147 1161 1187 non
1190 1130 1451 1185 dederunt
1475 1130 1647 1185 errori
1673 1130 1872 1199 locum,

296 1231 350 1277 et
395 1221 661 1277 dederunt
709 1222 1023 1291 suspicioni.
1066 1223 1311 1292 Suspicio
1357 1222 1457 1276 ista
1506 1230 1589 1277 est
1631 1221 1876 1276 interitus

297 1312 634 1382 suspicantis,
665 1320 719 1367 et
761 1328 919 1381 quam
951 1328 1055 1368 non
1086 1320 1232 1369 caret
1270 1322 1487 1381 peccato
1513 1312 1604 1382 qui
1644 1311 1869 1367 dederit.

300 1402 447 1462 Unde
470 1420 726 1461 mansuro
754 1422 875 1461 eum
907 1407 1001 1463 Dei
1038 1416 1093 1464 et
1126 1407 1502 1477 Redemptoris
1528 1406 1693 1461 nostri
1721 1404 1871 1460 ordi-

300 1498 510 1555 natione
547 1498 841 1554 constituto
870 1500 1139 1555 sancimus
1162 1541 1178 1567 ,
1212 1499 1516 1569 apostolicae
1554 1497 1697 1553 sedis
1734 1498 1875 1553 beati

369 1662 385 1692 ¹
424 1658 667 1715 Mulieres
696 1632 972 1714 canonibus
995 1658 1315 1730 designatas]
1342 1658 1627 1728 Gregorius
1653 1656 1872 1730 Magnus

300 1729 389 1784 lib.
414 1746 509 1797 vn,
542 1732 701 1796 epist.
734 1731 801 1785 59
835 1750 847 1783 :
886 1731 947 1785 Si
974 1733 1060 1799 qui
1092 1729 1445 1801 episcoporum
1485 1745 1602 1782 cum
1647 1729 1876 1781 mulieri-

1977 597 2097 653 quze
2157 580 2283 635 vitia
2326 578 2604 634 ‘desiderat
2650 576 2907 633 radicitus
2956 576 3246 648 amputari,
3277 584 3331 631 ut
3385 578 3557 633 nullus

1977 675 2352 746 religiosorum
2393 673 2461 729 de
2500 672 2811 728 memoratis
2852 672 3166 738 ordinibus,
3200 672 3354 725 aliter
3396 686 3558 740 quant

1982 766 2189 838 praefati
2238 780 2442 835 sumus,
2493 764 2688 821 audeat
2732 764 3077 829 conversari;
3129 762 3212 817 vel
3254 763 3556 831 quicunque

1982 859 2456 931 praesumpserint,
2508 873 2629 913 cum
2694 857 2981 912 amissione
3030 855 3248 926 pudoris
3295 854 3603 929 honorutn‘

1979 952 2172 1008 damna
2226 953 2542 1007 sustineant.
2590 950 2868 1018 Quomodo
2915 948 3117 1019 grande
3182 948 3377 1002 malum
3434 955 3555 1013 est,

1980 1043 2211 1098 dicatam
2273 1043 2381 1097 Deo
2448 1056 2728 1112 personam
2797 1040 3116 1095 salutaribus
3182 1038 3397 1093 monitis
3451 1052 3555 1092 non
3592 1038 3617 1079 ἶ

1982 1147 2194 1203 parere.
2227 1131 2414 1187 Nullus
2460 1146 2643 1187 secum
2691 1140 2973 1185 extraneas
3014 1130 3206 1185 habeat
3234 1132 3251 1161 ¹
3285 1128 3534 1184 mulieres

1985 1231 2177 1293 przeter
2219 1236 2472 1292 personas
2515 1221 2809 1276 canonibus
2854 1221 3197 1292 designatas;
3236 1235 3303 1275 ne
3351 1218 3557 1287 agendo

1983 1315 2180 1380 taliter,
2209 1317 2418 1371 etiamsi
2470 1316 2575 1371 vita
2603 1315 2673 1372 sit
2701 1316 2976 1384 innocens,
3008 1314 3257 1371 damnum
3291 1313 3557 1385 opinionis

1978 1410 2233 1466 incurrat.

1980 1674 2238 1713 sacrorum
2284 1675 2532 1712 canonum
2575 1674 2791 1713 censura
2828 1658 3071 1729 p‘rmitlil
3103 1675 3120 1713 :
3152 1660 3205 1712 id
3251 1668 3325 1713 est
3370 1666 3532 1711 matre

1980 1732 2158 1797 amita,
2185 1745 2423 1796 germana
2445 1739 2491 1782 et
2512 1730 2627 1783 aliis
2654 1729 2966 1796 huiusmodi,
2990 1730 3053 1783 de
3075 1731 3253 1799 quibus
3279 1744 3435 1792 prava
3457 1743 3554 1782 non

304 1802 389 1855 bus
432 1791 646 1871 degunt,
693 1801 835 1855 nullo
883 1791 1033 1855 modo
1079 1791 1312 1870 patiaris,
1366 1801 1584 1868 exceptis
1631 1801 1703 1853 eis
1745 1815 1874 1869 quas
1905 1791 1954 1852 B
1982 1791 2272 1868 possit'esse
2301 1800 2546 1867 suspicio.

310 1928 3538 1962 -————————-————-————-—-————-—-—-——-————————-—-v

1209 2024 1941 2109 OPUSCULUM
2019 2022 2643 2112 OCTAVUM.

802 2189 816 2218 ι
852 2189 1298 2241 νιςτισιιοιιιυιιί
1334 2189 1482 2255 quo
1519 2187 1890 2237 ansam-ru

1988 2188 2097 2236 EST
2133 2188 2535 2238 GERONTIUB
2570 2189 2759 2238 PUER
2796 2189 3106 2238 AGAPI‘I'I.

372 2391 513 2445 Deus
540 2390 740 2446 arbiter
780 2390 1140 2445 universitatis
1170 2398 1224 2444 et
1253 2388 1498 2454 conditor
1521 2387 1608 2442 illa
1650 2403 1737 2443 res
1781 2389 1881 2442 bu-

300 2497 483 2538 manas
523 2485 676 2539 lance
722 2482 1017 2553 dispensat,
1069 2491 1125 2537 ut
1166 2491 1220 2537 et
1267 2481 1450 2536 ﬁdeles
1496 2481 1774 2551 prazmium
1825 2490 1881 2536 et

301 2593 513 2650 ptenam
556 2579 785 2635 rebelles
828 2578 1113 2648 accipiant.
1162 2576 1342 2632 Lassis
1391 2576 1533 2632 enim
1574 2576 1885 2629 devotorum

301 2671 571 2742 obsequiis
612 2670 971 2726 valetudinem
1020 2669 1205 2724 tribuit
1238 2687 1250 2722 :
1284 2668 1407 2723 dum
1458 2669 1694 2723 muneris
1732 2666 1885 2720 obla-

305 2762 455 2817 tione
478 2762 743 2817 succurrit
769 2778 783 2815 :
814 2760 987 2831 perdit
1011 2760 1209 2815 laboris
1250 2758 1561 2815 memoriam
1593 2772 1743 2813 mens
1774 2767 1885 2811 ter-

314 2854 465 2909 renis
506 2853 727 2922 obligata
771 2852 1079 2908 carceribus
1099 2894 1113 2917 ,
1138 2852 1385 2921 qu0tiens
1415 2849 1493 2904 illi
1521 2848 1887 2904 vicissitudine

315 2944 663 3002 subvenitur:
691 2945 741 2999 in
768 2944 1041 3015 antiquum
1063 2943 1273 2999 sudoris
1288 2942 1589 3011 juvenescit
1612 2940 1881 3007 allectum,

304 3039 396 3109 qui
436 3037 806 3093 necessitatem
833 3036 1017 3106 gratia:
1046 3035 1203 3090 melle
1229 3041 1543 3088 commutat.
1566 3032 1882 3087 Sanctorum

300 3144 497 3201 pinnas,
515 3129 643 3184 dum
669 3143 865 3185 corona
887 3128 1158 3198 qumrilur,
1183 3125 1516 3195 abjurantnr.
1539 3121 1640 3178 Cui
1662 3121 1881 3177 dubium

309 3233 411 3289 est,
436 3221 580 3293 quod
611 3237 711 3276 nec
758 3220 828 3275 ad
863 3220 1055 3275 caelum
1085 3219 1200 3274 sine
1224 3216 1255 3271 li

309 3315 627 3370 acceditur?
660 3313 920 3367 lmitanda
951 3320 1077 3366 sunt
1098 3309 1413 3388 mortalibus
1461 3306 1593 3361 duce
1632 3305 1890 3374 sapientia

309 3405 424 3471 illa,
451 3405 643 3475 quibus
673 3412 909 3459 aeternus
936 3402 1068 3456 ordo
1096 3400 1432 3469 componitur
1459 3415 1474 3451 :
1499 3405 1780 3452 secuturus
1811 3402 1895 3449 est

305 3498 519 3550 animus
563 3496 792 3560 actibus,
837 3492 978 3548 unde
1024 3491 1252 3561 sumpsit
1295 3489 1576 3558 originem,
1621 3486 1745 3540 dum
1785 3486 1895 3541 Deo

308 3588 508 3642 devote
569 3586 888 3641 famulantes
955 3589 1101 3655 quod
1159 3581 1545 3651 prmstolamur,
1596 3578 1889 3633 oﬂ'erimus.

318 3678 367 3731 Δ
406 3691 631 3748 superna
687 3676 833 3732 enim
880 3674 1289 3731 conversatione
1332 3686 1438 3727 non
1485 3670 1772 3739 discrepat,
1806 3667 1896 3738 qui

311 3769 470 3825 talem
499 3767 917 3840 obsequentibus
940 3763 1198 3836 impendit
1219 3762 1512 3831 dominum,
1548 3759 1759 3831 qualem
1793 3757 1898 3814 sibi

308 3862 425 3918 vult
455 3876 577 3918 esse
605 3861 796 3915 salutis
825 3869 1117 3915 auctorem.
1150 3856 1457 3913 Gerontium
1502 3854 1701 3923 itaque,
1745 3851 1897 3921 cujus

310 3968 344 4008 a
378 3969 465 4008 me
514 3960 792 4023 comperta
854 3950 1007 4016 ﬁdes,
1057 3947 1249 4019 pudor,
1300 3945 1596 4016 integritas,
1637 3951 1691 3997 et
1734 3942 1899 4011 exigit

320 4046 644 4111 libertatem,
688 4052 743 4099 et
782 4042 894 4098 suis
935 4040 1152 4095 dotibus
1198 4037 1504 4102 innotescit,
1536 4049 1631 4104 per
1661 4047 1898 4104 praesens

322 4137 638 4209 petitorium
683 4150 713 4190 a
765 4132 1093 4191 beatitudine
1139 4139 1313 4187 vestra
1340 4129 1596 4185 Romanae
1637 4125 1898 4195 deprecor

388 4273 406 4303 ³
448 4269 761 4326 Petitorium
804 4281 903 4335 quo
949 4264 1212 4335 absolutus
1256 4269 1330 4315 est
1352 4257 1675 4335 _Geront_ius_]
1714 4256 1898 4311 Manu-

312 4343 601 4397 missiones
622 4340 746 4393 olim
778 4328 830 4392 in
856 4336 1089 4391 Ecclesia
1119 4333 1335 4395 liebant,
1352 4329 1610 4385 beneficio
1634 4328 1899 4383 Constan-

312 4414 409 4468 tini
449 4412 648 4480 Magni,
677 4409 828 4477 cujus
867 4405 1163 4480 exstat_lex
1202 4403 1266 4480 ad
1301 4402 1659 4480 Protogenem
1685 4400 1896 4480 episeo-

311 4499 439 4553 pum
472 4467 869 4553 Sa'i'dicensem,
897 4491 1016 4547 quae
1043 4473 1323 4553 formulam
1352 4467 1613 4553 declarat.
1655 4469 1777 4553 cod.
1823 4467 1897 4553 pe

313 4537 400 4610 bis
424 4537 517 4623 qui
540 4555 593 4607 in
623 4537 868 4623 Ecclesia
900 4537 1377 4623 manumittuntur.
1400 4541 1519 4623 1am
1558 4540 1754 4623 dudum
1783 4537 1898 4619 plq-

314 4608 523 4689 cuit,'ut
569 4624 625 4676 in
666 4619 895 4673 Ecclesia
939 4615 1204 4689 catholicd
1237 4614 1529 4689 libertatem.
1556 4608 1761 4689 domini.
1788 4608 1894 4689 suis

316 4679 526 4763 famulis
556 4701 795 4763 prwstare
824 4688 1034 4763 possint,
1057 4684 1215 4763 si__sub
1244 4693 1449 4763 aspectu
1477 4679 1632 4763 plebis
1660 4679 1897 4763 assistant

318 4750 451 4818 iibus
478 4750 887 4816 Christianorum
903 4750 1208 4811 antistitibus
1238 4750 1449 4823 faciant,
1466 4761 1518 4804 ut
1546 4760 1749 4820 prepter
1773 4750 1897 4823 facti

319 4835 618 4889 memoriam
637 4833 742 4885 vice
764 4841 990 4882 actorum
1017 4820 1365 4895 interponatur
1390 4823 1750 4895 qualiscunque
1773 4820 1901 4895 scri-

318 4916 489 4973 ptura,
518 4907 572 4955 in
598 4918 698 4971 qua
730 4901 841 4973 ipsi
878 4899 991 4973 vice,
1019 4889 1219 4973 testium
1242 4896 1466 4973 signent...
1488 4891 1813 4973 Augustinus
1841 4889 1895 4971 ita

320 4959 573 5029 sermone
603 4959 836 5025 nondum
863 4973 879 4992 '
910 4968 1075 5031 edito,
1104 4965 1197 5021 sed
1222 4959 1313 5033 qui
1341 4978 1371 5017 a
1409 4964 1520 5016 Nic.
1548 4961 1720 5015 Fabro
1751 4959 1897 5014 brevi

323 5044 495 5099 lucem
521 5057 643 5098 cum
666 5041 783 5095 aliis
802 5046 1079 5108 exspectat
1106 5054 1118 5089 :
1146 5037 1354 5091 Servum
1383 5041 1524 5087 tuum
1542 5033 1898 5085 manumitten-

352 5187 1961 5218 Μ

1989 2365 2224 2419 civitatis
2267 2366 2496 2435 gaudere
2530 2367 2800 2422 consortio
2832 2386 2845 2422 :
2877 2368 3029 2437 cujus
3076 2381 3176 2437 ego
3218 2367 3559 2427 absolutionis

1989 2470 2095 2512 non
2148 2465 2255 2510 tam
2301 2457 2539 2528 largitor,
2566 2473 2724 2528 quam
2769 2459 2916 2513 testis
2946 2459 3116 2513 existo
3145 2475 3159 2514 :
3189 2458 3392 2528 abjecta
3422 2460 3562 2517 enim

1989 2556 2133 2604 esset
2180 2558 2367 2604 natura
2439 2551 2738 2620 designati,
2788 2551 2887 2605 nisi
2958 2552 3194 2606 moribus
3239 2552 3563 2620 vulgaretur.

1990 2639 2138 2694 Hunc
2188 2640 2400 2710 quidem
2457 2655 2573 2695 sum
2620 2641 2814 2696 dudum
2850 2644 3234 2698 interveniente
3277 2653 3564 2697 commuta-

1991 2728 2138 2785 tione
2165 2739 2430 2785 mercatus
2460 2747 2474 2783 :
2502 2730 2594 2785 sed
2620 2730 2742 2799 quia
2771 2731 2973 2787 nullum
3012 2742 3093 2787 est
3118 2731 3291 2801 majus
3327 2746 3564 2786 commo-

1992 2821 2117 2877 dum
2144 2837 2303 2891 quam
2347 2820 2476 2876 illud
2516 2821 2657 2892 quod
2702 2836 2947 2877 serenum
2990 2838 3212 2878 examen
3239 2824 3565 2893 assequitur;

1992 2912 2125 2982 elegi
2148 2914 2375 2982 palmam
2404 2911 2615 2982 judicii,
2644 2928 2801 2983 quam
2830 2914 2895 2967 de
2924 2914 3181 2983 acquisito
3206 2914 3402 2984 habere
3423 2930 3567 2970 com~

1995 3004 2242 3075 pendium
2279 3022 2293 3059 :
2327 3006 2563 3060 ostendit
2592 3006 2722 3059 mibi
2749 3008 2890 3075 justa
2922 3006 3155 3073 prmdicti
3184 3008 3416 3061 servitus
3444 3022 3567 3076 per-

1992 3109 2179 3149 sonam
2211 3111 2316 3149 non
2355 3108 2474 3149 esse
2512 3095 2785 3150 servilem.
2833 3095 2975 3162 Ergo
3013 3095 3285 3148 nominato
3327 3110 3432 3149 non
3465 3104 3568 3153 tam

1261 3183 1413 3272 duci,
1442 3211 1886 3270 remunerationis
1913 3184 1960 3248 C
1988 3186 2147 3255 cupio
2178 3185 2560 3254 ingenuitatem
2603 3184 2786 3249 tribui,
2818 3199 2974 3254 quam
3005 3183 3213 3237 refundi
3243 3200 3257 3237 :
3290 3183 3399 3238 scio
3430 3183 3569 3252 quod

1997 3288 2142 3335 recte
2178 3278 2284 3333 vile
2328 3292 2524 3332 nomen
2554 3276 2842 3347 expulerit,
2873 3278 2960 3345 qui
2991 3284 3114 3330 ante
3141 3276 3402 3345 ingenuus
3424 3276 3571 3332 credi

1996 3371 2209 3437 meruit,
2265 3385 2421 3441 quam
2469 3370 2669 3425 vocari.
2726 3370 2968 3423 Rentisso
3013 3383 3140 3438 ergo
3187 3367 3255 3422 ab
3302 3382 3387 3434 eo,
3434 3369 3573 3437 quod

1999 3465 2128 3519 mibi
2166 3463 2479 3528 debebatur,
2519 3461 2796 3531 obsequio,
2823 3477 2978 3530 quam
3010 3476 3158 3515 suam
3198 3476 3319 3517 esse
3351 3475 3575 3517 conver~

1998 3554 2205 3609 satione
2248 3554 2446 3620 docuit,
2495 3553 2668 3607 eidem
2720 3553 2942 3607 restituo
2982 3552 3275 3607 libertatem
3320 3570 3334 3607 :
3377 3554 3575 3623 suppli-

1998 3659 2127 3700 cans
2162 3659 2375 3701 corona:
2410 3653 2622 3710 vestrae,
2656 3653 2713 3697 ut
2740 3644 2903 3713 gestis
2933 3643 3305 3699 ecclesiasticis
3334 3659 3399 3699 ex
3429 3646 3576 3702 omni

1999 3740 2336 3796 obnoxietate
2381 3737 2654 3801 solvatur;
2708 3746 2767 3790 ut
2817 3746 3075 3806 perpetuo
3122 3737 3376 3791 Romana:
3429 3729 3607 3793 urbis'

1999 3832 2168 3901 possit
2214 3828 2483 3884 exsultare
2531 3826 2796 3895 collegio,
2842 3827 2986 3881 omni
3044 3828 3253 3896 peculio
3308 3844 3406 3882 suo
3460 3829 3580 3884 sine

1999 3923 2177 3994 aliqua
2226 3921 2598 3976 imminutione
2644 3934 2903 3975 concesso
2938 3937 2950 3974 :
2989 3935 3090 3975 nec
3116 3920 3196 3975 i‘as
3232 3930 3315 3975 est
3342 3921 3482 3977 enim
3510 3923 3579 3978 de

2000 4014 2275 4085 acquisitis
2321 4013 2611 4083 quidquam
2666 4013 2852 4079 minui,
2904 4026 3060 4082 quem
3112 4012 3371 4082 polliceor
3418 4014 3573 4071 donis

2000 4107 2159 4162 etiam
2186 4105 2478 4176 potioribus
2502 4103 2957 4174 subsequendum.

2001 4226 2120 4278 dum
2148 4224 2287 4277 ducis
2315 4223 2366 4275 in
2399 4219 2656 4275 ecclesiam
2686 4236 2702 4273 :
2730 4218 3212 4285 recitaturlibcllus,
3236 4228 3322 4274 aut
3357 4220 3413 4286 ,ει
3440 4220 3575 4273 desi-

2001 4295 2128 4347 derii
2158 4295 2232 4347 tui
2257 4293 2555 4364 prosecutio.
2590 4291 2730 4343 Dicis
2751 4302 2797 4343 te
2817 4301 3175 4364 serrumtnum
3207 4292 3571 4364 manumittere,

2000 4366 2087 4430 qui
2137 4364 2225 4416 tibi
2258 4360 2331 4414 'in
2377 4362 2609 4413 omnibus
2659 4363 2925 4430 servaverit
2966 4360 3151 4430 ﬁdem.
3207 4361 3331 4427 Ejus
3373 4360 3577 4429 antiqui

2002 4428 2168 4488 [noris
2204 4431 2515 4501 praeclarum
2558 4431 2644 4501 hic
2690 4428 2991 4501 exetnplum
3029 4430 3079 4481 in
3115 4429 3368 4501 Gerontio
3392 4428 3573 4501 servo,

2002 4519 2157 4572 quem
2190 4498 2438 4556 dominus
2466 4500 2604 4569 apud
2627 4499 2933 4572 episcopum
2965 4498 3309 4572 tuauumittit.
3344 4498 3577 4572 Alter_ius

1922 4561 1976 4623 Ι)
2002 4561 2129 4644 ergo
2174 4573 2389 4644 nomine
2411 4561 2682 4644 scriptum
2715 4561 3003 4644 hocietiam
3031 4568 3341 4644 opusculum
3374 4570 3440 4620 ab
3469 4567 3577 4644 En-

2004 4639 2188 4710 no'dio,
2214 4642 2423 4712 Agapiti
2454 4639 2723 4707 nimirum,
2748 4640 2899 4708 cujus
2923 4653 3112 4693 nomen
3139 4640 3289 4690 titulo
3311 4639 3531 4712 apposui
3558 4654 3574 4693 :

2005 4717 2127 4785 quia
2160 4709 2209 4769 in
2238 4709 2505 4769 veteribus
2550 4711 3030 4785 libris‘Genon'nus
3068 4723 3201 4762 PUER
3240 4722 3316 4785 ss._
3358 4709 3571 4785 dicitur,

2006 4779 2108 4841 lioc
2146 4796 2227 4840 est
2282 4784 2647 4852 suprascripti.
2692 4782 2983 4849 Subjicitur
3020 4789 3196 4833 autem
3234 4779 3475 4848 epistolae
3506 4779 3573 4834 ad

2005 4859 2310 4926 Agapitum,
2336 4869 2452 4923 quae
2472 4864 2554 4908 est
2582 4854 2614 4907 6
2646 4853 2734 4905 lib.
2762 4868 2834 4905 IV.

2034 4970 2037 4971 ν
2068 4993 2087 5011 "
2113 4989 2282 5041 Editus
2306 4992 2474 5050 postea
2495 4998 2601 5037 tum
2626 4983 2731 5032 aliis
2752 4983 2811 5033 39
2834 4982 2894 5031 ab
2916 4983 3021 5044 ipso
3041 4980 3311 5032 Sirmondo.

1965 5172 3561 5201 W

1325 5252 2063 5343 OPUSCULUM
2119 5247 2583 5333 NONUM.

1590 5398 1605 5427 ¹
1636 5397 2082 5449 Βεκευιοτιο
2127 5393 2347 5442 GEBEI
2358 5424 2371 5440 .

401 5573 442 5630 1.
484 5575 709 5645 Dignum
748 5578 804 5628 et
831 5572 1031 5642 justum
1062 5576 1160 5625 est.
1190 5567 1329 5623 Vere
1357 5564 1573 5634 dignum
1612 5570 1665 5616 et
1700 5561 1904 5630 justum

332 5676 431 5732 est,
471 5678 527 5721 ut
552 5665 695 5734 quod
722 5680 751 5719 a
782 5674 856 5736 te,
886 5664 1132 5727 Domine,
1175 5660 1497 5730 accepimus,
1527 5669 1689 5726 prece
1717 5652 1908 5708 saltem

408 5801 422 5829 ¹
467 5797 757 5852 Benedictio
785 5796 931 5869 cerei]
968 5797 1167 5851 Harum
1191 5793 1444 5869 alteram,
1473 5803 1592 5869 quae
1617 5787 1912 5869 posteriore

333 5868 450 5926 10:0
481 5872 655 5943 posita
684 5877 787 5939 cst,
815 5857 954 5925 nun'c
986 5868 1213 5940 primum
1244 5863 1474 5920 edimus.
1510 5857 1787 5915 Pertineut
1815 5871 1912 5915 att-

2011 5565 2065 5610 et
2093 5568 2222 5608 voce
2251 5553 2536 5607 solvamus.
2580 5550 2647 5605 Et
2677 5551 2799 5605 licet
2825 5560 3005 5604 nostra
3040 5550 3215 5615 lingua
3244 5543 3476 5600 auctoris
3504 5544 3583 5605 sui

2014 5647 2285 5703 beneficiis
2311 5645 2470 5715 digno
2491 5659 2821 5716 nequaquam
2842 5641 3167 5712 respondere
3190 5640 3356 5711 possit
3381 5638 3544 5696 all‘atu
3568 5655 3585 5695 :

2021 5792 2126 5838 tem
2168 5778 2235 5835 ad
2279 5780 2507 5849 priscam
2556 5788 2610 5834 et
2648 5778 2940 5849 solemnem
2991 5775 3044 5828 in
3076 5776 3302 5849 ecclesia
3331 5777 3471 5833 cerei
3500 5791 3590 5845 pa.

2022 5852 2214 5911 schalis
2238 5846 2697 5921 consuetudinem,
2727 5846 2878 5921 cujus
2898 5855 3168 5906 auctorem
3195 5846 3465 5907 Zosimutn
3494 5862 3589 5923 pa-
