4192 6260
578 350 682 407 259

1720 342 1988 400 ENNODII
2017 338 2318 399 EPISCOPI
2348 340 2724 399 TICINENSIS

3731 330 3832 389 260

580 461 693 515 vult
719 462 895 515 tamen
917 457 1097 515 divino
1113 455 1369 530 mysterio
1390 454 1699 526 profecisse,
1724 455 1863 522 quod
1892 453 2028 509 facta
2048 462 2152 508 est.
2183 459 2238 520 Α
2261 453 2513 524 Agnoscit
2540 454 2627 509 hic
2655 455 2873 510 odorem
2908 465 3063 508 suum
3092 448 3383 507 salutiferae
3408 444 3630 517 virginis
3669 445 3833 516 ﬁlius,

580 553 712 606 Nam
744 566 863 606 cum
913 550 1127 606 caeteris
1173 546 1492 603 animalibus
1544 545 1789 602 hebetata
1820 545 2160 616 caligantium

580 644 879 700 crassitudo
918 645 987 697 sit
1025 656 1301 709 sensuum,
1328 649 1517 696 vernat
1558 640 1612 694 in
1663 639 1765 694 hoc
1808 639 2162 710 dispositione

582 737 848 792 dominica
878 735 1153 791 hominum
1200 734 1409 789 factura
1454 732 1813 803 praestantior,
1854 733 2000 802 quod
2048 735 2162 790 sola

582 829 796 884 uberius
823 834 1003 898 potest
1021 826 1226 882 sentire
1258 827 1514 880 factorem
1548 840 1562 876 :
1589 837 1708 893 quae
1740 830 1920 877 tamen
1950 824 2163 902 cernuis

581 929 664 974 cst
688 919 937 975 socianda
966 928 1113 975 recte
1151 916 1461 987 pecudibus,
1489 915 1537 971 si
1563 913 1800 970 caelestis
1830 914 2017 983 ignara
2046 929 2165 968 mu-

580 1012 747 1077 neris,
802 1011 948 1065 velut
993 1010 1244 1080 elinguis,
1294 1007 1551 1062 beneﬁcia
1601 1005 1860 1059 divinitus
1911 1017 2165 1060 concessa

582 1104 884 1160 concludat.
913 1103 1045 1158 Nam
1077 1111 1134 1157 ut
1162 1101 1392 1156 absolvit
1419 1115 1448 1154 a
1476 1098 1702 1154 crimine
1746 1097 1800 1152 in
1843 1097 2166 1152 holocaustis

583 1198 839 1269 mysticis,
874 1212 980 1251 non
1009 1196 1207 1251 habere
1235 1195 1376 1265 quod
1403 1192 1596 1248 oﬁeras
1624 1210 1637 1245 :
1670 1193 1742 1246 ita
1773 1191 1930 1261 digna
1957 1189 2167 1261 piaculo

582 1302 670 1342 res
709 1297 810 1352 est,
851 1285 1121 1342 offerenda
1152 1284 1490 1341 subtrahere.
1519 1282 1683 1338 Parili
1713 1295 1940 1351 namque
1966 1280 2166 1352 judicio

588 1382 887 1436 censendus
920 1391 1021 1445 est,
1054 1389 1109 1435 et
1136 1380 1225 1448 qui
1272 1391 1538 1446 nunquam
1588 1376 1822 1445 loquitur
1869 1389 1963 1442 per
2010 1382 2167 1427 natu-

586 1488 720 1538 ram,
745 1481 799 1526 et
820 1472 909 1541 qui
939 1471 1077 1539 quod
1102 1470 1353 1539 loquitur,
1377 1482 1484 1522 non
1504 1465 1681 1521 reddit
1700 1466 1926 1519 auctori.
1945 1462 2165 1525 idcirco,

587 1563 832 1631 Domine,
866 1562 1112 1631 stupendi
1140 1561 1294 1629 hujus
1318 1559 1493 1629 opifex
1524 1556 2041 1626 elementi,aliquam
2073 1553 2170 1609 tibi

585 1671 616 1711 a
646 1655 797 1711 nobis
826 1654 979 1710 reddi
1020 1653 1288 1709 credimus
1316 1650 1503 1707 humili
1544 1649 1911 1705 satisfactione
1940 1646 2170 1717 particu-

585 1745 712 1814 lam,
741 1746 881 1816 quod
912 1754 1080 1799 totum
1101 1741 1476 1812 cognoscimus
1502 1754 1601 1794 nos
1627 1739 1847 1797 debere.
1872 1738 2004 1804 Quis
2023 1737 2168 1793 enim

2262 544 2349 600 ubi
2385 545 2501 600 sine
2541 545 2681 600 coitu
2722 545 2957 601 nascitur
2982 540 3235 615 quidquid
3275 540 3518 596 olfertur.
3550 536 3668 592 Non
3696 536 3838 593 enim

2262 634 2350 689 hic
2379 635 2677 690 turicremis
2712 634 3007 690 Panchazus
3054 632 3297 689 adoletur
3346 631 3481 701 ignis
3532 628 3836 684 altaribus:

2261 738 2371 778 non
2417 725 2483 779 ad
2506 725 2659 779 triste
2703 723 3060 780 ministerium
3113 731 3408 778 extremum
3461 719 3705 791 mugiens
3743 718 3843 774 bos

2264 828 2517 884 percussa
2560 814 2775 869 litatur:
2822 830 2928 870 non
2972 814 3245 870 bidentum
3280 812 3421 867 fetus
3458 809 3724 866 carniﬁcis
3751 821 3848 879 po-

2264 908 2395 974 tius,
2442 921 2603 977 quam
2650 907 2944 963 sacerdotis
3000 921 3184 963 mucro
3222 905 3482 961 desecuit.
3532 902 3742 958 Sufﬁcit
3777 900 3843 959 ad

2265 1005 2661 1073 reparationem
2687 1004 3000 1060 aeternitatis
3025 1003 3269 1074 perditae,
3301 1000 3441 1070 quod
3470 1014 3575 1054 non
3601 1013 3630 1052 a
3661 998 3812 1053 nobis
3830 1038 3873 1082 ,⁸

2266 1096 2365 1152 sed
2411 1110 2506 1163 pro
2532 1097 2705 1162 nobis,
2729 1099 2911 1169 Agnus
2934 1098 3142 1153 occisus
3172 1102 3275 1151 est.
3307 1094 3497 1149 Procul
3526 1093 3648 1147 hinc
3678 1093 3849 1147 aberit

2266 1187 2459 1244 lanista
2483 1188 2755 1259 Judaicus,
2784 1193 2872 1261 qui
2906 1205 3001 1261 per
3024 1190 3303 1245 cicatrices
3333 1188 3611 1259 inguinum
3642 1188 3850 1242 animas

2269 1278 2372 1334 sibi
2415 1281 2701 1350 acquisitas
2751 1289 2829 1337 tot
2877 1281 3016 1337 solet
3064 1295 3351 1337 numerare
3402 1290 3535 1351 quot
3578 1280 3848 1336 vulnerat.

2270 1375 2473 1432 Christi
2526 1380 2691 1432 nostri
2748 1378 2997 1434 libamina
3047 1379 3276 1433 infucata
3324 1378 3667 1449 simplicitate
3695 1386 3857 1435 com-‘

2271 1466 2505 1536 plentur.
2536 1466 2748 1538 Peragit
2770 1469 3156 1526 dedicationem
3188 1472 3427 1540 corporis
3465 1472 3655 1539 nostri,
3690 1487 3851 1542 crux,

2273 1560 2437 1625 nuda,
2471 1560 2755 1617 confessio.
2794 1561 2871 1617 Te
2904 1577 3031 1632 ergo
3060 1576 3385 1633 quaesumus,
3413 1562 3655 1633 Domine,
3688 1571 3747 1618 ut
3775 1562 3853 1618 si-

2275 1659 2365 1705 cut
2387 1651 2560 1721 typico
2600 1652 2770 1720 prisca
2822 1652 3097 1723 mysterio,
3159 1655 3232 1708 ita
3288 1654 3592 1709 renovanda
3640 1656 3854 1725 agmina

2276 1738 2437 1794 ducat
2466 1739 2578 1795 haec
2598 1742 2845 1797 columna
2875 1751 3020 1798 trans
3056 1744 3294 1814 gurgites
3327 1752 3559 1800 :mstuet
3580 1745 3734 1801 nobis
3769 1760 3857 1802 se-

584 1837 721 1892 alius
753 1846 948 1907 praeter
976 1844 1027 1889 te
1057 1832 1242 1887 mundi
1285 1830 1539 1886 fabricam
1569 1829 1951 1901 perpendiculo
1980 1844 2174 1899 repen-
2199 1826 2251 1889 B
2276 1832 2405 1887 mita
2432 1842 2728 1902 prazparata
2775 1848 2870 1903 per
2912 1834 3098 1903 maria,
3146 1843 3205 1890 et
3246 1835 3395 1889 sitiat
3419 1835 3574 1891 callis
3600 1836 3830 1905 pulveru

583 1930 708 1983 tinae
730 1926 985 1997 jussionis
1023 1934 1263 1980 exactam
1306 1923 1465 1977 biﬁda
1506 1921 1825 1977 auctoritate
1867 1920 2168 1986 solidavit;

583 2032 702 2073 cum
734 2019 960 2087 primum
1002 2016 1251 2086 praecepti
1292 2016 1365 2069 tui
1407 2014 1669 2069 miraculo
1693 2022 1834 2068 terra
1862 2015 2172 2084 coagulare—

585 2118 669 2164 tur
698 2111 748 2164 in
780 2110 1011 2181 pelagus,
1050 2119 1102 2167 et
1139 2108 1382 2166 deductis
1411 2107 1610 2164 deinde
1653 2122 1913 2181 aquarum
1944 2107 2171 2176 impres-

583 2202 821 2258 sionibus
844 2203 932 2257 illa
974 2202 1227 2272 naufraga
1268 2209 1386 2270 post
1414 2200 1633 2255 sitiret?
1671 2198 1835 2268 Cujus
1860 2198 2170 2262 etiam,rnisi

584 2303 688 2351 tuae
744 2295 1134 2365 investigabilis
1177 2294 1288 2349 fotu
1334 2294 1592 2363 jussionis
1641 2300 1891 2361 suscepta
1927 2290 2170 2361 germina

584 2387 927 2443 nutriuntur?
957 2388 1047 2457 qui
1069 2386 1303 2441 calorem
1326 2387 1495 2458 gignit
1521 2384 1733 2457 infusis,
1766 2384 1856 2454 qui
1889 2383 2168 2439 humorem

583 2477 748 2533 stillat
776 2478 1084 2534 arentibus?
1113 2480 1224 2549 qui,
1248 2479 1351 2544 nisi
1373 2479 1513 2533 Deus
1531 2486 1735 2544 noster,
1770 2476 2024 2533 succidua
2047 2476 2171 2545 jun-

583 2566 661 2642 git
707 2569 1039 2639 temporibus
1087 2578 1347 2639 tempora,
1381 2583 1609 2639 quorum
1664 2578 1819 2622 terra:
1867 2565 2007 2622 fetus
2029 2582 2172 2624 nunc

585 2660 708 2731 igne
744 2663 1067 2725 fervescant,
1110 2676 1252 2716 nunc
1291 2659 1462 2729 glacie
1507 2666 1890 2728 temperentur,
1919 2671 2059 2713 nunc
2086 2667 2168 2714 te-

584 2766 716 2823 pore
743 2751 1063 2817 animentur,
1094 2766 1235 2806 nunc
1258 2750 1443 2808 bibulo
1479 2750 1688 2821 liquore
1718 2751 2169 2820 conspergantur?

584 2846 714 2914 Quis
738 2846 851 2902 haec
877 2845 1055 2901 omnia
1084 2852 1139 2900 et
1165 2845 1293 2901 fecit
1338 2860 1404 2901 ex
1456 2844 1646 2910 nihilo,
1689 2853 1742 2899 et
1795 2858 1891 2914 per
1935 2844 2171 2914 lucisja—

584 2952 743 3009 uuam
785 2952 816 2991 a
864 2945 1135 3007 perpetua:
1177 2936 1350 2992 noctis
1390 2934 1543 2990 furva
1588 2933 1852 2990 densitate
1889 2933 2165 3007 discrevit,

584 3027 813 3098 fecitque
860 3026 1164 3097 perenniter
1209 3028 1470 3083 laudanda
1502 3027 1854 3097 dispositione
1874 3024 2168 3098 piissimus,

584 3129 704 3190 post
736 3118 866 3173 lucis
885 3118 1183 3176 claritatem
1223 3136 1333 3176 non
1362 3120 1573 3193 horreri
1610 3122 1862 3177 tenebras
1893 3134 2170 3181 reverten-

2278 1922 2453 1979 lentus
2500 1924 2553 1979 in
2598 1924 2868 1980 ﬂuctibus.
2918 1925 3061 1981 Nihil
3108 1925 3196 1980 hic
3234 1932 3317 1981 est
3350 1926 3404 1981 in
3425 1941 3529 1996 quo
3556 1925 3856 1996 discrepent

2275 2016 2489 2085 antiqua
2530 2015 2683 2070 novis
2711 2025 2803 2072 aut
2850 2016 3108 2073 moderna
3161 2017 3453 2073 veteribus.
3510 2017 3587 2071 Tu
3636 2031 3854 2086 semper

2272 2108 2416 2164 idem
2448 2108 2701 2164 Dominus
2721 2117 2776 2165 et
2793 2108 3046 2166 sacerdos
3073 2115 3398 2166 memoratus
3419 2122 3515 2178 per
3536 2107 3864 2178 prophetas.

2272 2199 2372 2255 Hic
2401 2209 2484 2256 est
2512 2199 2579 2255 ad
2609 2201 2760 2269 cujus
2792 2208 3062 2269 precatum
3091 2199 3292 2255 fluenta
3321 2200 3612 2264 siccentur,
3643 2207 3701 2253 ut
3747 2198 3856 2254 He-

2272 2290 2450 2348 braeus
2480 2300 2731 2359 transeat,
2778 2291 3059 2365 Egyptius
3110 2292 3462 2362 deprimatur,
3499 2300 3556 2347 et
3584 2290 3775 2347 mersis
3801 2291 3856 2348 in

2272 2397 2410 2452 aqua
2462 2384 2797 2454 corporibus,
2873 2383 2990 2439 sola
3042 2385 3239 2440 sentiat
3287 2384 3445 2452 culpa
3497 2382 3855 2453 naufragium.

2273 2473 2387 2530 Hoc
2408 2483 2585 2530 autem
2636 2475 2752 2542 tibi,
2809 2473 3054 2541 Domine,
3098 2484 3262 2532 castae
3291 2474 3606 2545 operatricis
3636 2490 3851 2545 munus,

2272 2574 2330 2620 et
2357 2564 2493 2620 hanc
2523 2564 2734 2621 intactae
2770 2564 2959 2629 matris
2984 2564 3227 2622 sobolem
3268 2565 3733 2630 commendamus;
3759 2579 3859 2636 per

2272 2671 2434 2728 quam
2472 2666 2707 2713 meretur
2736 2657 2933 2713 habere
2962 2666 3101 2713 terra
3142 2658 3285 2727 quod
3315 2657 3438 2713 coeli
3465 2666 3550 2715 est
3579 2674 3595 2713 :
3620 2672 3735 2729 quae
3763 2673 3850 2727 pet

2274 2746 2462 2805 domos
2491 2763 2677 2804 cereas
2707 2747 2889 2804 divino
2934 2750 3130 2820 stipant
3170 2748 3331 2805 mella
3355 2750 3671 2819 compendio
3700 2767 3713 2803 :
3739 2750 3859 2821 qui-

2274 2838 2376 2895 bus
2404 2855 2565 2896 cansa
2604 2851 2687 2897 est
2734 2856 3037 2898 numerosae
3069 2842 3345 2913 progeniei
3393 2845 3630 2899 nescisse
3673 2842 3858 2913 conju-

2273 2930 2419 3001 gium
2452 2947 2467 2985 :
2497 2946 2565 2987 ne
2593 2931 2718 2987 dum
2745 2934 3055 3003 c0pularum
3084 2932 3308 2988 nexibus
3334 2941 3678 3003 occupantur,
3709 2932 3856 2988 labo-

2275 3023 2427 3078 randi
2456 3033 2663 3095 tempus
2686 3023 2959 3096 eﬁ‘ugiant,
2987 3033 3043 3081 et
3069 3033 3378 3095 exspectent
3399 3033 3457 3079 ut
3477 3024 3678 3095 prolem
3704 3030 3856 3081 suam

2281 3114 2493 3185 turgida
2515 3116 2671 3171 alvus
2696 3114 2955 3183 effundat,
2986 3131 3141 3185 quam
3165 3116 3449 3172 herbarum
3476 3115 3624 3172 lucro
3644 3115 3856 3189 diligen~

586 3218 666 3264 tes
702 3224 795 3278 per
822 3209 1027 3263 dierum
1056 3210 1209 3266 dies?
1231 3210 1360 3278 Quis
1383 3220 1434 3267 te
1455 3211 1541 3266 vel
1577 3210 1769 3280 dignus
1793 3222 1887 3266 aut
1915 3213 2172 3273 facundus
2197 3202 2247 3269 C
2278 3208 2382 3264 tius
2412 3218 2634 3279 possunt
2680 3224 2776 3267 ore
2823 3209 3135 3281 proﬂigare,
3157 3225 3311 3280 quam
3354 3210 3581 3267 semine-
3613 3210 3668 3265 in
3700 3210 3856 3281 hujus

584 3300 826 3356 laudator
854 3299 1141 3369 eloquitur,
1164 3300 1316 3370 cujus
1352 3302 1634 3357 terminata
1661 3301 1968 3357 distributio
1988 3318 2173 3363 succe-

585 3393 746 3448 dente
776 3392 1031 3447 varietate
1070 3391 1129 3446 ﬁt
1160 3393 1401 3461 gratior:
1448 3406 1555 3462 quo
1588 3392 1815 3461 jubente
1842 3392 2053 3449 dulcior
2080 3396 2172 3451 lux

588 3494 690 3552 est,
719 3499 838 3555 quae
882 3484 1166 3555 aliquando
1192 3483 1412 3552 desinit,
1456 3497 1614 3553 quam
1643 3483 1690 3541 si
1735 3482 1935 3553 iugiter
1963 3499 2172 3554 perma-

586 3576 771 3632 neret?
816 3575 954 3630 Ecce
984 3576 1071 3630 illa
1119 3590 1245 3643 nox,
1281 3589 1400 3646 quae
1430 3574 1686 3629 mundum
1738 3573 1997 3630 hactenus
2040 3576 2171 3647 iugo

585 3664 964 3733 crudelissimae
992 3664 1275 3720 deditionis
1301 3672 1661 3736 oppresserat,
1689 3662 1916 3734 populos
1952 3678 1984 3719 a
2015 3666 2169 3721 nexi-

585 3757 688 3812 bus
714 3755 964 3810 violentae
988 3756 1312 3813 conditionis
1333 3755 1579 3825 absolvit,
1614 3763 1670 3813 et
1697 3754 1755 3810 fit
1806 3754 2071 3812 libertatis
2089 3756 2170 3812 al-

588 3846 709 3913 trix,
741 3862 857 3917 quae
885 3854 1055 3902 mater
1082 3846 1256 3903 fuerat
1285 3846 1575 3902 servitutis.
1611 3844 1669 3901 In
1709 3844 1869 3915 hujus
1911 3844 2026 3913 tibi,
2060 3846 2170 3902 Do-

585 3937 745 4003 mine,
779 3937 1126 3993 sanctissimae
1168 3939 1340 3993 noctis
1366 3936 1663 3993 ministerio
1714 3938 1814 3992 hoc
1842 3951 2060 3992 cereum
2088 3938 2171 3992 lu-

586 4044 708 4083 men
736 4028 1029 4097 offerimus,
1062 4044 1154 4098 per
1197 4030 1337 4103 quod
1362 4030 1532 4101 caligo
1554 4038 1764 4086 vetusta
1789 4031 2021 4101 pellatur
2052 4050 2065 4086 :
2112 4032 2169 4088 in

586 4134 692 4189 quo
720 4122 927 4190 species
957 4121 1098 4175 trino
1140 4122 1509 4191 compaginata
1552 4122 1845 4187 consortio,
1895 4124 2169 4180 societatis

589 4210 973 4281 propemodum
1022 4212 1262 4281 mystica:
1290 4211 1494 4281 glutino
1522 4212 1873 4282 conjungatur
1897 4230 1911 4268 :
1943 4229 2168 4285 quarum

584 4316 762 4358 ceram
809 4300 1011 4371 paravit
1052 4302 1315 4358 nectareis
1352 4302 1615 4371 partubus
1640 4302 1746 4359 leta
1772 4304 2048 4373 virginitas
2076 4320 2172 4375 pa-

584 4410 776 4468 pyrum
820 4395 887 4450 ad
930 4396 1180 4451 alimenta
1226 4396 1423 4467 ignium
1473 4396 1689 4468 lympha
1742 4398 2054 4468 transmisit,
2087 4399 2168 4453 ln-

586 4503 709 4544 men
738 4488 1016 4545 adhibetur
1055 4504 1085 4546 e
1114 4488 1271 4545 ecelo.
1314 4489 1458 4545 Nihil
1488 4489 1576 4545 hic
1609 4490 1767 4547 habet
1793 4507 1899 4547 vox
1934 4492 2165 4547 humana

585 4582 728 4653 quod
763 4590 1060 4649 consecret,
1091 4582 1181 4636 ubi
1225 4589 1394 4637 totum
1424 4581 1604 4653 dirigit
1629 4597 1860 4653 superna
1904 4583 2160 4653 cognitio.
2187 4569 2243 4632 D

584 4751 704 4805 pam
738 4738 934 4792 faciunt
960 4736 1229 4792 ritualium
1262 4737 1519 4791 librorum
1548 4738 1837 4807 scriptores
1866 4738 2157 4806 Alcninus,

586 4816 640 4860 et
679 4812 695 4829 '
726 4807 1056 4880 Amalarius,
1079 4823 1185 4880 non
1214 4810 1496 4880 episcOpus
1525 4808 1880 4880 Trevirensis,
1914 4820 1970 4863 nt
2003 4812 2159 4880 vulgo

584 4882 936 4951 nuncupatur,
967 4877 1060 4951 sed
1089 4877 1499 4951 diaconus,i’qui
1544 4879 1792 4951 episcopo
1833 4889 1991 4934 aetate
2032 4877 2159 4951 sup-

584 4959 699 5018 par,
726 4944 987 5018 “Ludovici
1010 4946 1345 5018 imperatoris
1369 4944 1522 5018 jussu
1552 4944 1604 5002 id
1633 4944 1767 5017 opus
1792 4952 2085 5004 contexuit.

658 5014 674 5043 ¹
716 5014 775 5067 Si
804 5014 914 5081 quis
935 5014 1347 5088 hincsumpserit]
1370 5014 1485 5073 illos
1508 5020 1651 5073 enim
1671 5014 1791 5072 erat
1813 5034 1969 5087 quem
1992 5020 2153 5075 iidem

584 5090 829 5138 auctores
877 5083 1110 5158 tradunt,
1142 5083 1201 5140 ut
1244 5103 1307 5141 ex
1332 5083 1495 5144 cereo
1531 5089 1763 5158 paschali
1803 5083 1891 5158 q'ui
1929 5090 2155 5145 sabbato

584 5164 771 5241 saneto
797 5156 1069 5241 conceptis
1098 5157 1342 5241 precibus
1371 5156 1608 5241 sacratus
1636 5156 1833 5240 fuerat,
1870 5160 2152 5241 particulae

582 5224 1016 5291 decerpereutur,
1068 5238 1131 5278 ac
1187 5228 1381 5295 populo
1409 5228 1495 5283 die
1567 5224 1830 5285 dominica
1868 5224 1924 5283 in
1976 5229 2147 5296 Albis,

583 5303 703 5363 pust
745 5304 953 5365 sacram
997 5300 1431 5365 communionem
1478 5299 1940 5365 distribuerentur,
2009 5300 2149 5356 unde

582 5362 816 5419 Sufﬁtum
846 5362 899 5439 i_n
929 5364 1129 5439 aedibus
1154 5367 1265 5419 suis
1310 5366 1581 5439 facerent,
1621 5369 1705 5424 vel
1752 5383 1906 5439 agros
1925 5362 2148 5423 vineas-

582 5451 687 5503 que
739 5435 1005 5510 munirent
1060 5436 1315 5510 adversus
1358 5438 1657 5510 daemonum
1700 5435 2011 5510 praistigias,
2054 5448 2146 5495 aut

582 5506 998 5578 contrafulgura
1022 5516 1078 5563 et
1120 5508 1369 5562 tonitrua.
1422 5509 1540 5575 Quo
1575 5506 1738 5564 etiam
1775 5506 2021 5578 spectant
2052 5510 2141 5564 illa

583 5572 810 5632 Enuodii
840 5572 1040 5637 Bened.
1087 5594 1126 5636 fl
1158 5595 1173 5636 :
1223 5572 1494 5651 Summum
1532 5595 1595 5634 ea:
1620 5581 1715 5636 hoc
1738 5572 1912 5636 contra
1942 5580 2142 5651 procel-

2272 3312 2451 3358 autem
2481 3303 2623 3359 cerei
2654 3301 3123 3373 luminis’corpore
3153 3311 3225 3367 te,
3259 3301 3506 3370 Domine,
3531 3300 3857 3371 postulamus

2275 3403 2333 3448 ut
2354 3408 2600 3465 supernae
2637 3394 3023 3450 benedictionis
3065 3408 3259 3450 munus
3300 3394 3668 3451 accommodes
3718 3413 3732 3448 :
3795 3403 3854 3452 et

2277 3483 2294 3514 ¹
2348 3483 2395 3536 si
2420 3484 2539 3552 quis
2572 3483 2693 3538 hinc
2723 3485 3031 3553 sumpserit,
3062 3484 3318 3541 adversus
3354 3482 3518 3539 flabra
3544 3494 3853 3555 ventorum,

2273 3571 2537 3628 adVersus
2566 3574 2787 3642 spiritus
2816 3574 3192 3645 procellarum,
3226 3584 3313 3631 tua
3338 3568 3484 3646 iussa
3527 3575 3749 3641 faciens,
3781 3576 3853 3631 sit

2273 3661 2352 3721 illi
2374 3664 2643 3734 singulare
2673 3664 2972 3737 profugium
3003 3682 3017 3720 :
3054 3668 3125 3722 sit
3154 3680 3340 3723 murus
3384 3666 3451 3721 ab
3492 3667 3645 3722 hoste
3676 3666 3853 3723 [ἰάθιὶ-

2271 3740 2391 3809 bus.
2420 3755 2588 3810 Simul
2618 3756 2775 3812 etiam
2806 3772 3109 3826 quaesumus
3141 3766 3193 3814 te
3244 3768 3301 3814 ut
3325 3759 3443 3828 quia
3467 3759 3531 3814 aii
3572 3761 3845 3814 vernantis

2272 3844 2396 3898 anni
2427 3842 2611 3901 faciem
2643 3846 2907 3915 passionis
2937 3861 2997 3902 ac
3048 3848 3458 3904 resurrectionis
3504 3852 3606 3905 tuie
3640 3856 3849 3920 tempus

2273 3932 2487 4002 aptasti,
2514 3948 2634 3988 cum
2664 3944 2782 4003 post
2800 3946 3079 3992 concretas
3104 3937 3317 3993 hiemali
3356 3947 3570 4008 torpore
3597 3937 3776 4008 glebas
3798 3947 3853 3994 et

2275 4026 2537 4081 lnfrenata
2581 4027 2748 4099 glacie
2787 4027 3026 4099 ﬁumina,
3078 4032 3315 4088 novellas
3345 4032 3612 4089 frondium
3647 4034 3850 4090 tunicas

2271 4131 2480 4187 gemma
2511 4120 2840 4184 conscendit,
2873 4132 2928 4176 et
2960 4137 3080 4175 cum
3126 4132 3346 4179 auctore
3398 4126 3696 4193 germinum
3744 4126 3848 4180 Do-

2272 4210 2417 4264 mino
2442 4210 2597 4266 nobis
2614 4213 2791 4266 omnia
2817 4213 3139 4269 reviviscunt
3170 4233 3184 4268 :
3213 4215 3281 4269 da
3300 4216 3621 4284 multiplices
3644 4217 3846 4271 fructus

2271 4299 2325 4355 in
2358 4302 2534 4368 terris,
2567 4311 2806 4359 nostrum
2836 4304 2990 4359 efﬁce
3011 4305 3150 4375 quod
3181 4306 3440 4373 ostendis,
3468 4314 3523 4363 et
3544 4306 3843 4363 sacerdotis

2272 4391 2461 4458 nostri,
2499 4393 2585 4448 vel
2623 4393 2784 4449 totius
2810 4395 2941 4450 cieri
2970 4396 3332 4453 incolumitate
3359 4409 3593 4465 servata,
3627 4398 3840 4453 uberta-

2271 4487 2379 4536 tem
2411 4494 2705 4553 temporum
2736 4486 2850 4542 siue
2875 4486 3096 4543 adversa
3126 4496 3443 4559 tempestate
3467 4488 3721 4545 conce'd’e.

2265 4743 2343 4798 las
2370 4743 2447 4797 vel
2478 4761 2646 4821 omnes
2676 4747 2913 4821 incursus
2960 4750 3043 4819 fac
3087 4750 3331 4807 dimicare
3372 4752 3698 4821 particulam.
3729 4752 3850 4807 Ca2-

2264 4822 2439 4895 terum
2480 4815 2569 4897 hic
2614 4832 2742 4897 mos_
2769 4819 2896 4897 olim
2926 4815 3080 4897 extra
3112 4823 3297 4897 urbem
3324 4815 3601 4897 duntaxat.
3655 4823 3844 4897 Romae

2263 4890 2404 4964 enim
2431 4890 2571 4941 cerei
2598 4890 2862 4964 paschalis
2893 4893 3007 4946 vice
3040 4906 3219 4964 ceram
3246 4893 3367 4948 oleo
3388 4892 3653 4962 perfusam
3676 4894 3844 4951 bene-

2261 4953 2477 5032 dicebat
2505 4953 2944 5017 archidiaconus:
2998 4962 3121 5017 inde
3150 4953 3438 5032 particulas
3481 4964 3535 5019 in
3579 4978 3841 5031 agnorum

2261 5025 2495 5106 efﬁgiem
2534 5042 2816 5106 expressas
2853 5025 3201 5106 asservabat,
3228 5035 3431 5106 populor
3463 5025 3709 5106 similiter
3739 5033 3840 5106 die

2259 5109 2363 5162 qua
2394 5096 2593 5175 dictum
2623 5107 2739 5175 est,
2758 5098 3088 5175 dividendas.
3112 5096 3243 5169 Quae
3264 5096 3360 5175 res
3386 5105 3637 5175 nimirum
3667 5104 3836 5171 origi-

2259 5166 2559 5249 nemdedit
2600 5170 2772 5249 cereis
2816 5171 2939 5240 agni
2990 5166 3222 5249 caelestis
3260 5174 3601 5249 imaginibus,
3659 5166 3837 5249 quaca

2258 5237 2596 5301 pontiﬁcibus
2634 5237 2761 5306 ipsis
2804 5237 3109 5310 augustiore
3155 5253 3335 5312 postea
3368 5237 3481 5299 ritu
3527 5237 3832 5298 consecrari

2254 5316 2552 5374 coeperunt.

2314 5416 2330 5434 ‘
2352 5415 2475 5488 Vide
2499 5418 2627 5488 inter
2650 5420 2890 5488 Sirmondi
2913 5424 3063 5488 ipsius
3094 5424 3336 5488 opuscula,
3353 5427 3417 5476 de
3434 5427 3622 5476 duobus
3646 5423 3839 5488 Amala-

2247 5476 2604 5589 gifujiiisldam
2627 5482 2687 5531 ad
2711 5476 3071 5537 Constantinum
3090 5476 3367 5550 Caietanuin
3406 5490 3633 5540 abbatem
3667 5487 3838 5539 Sancti
