4192 6260
261 323 347 376 261
1541 330 1952 387 BENEDICTIO
1990 332 2218 387 CEREl.

3414 333 3518 388 262

297 453 3493 490 mw

1176 576 1914 664 OPUSCULUM
1986 571 2589 664 DECIMUM.

1520 741 1970 792 BENEDIGTIO
2011 743 2261 793 GEBEI.

326 990 380 1043 ll.
423 989 648 1060 Dignum
680 998 732 1045 et
766 991 967 1060 justum
996 998 1096 1045 est.
1131 987 1269 1046 Vere
1297 991 1516 1060 dignum
1545 999 1600 1044 et
1621 989 1825 1058 justum
1858 996 1914 1055 Α
1937 990 2073 1045 duce
2102 989 2259 1058 culpa
2290 1000 2568 1046 revocatus
2597 991 2844 1047 exsilium
2887 992 3050 1048 flevit.
3091 994 3241 1050 Hunc
3273 997 3372 1051 nisi
3408 1015 3521 1052 um-

258 1090 353 1145 cst,
382 1089 435 1132 ut
466 1080 702 1148 principe
745 1081 862 1134 loco
922 1080 1064 1135 fores
1118 1080 1288 1137 beatae
1341 1081 1535 1145 noctis,
1590 1080 1835 1136 adhibito

259 1168 499 1239 prtusenti
529 1171 846 1236 ministerio,
895 1171 1050 1240 digna
1095 1173 1246 1240 quasi
1284 1171 1435 1225 clave
1475 1179 1786 1224 reserentur
1818 1187 1830 1222 :

259 1268 312 1312 ut
336 1258 524 1312 nobilis
574 1261 789 1313 nuntius
837 1261 959 1312 vitae
1005 1268 1230 1316 testatur
1269 1259 1582 1325 adventum,
1612 1270 1670 1316 ut
1698 1275 1836 1329 prae-

259 1351 397 1406 couis
425 1351 616 1405 merito
646 1360 895 1406 secutura
927 1351 1311 1420 ponderentur,
1341 1352 1507 1406 sacris
1533 1351 1688 1405 fidem
1718 1367 1836 1422 my-

258 1441 424 1495 steriis
480 1439 817 1495 venerandus
851 1455 1145 1509 praecessor
1187 1441 1578 1496 accommodet.
1625 1441 1834 1496 Justutn

262 1540 340 1602 est
376 1539 432 1585 ut
475 1531 872 1599 proximitatem
903 1531 1149 1586 salutaris
1185 1545 1338 1600 aquae
1368 1531 1579 1586 flamma
1609 1529 1838 1584 manife-

259 1630 390 1677 stet:
429 1623 816 1677 elementorum
843 1621 1124 1676 diversitas
1151 1621 1203 1676 in
1233 1625 1515 1692 peregrina
1546 1636 1675 1691 pace
1705 1637 1838 1678 con-

257 1714 420 1768 veniat
449 1730 464 1769 :
490 1713 829 1784 lympharum
855 1713 904 1767 in
955 1722 1206 1785 promptu
1249 1726 1368 1768 esse
1411 1712 1648 1768 remedia
1679 1727 1833 1768 sacer

256 1807 380 1876 ignis
405 1808 702 1863 ostendat:
757 1815 1079 1876 agnoscatur
1121 1820 1223 1860 non
1284 1819 1405 1860 esse
1451 1814 1677 1870 naturae,
1737 1805 1834 1860 sed

255 1897 665 1968 redemmionis,
717 1896 858 1968 quod
907 1896 1199 1952 concordat
1253 1893 1388 1949 unda
1433 1908 1554 1950 cum
1608 1894 1830 1948 lumine.

254 1987 478 2055 Laetetur
505 1989 556 2044 in
635 1987 888 2056 operibus
935 1986 1048 2041 suis
1097 1984 1384 2039 fabricator
1433 1983 1526 2038 ille
1575 1983 1834 2048 caelestis,

252 2097 365 2136 cum
398 2080 666 2138 benedicit
695 2081 808 2148 ipse
833 2077 972 2148 quod
1007 2075 1224 2132 tribuit:
1260 2091 1380 2129 cum
1413 2075 1543 2130 illud
1574 2073 1717 2144 quod
1747 2087 1834 2129 se-

251 2175 385 2231 creti
429 2174 511 2229 sui
555 2172 792 2242 producit
826 2169 1053 2241 origine,
1084 2168 1327 2223 nobilitat
1358 2175 1714 2222 sacramento.
1750 2165 1836 2219 ln-

253 2267 454 2336 telfigat
481 2266 670 2337 linguae
694 2272 892 2320 nostra:
914 2260 1212 2318 ministerio
1233 2260 1523 2331 specialem
1548 2273 1707 2329 quam
1738 2272 1839 2313 no-

249 2352 328 2410 bis
375 2356 646 2411 concessit
688 2353 1017 2410 distantiam.
1069 2351 1400 2421 Mancipetur
1446 2348 1689 2404 laudibus
1717 2347 1835 2418 ejus
1863 2377 1913 2438 Β

251 2443 504 2514 quidquid
535 2459 566 2498 a
594 2446 806 2500 eteteris
830 2441 1150 2498 animalibus
1196 2441 1358 2508 jussit
1385 2441 1436 2494 in
1469 2439 1688 2494 homine
1715 2451 1836 2493 esse

250 2535 608 2603 praestantius.
643 2534 776 2602 Quia
805 2534 990 2604 optimi
1034 2531 1328 2588 conditoris
1359 2540 1543 2602 aperta
1575 2537 1698 2583 sunt
1745 2528 1839 2583 be-

248 2628 468 2692 neficia;
503 2635 558 2682 et
591 2628 669 2681 ira
697 2640 728 2680 a
757 2626 950 2696 pietate
979 2639 1081 2680 non
1109 2624 1399 2690 discrepat,
1440 2619 1652 2690 quando
1674 2628 1727 2675 et
1753 2633 1840 2672 ar-

249 2724 354 2772 tem
387 2732 486 2772 nos
531 2717 868 2790 supplicandi
910 2718 1112 2784 docuit,
1154 2724 1206 2770 et
1245 2713 1356 2769 suis
1387 2712 1700 2768 muneribus
1727 2711 1839 2767 vult

251 2808 477 2878 placari.
512 2808 628 2878 Ipse
653 2810 792 2864 enim
823 2808 1092 2863 hominem
1123 2806 1221 2860 sibi
1255 2804 1440 2873 templi
1475 2804 1593 2857 vice
1634 2800 1840 2856 daedala

251 2900 566 2970 provisione
615 2901 871 2956 formavit.
925 2899 1045 2969 Ipse
1093 2896 1385 2968 penetralia
1439 2893 1615 2950 cordis
1667 2893 1838 2947 nostri

245 3000 440 3045 saneto
468 2990 747 3046 eruderata
770 2991 950 3060 pandit
979 2989 1224 3053 introitu,
1259 2988 1359 3042 nisi
1391 3001 1485 3057 per
1508 2985 1838 3056 propositum

245 3079 510 3136 libertatis
558 3081 702 3136 foedo
730 3085 1072 3136 obstruantur
1112 3079 1320 3134 interna
1341 3078 1608 3147 contagio.
1641 3076 1836 3142 Quare,

246 3170 512 3225 universis
545 3186 723 3226 rerum
765 3173 927 3242 liquet
970 3171 1204 3239 arcanis,
1258 3169 1471 3224 vitalem
1503 3184 1595 3238 per
1625 3168 1842 3236 sapien-

247 3263 370 3316 tiam
400 3259 621 3317 factoris
644 3263 970 3334 machinam,
999 3265 1098 3322 nisi
1131 3280 1227 3336 per
1254 3279 1411 3320 suum
1439 3264 1696 3328 studium,
1730 3278 1838 3319 non

248 3352 447 3422 perire.
471 3354 570 3419 Qui
597 3368 698 3409 nos
729 3363 785 3410 et
817 3354 883 3410 ad
906 3356 1125 3413 meliora
1157 3357 1424 3425 formavit,
1449 3366 1502 3412 et
1528 3358 1724 3428 quibus
1754 3357 1844 3411 iti-

246 3443 467 3514 neribus
492 3445 638 3499 salus
669 3455 944 3516 peteretur
973 3448 1223 3502 ostendit.
1250 3447 1384 3502 Cum
1415 3449 1558 3503 enim
1586 3463 1652 3503 ex
1676 3447 1840 3503 humo

247 3534 525 3589 hominem
557 3535 814 3606 ﬁngeret;
856 3553 974 3592 eum
1016 3547 1157 3596 terra
1189 3539 1449 3594 victuram
1497 3539 1757 3608 migraret
1786 3539 1842 3594 in

246 3627 521 3692 formam;
554 3643 666 3684 cum
697 3641 854 3702 putre
900 3633 1074 3688 solum
1121 3649 1310 3690 novam
1363 3636 1614 3691 transiret
1665 3635 1718 3689 in
1766 3635 1840 3690 fa-

1939 1080 2230 1149 nipetentia
2279 1089 2388 1146 tua,
2435 1082 2685 1147 Domine,
2733 1093 3078 1152 regeneraret
3107 1086 3394 1154 perditura,
3429 1104 3523 1158 pa-

1936 1182 2055 1221 rum
2088 1177 2268 1236 posset
2308 1170 2561 1238 prodesse
2586 1172 2726 1242 quod
2758 1172 2994 1238 feceras;
3026 1185 3080 1229 et
3109 1176 3209 1230 nisi
3231 1192 3386 1246 opem
3419 1179 3524 1234 fcr-

1939 1267 2024 1312 rct
2041 1269 2095 1312 et
2122 1274 2345 1314 numero
2365 1270 2419 1314 et
2437 1263 2792 1330 prosperitate
2815 1263 3037 1318 fecunda
3061 1267 3324 1334 nativitas,
3356 1271 3526 1337 prima

1939 1350 1995 1404 in
2015 1363 2118 1417 qua
2150 1360 2374 1405 mortem
2400 1367 2551 1407 error
2581 1353 2807 1420 peperit,
2831 1369 2935 1407 non
2959 1354 3191 1422 juvaret.
3221 1355 3524 1426 Postremo,

1939 1440 2072 1496 nihil
2128 1451 2270 1496 esset
2328 1444 2472 1511 quod
2527 1442 2593 1497 ad
2656 1443 2911 1498 fabricam
2953 1455 3189 1498 nostram
3247 1450 3524 1503 materiam

1940 1529 2133 1584 humus
2193 1531 2452 1599 prmbuit,
2513 1533 2611 1586 nisi
2659 1532 2799 1587 unda
2858 1543 3193 1589 succurreret
3241 1553 3254 1588 :
3309 1537 3524 1592 unicum

1940 1617 2094 1673 nobis
2134 1623 2456 1676 sacramenti
2511 1621 2668 1691 hujus
2734 1621 2983 1676 solatium
3037 1622 3332 1690 contulisti,
3386 1627 3528 1696 quod

1939 1724 2091 1780 aqua:
2131 1709 2341 1766 diluunt
2370 1722 2587 1782 peccata
2620 1713 2847 1768 telluris.
2882 1712 3020 1782 Ergo
3042 1715 3151 1780 jam
3182 1723 3336 1784 typus
3380 1731 3530 1772 rece-

1941 1801 2064 1863 dat;
2096 1807 2151 1854 et
2201 1801 2293 1870 qui
2356 1802 2676 1872 imaginibus
2726 1803 3177 1857 annuntiaverunt
3228 1807 3527 1875 sequentia,

1941 1889 2320 1947 conticescant.
2348 1892 2401 1946 ln
2433 1892 2654 1948 veritate
2705 1901 2946 1957 tenemus
2993 1893 3250 1962 quidquid
3295 1897 3528 1952 colorata

1943 1982 2073 2053 legis
2101 1980 2289 2036 umbra
2338 1984 2679 2052 promiserat.
2727 1983 2963 2052 Tempus
3008 1993 3090 2036 est
3144 1999 3250 2053 quo
3306 1999 3531 2055 corpora

1943 2082 2148 2140 nostra,
2182 2076 2262 2130 vel
2306 2075 2500 2130 animae
2548 2074 2894 2142 Redemptori
2955 2071 3168 2128 Christo
3197 2074 3386 2129 feriato
3415 2092 3531 2131 tnu-

1942 2179 2105 2223 crone
2143 2165 2457 2220 dedicentur
2492 2183 2503 2218 :
2559 2179 2664 2234 quo
2689 2165 2837 2220 salus
2874 2179 2969 2234 per
2998 2165 3218 2220 vulnera
3249 2181 3354 2220 nun
3383 2183 3531 2237 quae-

1942 2267 2094 2314 ratur
2121 2275 2136 2311 :
2162 2272 2266 2328 quo
2295 2257 2590 2313 sacerdotis
2628 2257 2846 2310 dextera
2881 2255 3085 2310 lanistae
3109 2269 3244 2325 opus
3272 2256 3482 2327 abjuret
3512 2273 3528 2312 :

1942 2363 2050 2420 quo
2070 2350 2530 2407 consecrationem
2557 2347 2776 2418 impleat
2815 2347 2968 2413 fides,
3009 2347 3245 2417 lympha,
3277 2349 3530 2418 signacu-

1944 2441 2055 2498 lum
2087 2459 2105 2500 :
2134 2457 2239 2513 quo
2282 2441 2572 2497 humanum
2600 2456 2772 2513 genus
2803 2441 2942 2497 unde
2969 2441 3187 2505 decidit,
3232 2442 3348 2498 fons
3377 2444 3532 2498 redu-

1941 2547 2048 2593 eat.
2099 2537 2157 2594 ln
2186 2538 2346 2609 hujus
2373 2553 2503 2609 ergo
2533 2538 2886 2608 suspicienda:
2926 2537 3099 2593 noctis
3135 2538 3333 2604 officio,
3362 2555 3530 2596 vene-

1941 2628 2125 2684 randis
2178 2638 2512 2699 compactam
2568 2629 2851 2684 elementis
2899 2627 3069 2685 facem
3129 2628 3242 2695 tibi,
3285 2629 3533 2698 Domine,

1941 2721 2348 2790 mancipamus:
2379 2721 2431 2774 in
2463 2735 2568 2790 qua
2606 2720 2767 2775 trium
2787 2719 2978 2788 cepula
3000 2734 3280 2775 munerum
3302 2723 3535 2790 primum

1942 2815 2009 2870 de
2033 2816 2222 2885 impari
2251 2829 2476 2870 numero
2501 2814 2854 2885 complacebit
2880 2829 2895 2868 :
2919 2830 3039 2885 quae
3064 2815 3206 2885 quod
3233 2818 3398 2884 gratis
3425 2818 3536 2872 Deo

1942 2912 2124 2964 veniat
2173 2910 2499 2975 auctoribus,
2543 2922 2651 2963 non
2701 2908 2928 2962 habetur
2975 2907 3238 2963 incertum
3286 2926 3297 2960 :
3345 2923 3536 2975 nntius,

1942 3000 2088 3067 quod
2118 2999 2184 3054 de
2211 2999 2404 3054 fetibus
2433 2997 2712 3052 fluminum
2739 2997 3002 3052 accedunt
3033 2999 3356 3052 nutrimenta
3385 2998 3536 3051 flam-

1944 3107 2151 3148 marum
2181 3110 2196 3146 :
2227 3091 2371 3147 aliud
2402 3089 2545 3160 quod
2581 3106 2741 3160 apum
2767 3091 2957 3145 tribuit
2995 3091 3316 3146 intemerata
3348 3090 3533 3146 fecun-

1945 3189 2112 3254 ditas,
2145 3186 2198 3241 in
2232 3200 2457 3256 quarum
2489 3185 2746 3254 partubus
2765 3185 2910 3239 nulla
2939 3183 3139 3255 patitur
3163 3183 3356 3239 damna
3377 3184 3537 3254 virgis

1945 3280 2119 3334 nitas:
2150 3278 2288 3349 ignis
2314 3278 2476 3333 etiam
2521 3276 2662 3333 ctelo
2709 3275 2918 3331 infusus
2956 3275 3257 3332 adhibetur.
3313 3278 3538 3334 Redeat-

1947 3380 2071 3441 ptor
2101 3370 2242 3425 enim
2274 3371 2494 3440 proprio
2522 3383 2689 3439 aquas
2712 3367 2982 3424 dedicavit
3005 3367 3325 3438 baptismate
3355 3385 3370 3423 :
3400 3368 3536 3425 inte-

1945 3465 2193 3533 gritatem
2223 3461 2568 3532 diligitquam
2601 3470 2657 3517 et
2672 3461 2944 3517 nascendo
2975 3460 3030 3516 in
3057 3469 3230 3515 matre
3260 3462 3531 3516 servavit:

1945 3566 2003 3609 ut
2031 3570 2058 3608 a
2081 3554 2339 3625 propheta
2364 3564 2547 3624 posset
2578 3555 2788 3626 inspici,
2826 3555 3042 3610 innocui
3083 3568 3280 3623 corpus
3305 3554 3539 3623 suscepit

1945 3648 2199 3715 incendii,
2252 3661 2373 3702 cum
2406 3645 2683 3704 frondibus
2718 3648 2770 3701 in
2800 3647 2936 3702 rubo
2965 3647 3354 3718 crepitantibus
3390 3645 3533 3701 nulla

247 3722 425 3786 ciem;
454 3736 568 3776 cum
600 3721 963 3778 insufflatiunc
982 3724 1201 3792 spiritus
1225 3726 1304 3781 sui
1333 3735 1678 3782 moverentur
1708 3739 1838 3781 arva
1868 3761 1916 3826 Ο
1948 3739 2119 3794 tum“
2149 3737 2471 3800 ἀειτίπηειηα
2495 3739 2719 3793 genum
2739 3755 2754 3804 ς
2777 3752 2897 3793 cum
2927 3737 3076 3792 arida
3109 3737 3356 3807 pabulum
3388 3737 3542 3791 nam.

249 3811 508 3880 vestigiis,
539 3823 592 3868 et
615 3814 769 3870 tellus
791 3817 1081 3886 respiceret
1113 3831 1479 3886 possessorem
1505 3831 1571 3873 ex
1602 3817 1834 3887 propriis

247 3903 580 3959 abstractum
613 3907 820 3962 sinibus
847 3908 1061 3978 inepina
1085 3907 1208 3964 dote
1237 3917 1602 3978 prtestantem,
1635 3908 1836 3965 haben-

248 4000 360 4048 tem
391 3995 529 4062 quod
561 3995 674 4066 ipsa
712 4013 831 4068 quae
858 4007 1029 4054 mater
1053 3998 1333 4068 putabatur
1367 4014 1509 4064 esse,
1539 4013 1648 4054 non
1668 3998 1836 4054 dede-

247 4095 365 4150 rat;
399 4099 521 4140 cum
551 4088 775 4143 referret
819 4089 1042 4160 gloriam
1099 4090 1374 4145 nobilitata
1423 4105 1515 4160 per
1558 4089 1832 4155 sobolem;

247 4177 587 4247 imperfectio
609 4190 746 4252 erat,
776 4183 820 4237 si
847 4194 1062 4239 actuum
1091 4185 1281 4240 callem
1319 4201 1426 4239 non
1464 4198 1564 4239 suo
1590 4187 1709 4252 jure
1734 4185 1843 4240 dis-

246 4279 499 4336 poneret.
533 4269 883 4337 Quotidiauus
915 4285 1113 4342 tamen,
1167 4275 1410 4344 Domine,
1457 4275 1841 4332 beneficiorum

249 4369 469 4418 tuorum
512 4378 795 4422 successus
842 4383 1063 4424 munera
1115 4368 1328 4424 seniora
1384 4370 1733 4436 transcendit,
1787 4378 1843 4425 et

251 4459 616 4514 mstimatione
635 4459 969 4529 sequentium
989 4468 1191 4516 vetusta
1219 4469 1559 4530 superantur.
1585 4460 1675 4516 llle
1697 4461 1842 4516 enim

248 4565 569 4622 perpetuam
599 4553 897 4610 destinatus
925 4557 990 4612 ad
1021 4557 1204 4624 vitam,
1243 4559 1329 4614 ille
1364 4559 1432 4615 de
1461 4569 1683 4628 parente
1712 4559 1842 4614 limo

252 4648 374 4704 caali
417 4651 554 4706 civis
603 4651 846 4719 effectus,
899 4653 965 4708 ad
1013 4654 1272 4724 originem
1315 4653 1618 4709 voluntario
1657 4669 1844 4710 errore

253 4735 506 4796 detrusus
534 4751 636 4798 est.
697 4743 763 4798 Et
814 4743 938 4814 quia
986 4743 1110 4799 dum
1167 4744 1371 4810 liceret,
1418 4743 1590 4798 noluit
1647 4746 1844 4800 sectari

255 4833 498 4901 meliora,
546 4835 927 4892 sublimitatem
963 4836 1192 4907 perdidit
1225 4852 1383 4908 quam
1413 4838 1641 4894 feliciter
1677 4838 1841 4908 dege-

256 4932 448 4980 nerans
495 4925 640 4983 dono
681 4927 974 4985 conditoris
1019 4942 1321 5002 acceperat,
1354 4939 1409 4988 et
1437 4931 1501 4986 ad
1542 4931 1844 5002 prosapiem

1945 3835 2067 3899 mis,
2091 3833 2218 3888 dum
2259 3834 2644 3901 lamberentur,
2679 3832 2818 3901 ligna
2855 3847 2962 3886 non
2993 3831 3204 3887 fierent.
3241 3833 3381 3901 Ergo
3412 3847 3538 3901 pro-

1944 3929 2118 3996 prium
2150 3926 2244 3980 tibi
2273 3934 2374 3992 est,
2420 3927 2664 3991 Domine,
2697 3925 2954 3996 quidquid
2999 3926 3052 3978 in
3099 3924 3201 3981 hoc
3225 3939 3387 3980 eereo
3417 3941 3536 3980 ser-

1945 4027 2361 4074 vorumtuornm
2387 4017 3066 4089 praeparavitobsequium.
3101 4017 3318 4072 Serenis
3350 4017 3403 4070 in
3435 4018 3539 4071 isto

1946 4112 2154 4181 respice
2174 4110 2364 4175 oculis,
2396 4111 2538 4180 quod
2577 4109 2806 4164 contulit
2836 4109 3054 4174 coelum,
3083 4109 3301 4174 fluenta,
3335 4109 3544 4177 pudici-

1945 4203 2037 4259 tia.
2069 4202 2149 4256 Tu
2170 4202 2235 4256 ad
2262 4201 2599 4257 tribuendam
2632 4201 3064 4257 benedictionem
3092 4209 3348 4256 evocatus
3374 4200 3536 4254 mini-

1943 4294 2108 4348 sterio
2139 4294 2359 4347 humani
2389 4293 2678 4358 sermonis,
2714 4294 2975 4348 inlabere.
3015 4294 3093 4347 'l‘u
3125 4294 3540 4348 resurrectionis

1946 4395 2052 4440 tute
2083 4396 2349 4455 tempore,
2376 4400 2482 4455 quo
2514 4393 2698 4439 vernat
2726 4386 2848 4438 anni
2891 4384 3260 4440 reviviscentis
3292 4383 3539 4447 infantia,

1953 4488 2223 4548 sumptam
2259 4493 2325 4531 ex
2355 4476 2457 4533 hoc
2501 4484 2688 4531 contra
2719 4476 2980 4546 procellas
3008 4475 3093 4531 vel
3134 4490 3322 4529 omnes
3361 4475 3542 4528 incur-

1953 4587 2066 4639 sus,
2103 4572 2183 4627 fac
2213 4571 2472 4628 dimicare
2515 4570 2831 4641 particulam
2865 4588 2880 4625 :
2931 4578 2988 4624 ut
3029 4567 3330 4624 sacerdotis
3376 4568 3545 4621 nostri

1956 4669 2137 4722 votiva
2177 4667 2446 4732 omnibus,
2499 4666 2584 4722 vel
2636 4666 2801 4721 totius
2851 4663 2980 4720 cleri
3017 4664 3134 4734 ejus
3181 4660 3548 4717 incolumitate

1957 4773 2240 4826 concessa,
2270 4760 2567 4814 ubertatem
2609 4768 2874 4814 terrarum
2899 4773 3020 4814 cum
3046 4764 3258 4812 actuum
3288 4754 3547 4810 innocen-

1962 4852 2032 4909 tia
2063 4861 2118 4910 et
2150 4853 2513 4925 prosperitate
2537 4851 2825 4909 concedas.
