4192 6260
675 415 3879 465 “mm

1324 566 1807 672 MAGNI
1886 565 2487 671 FELICIS
2557 567 2754 672 EN
2766 567 2864 671 N
2876 563 3217 669 ODII

1661 774 1691 833 ¹
1742 775 2869 1039 ΒΙΩΊΕῼΝΕΒ.

1879 1098 2282 1182 DICTIO
2337 1102 2704 1187 PRIMA
2721 1164 2742 1199 ,

1365 1262 1470 1314 'IN
1498 1265 1771 1314 NA'I‘ALI
1797 1266 2193 1316 LAUBENTII
2221 1270 2823 1324 MEDIOLANENSIS
2851 1273 3204 1327 EPISGOPI.

1242 1450 1405 1490 SACRA
1447 1451 1631 1490 PRIMA.

721 1528 1011 1596 Quousque
1038 1540 1123 1581 me
1154 1525 1297 1580 iners
1325 1525 1617 1579 diffidentia
1648 1527 1784 1580 intra
1818 1536 2101 1596 angustum
2132 1543 2229 1597 pa-

652 1619 754 1672 tuit
800 1616 1073 1686 penetrale
1118 1616 1481 1671 delitescere?
1508 1631 1784 1685 quousque
1814 1618 1977 1672 nimia
2006 1620 2184 1673 cautio
2208 1636 2222 1673 :

648 1711 907 1764 terminos
936 1709 1145 1763 honesti
1176 1708 1398 1777 pudoris
1416 1723 1775 1778 exsuperans,
1794 1709 2073 1780 dispendia
2102 1712 2223 1779 opi-

648 1801 825 1858 nionis
852 1818 969 1872 qua:
998 1802 1182 1866 evitat,
1234 1800 1513 1856 incurret?
1543 1801 1654 1857 Usu
1684 1802 1824 1858 enim
1874 1818 2053 1858 rerum
2082 1804 2227 1859 venit

646 1892 789 1947 inter
816 1893 1082 1956 homines,
1108 1900 1166 1946 ut
1195 1900 1452 1961 quantum
1486 1891 1638 1946 fama:
1670 1892 1976 1962 decerpitur
2005 1909 2100 1963 per
2127 1910 2221 1949 au-

645 1981 870 2047 daciam,
914 1982 1240 2052 superfluum
1268 1997 1372 2037 non
1403 1982 1583 2036 minus
1610 1991 1792 2052 pereat
1829 1998 1923 2051 per
1952 1984 2223 2061 timorem.

646 2075 761 2130 Non
780 2075 919 2129 enim
947 2074 1105 2130 debet
1135 2076 1308 2130 notari
1338 2075 1484 2129 velut
1508 2088 1681 2129 avarae
1700 2074 1872 2129 laudis
1898 2085 2223 2145 assumptor,

646 2183 751 2223 non
782 2167 833 2223 ei
857 2167 1052 2222 ascribi
1080 2166 1273 2235 cupido
1320 2166 1582 2221 affectatae
1623 2166 1922 2220 devotionis
1950 2166 2224 2221 ostentui:

652 2260 791 2332 apud
814 2276 970 2331 quem
990 2276 1079 2317 res
1101 2261 1335 2316 obnoxia
1360 2261 1578 2329 pudoris
1602 2259 1831 2314 stimulis
1861 2258 2050 2313 adacta
2078 2273 2226 2313 com-

656 2352 829 2421 pletur
853 2367 867 2404 :
892 2351 1012 2420 quia
1043 2350 1179 2405 sicut
1211 2350 1265 2403 in
1288 2351 1529 2404 umbram
1560 2349 1700 2417 cogit
1729 2350 1913 2419 gloria:
1936 2350 2226 2418 appetitus,

657 2443 897 2497 oratione
925 2441 1050 2496 dum
1071 2441 1363 2512 qumritur;
1389 2441 1458 2494 ita
1482 2456 1587 2495 non
1621 2439 1847 2495 reddere
1876 2439 2017 2508 quod
2045 2439 2231 2494 deberi

648 2532 881 2596 noveris,
900 2532 1289 2601 proximitatem
1313 2531 1480 2588 noctis
1505 2531 1708 2587 indicit.
1730 2530 2009 2600 Superflua
2024 2531 2231 2587 scribe-

652 2642 836 2696 re,res
851 2626 1122 2696 iactantia:
1142 2636 1223 2683 est
1240 2645 1253 2680 :
1270 2628 1568 2682 necessaria
1597 2625 1843 2691 reticere,
1868 2634 2225 2695 contemptus.

2256 1443 2310 1502 Α
2338 1440 2438 1495 hoc
2468 1452 2549 1496 est
2588 1443 2766 1501 dicere
2793 1454 2847 1500 et
2879 1446 3076 1501 indicio
3105 1456 3254 1503 certo
3298 1457 3597 1507 monstrare
3616 1492 3632 1518 ,
3660 1455 3780 1523 quia
3808 1470 3918 1513 non

2333 1533 2523 1603 diligit,
2567 1538 2653 1605 qui
2703 1540 2959 1607 pavescit.
2991 1540 3121 1597 Sine
3159 1542 3313 1611 culpa
3358 1544 3587 1599 vincitur
3613 1549 3789 1602 oneris
3818 1550 3919 1604 im-

2332 1629 2639 1699 mensitate,
2684 1633 2775 1701 qui
2804 1632 2868 1686 ad
2900 1635 3214 1703 portandam
3256 1635 3521 1691 sarcinam
3553 1645 3607 1693 et
3636 1638 3679 1693 si
3711 1641 3916 1709 impar,

2334 1728 2513 1775 tamen
2555 1724 2781 1779 devotus
2810 1727 3062 1780 occurrit.
3096 1725 3189 1781 llis
3216 1727 3289 1781 ita
3320 1742 3377 1781 se
3406 1726 3743 1793 habentibus,
3782 1730 3920 1784 festa

2334 1811 2607 1865 nascentis
2638 1812 2761 1867 anni
2785 1829 2883 1868 cur
2911 1831 3017 1868 non
3035 1815 3215 1869 votivo
3241 1830 3490 1872 sermone
3510 1819 3921 1874 concelebrem?

2334 1916 2430 1955 cur
2458 1903 2618 1957 lucidi
2668 1906 2858 1961 natalis
2893 1906 3119 1962 exordia
3169 1908 3366 1963 silentii
3399 1908 3637 1966 foeditate
3677 1910 3923 1966 dehone-

2334 1994 2516 2049 stem?
2540 1995 2721 2051 Manca
2752 2006 2836 2053 est
2873 1998 2988 2053 sine
3016 2015 3265 2073 sermone
3310 1998 3567 2066 hilaritas,
3596 2008 3651 2054 et
3690 2000 3923 2055 simula-

2334 2099 2483 2140 crum
2531 2089 2778 2144 mazroris
2817 2099 2928 2156 est,
2970 2091 3241 2147 occultare
3284 2092 3424 2162 quod
3457 2092 3802 2161 gaudeas;et
3836 2093 3925 2148 af-

2334 2177 2846 2250 ﬂictionisimitatio,
2873 2197 3061 2238 vocem
3093 2184 3144 2237 in
3172 2183 3351 2238 lcetitia
3383 2200 3484 2237 non
3518 2185 3737 2240 habere.
3771 2184 3919 2254 Ergo

2335 2268 2453 2334 tibi,
2477 2280 2658 2324 sancte
2680 2280 2849 2340 pater,
2876 2272 3035 2327 ofﬁcii
3058 2274 3305 2327 conscius
3332 2273 3492 2328 verba
3523 2288 3628 2328 non
3654 2276 3926 2331 tribuam?

2338 2358 2492 2413 Libet
2510 2368 2688 2416 tamen
2716 2362 2927 2418 dicendi
2950 2364 3207 2433 principia
3238 2364 3661 2419 consecrationis
3693 2374 3795 2419 tua:
3822 2366 3923 2421 de-

2337 2451 2509 2504 rivare
2535 2450 2602 2505 de
2630 2460 2891 2521 tempore,
2917 2462 2972 2507 et
2998 2468 3119 2508 eum
3152 2454 3275 2507 anni
3302 2455 3631 2509 renascentis
3657 2454 3876 2510 infantia
3901 2501 3919 2525 ,

2336 2540 2638 2605 floruienta,
2665 2544 2709 2598 si
2736 2532 2913 2612 va'leo,
2938 2544 3171 2600 dictione
3192 2559 3435 2601 vernare.
3455 2545 3603 2601 Nunc
3619 2562 3737 2602 cum
3762 2557 3925 2603 terrae

2335 2645 2527 2688 succus
2575 2649 2671 2704 per
2716 2650 2884 2690 venas
2930 2638 3195 2691 arentium
3253 2638 3602 2707 virgultorum
3654 2640 3820 2693 currit
3864 2640 3923 2696 in

645 2715 2307 2809 SmpevituperationisnostrzematerestdoctorisoccultataB
2334 2725 2598 2792 germina,
2638 2735 2692 2781 οι
2713 2728 2864 2783 alvus
2900 2727 3027 2783 sicci
3056 2728 3254 2784 [οηιῑιῑς
3282 2729 3504 2787 humore
3530 2734 3771 2787 mal-irata
3797 2741 3921 2787 ιιιισ-

648 2811 902 2869 laudatio.
920 2811 1070 2866 Dicat
1085 2810 1307 2866 forsitan
1330 2811 1521 2881 aliquis
1537 2810 1715 2865 animo
1732 2809 2066 2875 consulendi,
2084 2809 2226 2878 quod

643 2908 823 2977 operis
838 2920 1015 2976 pressa
1029 2904 1389 2976 magnitudine
1400 2904 1647 2960 exhausti
1662 2904 1861 2959 macies
1871 2912 2075 2957 arescat
2088 2902 2229 2972 inge-

646 2998 745 3065 nii,
760 3006 815 3053 et
828 2998 1081 3053 destituta
1095 2997 1305 3053 dicendi
1320 2998 1627 3053 valetudine
1649 2998 1931 3068 garrulitas
1955 2996 2223 3053 defectum

652 3099 921 3147 mercetur
950 3106 1015 3146 cx
1040 3091 1191 3160 copia
1218 3108 1232 3145 :
1257 3105 1355 3146 ceu
1383 3090 1429 3145 si
1465 3090 1517 3145 in
1550 3090 1757 3145 alveum
1789 3090 1964 3159 magni
1990 3087 2225 3143 fluminis

645 3186 895 3242 stillantis
908 3193 1107 3255 guttam
1124 3184 1317 3239 fundas
1337 3182 1555 3253 eloquii,
1573 3196 1907 3252 nequaquam
1924 3180 1991 3234 ad
2007 3194 2223 3234 cursum

645 3280 862 3351 proficis
890 3278 1112 3347 liquoris
1145 3276 1414 3347 impendio
1432 3320 1446 3343 ,
1470 3284 1525 3330 et
1552 3276 1639 3329 vix
1669 3275 1945 3327 humorem
1970 3271 2227 3342 parturit,

646 3367 789 3437 quod
821 3366 888 3420 ad
934 3366 1103 3420 undas
1130 3374 1361 3434 aptatur.
1393 3363 1499 3419 Sed
1544 3362 1870 3416 aestimamus
1890 3363 2069 3415 animo
2108 3376 2232 3431 qua:

643 3456 888 3512 dicantur
900 3454 965 3509 ad
989 3455 1213 3525 pretium
1237 3454 1483 3509 meritum
1501 3451 1746 3506 dictionis
1763 3471 1777 3507 :
1794 3461 1847 3506 et
1866 3466 1997 3507 vena
2014 3466 2131 3521 qure
2147 3459 2231 3505 est

647 3567 745 3623 per
787 3560 1029 3605 naturam
1061 3549 1257 3603 torrida
1284 3588 1299 3613 ,
1336 3547 1644 3616 frequenter
1691 3546 1858 3600 currit
1892 3558 1922 3598 a
1949 3544 2181 3599 themate
2212 3562 2225 3597 :

650 3646 970 3715 eloquentia:
994 3643 1200 3698 exilitas
1219 3637 1921 3713 prepositionepinguescit.
1954 3638 2109 3706 Saepe
2132 3650 2229 3706 pro

642 3753 825 3793 eorum
849 3736 1058 3792 meritis
1076 3734 1267 3805 quibus
1288 3748 1349 3788 se
1370 3730 1757 3801 mancipaverit
1782 3729 1974 3795 oratio,
2000 3726 2229 3782 dicenda

646 3826 985 3892 tribuuntur;
1016 3826 1254 3881 maxime
1275 3824 1321 3880 si
1350 3838 1497 3879 mera
1527 3820 1810 3877 affectione
1838 3818 2103 3874 laudando
2131 3818 2231 3872 mi-

644 3918 765 3972 litet
796 3926 1140 3972 narraturus:
1169 3924 1294 3970 tunc
1322 3914 1607 3970 verborum
1647 3910 2026 3967 abundantiam
2056 3917 2235 3965 trans-

642 4006 805 4062 mittit
831 4006 1041 4062 affectio
1069 4024 1082 4060 :
1110 4016 1236 4060 tunc
1259 4020 1411 4059 amor
1439 4005 1696 4073 suggerit,
1720 4001 1859 4072 quod
1889 4009 2048 4071 negat
2074 4002 2229 4070 inge-

642 4099 811 4153 nium.
844 4097 1023 4153 Sancti
1054 4097 1327 4151 Laurentii
1381 4096 1718 4164 aliquatenus
1743 4108 1843 4163 pro
1872 4107 1989 4147 mea
2022 4091 2228 4147 medio-

643 4193 832 4248 critate
862 4192 1000 4247 bona
1051 4191 1313 4258 dicturus,
1343 4190 1561 4261 plenum
1608 4189 1823 4259 quidem
1854 4187 2055 4243 laboris
2093 4201 2231 4258 opus

650 4282 951 4353 aggredior,
998 4281 1093 4336 sed
1135 4280 1351 4351 plenum
1380 4281 1637 4336 caritatis.
1672 4280 1927 4335 Facessat
1964 4294 2092 4349 ergo
2124 4279 2235 4335 for-

642 4372 786 4426 mido
815 4370 1121 4425 venerando
1144 4370 1360 4425 inimica
1391 4372 1662 4439 proposito
1700 4386 1713 4423 :
1758 4369 1971 4439 fugitiva
2003 4378 2086 4424 est
2110 4370 2231 4439 glo-

641 4461 736 4516 ria:
758 4477 910 4516 mens
937 4461 1174 4530 subjecta
1204 4461 1422 4528 terrori,
1453 4461 1719 4516 clamante
1750 4460 1913 4515 Paulo
1947 4461 2231 4531 apostolo:

642 4555 880 4627 Perfecta
906 4556 1093 4609 caritas
1123 4555 1261 4623 {oras
1284 4554 1436 4608 mittit
1468 4555 1696 4608 timorem
1730 4551 1780 4623 (1
1809 4552 1961 4606 Joan.
1986 4568 2059 4617 tv,
2094 4552 2219 4621 18);

714 4671 729 4700 ³
761 4665 1051 4737 Dictiones]
1102 4665 1274 4719 Dictio
1304 4664 1569 4737 interdum
1614 4674 1696 4718 est
1727 4664 1966 4737 eujusvis
2006 4662 2224 4732 generis

641 4740 811 4794 oratio
855 4753 952 4794 seu
982 4733 1110 4792 vera
1160 4751 1254 4791 seu
1295 4736 1441 4789 ficta.
1497 4734 1677 4803 Itaque
1722 4733 1911 4788 Cicero
1952 4749 2049 4803 pro
2094 4748 2223 4787 vera

642 4818 861 4873 usurpat
884 4823 1003 4862 cum
1022 4806 1207 4862 scribit
1236 4809 1286 4859 in
1312 4808 1471 4859 Bruto
1496 4809 1653 4859 malle
1681 4821 1738 4858 se
1763 4820 1919 4857 uuam
1954 4803 2014 4858 L.
2039 4803 2224 4859 Crassi

642 4894 738 4948 pro
770 4879 834 4932 Μ.
864 4877 1026 4948 Curio
1055 4878 1343 4931 dictionem
1389 4892 1547 4946 quam
1577 4876 1896 4948 castellanos
1924 4875 2222 4948 triumphos

642 4946 794 5001 duos.
828 4947 1100 5000 Ennodius
1132 4964 1227 5014 pro
1267 4950 1389 5001 ficta
1432 4948 1485 4998 iu
1531 4946 1771 5011 epistolis
1822 4947 2053 5013 passim.
2096 4960 2221 4999 cum

643 5017 864 5082 Avieni,
905 5018 1170 5081 Messalae,
1215 5017 1484 5071 Parthenii
1512 5016 1909 5069 adulescentum
1949 5016 2221 5070 declama-

644 5088 908 5141 tiunculas
948 5085 1207 5141 dictiones
1233 5098 1426 5140 vocat:
1457 5087 1568 5139 suis
1596 5086 1755 5140 etiam
1788 5094 1897 5137 tum
1933 5085 2076 5139 veris
2108 5095 2219 5139 tum

645 5157 783 5211 fictis
814 5157 953 5210 idem
986 5170 1179 5210 nomen
1224 5158 1466 5223 imponit.
1522 5158 1665 5222 Quas
1707 5154 1922 5222 quidem
1974 5156 2026 5207 in
2056 5170 2219 5209 unum

643 5230 898 5282 collectas
923 5236 1149 5295 quatuor
1176 5228 1229 5280 in
1267 5228 1467 5281 classes
1498 5227 1834 5295 digessimus.
1874 5226 2001 5279 Duce
2034 5226 2221 5296 primzc

645 5314 800 5354 veras
830 5296 1163 5361 laudationes
1192 5298 1493 5361 continent,
1516 5297 1892 5365 'pertincntque
1919 5305 2010 5349 aut
2038 5296 2103 5350 ad
2133 5309 2220 5350 res

647 5382 1013 5439 personasque
1042 5367 1453 5439 ecclesiasticas,
1487 5377 1578 5419 aut
1624 5368 1689 5420 ad
1719 5367 1956 5439 scholam
1989 5374 2043 5418 et
2070 5366 2220 5439 audi-

646 5436 841 5495 torium
870 5458 880 5491 :
908 5438 1046 5493 unde
1068 5437 1186 5491 illas
1208 5437 1275 5490 ab
1297 5447 1609 5505 argumento
1639 5452 1822 5491 sacras
1845 5436 2096 5502 diximus,
2126 5438 2221 5491 has

646 5511 1016 5566 scholasticas.
1063 5508 1118 5563 In
1146 5507 1306 5562 tertio
1336 5507 1525 5560 ordine
1568 5517 1691 5561 sunt
1719 5508 2132 5573 controversiae;
2166 5508 2219 5561 in

647 5593 918 5651 poSIremo
938 5596 1071 5652 quas
1088 5577 1259 5652 βπ·ωεὶ
1284 5577 1540 5637 ﬁam-otia;
1564 5581 1644 5630 καὶ
1668 5579 2064 5652 ἡϐικᾳὺς-λὸγους
2087 5595 2222 5632 nun-

647 5648 869 5715 cupant,
898 5648 1014 5721 qua:
1042 5650 1246 5704 alienos
1291 5662 1467 5721 ratores
1495 5656 1550 5700 et
1593 5652 1750 5721 verba
1791 5648 2086 5721 imitantur,
2120 5663 2218 5702 nos

647 5720 855 5774 ethicas
900 5716 1161 5790 dictiones
1204 5717 1623 5790 appellavimus,
1660 5716 1957 5790 Sidonium
1982 5728 2219 5790 nostrum

643 5790 850 5857 secuti,
885 5792 976 5860 qui
1003 5791 1071 5848 de
1111 5787 1420 5863 Lampridio
1462 5790 1677 5844 rhetore
1705 5787 2083 5861 Burdegalensi
2126 5791 2218 5847 lib.

2260 4050 2307 4115 C

2334 2816 2541 2885 gescit:
2570 2832 2692 2873 cum
2734 2820 2787 2873 in
2832 2820 3079 2875 blandam
3111 2822 3279 2877 lucem
3310 2822 3505 2877 novelli
3553 2825 3923 2895 praesegmiuis

2332 2920 2502 2961 comae
2529 2909 2866 2976 explicantur
2903 2910 3175 2980 arborea),
3218 2922 3273 2967 et
3300 2914 3474 2966 omnis
3501 2927 3769 2968 ramorum
3802 2916 3923 2984 ple-

2330 3006 2480 3051 ctura
2508 2996 2844 3069 diffunditur,
2864 3002 2945 3055 vel
2979 3017 3095 3072 qua:
3117 3004 3255 3057 intra
3274 3004 3504 3059 tunicam
3529 3014 3718 3060 natura
3740 3016 3921 3061 arcta-

2330 3094 2484 3141 verat
2532 3086 2801 3144 frondium
2856 3091 3049 3146 decora
3078 3093 3392 3149 solvuntur:
3430 3110 3547 3150 cum
3579 3098 3754 3151 avium
3790 3112 3924 3153 can-

2336 3180 2503 3235 tilena
2543 3183 2771 3237 comitur
2804 3199 2996 3253 sapore
3026 3185 3335 3241 modulato:
3369 3202 3489 3242 cum
3521 3189 3626 3242 vita
3674 3199 3921 3258 segetum

2333 3272 2503 3340 glebis
2558 3273 2762 3343 sepulta
2815 3273 3155 3340 hiemalibus,
3212 3275 3363 3343 quasi
3420 3276 3619 3346 algoris
3666 3279 3922 3347 repagulo

2335 3361 2529 3416 emissa
2562 3370 2616 3417 et
2646 3371 2830 3432 tepore
2859 3363 2964 3417 fota
3009 3366 3326 3435 concipitur.
3358 3366 3510 3422 Nunc
3538 3368 3590 3422 in
3617 3383 3750 3423 cano
3780 3369 3921 3426 ﬂore

2332 3467 2480 3521 spem
2509 3452 2778 3509 fructuum
2815 3455 3028 3513 metitur
3059 3458 3313 3525 agricola,
3345 3474 3467 3514 cum
3499 3461 3698 3515 mutuis
3730 3461 3922 3530 palmia

2336 3550 2446 3596 tum
2488 3543 2723 3598 brachiis
2754 3545 3029 3603 vinearum
3059 3550 3258 3604 texitur
3294 3550 3470 3620 aprica
3514 3550 3837 3615 formositas,
3861 3560 3923 3607 et

2336 3644 2463 3691 ante
2506 3637 2834 3693 maturitatis
2884 3650 3091 3711 tempus
3119 3642 3323 3697 vultum
3370 3641 3676 3711 frugiferum
3708 3643 3921 3700 cultura

2336 3728 2630 3797 componit,
2661 3729 2794 3784 dans
2820 3740 3153 3787 venustatem
3188 3734 3320 3789 falce
3343 3733 3640 3799 domitrice,
3675 3740 3731 3787 et
3760 3733 3921 3788 luxu-

2342 3817 2477 3871 riam
2542 3817 2880 3875 iufceuudam
2939 3822 3081 3879 ferro
3140 3822 3487 3879 fructificaute
3546 3837 3917 3893 compescens.

2336 3906 2468 3962 Cum
2501 3908 2747 3977 profundi
2794 3912 3020 3982 gurgitis
3047 3914 3223 3968 rabies
3266 3913 3515 3969 blandum
3544 3914 3733 3970 transit
3756 3915 3809 3968 in
3832 3913 3919 3968 si-

2339 3997 2528 4064 bilum,
2556 4008 2609 4053 et
2642 4010 2895 4057 enervata
2926 4012 3109 4073 tepore
3134 4014 3417 4060 ventorum
3446 4005 3697 4061 ferocitas
3729 4006 3925 4075 migrat

2337 4093 2389 4149 in
2430 4092 2650 4148 delicias
2697 4096 3030 4165 navigantis;
3064 4097 3189 4152 dum
3232 4107 3402 4153 tutum
3431 4109 3513 4153 est
3538 4099 3780 4169 cymbam
3804 4100 3926 4154 salo

2336 4182 2539 4253 laxare,
2569 4194 2624 4239 et
2650 4185 3005 4240 anchorarum
3030 4188 3554 4244 morsusabsolvere:
3578 4189 3705 4243 dum
3725 4189 3925 4243 fractu-

2339 4289 2396 4329 ra
2426 4276 2783 4345 procellarum
2827 4292 2944 4346 qua:
2977 4288 3166 4332 nautas
3198 4278 3458 4335 hactenus
3489 4281 3746 4345 terrebat,
3777 4280 3923 4335 invi-

2337 4376 2436 4437 tat,
2464 4378 2520 4424 et
2549 4384 2645 4439 per
2669 4369 2773 4424 uda
2806 4370 3036 4437 aequoris
3080 4372 3249 4440 spatia
3294 4386 3538 4426 somnum
3567 4372 3925 4441 gubernantis

2340 4460 2591 4527 admittit,
2619 4476 2740 4516 cum
2762 4462 2943 4517 colore
2972 4461 3220 4517 distincta
3241 4464 3517 4533 geminato
3543 4464 3692 4519 verni
3720 4463 3923 4531 opibus

2329 4563 2477 4622 prata
2508 4554 2817 4620 ditescant;
2848 4562 2903 4608 et
2948 4553 3001 4608 in
3033 4553 3369 4610 ordinatione
3418 4555 3613 4610 summi
3645 4553 3925 4624 pontificis

2329 4683 2443 4734 vui,
2471 4668 2625 4736 epist.
2655 4666 2737 4729 if,
2765 4668 2904 4721 inter
2926 4666 3026 4720 alia
3054 4666 3131 4720 sic
3159 4666 3343 4721 scribit
3368 4684 3379 4718 :
3414 4666 3535 4729 Hic,
3566 4677 3621 4719 ut
3642 4674 3914 4731 arreptum

2328 4747 2558 4793 suaserat
2582 4753 2731 4804 apus,
2751 4738 2965 4790 ethicam
2987 4738 3259 4790 dictionem
3287 4754 3379 4805 pro
3397 4753 3644 4804 personat,
3666 4736 3919 4805 temporis

2329 4818 2376 4861 et
2406 4807 2502 4861 loci
2531 4809 2777 4877 qualitate
2823 4808 3085 4870 variabat;
3116 4808 3277 4877 vulgo
3308 4808 3447 4862 male
3468 4847 3482 4871 ,
3510 4816 3554 4860 et
3588 4807 3669 4860 hic
3688 4806 3925 4860 additio-

2330 4894 2445 4932 nem
2470 4893 2486 4930 :
2515 4894 2634 4932 nam
2664 4888 2813 4932 certa
2845 4888 2928 4931 est
2952 4878 3280 4932 emendatio.

2399 4950 2420 4979 ²
2455 4946 2519 5001 1η
2550 4950 2709 5002 natali
2739 4948 3003 5001 Laurentii
3029 4946 3429 5002 Mediolanensis
3458 4945 3721 5017 epircOpi]
3752 4945 3923 5000 Nata-

2327 5018 2432 5074 lem
2458 5018 2699 5087 intellige
2727 5034 2831 5072 non
2860 5018 3003 5082 vitaz,
3034 5018 3127 5072 sed
3163 5018 3434 5073 cathedra:
3463 5028 3516 5073 et
3544 5020 3920 5087 episcopatus.

2329 5089 2483 5143 lluuc
2520 5086 2662 5143 enini
2692 5090 2881 5143 festum
2911 5089 3198 5158 quotannis
3225 5090 3451 5158 agebant
3480 5086 3741 5155 episcopi,
3774 5087 3922 5158 si'cut
3979 5132 3989 5143 .

2329 5159 2677 5226 imperatores
2724 5160 2953 5212 natalem
2996 5172 3090 5213 seu
3139 5157 3316 5212 ortum
3345 5159 3554 5227 imperii
3585 5158 3700 5222 sui,
3743 5157 3921 5225 lege?

2327 5228 2451 5282 cod.
2481 5228 2689 5283 Thcod.
2724 5228 2791 5283 de
2822 5228 3023 5292 Feriis,
3054 5238 3108 5283 et
3135 5229 3279 5298 quod
3314 5230 3397 5284 vel
3436 5244 3498 5283 ex
3526 5230 3625 5282 hac
3680 5227 3921 5298 Enuodii

2328 5298 2565 5354 dictione
2581 5299 2856 5362 discimus,
2875 5296 3324 5365 quemadmodum
3351 5299 3617 5368 principes
3640 5296 3802 5352 natali
3818 5312 3925 5350 suo

2250 5354 2302 5413 D
2329 5368 2661 5440 panegyricis
2681 5354 3012 5440 orationibus
3034 5369 3237 5423 laudari
3261 5354 3377 5423 mos
3398 5354 3544 5423 erat':
3568 5380 3623 5423 ut
3648 5377 3920 5440 testantur

2329 5438 2635 5508 panegyrici
2661 5439 2791 5493 dicti
2817 5439 2870 5492 in
2902 5440 3409 5508 quinquennalibus,
3447 5438 3834 5494 decennalibus
3863 5446 3925 5508 et

2327 5505 2419 5561 alii
2450 5505 2569 5563 {ita
2615 5510 2777 5563 etiam
2827 5505 3105 5578 episcopos
3151 5510 3519 5564 anniversario
3549 5509 3636 5562 die
3676 5505 3925 5578 suscepti

2328 5580 2671 5643 episcopatus
2700 5597 2711 5632 :
2750 5581 2889 5647 quod
2935 5576 3217 5635 confirmat
3243 5580 3413 5635 altera
3448 5580 3680 5633 Ennodii
3708 5576 3878 5631 dictio
3898 5614 3921 5641 ,

2327 5664 2447 5718 qua:
2475 5650 2623 5719 dic1a
2647 5650 2696 5701 iu
2740 5649 2905 5702 natali
2934 5650 3217 5719 Epiphanii
3262 5652 3500 5718 episcopi
3533 5653 3829 5709 tricesimo.
3861 5654 3931 5704 et

2328 5734 2507 5805 sermo
2537 5720 2587 5773 in
2617 5718 2830 5805 Petrum
2854 5718 3186 5793 episcopum,
3218 5722 3307 5795 qui
3336 5731 3417 5781 est
3444 5724 3543 5780 i07
3571 5727 3713 5783 inter
3743 5721 3929 5794 Chry-

2329 5803 2654 5863 sougianos.
