4192 6260
1741 390 2107 450 DlCTlONES.
2204 404 2207 405 '

3461 400 3565 449 9.56

288 511 494 557 natura
531 498 783 569 gaudium
814 499 1081 556 elementa
1113 508 1395 559 testantur.
1425 503 1544 559 Tibi
1589 520 1739 576 ergo,
1769 521 1868 560 an-
1898 510 1951 568 Α
1976 503 2281 559 sustinebas
2312 513 2577 559 tormenta
2634 505 2947 572 multorum,
2998 516 3055 560 ut
3104 508 3180 560 ait
3232 506 3521 575 Apostolus
3548 524 3562 560 :

285 594 457 660 tisles,
487 605 630 646 nunc
682 604 789 645 non
848 588 1068 645 reddam
1120 592 1260 661 quod
1310 594 1428 647 aliis
1470 606 1725 663 pmstare
1761 596 1873 665 jam

284 682 478 749 didici;
502 698 665 753 quem
693 682 760 737 ad
788 682 1147 751 pontificalem
1169 684 1374 753 apicem
1397 686 1653 754 gravitas,
1680 687 1868 753 pudor,

284 774 559 845 pudicitia,
598 784 855 828 venustas
881 773 1104 828 adduxit
1128 790 1144 839 ;
1175 776 1260 844 qui
1294 783 1371 830 tot
1399 776 1617 832 dotibus
1645 779 1793 833 velut
1822 780 1877 834 in

282 882 532 921 acervum
562 865 785 932 coactis,
818 879 1008 920 canam
1039 865 1353 934 dignitatem
1389 867 1670 935 praesentis
1710 868 1879 925 officii

282 957 590 1026 suscepisti,
625 956 831 1011 habens
854 965 1123 1012 tantarum
1155 957 1567 1014 honestamenla
1597 961 1873 1028 virtutum,

282 1058 603 1118 quantarum
634 1046 862 1117 singulae
888 1048 1168 1116 probatum
1194 1048 1435 1105 facerent
1459 1050 1669 1120 species
1695 1066 1877 1106 sacer-

282 1139 497 1193 dotem?
518 1139 696 1194 Taceo
718 1139 1084 1195 universitatis
1104 1140 1155 1194 in
1178 1142 1445 1197 electione
1463 1150 1551 1197 tua
1575 1157 1878 1198 consonan-

283 1233 430 1298 tiam,
446 1241 502 1288 et
520 1232 880 1289 discretarum
904 1235 1181 1289 nationum
1200 1237 1527 1293 concordem
1548 1238 1875 1294 sententiam

282 1338 385 1377 non
419 1322 676 1378 revolvo:
706 1332 908 1379 statuat
929 1325 1031 1379 ista
1058 1326 1177 1380 loco
1208 1326 1405 1394 laudis,
1432 1329 1518 1384 cui
1547 1344 1654 1384 non
1683 1344 1879 1399 suppe-

282 1413 342 1466 tit
404 1412 549 1483 quod
597 1414 767 1484 possit
835 1416 1128 1485 praedicare
1174 1417 1241 1473 de
1287 1418 1545 1474 moribus.
1596 1420 1878 1475 Momentis

280 1505 420 1558 enim
446 1504 766 1574 plerumque
815 1504 1002 1561 incerti
1052 1505 1249 1561 favoris
1293 1523 1420 1562 aura
1471 1510 1745 1578 popularis
1776 1510 1878 1564 int-

283 1596 529 1664 pellitur,
563 1606 618 1652 et
646 1596 827 1652 nescia
882 1596 1147 1652 examinis
1204 1599 1360 1654 turba
1406 1602 1670 1669 Quiritum
1698 1644 1712 1669 ,
1743 1604 1872 1658 dum

278 1689 466 1743 studiis
493 1690 721 1759 rapitur,
750 1698 895 1744 amat
925 1691 1242 1762 incognitos.
1273 1692 1327 1747 In
1355 1703 1405 1748 te
1434 1693 1624 1749 libram
1668 1697 1873 1763 tenuit,

277 1781 362 1849 qui
392 1780 670 1849 petitionis
701 1788 803 1834 tute
833 1790 927 1835 aut
952 1783 1157 1837 socium
1188 1798 1248 1838 se
1279 1784 1528 1853 praestitit
1557 1796 1650 1841 aut
1680 1798 1875 1843 aucto-

1980 595 2110 661 Quis
2153 602 2372 648 uestrum
2412 596 2690 664 cruciatur,
2734 606 2781 649 et
2806 612 2905 650 non
2933 612 3027 665 ego
3053 594 3142 666 (II
3174 595 3295 651 Cor.
3329 612 3404 661 ιι,
3439 596 3571 661 i9)?

1980 687 2128 742 Inter
2153 687 2253 742 ista
2283 695 2461 743 tamen
2490 688 2716 742 fractum
2744 698 2795 742 te
2816 705 2921 743 non
2951 689 3080 742 vidit
3106 688 3402 744 adversitas
3427 706 3440 742 :
3466 688 3570 744 hoc

1980 781 2267 849 triumphis
2316 781 2429 835 suis
2462 780 2679 848 decerpi
2709 782 2881 836 sensit
2930 782 3199 845 inimicus,
3232 783 3372 849 quod
3425 786 3567 851 capti

1983 871 2279 927 sacerdotis
2309 872 2547 925 animum
2571 887 2676 926 non
2698 873 2926 942 subegit.
2961 873 3242 942 Pugnabas
3272 874 3444 929 adhuc
3472 892 3571 945 pro

1980 963 2318 1018 absolutione
2364 963 2755 1032 plurimorum,
2786 974 2840 1018 et
2882 964 2973 1018 tibi
3015 964 3146 1018 nihil
3188 974 3454 1031 metuens,
3503 967 3571 1021 de

1981 1054 2155 1122 plebis
2186 1064 2290 1109 tute
2317 1056 2586 1110 anxietate
2621 1054 2914 1124 pendebas.
2940 1054 3075 1111 Nolo
3104 1055 3303 1109 diutius
3327 1057 3570 1111 tristibus

1979 1148 2295 1214 immorari;
2328 1150 2453 1204 nolo
2500 1150 2815 1218 tragtediam
2864 1148 3080 1219 maligni
3135 1150 3394 1219 temporis
3442 1164 3569 1217 ape-

1979 1244 2110 1308 rire,
2155 1245 2328 1299 libens
2374 1245 2441 1301 de
2492 1245 2688 1301 illustri
2714 1244 3127 1301 conservatione
3175 1254 3263 1298 tua
3296 1244 3569 1313 aliquanta

1983 1340 2303 1407 praetervolo
2324 1384 2338 1407 ,
2373 1355 2440 1394 ne
2486 1349 2538 1394 te
2566 1340 2836 1393 narrando
2876 1354 3064 1409 cogam
3093 1340 3272 1394 denuo
3301 1338 3570 1392 sustinere

1979 1446 2100 1500 quae
2133 1445 2323 1500 passus
2354 1446 2451 1485 es:
2479 1446 2787 1500 quanquam
2816 1430 3005 1484 doctor
3035 1430 3271 1498 gentium
3315 1430 3367 1483 in
3402 1428 3569 1481 tribu-
3603 1452 3607 1459 ~

1980 1523 2180 1578 latione
2209 1524 2505 1578 exercitum
2532 1539 2590 1579 se
2618 1523 2786 1578 fuisse
2822 1532 3213 1578 commemoret
3235 1521 3567 1575 vociferans:

1979 1611 2109 1667 Cum
2128 1616 2383 1682 inﬁrmor,
2408 1624 2513 1668 tum
2532 1625 2709 1685 potens
2731 1631 2847 1668 sum
2868 1612 2957 1687 (ΙΙ
2981 1611 3100 1668 Cor.
3117 1629 3212 1679 xu,
3261 1614 3376 1679 10).
3396 1613 3571 1665 Taceo

1979 1706 2232 1773 inediam,
2268 1708 2471 1777 frigus,
2505 1717 2558 1763 ct
2582 1706 2825 1775 injurias.
2858 1714 2912 1760 et
2942 1706 3033 1759 illa
3079 1722 3199 1773 qua:
3231 1706 3324 1759 tibi
3364 1702 3571 1758 inimici

1978 1801 2189 1854 animus
2220 1800 2455 1868 providit
2499 1808 2782 1869 augmenta
2815 1799 3150 1853 morborum.
3200 1798 3329 1867 Sed,
3362 1797 3527 1853 credo
3549 1837 3569 1863 ,

276 1885 413 1926 rem.
462 1869 736 1942 lmperitaa
786 1882 959 1929 caelus
1010 1876 1369 1932 multitudinis
1418 1881 1668 1935 meritum
1725 1890 1873 1938 tuum
1903 1880 1952 1941 B
1981 1888 2097 1945 haec
2148 1891 2393 1960 puerilia.
2426 1900 2480 1945 et
2519 1906 2679 1947 succo
2706 1892 2941 1961 antiquze
2989 1891 3309 1947 valetudinis
3350 1892 3571 1946 robusta

278 1963 532 2032 expendit
559 1964 715 2018 lance
748 1963 1003 2034 perfecti:
1039 1976 1093 2021 et
1115 1966 1238 2021 dum
1270 1967 1322 2022 in
1352 1976 1405 2023 te
1427 1980 1867 2027 ornamentorum

276 2057 509 2111 varietas
534 2056 735 2127 placet,
761 2058 914 2127 quasi
943 2074 1079 2114 unus
1108 2060 1284 2117 haeres
1313 2062 1670 2119 diversissimi
1702 2064 1871 2120 fueris

275 2148 541 2213 instituti;
570 2150 647 2204 sic
692 2149 888 2220 singuli
921 2149 1022 2205 hoc
1061 2150 1129 2207 de
1158 2152 1404 2207 claritate
1452 2162 1539 2208 tua
1577 2156 1871 2211 censebant

277 2240 531 2297 sufficere
573 2242 713 2311 quod
741 2241 1078 2312 probabant:
1121 2244 1242 2313 quia
1281 2244 1421 2299 bona
1450 2244 1632 2299 omnia
1664 2261 1869 2317 nequa-

275 2348 434 2401 quam
482 2332 730 2387 omnibus
756 2340 881 2386 nota
911 2346 1031 2387 esse
1055 2344 1383 2402 potuerunt:
1413 2342 1469 2389 et
1494 2335 1773 2406 speciatim
1802 2337 1870 2393 ad

272 2425 512 2480 favorem
541 2424 738 2479 sideris
768 2425 842 2479 tui
872 2426 1151 2481 universos
1189 2426 1461 2495 illexeras,
1505 2427 1659 2483 alteri
1690 2439 1871 2485 osten-

271 2516 446 2572 dendo
474 2516 621 2585 quod
655 2518 774 2585 pius
794 2531 873 2581 es,
906 2518 1061 2573 alteri
1092 2518 1235 2589 quod
1267 2533 1514 2585 severus,
1541 2520 1701 2576 alteri
1726 2522 1869 2591 quod

269 2611 404 2665 bene
449 2609 701 2679 acquisiti
743 2609 1059 2667 distributor
1107 2611 1449 2679 patrimonii,
1504 2614 1659 2669 alteri
1721 2614 1866 2683 quod

267 2702 437 2758 scires
466 2713 618 2757 recte
648 2711 795 2769 parta
828 2716 1071 2758 servare.
1107 2702 1163 2758 Id
1194 2704 1356 2759 studii
1384 2707 1610 2774 sumpsit
1645 2706 1864 2762 univer-

272 2793 427 2859 sitas,
459 2802 520 2847 ut
540 2809 659 2847 cum
699 2793 766 2849 de
797 2795 1065 2866 proposita
1099 2795 1257 2850 laude
1288 2798 1653 2869 unusquisque
1680 2799 1865 2855 vince-

275 2896 380 2954 ret,
407 2887 688 2940 rollatione
717 2895 892 2941 tamen
916 2888 969 2942 in
996 2888 1279 2958 praeconiis
1309 2890 1415 2945 tuis
1446 2890 1683 2945 melioris
1716 2891 1857 2947 tituli

269 2972 340 3026 ab
364 2972 546 3027 altero
592 2971 911 3027 vinceretur.
964 2972 1099 3028 Nolo
1138 2975 1256 3029 istis
1305 2975 1504 3030 diutius
1557 2975 1857 3033 immorari.

268 3063 610 3120 Veniendum
642 3074 726 3121 est
750 3065 815 3120 ad
846 3065 1042 3121 laboris
1067 3066 1143 3121 ttti
1166 3067 1448 3134 exercitia;
1481 3069 1603 3139 quia
1627 3084 1744 3139 ego,
1770 3070 1863 3140 qui

265 3174 371 3213 non
404 3173 529 3213 sum
557 3158 610 3212 in
646 3157 954 3214 laudatione
998 3169 1086 3214 tua
1119 3158 1345 3215 idoneus
1371 3161 1644 3227 maximis,
1676 3163 1861 3218 nescio

1980 1982 2222 2037 membra
2253 1984 2575 2039 tolerabant.
2618 1984 2811 2041 Nonne
2853 1986 3112 2040 emortuis
3151 1999 3247 2053 per
3284 1997 3566 2053 compages

1976 2075 2228 2139 artubus,
2261 2084 2368 2130 eta
2414 2077 2771 2146 possibilitate
2820 2078 3037 2148 propria
3069 2079 3225 2146 longa
3268 2078 3378 2147 jatn
3410 2084 3567 2132 aetate

1975 2169 2265 2234 distractis,
2290 2170 2405 2223 sola
2433 2170 2609 2225 anima
2643 2170 2782 2226 flecti
2807 2173 2988 2226 nescia
3020 2170 3342 2236 sustinebat,
3365 2180 3418 2225 et
3451 2171 3568 2225 imi-

1977 2260 2139 2315 tanda
2195 2260 2499 2316 intentione
2550 2261 2810 2317 adversus
2853 2263 3227 2332 impugnantes
3258 2277 3414 2316 muro
3439 2276 3566 2317 con-

1973 2354 2187 2407 stantia:
2240 2353 2477 2407 stabilita
2531 2354 2966 2410 certabat?Post
3007 2356 3121 2409 haec
3164 2355 3231 2409 ad
3268 2354 3567 2411 redivivum

1974 2454 2173 2500 statum
2200 2445 2467 2499 libertatis
2490 2456 2686 2512 optatae
2710 2462 2981 2517 nunquam
3011 2448 3095 2517 pia
3119 2455 3239 2502 vota
3268 2446 3567 2516 despiciens

1972 2538 2221 2592 Christus
2261 2537 2592 2607 Redemptor
2639 2550 2821 2595 noster
2850 2540 3105 2604 occurrit,
3153 2549 3208 2595 et
3236 2539 3433 2594 fractas
3456 2539 3566 2593 Ro-

1973 2630 2117 2683 mani
2146 2629 2380 2684 nominis
2410 2631 2558 2684 vires
2601 2630 2796 2685 artifici
2836 2630 3043 2686 medela
3080 2630 3308 2685 solidata
3340 2630 3394 2684 in
3419 2632 3563 2701 vigo-

1972 2737 2087 2776 rem
2134 2721 2469 2777 salutiferam
2501 2738 2591 2777 res
2620 2726 2851 2778 contrita
2882 2727 3161 2779 remeavit.
3192 2722 3324 2779 Cum
3361 2740 3427 2779 ex
3458 2727 3565 2781 alto

1972 2816 2217 2885 benignis
2246 2816 2417 2871 oculis
2448 2816 2686 2873 cmlestis
2714 2817 3022 2873 dominator
3042 2819 3280 2886 aspexit,
3309 2817 3563 2873 Mediola-

1970 2908 2220 2963 nensium
2263 2910 2381 2963 urbi
2439 2909 2528 2963 lux
2579 2918 2663 2964 est
2714 2911 2920 2979 proprii
2976 2910 3183 2965 reddita
3240 2909 3559 2966 sacerdotis.

1971 3000 2123 3054 Tunc
2150 3014 2273 3055 cum
2319 3014 2472 3055 rarus
2514 3000 2801 3067 habitator,
2833 3013 2957 3055 tunc
2983 3016 3104 3055 cum
3134 3016 3290 3056 error
3317 3004 3368 3057 itt
3398 3001 3562 3056 domi-

1967 3090 2090 3156 bus,
2113 3099 2167 3145 et
2196 3106 2288 3158 per
2308 3090 2481 3145 dulcia
2503 3090 2872 3146 cubiculorum
2894 3091 3078 3147 limina
3100 3092 3322 3147 confusa
3349 3093 3562 3149 discur-

1972 3183 2096 3249 sio;
2129 3190 2255 3237 tunc
2284 3198 2405 3237 cum
2437 3183 2632 3252 ubique
2663 3197 2827 3252 pavor
2850 3192 2905 3240 et
2930 3184 3124 3251 luctus,
3156 3193 3211 3240 et
3236 3186 3329 3240 Dei
3362 3188 3562 3256 templa

266 3265 382 3305 esse
414 3252 431 3281 ¹
457 3265 622 3320 parva
653 3259 957 3306 contentus.
1001 3254 1020 3281 ²
1048 3251 1289 3306 Novellis
1317 3260 1370 3307 te
1393 3252 1570 3309 adhuc
1599 3253 1863 3322 impositae

1971 3279 2206 3335 ferarum
2241 3251 2559 3333 habitationi
2604 3279 2856 3348 deputata
2910 3280 3235 3335 sordebant:
3262 3295 3383 3336 cum
3414 3296 3560 3339 mar-

266 3345 542 3415 dignitatis
612 3344 883 3400 labentem
943 3344 1179 3414 vestigiis
1244 3344 1526 3400 ineluctati
1598 3349 1860 3415 temporis

264 3439 505 3509 suscepit
547 3438 891 3505 adversitas,
923 3446 978 3494 et
1021 3440 1247 3495 tironem
1291 3438 1551 3509 pontificii
1593 3441 1865 3496 exercita-

267 3532 541 3588 tissimum
586 3533 814 3587 militem
845 3532 1101 3586 adversus
1129 3531 1435 3588 libertatem
1469 3533 1699 3603 impacta
1723 3532 1864 3588 bella

266 3624 639 3680 reddiderunt.
671 3624 751 3679 Tu
784 3623 1051 3693 prtedonis
1082 3623 1297 3679 nescisti
1333 3624 1523 3679 timere
1556 3626 1859 3693 saevitiam;

271 3727 331 3773 tu
358 3717 847 3774 biandimentorum
874 3717 1017 3787 quod
1057 3717 1111 3772 in
1160 3717 1445 3771 malitiosis
1475 3717 1755 3772 nocentius
1784 3726 1865 3773 te-

264 3809 377 3865 lum
404 3821 509 3878 est,
543 3819 697 3866 scuto
727 3808 1045 3865 constantiae
1066 3824 1272 3864 venena
1296 3810 1570 3878 respuisti.
1600 3809 1861 3876 Quotiens

262 3909 317 3956 te
344 3901 437 3971 qui
468 3900 768 3956 certamine
794 3916 901 3956 non
931 3901 1126 3970 potuit,
1158 3899 1414 3955 insidiosa
1446 3900 1859 3957 honorificentia

264 3991 575 4048 lacessivit?
595 3994 857 4060 Quotiens
883 3994 936 4048 in
958 3994 1157 4048 damno
1179 3994 1331 4048 bonze
1362 3993 1632 4065 opinionis
1651 3997 1860 4052 servitii

263 4084 347 4138 sui
371 4094 423 4139 te
451 4084 687 4139 credidit
708 4086 960 4155 figmenta
981 4085 1279 4154 suscipere,
1304 4085 1406 4140 hoc
1427 4101 1455 4140 a
1486 4095 1537 4142 te
1558 4088 1855 4160 postulans,

263 4184 320 4229 ut
344 4175 596 4230 adhibito
638 4174 848 4231 hostem
892 4176 1126 4231 colludio
1157 4176 1299 4229 intra
1340 4176 1489 4231 urbis
1520 4193 1701 4233 muros
1721 4194 1857 4233 con-

262 4267 531 4330 cludercs,
565 4274 620 4320 et
646 4267 825 4321 ovium
863 4276 1074 4321 tuarum
1106 4266 1413 4334 dissipanda
1442 4266 1583 4335 lupis
1616 4268 1855 4323 membra

261 4360 597 4430 praestans?
625 4361 767 4430 paris
812 4359 961 4427 facti,
994 4360 1137 4430 quod
1174 4360 1318 4415 dictu
1348 4360 1499 4416 nefas
1529 4370 1632 4426 est,
1663 4362 1858 4416 multo-

259 4463 379 4505 rum
415 4451 666 4519 exempla
722 4465 1036 4521 suggerens.
1096 4452 1228 4517 Quae
1280 4451 1498 4522 quidem
1552 4460 1607 4506 tu
1639 4453 1855 4509 vitanda

260 4539 569 4609 despiciens
589 4582 605 4609 ,
636 4550 691 4595 et
720 4540 783 4595 ad
816 4542 1102 4597 vindictam
1138 4541 1315 4596 sereni
1347 4542 1603 4612 temporis
1630 4558 1853 4601 servans

262 4632 543 4687 memoria:
592 4632 937 4699 commisisti,
965 4632 1300 4688 detestabilia
1351 4634 1619 4701 retinens,
1662 4652 1731 4691 ne
1762 4651 1857 4707 per
1879 4631 1934 4693 D

261 4722 597 4777 oblivionem
627 4722 844 4793 impune
874 4726 1183 4790 transirent,
1214 4732 1268 4779 et
1289 4723 1549 4794 majorem
1575 4726 1851 4783 horrorem

263 4815 581 4871 excessibus
605 4815 831 4881 debetis,
855 4815 979 4870 dum
1011 4816 1223 4871 ruinam
1253 4817 1448 4871 metuis
1476 4817 1717 4873 aliorum.
1746 4818 1853 4877 Sed

262 4907 487 4962 remotis
514 4906 728 4961 dicendi
755 4906 1067 4972 obstaculis,
1096 4907 1380 4961 veniamus
1409 4907 1476 4961 ad
1500 4908 1591 4961 illa
1620 4924 1736 4975 qua:
1766 4925 1855 4965 re-

263 4998 452 5070 lgioso
484 5009 613 5054 sunt
642 4999 797 5070 digna
850 5008 1169 5055 memoratu.
1220 4998 1352 5055 Cum
1387 4999 1597 5055 hostilis
1628 5002 1875 5072 irruptio'

261 5105 411 5147 more
466 5105 721 5161 pecorum
769 5089 1132 5147 Christianum
1181 5090 1439 5161 populum
1496 5106 1592 5161 per
1641 5093 1851 5148 diversa

261 5183 591 5238 distraheret
612 5223 628 5249 ,
660 5192 715 5237 tu
750 5183 1018 5239 variorum
1065 5183 1354 5255 generibus
1391 5183 1720 5237 cruciatuum
1762 5198 1852 5239 ca-

264 5274 497 5343 piebaris
541 5276 596 5330 in
626 5277 908 5341 omnibus,
958 5288 1010 5331 tu
1039 5286 1261 5347 paterna
1308 5284 1604 5331 conventus
1652 5278 1853 5346 pietate

332 5394 346 5423 ³
374 5392 591 5455 Schot.,
622 5407 800 5461 paruo.

276 5513 286 5534 ί
329 5464 350 5493 ⁸
381 5460 681 5517 Νουείιὶιίιε
709 5461 914 5534 adhuc]
942 5461 1213 5534 Successit
1236 5460 1557 5534 Laurentius
1588 5460 1641 5514 in
1664 5462 1851 5516 cathe-

258 5532 352 5587 dra
377 5533 762 5593 Mediolanensi
785 5532 1068 5588 Theodoro
1088 5535 1363 5601 episcopo,
1395 5533 1449 5587 in
1479 5547 1640 5601 quem
1673 5543 1847 5587 exstat

256 5602 491 5658 Ennodii
518 5603 847 5672 epigramma
874 5605 963 5658 88.
996 5604 1161 5659 Paulo
1188 5614 1310 5672 post
1357 5614 1539 5659 secuta
1592 5611 1672 5655 est
1714 5602 1849 5657 dire-

254 5674 368 5741 ptio
393 5676 539 5729 urbis
572 5674 983 5729 Mediolanensis
1023 5684 1076 5728 et
1110 5674 1354 5729 exsilium
1404 5672 1704 5735 Laurentii,
1752 5689 1847 5741 per

251 5746 554 5800 Odoacrem
578 5745 791 5813 Opinor,
820 5746 1035 5814 quando
1049 5745 1185 5799 Tufa
1211 5748 1367 5809 duce,
1395 5754 1451 5798 ut
1471 5745 1524 5798 in
1559 5743 1841 5812 Epiphanii

251 5814 374 5869 Vita
419 5816 623 5869 dictum
655 5824 770 5878 est,
803 5817 1057 5870 adversus
1104 5816 1494 5871 Theodericum
1541 5815 1839 5869 rebellavit.

249 5882 592 5944 Theoderico
640 5886 860 5941 victoria
892 5887 1060 5955 potito
1107 5886 1431 5943 Laurentius
1478 5886 1839 5942 Mediolanum

736 5974 1012 6057 Ρλτιιοι..
1039 5976 1269 6042 LXIII.

1967 3386 2096 3428 cens
2134 3370 2340 3425 incuria
2371 3369 2804 3445 splendidissima
2835 3371 3035 3426 dudum
3056 3372 3191 3426 atria
3232 3373 3334 3425 situ
3365 3374 3561 3429 vetusti

1967 3461 2213 3517 humoris
2240 3460 2559 3527 obnuberat,
2590 3460 2829 3516 laetitiam
2862 3462 3074 3517 caeteris
3124 3469 3216 3516 tuo
3246 3462 3444 3519 dedisti
3491 3463 3565 3521 de

1966 3556 2163 3621 reditu,
2192 3562 2249 3609 tu
2272 3566 2550 3621 regressus
2574 3553 2640 3609 ad
2671 3555 2957 3626 lacrymas.
2990 3555 3141 3610 Tunc
3166 3570 3319 3611 more
3358 3558 3562 3626 avium,

1966 3648 2180 3719 quibus,
2208 3647 2334 3701 dum
2363 3655 2503 3701 terra
2532 3648 2746 3704 nivibus
2770 3650 3017 3719 vestitur,
3042 3660 3098 3704 et
3126 3650 3354 3720 alicujus
3382 3651 3483 3707 loci
3507 3652 3563 3709 in

1966 3754 2117 3811 spem
2148 3738 2251 3794 cibi
2281 3737 2539 3807 spoliatur
2586 3741 2851 3810 angustia,
2884 3741 3095 3798 videres
3121 3758 3242 3813 qua:
3280 3758 3562 3801 remanere

1966 3842 2255 3901 potuerunt
2285 3835 2455 3903 plebis
2482 3832 2735 3902 reliquias
2757 3833 3106 3900 confluxisse,
3139 3844 3195 3889 et
3219 3833 3287 3889 ad
3316 3835 3441 3890 boni
3463 3850 3559 3904 pa-

1963 3926 2127 3979 storis
2157 3928 2498 3995 prmsentiam
2520 3925 2752 3995 undique
2781 3926 3012 3996 fatigatis
3041 3926 3220 3982 balatu
3249 3927 3561 3985 nemoribus

1966 4032 2156 4087 greges
2187 4032 2495 4074 accurrere.
2528 4016 2678 4072 Alios
2709 4027 2833 4071 tunc
2859 4058 2872 4081 ,
2914 4018 3189 4086 multiplici
3223 4017 3560 4073 sustentandi

1962 4124 2183 4178 genere,
2217 4112 2494 4167 mulcebas
2538 4110 2731 4176 atl‘atu;
2778 4110 2914 4165 alios
2938 4110 3220 4166 reﬁciebas
3250 4111 3557 4180 impendio;

1961 4200 2103 4256 alios
2158 4201 2463 4258 hortabaris
2493 4204 2762 4271 exemplo.
2815 4201 2970 4256 Brevi
3014 4212 3133 4270 post
3180 4204 3231 4255 in
3280 4203 3560 4273 antiquum

1960 4302 2157 4347 statum
2200 4295 2289 4360 qui
2323 4294 2413 4349 tibi
2466 4303 2580 4361 post
2616 4293 2785 4347 Deum
2813 4293 3061 4357 debetur,
3095 4293 3218 4347 urbs
3238 4294 3348 4363 jam
3380 4296 3558 4364 septtla

1961 4394 2013 4440 ta
2036 4386 2299 4451 revaluit;
2327 4396 2381 4441 et
2410 4402 2528 4454 qua:
2556 4401 2660 4439 non
2683 4385 2937 4439 credebat
2960 4386 3012 4439 in
3034 4400 3093 4439 se
3121 4390 3356 4453 reparari
3389 4376 3559 4456 posse

1960 4479 2102 4549 quod
2136 4477 2329 4545 fuerat,
2362 4478 2525 4546 cmpit
2566 4477 2673 4547 jam
2722 4477 2943 4531 meliora
2974 4476 3235 4532 mmulari.
3283 4477 3433 4533 Tunc
3460 4478 3552 4547 qui

1961 4574 2084 4626 vita:
2118 4588 2243 4627 usus
2286 4582 2367 4627 est
2410 4572 2518 4641 jam
2564 4586 2785 4625 cernere
2814 4579 2933 4625 erat
2976 4569 3153 4623 omnia
3206 4570 3271 4622 ad
3304 4570 3552 4626 latiorem

1965 4664 2265 4734 profectum
2300 4663 2455 4718 bonis
2476 4663 2814 4719 successibus
2838 4661 3073 4717 invitari.
3113 4658 3285 4715 Curro
3319 4676 3413 4729 per
3435 4662 3551 4715 sin-

1963 4758 2107 4828 gula,
2141 4756 2367 4811 strictim
2401 4754 2686 4811 referendo
2724 4755 2918 4824 quibus
2968 4769 3105 4823 opus
3135 4763 3216 4808 est
3253 4753 3397 4823 larga
3429 4768 3553 4809 nar-

1964 4848 2102 4902 ratio
2129 4862 2143 4909 ;
2187 4846 2251 4899 ad
2282 4859 2505 4913 agonem
2542 4845 2667 4898 vita:
2699 4854 2835 4907 tum,
2865 4844 2931 4897 ad
2961 4844 3153 4898 summi
3186 4843 3553 4900 celebritatem

1967 4934 2224 5007 propositi
2251 4949 2624 5003 perventurus.
2654 4935 2674 4965 ³
2697 4934 2945 4990 Secunda
2999 4943 3119 5004 post
3149 4934 3368 4990 dubium
3413 4947 3553 4991 tem-

1965 5033 2109 5099 poris
2134 5036 2257 5082 nata
2284 5035 2367 5082 est
2396 5026 2447 5080 in
2478 5027 2719 5082 Ecclesia
2752 5028 2991 5083 Romana
3014 5030 3312 5098 captivitas,
3348 5047 3468 5101 qua:
3508 5042 3557 5083 to.

1961 5123 2111 5192 quasi
2138 5123 2246 5190 jam
2276 5121 2366 5175 diu
2394 5120 2649 5187 desident,
2686 5131 2740 5175 et
2767 5121 2962 5176 laboris
3006 5123 3245 5193 fugacem
3277 5123 3347 5179 de
3379 5126 3555 5193 longa:

1960 5215 2082 5269 sinu
2112 5214 2305 5283 quietis
2335 5213 2706 5277 abstraheret;
2748 5229 2870 5269 cum
2904 5217 2987 5271 vix
3022 5233 3117 5288 spe
3153 5218 3318 5288 .pacis
3348 5218 3555 5272 laboris

1961 5305 2036 5360 tui
2064 5320 2210 5359 arma
2253 5304 2495 5373 deposita
2544 5316 2907 5360 resumuntur.
2949 5307 3247 5364 Deheretur
3284 5308 3497 5378 quidem
3536 5348 3550 5371 ,

1960 5458 2144 5521 rediit,
2168 5456 2464 5526 urbemque
2489 5472 2551 5511 ex
2583 5459 2821 5525 pristinis
2851 5463 3106 5514 aarumnis
3148 5458 3431 5513 recreavit.

2027 5529 2048 5559 ³
2068 5530 2308 5583 Secunda
2327 5529 2378 5602 in
2395 5528 2625 5602 Eccfesia
2644 5528 2880 5584 Romana
2897 5530 3180 5602 captivitas]
3197 5529 3277 5602 0b
3292 5530 3544 5581 schisma-

1956 5601 2181 5655 ticorutn
2234 5598 2655 5670 machinationes
2697 5598 2968 5656 adversus
3006 5600 3414 5670 Symmachum;
3439 5615 3542 5667 qua

1952 5674 2019 5725 de
2041 5686 2197 5724 causa
2233 5670 2414 5741 Itonia:
2437 5669 2525 5722 diu
2556 5683 2797 5725 versatus
2822 5681 2905 5725 est
2930 5670 3269 5741 Laurentius,
3301 5681 3353 5723 et
3380 5686 3543 5741 syno-

1950 5744 2020 5795 do
2048 5740 2397 5794 absolutionis
2422 5742 2650 5806 przefuit,
2668 5758 2828 5810 quam
2850 5753 3090 5795 senatun-
3118 5740 3280 5795 curia:
3302 5740 3542 5797 cmlestis

1950 5813 2209 5874 nominat,
2243 5812 2777 5881 impugnantiutnque
2804 5813 2942 5869 odiis
2970 5822 3025 5868 et
3057 5812 3223 5866 furori
3272 5814 3538 5871 constanti

1947 5883 2126 5942 animo
2162 5882 2374 5941 restitit.

2984 5979 3028 6035 9
