4192 6260
619 380 725 437 267

1741 368 2017 427 ENNODII
2054 364 2363 424 EPISCOPI
2400 365 2778 426 TICINENSIS

3799 368 3906 427 268

623 491 728 544 nisi
768 503 855 545 me
904 488 1079 543 laudis
1110 496 1215 543 tua:
1244 499 1468 543 censura
1506 484 1865 555 pertraheret,
1900 484 1953 538 in
1980 481 2289 552 lugenda‘A
2316 483 2552 537 verentia
2582 484 2769 553 fugatis
2798 484 3111 539 instituatur
3139 483 3513 548 libaminibus;
3546 482 3688 553 quod
3722 496 3905 540 sacra-

621 596 781 637 causa
813 582 1100 649 silentium,
1135 593 1193 635 ut
1217 581 1268 635 in
1293 594 1393 634 una
1419 588 1578 635 aetate
1604 579 1878 634 memorize
1910 585 2092 647 pereat
2118 590 2207 631 res

618 674 867 729 nefanda.
894 674 1123 727 Senatus
1148 673 1235 726 ille
1261 672 1425 727 curiae
1469 671 1708 727 caelestis
1739 670 1940 724 accitus
1971 676 2055 723 est
2078 684 2092 722 :
2117 667 2205 723 ubi

617 781 683 821 ex
712 766 873 819 variis
906 763 1191 834 provinciis
1218 763 1591 834 episcoporum
1616 763 1766 818 turba
1795 760 2084 816 conﬂuxit:
2114 758 2205 814 ubi

614 863 786 911 coetus
814 854 931 920 ille,
964 864 1093 924 quot
1122 854 1397 909 hominum
1440 869 1661 924 genera,
1700 863 1780 908 tot
1810 851 2200 907 sententiarum

613 947 901 1001 varietates
923 946 1157 1001 advexit.
1180 946 1285 1002 Sed
1312 946 1503 1016 quibus
1529 947 1700 1001 inerat
1726 944 2019 1015 spiritualis
2042 958 2202 1012 sapor

609 1034 1002 1108 intelligentiae,
1031 1040 1183 1109 quasi
1211 1040 1402 1096 ducem
1433 1048 1487 1095 te
1518 1040 1825 1109 principalis
1851 1038 2198 1093 deliberatio-

605 1135 695 1189 nis
723 1134 949 1189 caritate
979 1143 1287 1189 tenuerunt;
1318 1134 1464 1188 Tunc
1486 1148 1593 1204 quo
1621 1133 1934 1188 minantium
1968 1134 2201 1202 impetus

603 1224 1100 1282 blandimentomm
1153 1226 1312 1281 melle
1351 1226 1650 1293 domuisti,
1694 1241 1796 1296 qua
1848 1224 2198 1294 superbarum

604 1315 769 1371 corda
816 1317 1121 1373 veneranda
1171 1317 1490 1373 humilitatis
1518 1319 1793 1374 erectione
1834 1316 2064 1387 fregisti,
2093 1332 2199 1385 qua

605 1407 903 1463 labantium
927 1410 1137 1464 animos
1176 1410 1388 1464 consilii
1429 1409 1611 1463 radice
1641 1408 1897 1473 fundasti,
1926 1410 2198 1480 explicare

602 1514 712 1554 non
736 1500 910 1555 valeo.
945 1500 1040 1555 Rei
1072 1508 1236 1570 gesta:
1261 1502 1505 1554 notitiam
1536 1501 1676 1555 scire
1702 1501 1952 1568 cupidum
1983 1516 2049 1555 ex
2073 1500 2195 1556 facti

602 1593 1061 1662 contemplatione
1089 1594 1374 1662 compello.
1412 1593 1585 1649 Unum
1634 1604 1686 1649 te
1729 1594 1903 1648 secuti
1947 1603 2074 1648 sunt
2119 1602 2197 1649 tot

600 1684 783 1750 electi,
815 1693 869 1738 et
909 1686 960 1737 in
1018 1685 1338 1740 sententiam
1388 1694 1530 1739 tuam
1562 1684 1871 1739 reciderunt
1925 1693 2193 1739 tantarum

596 1775 868 1845 principes
892 1776 1192 1831 civitatum.
1223 1777 1480 1845 Coquitur
1511 1777 1912 1831 lamentationis
1948 1777 2189 1843 testibus,

2310 573 2447 627 rium
2500 575 2763 643 apelletur
2806 576 3018 642 merito,
3072 584 3352 646 postquam
3406 576 3651 631 seniores
3700 577 3903 633 hostias

2308 664 2591 733 abjuravit,
2624 675 2680 721 et
2708 668 2759 721 in
2811 667 3060 724 adolendt
3093 668 3388 723 mutatione
3423 668 3676 722 sacrificii
3705 667 3900 723 divinae

2265 757 2439 839 .azdis
2486 774 2684 814 nomen
2736 761 3125 830 assumpserit:
3157 770 3426 828 postremo
3453 760 3595 830 quod
3640 760 3694 814 in
3738 759 3901 813 alium

2307 857 2505 904 statum
2529 851 2865 908 inconcussis
2889 848 3254 923 migraveru'nt
3283 852 3633 906 fundamenta
3655 851 3901 905 culmini-

2306 942 2406 998 bus
2438 960 2453 997 :
2497 952 2697 1000 etcum
2725 945 2791 1000 ad
2820 955 3145 1001 structuram
3193 958 3381 1014 parum
3432 944 3700 999 humanus
3731 944 3890 999 sudot

2304 1038 2518 1107 adjecit,
2550 1054 2882 1110 quaecunque
2908 1039 3125 1095 fuerunt
3154 1040 3401 1094 innovata
3427 1038 3558 1105 sint,
3598 1038 3723 1091 dum
3760 1052 3877 1106 per.

2304 1132 2521 1188 sistunt.
2555 1131 2611 1187 lu
2642 1146 2870 1199 summa,
2899 1134 3054 1202 cujus
3095 1132 3473 1188 aestimandum
3511 1138 3594 1185 est
3616 1131 3897 1198 miraculi,

2305 1224 2395 1279 ubi
2419 1224 2547 1279 dum
2574 1226 2791 1281 modum
2822 1234 3000 1281 teneat
3027 1223 3295 1288 machina,
3344 1224 3520 1280 adhuc
3551 1238 3655 1277 non
3686 1222 3896 1278 desistit

2302 1316 2621 1381 ascendere,
2645 1326 2700 1372 et
2724 1319 2775 1371 in
2800 1317 3032 1386 antiquis
3060 1317 3348 1371 constituta
3377 1310 3615 1384 vestigiis
3634 1314 3895 1369 attollitur

2304 1407 2683 1464 incremento?
2710 1408 3109 1479 Requirendum
3155 1422 3285 1461 sane
3330 1406 3449 1476 quis
3496 1405 3653 1475 hujus
3681 1405 3889 1475 operis,

2303 1500 2426 1569 quis
2483 1500 2842 1555 innovationis
2898 1510 3085 1555 auctor
3136 1500 3403 1553 exstiterit
3447 1515 3459 1550 :
3526 1497 3889 1566 praedecessor

2299 1606 2494 1661 nempe
2538 1593 2995 1661 parvitatis‘mete
3033 1596 3052 1625 ²
3095 1592 3276 1646 Victor
3324 1591 3570 1645 antistes.
3616 1591 3636 1621 ³
3675 1590 3889 1646 Fctum

2299 1686 2669 1747 annuntiatrix
2715 1687 3041 1741 innocentiae
3078 1685 3333 1741 divinitas
3362 1698 3557 1739 nomen
3600 1682 3886 1752 imposuit:

2300 1795 2423 1834 nam
2452 1781 2542 1850 qui
2571 1781 2639 1835 de
2668 1781 2750 1836 his
2772 1797 2889 1850 quoa
2913 1781 3278 1849 suscipiuntur
3295 1779 3552 1833 adversus
3577 1776 3706 1830 vitia
3738 1788 3890 1829 mun-

594 1870 687 1939 qui
720 1884 750 1922 a
782 1882 831 1923 te
874 1869 1039 1924 cruda
1069 1868 1431 1925 obstinatione
1470 1869 1735 1933 descivit;
1768 1878 1818 1924 et
1865 1869 1995 1923 nihil
2029 1867 2190 1923 habet
2218 1861 2267 1922 Β
2293 1872 2454 1938 dans,
2487 1875 2869 1928 certaminibus
2891 1872 3147 1943 praedicto
3172 1880 3393 1926 eventus
3426 1869 3736 1933 accesserit,
3760 1876 3885 1922 cum

592 1963 650 2018 in
682 1963 929 2017 solatium
965 1973 1160 2032 printer
1187 1965 1510 2020 calamitatis
1540 1966 1823 2036 lacrymas,
1856 1965 1945 2034 qui
1977 1964 2182 2018 divisus

593 2062 698 2109 est.
732 2055 885 2110 Dicat
910 2056 1101 2125 aliquis
1128 2056 1375 2123 forsitan,
1406 2073 1587 2112 rerum
1613 2067 1885 2126 gestarum
1918 2056 2181 2124 malignus

589 2147 882 2219 interpres,
918 2165 1077 2221 quam
1108 2152 1298 2205 sortita
1335 2161 1419 2205 est
1447 2152 1515 2206 de
1547 2149 1848 2218 hujusmodi
1881 2149 2181 2204 constantia

586 2254 835 2310 prccsens
866 2257 1026 2296 causa
1048 2243 1374 2297 decisionem
1403 2259 1415 2297 :
1444 2250 1665 2311 qumrat,
1699 2242 1785 2309 qui
1815 2240 1945 2293 ﬁnes
1975 2241 2039 2294 de
2071 2240 2183 2293 lau-

590 2331 718 2385 dato
748 2332 947 2386 sudore
969 2332 1328 2401 contigerunt.
1358 2332 1490 2385 Huic
1519 2348 1618 2401 ego
1649 2332 1818 2385 fidens
1864 2330 2137 2399 replicabo
2164 2346 2178 2393 ;

587 2432 645 2475 te
670 2422 900 2491 praesule
925 2421 1148 2488 factum,
1177 2437 1245 2477 ne
1274 2422 1584 2477 sacerdotes
1607 2421 1882 2475 ministros
1912 2420 2184 2488 acciperet

586 2513 741 2569 furor
793 2514 1045 2568 alienus:
1079 2528 1149 2569 ne
1183 2523 1423 2569 cruenta:
1471 2512 1819 2583 indignationi
1871 2512 2180 2581 pontificum

586 2608 860 2661 sententia
890 2606 1176 2662 militaret:
1211 2622 1279 2662 ne
1320 2608 1371 2661 in
1420 2621 1572 2661 usum
1605 2608 1743 2660 male
1791 2608 2042 2659 commoti
2074 2614 2181 2659 tra-

582 2697 781 2752 herent
811 2700 1030 2753 evenire
1058 2712 1217 2768 posse
1247 2699 1389 2767 quod
1421 2698 1640 2753 vellent.
1674 2697 1954 2752 Postremo
1980 2698 2181 2765 impro-
2208 2768 2211 2771 ἰ

585 2790 784 2845 borum
818 2791 1117 2860 loquacitas
1143 2792 1500 2855 Obmutescat,
1533 2791 1691 2860 hujus
1721 2791 1909 2845 saltem
1950 2793 2181 2845 instimu-

582 2884 734 2939 tione
778 2886 1007 2950 secreti;
1037 2886 1159 2955 quia
1212 2884 1457 2941 odiorum
1514 2885 1761 2940 incendia
1813 2901 1931 2955 quae
1963 2901 2068 2939 non
2113 2900 2179 2939 ex

579 2975 879 3047 intpugnati
911 2978 1123 3043 merito,
1170 2977 1265 3032 sed
1308 2993 1373 3032 ex
1420 2977 1717 3033 studiorum
1752 2979 2002 3032 fomentis
2030 2991 2180 3031 arse-

577 3079 728 3135 runt,
764 3085 865 3125 nec
910 3079 1114 3126 sanctae
1156 3056 1562 3126 deliberationis
1608 3080 1892 3140 potuerunt
1918 3071 2065 3126 fonte
2094 3085 2180 3124 re-

572 3164 801 3234 atingul.
827 3165 945 3219 Tibi
986 3180 1116 3235 ergo
1142 3165 1371 3221 debetur
1389 3165 1778 3222 venerabilittm
1809 3164 2051 3220 custodia
2081 3177 2174 3217 ca-

2289 1966 2610 2022 vocabuium
2645 1965 2926 2035 didiceris,
2960 1974 3107 2031 gesta
3141 1963 3440 2033 cognoscis.
3470 1963 3573 2016 lSte
3601 1975 3695 2029 per
3718 1960 3883 2030 spiri-

2288 2058 2453 2112 talem
2485 2056 2908 2121 dimicationem,
2942 2064 3000 2110 ut
3022 2056 3278 2110 victorem
3311 2054 3507 2119 decuit,
3540 2051 3605 2107 de
3633 2052 3883 2105 crimini-

2293 2148 2391 2204 bus
2420 2148 2804 2217 triumphavit:
2836 2153 2889 2203 et
2918 2146 3170 2217 quidquid
3202 2147 3378 2215 portio
3431 2146 3647 2199 sinistra
3679 2151 3886 2197 morta-

2289 2239 2431 2294 libus
2462 2240 2676 2308 ingerit,
2710 2240 2777 2295 de
2804 2254 2870 2294 eo
2898 2254 3082 2295 casum
3114 2246 3219 2292 non
3256 2238 3521 2306 requiras,
3556 2249 3676 2289 cum
3710 2232 3886 2288 nemi-

2286 2340 2468 2387 natum
2502 2333 2765 2401 intelligas
2783 2332 2948 2387 fuisse
2969 2332 3109 2402 quod
3147 2331 3328 2385 dictus
3359 2339 3461 2384 est.
3492 2329 3659 2398 Cujus
3693 2329 3880 2381 merita

2289 2428 2553 2481 orationis
2570 2441 2817 2495 campum
2839 2426 3131 2495 postulant,
3153 2426 3194 2478 si
3220 2438 3305 2479 me
3328 2424 3394 2479 ad
3425 2424 3611 2477 latiora
3634 2414 3882 2493 progredi

2301 2527 2393 2570 aut
2442 2517 2640 2588 ingenii
2673 2518 2868 2572 macies
2917 2524 3224 2586 pateretur,
3258 2527 3346 2571 aut
3394 2514 3605 2570 meriti:
3640 2514 3882 2584 quaedam

2292 2609 2436 2663 enim
2469 2617 2681 2664 actuum
2733 2609 2986 2664 nobilitas
3038 2618 3143 2674 est,
3176 2608 3394 2677 dignum
3454 2606 3681 2661 inveniri
3729 2606 3884 2661 laude

2290 2714 2629 2769 magnorum.
2652 2700 2818 2763 Hunc
2840 2701 3188 2755 mediocritas
3212 2710 3393 2753 nostra
3425 2700 3476 2752 in
3508 2697 3883 2754 :edilicationis

2290 2809 2417 2849 cora
2438 2795 2563 2849 dum
2586 2796 2848 2863 sequitur,
2865 2795 2928 2850 ad
2952 2796 3491 2861 consummationem,
3515 2795 3624 2849 Deo
3642 2794 3879 2863 auspice,

2286 2896 2407 2965 vota
2442 2888 2709 2956 perduxit.
2761 2888 2932 2944 Nemo
2980 2888 3211 2943 aestimet
3240 2889 3559 2957 arrogantia:
3587 2902 3709 2943 esse
3738 2887 3879 2957 quod

2287 2978 2434 3035 dixi:
2466 2979 2545 3034 fas
2575 2989 2659 3035 est
2684 2996 2804 3035 cum
2844 2996 2910 3037 eo
2942 2991 3060 3036 vota
3116 2981 3465 3051 conjungere,
3518 2981 3602 3035 cui
3634 2994 3729 3050 par
3757 2994 3880 3034 esse

2290 3080 2522 3142 nequeas
2550 3070 2793 3130 actione:
2827 3075 2950 3144 quia
2981 3074 3205 3128 assertio
3257 3072 3601 3130 conscientia:
3642 3082 3723 3128 est
3770 3086 3881 3127 me-

2286 3163 2484 3221 liorem
2528 3166 2579 3222 in
2610 3182 2932 3237 quacunque
2965 3176 3115 3237 parte
3144 3166 3337 3222 sectari
3373 3180 3684 3235 :nunquam
3734 3174 3882 3219 tene-

572 3273 799 3315 nonum.
834 3259 955 3312 Tibi
987 3260 1130 3328 quod
1182 3262 1299 3316 sine
1330 3263 1621 3331 episcopali
1673 3271 1797 3315 nota
1850 3261 2135 3329 contigerit
2167 3297 2182 3322 ,
2214 3238 2262 3309 Β
2294 3255 2510 3311 brosum
2569 3258 2784 3322 callem,
2814 3259 2953 3333 sicut
2982 3256 3333 3325 testimamus,
3365 3256 3607 3323 incurrit,
3637 3258 3724 3326 qui
3755 3272 3878 3311 eum

573 3348 840 3421 'quidquid
883 3350 934 3402 in
972 3351 1264 3417 przesentia
1310 3353 1462 3406 saevit
1490 3352 1826 3421 improbitas.
1858 3351 1978 3405 Tibi
2009 3352 2177 3420 patuit

573 3439 723 3511 quod
753 3439 874 3495 aliis
902 3449 1220 3496 accusantes
1269 3442 1603 3499 clandestina
1653 3443 1841 3497 fraude
1892 3450 2171 3497 texerunt:

574 3534 717 3605 apud
743 3544 795 3590 te
840 3544 1172 3604 compertum
1196 3535 1317 3603 fttit,
1363 3552 1469 3591 non
1520 3537 1955 3591 satisfaciendum
1994 3535 2172 3601 odiis,

575 3627 823 3697 quotiens
870 3626 976 3682 fide
1013 3626 1281 3682 deseritur
1302 3629 1394 3697 qui
1428 3629 1664 3683 lacessit.
1699 3630 1804 3685 Sed
1830 3630 2023 3684 melius
2052 3630 2175 3685 aliis

579 3728 871 3774 servantur
915 3718 1181 3774 narranda
1217 3720 1569 3790 temporibus.
1602 3723 1777 3786 Salve,
1814 3722 2174 3778 Ecclesiarum

582 3813 732 3868 sidus
753 3855 769 3881 ,
803 3824 857 3869 et
891 3813 957 3868 ad
1006 3824 1338 3869 senectutem
1369 3816 1564 3870 bonam
1610 3815 1841 3870 Abrahae
1897 3817 2178 3872 aemulator

578 3904 779 3959 accede
804 3919 818 3969 ;
859 3906 983 3975 quia
1012 3906 1379 3961 testimonium
1433 3907 1711 3975 probitatis
1740 3916 1851 3972 est,
1884 3907 1975 3963 diu
2004 3906 2178 3961 homi-

577 4010 705 4051 nem
737 3998 790 4050 in
820 3997 1183 4051 ecclesiastica
1227 4013 1352 4052 arce
1394 3999 1621 4064 servari,
1665 4008 1724 4052 ut
1752 3998 2011 4067 scriptum
2051 4009 2172 4055 est:

582 4084 696 4139 Viri
746 4087 1056 4157 sanguinum
1092 4097 1139 4141 et
1169 4088 1338 4141 dolosi
1386 4105 1488 4142 non
1533 4090 1875 4143 dimidiabunt
1917 4090 2027 4144 dies
2058 4108 2177 4146 suos

574 4176 749 4250 (Psal.
782 4193 929 4245 Lx1v,
957 4177 1073 4245 24).
1125 4178 1204 4232 Tu
1235 4195 1351 4234 aevo
1381 4190 1644 4247 maturus,
1676 4190 1730 4235 et
1770 4182 1834 4235 ad
1866 4181 2175 4250 religiosum

574 4270 828 4325 sudorem
881 4271 1173 4339 primmvus
1219 4285 1513 4341 exsupero.
1561 4273 1644 4327 Tu
1676 4274 1874 4343 pietate
1921 4274 2173 4327 laudabili

572 4361 732 4417 bonis
777 4362 1077 4432 disciplinis
1106 4364 1359 4434 exempla
1395 4380 1659 4435 suggere;
1689 4367 1858 4420 malos
1889 4367 2177 4420 severitate

574 4454 902 4524 compesCe;
935 4464 984 4511 et
1014 4455 1138 4511 boni
1171 4457 1452 4527 utriusque
1498 4457 1655 4511 fibula
1695 4458 1875 4526 operis
1928 4458 1979 4512 in
2015 4458 2172 4513 testi-

577 4548 765 4602 monio
794 4563 1020 4603 summa:
1043 4548 1230 4619 gloriae
1259 4549 1376 4603 sine
1411 4549 1531 4603 labe
1561 4549 1817 4618 perdura.

1207 4640 1422 4696 DICTIO
1475 4643 1537 4696 ΙΙ.

582 4733 601 4765 ⁸
632 4732 797 4818 ῌὶδξε
828 4731 1365 4818 Hortoratolepiswpo‘
1386 4734 1831 4818 .Norart’etts‘i,-in.
1850 4737 2174 4818 dedicatione

648 4804 875 4860 basilicis
906 4804 1290 4877 Apostolorum,
1314 4806 1397 4860 ubi
1420 4808 1663 4877 templum
1688 4809 1785 4876 fuit
1813 4808 2095 4863 idolorum.

1134 4912 1300 4954 SACRA
1338 4912 1596 4954 SECUNDA.

647 4981 827 5040 Credo
851 5000 952 5054 ego
982 5002 1101 5053 vos,
1123 4990 1316 5045 fratres
1345 4990 1634 5056 carissimi,
1670 4999 1777 5045 tota
1808 4993 2004 5047 mentis
2033 5008 2163 5050 cura

576 5076 849 5143 venerari,
875 5078 1017 5147 quod
1041 5082 1094 5134 in
1121 5081 1240 5135 loco
1263 5081 1384 5150 hoc,
1424 5090 1675 5138 manente
1701 5084 1882 5153 templi
1914 5086 2164 5152 nomine,

571 5175 725 5221 vetus
742 5169 955 5237 perierit
987 5185 1082 5239 pro
1110 5172 1369 5242 religione
1389 5176 1598 5231 cultura
1623 5191 1639 5230 :
1662 5176 1803 5245 quod
1841 5176 2057 5235 delubri
2078 5196 2167 5236 re-

643 5283 661 5314 ¹
697 5282 864 5361 οξςιὶο
891 5285 1045 5361 missa
1089 5285 1393 5361 Honorato]
1420 5289 1633 5359 Scripta
1670 5291 1786 5346 haec
1834 5292 2051 5361 quidem
2095 5297 2165 5352 ab

570 5353 840 5420 Ennodio,
871 5356 966 5409 sed
990 5358 1039 5410 in
1058 5360 1281 5425 gratiam
1306 5353 1564 5416 Honorati
1599 5353 2160 5423 Novaritc'lnsubrum

570 5427 834 5507 episcOpi,
876 5428 1113 5507 quieant
1141 5431 1494 5507 _rec_i_tavit,_ut
1522 5447 1692 5488 suam.
1726 5435 1817 5489 Sic
1844 5436 2007 5492 etiam
2036 5455 2160 5507 qua:

570 5502 819 5574 proxime
838 5500 1079 5574 sequitur
1107 5501 1172 5553 ab
1219 5501 1463 5574 Eunodio
1512 5506 1808 5574 composita
1838 5514 1942 5573 est,
1972 5526 2000 5564 a
2028 5500 2151 5566 Ste-

570 5568 749 5647 pira-no
772 5570 975 5625 vicario
998 5573 1355 5647 pronuntiata.
1382 5573 1519 5630 Sunt
1540 5586 1593 5629 et
1618 5568 1736 5631 alite
1759 5577 1810 5632 id
1835 5568 1999 5647 genus
2025 5596 2157 5635 non-

570 5640 754 5719 nullae,
782 5657 915 5719 quas
946 5658 1041 5719 pro
1080 5644 1304 5698 diversis
1352 5651 1655 5713 composuit
1678 5666 1693 5701 :
1719 5640 2012 5719 quovmore
2038 5651 2156 5705 Sal-

570 5712 786 5791 !ianum
815 5712 1199 5791 Massiliensem
1229 5712 1597 5791 presbyterum
1630 5712 1876 5775 honiilias
1889 5722 2158 5791 episcopis

568 5775 770 5859 fecisse
794 5784 1202 5859 multasauctor
1226 5775 1311 5859 est
1331 5775 1637 5859 Gennadius
1670 5790 1722 5845 in
1743 5775 2008 5859 catalogo.

641 5850 664 5885 ⁸
704 5849 876 5907 Victor
896 5854 1136 5927 antistes]
1165 5858 1458 5931 EpiscOpus
1501 5858 1865 5930 Novariensis,
1895 5849 2155 5921 dvecessor

2283 3366 2446 3420 quem
2478 3354 2625 3407 novit
2654 3350 2987 3423 praetendere
3025 3352 3148 3409 vita:
3188 3355 3365 3410 lumen
3418 3354 3737 3426 insequitur.
3773 3353 3880 3408 Lu-

2278 3442 2559 3498 ‘culentius
2585 3453 2761 3500 tamen
2784 3455 3051 3515 gestarum
3078 3445 3233 3501 fidem
3257 3461 3434 3501 rerum
3460 3444 3724 3502 sermonis
3750 3462 3879 3516 pan-

2284 3533 2473 3589 damus
2498 3533 2698 3590 officio.
2731 3534 2825 3590 ilic
2847 3546 2969 3592 ante
2994 3537 3270 3593 fallacibus
3292 3538 3535 3594 dedicata
3561 3539 3874 3608 praestigiis,

2282 3624 2339 3683 ξι
2383 3628 2524 3696 turpi
2555 3628 2820 3699 pecudum
2850 3646 3042 3687 cruore
3091 3633 3307 3702 perfusa
3338 3640 3548 3688 veteres
3586 3632 3876 3689 simulacra

2282 3714 2604 3778 eoluerunt:
2633 3722 2722 3780 hic
2768 3724 2820 3779 in
2852 3723 3144 3781 divinitatis
3198 3725 3408 3795 injuria,
3445 3739 3536 3794 per
3578 3729 3750 3781 altare
3793 3727 3880 3781 in-

2282 3813 2473 3867 faustis
2502 3815 2831 3871 cumulatum
2861 3818 3196 3883 muneribus,
3230 3833 3316 3874 res
3345 3816 3478 3873 cdalo
3522 3814 3731 3871 debitas
3763 3818 3878 3872 da:-

2284 3904 2481 3959 moniis
2511 3904 2820 3962 obtulerunt
2849 3924 2863 3960 :
2896 3907 2983 3962 hic
3010 3908 3249 3978 junicum
3294 3920 3414 3963 exta
3463 3908 3733 3964 semivivis
3763 3910 3879 3979 pal-

2283 3995 2506 4064 pitantia
2525 3996 2759 4053 motibus
2786 3998 2984 4055 misero
3012 4000 3313 4071 inquisitori
3337 4001 3511 4055 futura
3535 4003 3875 4056 cecinerunt:

2284 4085 2412 4141 hinc
2442 4087 2621 4143 fumus
2650 4089 2884 4144 sordidis
2905 4106 3083 4147 aerem
3108 4092 3281 4161 ipsum
3315 4093 3507 4162 polluit
3537 4108 3755 4164 sparsus
3783 4108 3880 4161 per

2285 4177 2446 4232 multa
2470 4181 2751 4250 contagiis.
2777 4181 2857 4236 Ad
2884 4181 3089 4249 ultima,
3123 4182 3247 4238 hinc
3278 4194 3506 4239 mactata
3533 4200 3628 4256 per
3658 4185 3879 4241 lanistas

2284 4264 2581 4326 hostiarum
2626 4274 2932 4339 multitudo,
2986 4275 3247 4346 quidquid
3280 4278 3422 4332 Deus
3468 4290 3550 4333 est
3580 4279 3831 4349 ell'ugavit
3858 4324 3873 4349 ,

2286 4357 2411 4412 dum
2440 4360 2603 4428 farra,
2632 4364 2871 4433 sanguis,
2908 4374 3044 4434 tura,
3070 4369 3305 4423 vervinte
3334 4369 3492 4424 idolis
3519 4369 3872 4427 exhibentur:

2284 4448 2411 4505 dum
2433 4452 2735 4524 simplicem
2761 4457 2920 4511 ritum
2948 4466 3079 4513 tetas
3110 4458 3322 4536 Christo
3352 4462 3564 4516 inimica
3596 4477 3701 4515 non
3742 4462 3877 4517 reci-

2286 4542 2406 4611 pit,
2446 4553 2499 4598 et
2530 4546 2835 4602 multifariis
2868 4547 2890 4577 "
2913 4564 3138 4605 censura
3194 4552 3472 4608 laborante
3512 4552 3876 4610 oblationibus

2204 4630 2265 4696 Β
2287 4636 2576 4703 Supernam
2595 4649 2863 4694 mercatur
2884 4642 3160 4697 offensam.
3191 4643 3403 4700 Liberet
3424 4646 3498 4700 ire
3527 4642 3622 4715 per
3642 4643 3871 4716 singula,

2281 4730 2337 4813 et
2367 4728 2696 4787 funestorum
2726 4744 2934 4789 secreta
2963 4736 3159 4806 linguae
3189 4736 3341 4793 clave
3375 4753 3638 4804 reserare,
3682 4738 3734 4793 ni
3762 4748 3877 4793 me-

2281 4820 2386 4877 rito
2414 4824 2745 4880 aestimemus
2793 4827 2903 4883 oris
2933 4827 3183 4898 injuriam
3234 4847 3457 4886 narrare
3486 4829 3784 4897 Sordentia,
3817 4826 3875 4886 ct

2280 4916 2421 4986 quod
2446 4919 2569 4974 illos
2598 4922 2813 4977 actione
2837 4922 3083 4992 perculit,
3106 4938 3203 4978 nos
3224 4924 3435 4994 loquela
3457 4926 3874 4980 contaminaret.

2266 5002 2624 5078 ‘Explicemus
2656 5011 2892 5079 interim,
2923 5015 3119 5085 quibus
3147 5017 3257 5071 sint
3299 5017 3397 5071 ista
3428 5004 3627 5070 mutata
3659 5031 3877 5071 succes-

2277 5102 2445 5168 Sibus,
2490 5114 2689 5175 quanto
2721 5110 2991 5176 praeventa
3040 5118 3142 5163 nox
3175 5102 3467 5177 Splendore
3519 5110 3739 5180 fugerit.
3773 5108 3874 5165 Ubi

2272 5205 2400 5250 sunt
2449 5198 2621 5268 sigilla
2678 5202 2955 5256 numinum
3008 5204 3147 5258 votis
3203 5204 3489 5273 imaginata
3541 5203 3876 5259 facientum‘l

2274 5306 2562 5384 Honorati,
2604 5310 2767 5382 cujus
2822 5312 3149 5382 epitaphium
3178 5316 3391 5383 scripsit
3443 5315 3721 5369 Ennodius
3752 5315 3875 5384 epi-

2271 5393 2442 5447 gram.
2475 5380 2565 5434 95.
2597 5380 3083 5453 At'epigrammate
3112 5386 3168 5440 ll
3208 5380 3400 5440 tle'hac
3424 5387 3611 5441 eadem
3644 5400 3734 5440 re:

2429 5471 2511 5534 Di,
2528 5475 2711 5542 quibus
2732 5477 2829 5542 hoc
2843 5480 2999 5542 patuit
3016 5517 3028 5541 ,
3053 5491 3300 5540 possessas
3320 5479 3528 5542 linquite
3550 5477 3718 5529 sedes.

2516 5537 2653 5603 Quod
2679 5538 2799 5603 fecit
2814 5537 2997 5599 Victor,
3016 5537 3179 5589 'victor
3207 5543 3390 5603 ubique
3406 5537 3578 5593 'tenet.

2425 5599 2619 5647 Addidit
2642 5600 2699 5646 ad
2726 5600 2907 5648 cultum
2928 5603 3102 5651 merito
3120 5599 3375 5653 successor
3400 5613 3451 5652 et
3474 5606 3598 5652 actis

2517 5664 2609 5718 Qui
2634 5674 2822 5709 morum
2844 5676 3021 5713 nomen
3043 5665 3155 5715 hinc
3176 5665 3425 5717 Honorate
3447 5666 3600 5729 geris.

2356 5745 2375 5775 ³
2407 5743 2615 5810 Schot.,
2645 5743 2740 5797 Cui
2765 5748 2969 5815 futura.

2346 5835 2369 5867 "
2400 5835 2612 5904 Schot.,
2638 5850 2810 5893 censu.
