4192 6260
256 349 366 411 909

1710 341 2093 413 DICTIONES.

3450 335 3558 416 m

257 479 490 538 quorum
508 464 675 521 facies
700 461 753 520 in
783 469 1046 535 potestate
1075 463 1329 536 pependit
1357 459 1622 523 artiﬁcis?
1647 468 1843 539 quibus
1869 463 1923 534 Α
1947 471 2089 526 nitor
2119 469 2318 540 ingenii
2346 470 2500 542 :quia
2529 470 2581 526 in
2605 469 2690 526 bis
2718 468 2880 526 etiam
2907 469 3024 528 sine
3051 485 3239 528 amore
3267 471 3542 528 blanditur

268 558 500 628 pretium
533 567 625 611 aut
654 558 961 613 sollicitudo
987 560 1192 630 peperit
1220 561 1492 629 operantis
1511 605 1524 628 ,
1552 571 1642 615 aut
1670 563 1860 618 metal-

258 653 411 708 lum?
442 651 543 707 [ἱδί
575 660 702 707 sunt
731 654 804 711 dii
858 655 1054 722 quibus
1083 653 1375 723 potentiam
1444 654 1704 709 dederunt
1755 655 1860 709 ho-

255 748 434 801 mines
465 745 673 816 fulgore
703 745 1081 816 gemmarum?
1113 745 1194 800 En
1225 746 1406 814 video,
1439 746 1618 802 omnia
1653 746 1774 810 ista,
1798 753 1859 800 ut

262 838 450 904 credo,
476 837 764 907 fugerunt:
786 838 1037 895 Christus
1058 840 1332 909 ingressus
1353 845 1437 895 est
1461 857 1473 892 :
1503 840 1858 910 reSpiciam-us

249 932 452 1002 quibus
485 930 650 986 fultus
681 932 921 987 auxiliis.
976 933 1248 989 Venerunt
1296 949 1417 989 cum
1473 949 1538 988 eo
1593 933 1855 988 ctelorum

250 1024 416 1088 radii,
447 1025 820 1093 apostolorum
851 1024 1179 1093 diademata,
1212 1026 1404 1082 Petrus
1427 1036 1479 1080 et
1510 1021 1728 1081 Paulus.
1757 1025 1859 1090 Qui

250 1117 399 1172 enim
432 1116 486 1170 in
534 1118 935 1173 restauration‘e
988 1117 1121 1172 tedis
1171 1127 1356 1172 essent
1407 1115 1722 1181 necessarii,
1756 1116 1858 1170 nisi

253 1207 586 1277 architectus
607 1217 662 1262 et
684 1209 868 1278 petra?
891 1208 995 1263 nisi
1017 1210 1150 1279 lapis
1173 1217 1229 1265 et
1255 1209 1731 1278 superaediﬁcans?
1754 1207 1856 1262 nisi

254 1301 672 1356 fundamentum
723 1310 779 1355 et
833 1301 1011 1371 opifex
1043 1302 1067 1355 ?
1105 1301 1241 1368 Quid
1296 1301 1574 1370 trepidatis
1625 1299 1858 1370 pericula

253 1391 572 1448 mortalium
594 1390 618 1444 ἲ
642 1391 773 1462 quid
801 1394 960 1446 anxio
991 1393 1168 1462 fugam
1212 1393 1415 1462 paratis
1456 1391 1729 1448 excursu?
1770 1391 1859 1448 ille

257 1491 365 1548 est,
399 1484 488 1537 cui
521 1483 703 1538 nullus
727 1485 1014 1538 versutiam
1045 1495 1280 1539 vestram
1329 1485 1508 1552 lapsus
1539 1481 1854 1539 abscondit:

257 1578 348 1645 qui
378 1591 500 1632 cum
529 1577 650 1632 loco
683 1592 789 1631 non
822 1588 1122 1643 moveatur,
1156 1593 1480 1647 quocunque
1511 1577 1754 1632 abieritis
1779 1577 1860 1632 in-

256 1669 523 1738 sequitur.
560 1668 694 1723 Veni
724 1683 870 1738 ergo,
923 1668 1162 1738 piissime
1192 1668 1443 1736 Domine,
1474 1680 1528 1722 et
1552 1669 1618 1722 ad
1661 1683 1857 1724 conse-

261 1759 562 1814 crationem
611 1761 789 1828 operis
839 1760 913 1814 tui
946 1760 1134 1829 plenus
1177 1761 1399 1816 illabere
1422 1803 1434 1814 .
1462 1760 1580 1815 vice
1634 1760 1855 1815 humani
1888 1828 1916 1833 __

1967 563 2275 629 eloquentia
2304 605 2318 629 ,
2351 563 2400 617 in
2451 562 2556 617 illis
2600 562 2940 629 splendorem
2964 579 3135 620 .suum
3183 565 3380 619 veritas
3412 565 3550 620 nuda

1965 653 2323 708 commendat.
2355 653 2485 708 Sine
2511 653 2746 722 phaleris
2772 665 2854 710 est
2881 671 3041 711 omne
3061 657 3199 724 quod
3227 655 3392 711 dictat
3421 655 3557 711 επε-

1961 749 2107 802 ctio:
2139 747 2204 801 ad
2248 762 2478 817 unguem
2509 748 2836 804 fabricantur
2873 749 2984 815 illa,
3015 766 3135 820 qum
3163 750 3413 805 volumus
3443 765 3552 806 non

1963 851 2068 897 tam
2117 844 2349 913 speciem
2383 844 2516 898 recti
2561 843 2784 910 habere,
2813 860 2972 914 quam
3012 841 3439 899 similitudinem.
3473 843 3556 899 Ad

1963 943 2034 998 te,
2066 935 2390 989 venerabilis
2415 935 2546 988 mihi
2579 936 2807 990 antistes
2833 937 3080 1000 Maxime,
3107 933 3287 992 sei-mo
3315 939 3396 991 est
3422 949 3436 990 :
3468 937 3557 993 cui

1962 1027 2014 1081 in
2046 1028 2364 1082 meritorum
2397 1027 2708 1082 testimonio
2738 1028 2908 1082 virtus
2933 1019 3098 1097 etrapit
3127 1041 3158 1082 a
3184 1027 3466 1093 vacabulo,
3504 1027 3559 1082 in

1959 1136 2066 1191 quo
2116 1130 2265 1176 actus
2319 1122 2621 1190 eloquitur,
2653 1121 2742 1192 qui
2791 1135 2984 1176 nomen
3019 1121 3258 1191 appellat
3289 1137 3303 1175 :
3337 1121 3560 1191 provida

1961 1221 2246 1282 parentum
2270 1222 2484 1267 tuorum
2508 1213 2786 1282 diligentia
2811 1212 2958 1280 prius
2985 1219 3038 1267 te
3060 1211 3182 1282 eligi
3205 1211 3374 1265 Voluit
3394 1225 3557 1282 quam

1961 1304 2198 1374 probari.
2224 1305 2302 1359 Te
2328 1305 2457 1359 olim
2503 1305 2852 1359 saeuiat-ibus
2883 1305 3235 1359 inhaerentem
3280 1304 3445 1358 titulis
3471 1319 3560 1359 ca-

1961 1397 2190 1452 Strensis
2227 1397 2393 1452 sudor
2423 1395 2673 1461 excoluit,
2707 1403 2760 1450 et
2784 1396 2850 1450 ad
2893 1395 3152 1450 Ecclesia:
3193 1389 3558 1465 gubernacula

1962 1498 2089 1560 pars
2120 1490 2347 1545 adversa
2387 1489 2677 1544 solidavit:
2709 1489 2846 1543 sicut
2879 1489 3019 1542 Deus
3045 1485 3283 1557 loquitur
3307 1491 3399 1556 per
3431 1497 3557 1556 pro-

1963 1581 2202 1651 phetam,
2237 1580 2337 1648 Qui
2365 1580 2418 1633 in
2450 1580 2652 1632 modico
2683 1577 2872 1639 ﬁdelis.
2909 1589 2952 1631 et
2985 1580 3038 1632 in
3060 1593 3247 1649 magno
3273 1578 3441 1647 ﬁdelis
3475 1587 3556 1632 est

1962 1674 2116 1745 (Luc.
2149 1689 2271 1739 xvi,
2301 1673 2416 1741 10).
2443 1670 2465 1704 ⁸
2494 1671 2570 1726 Te
2621 1685 2898 1726 sacrarum
2935 1670 3100 1741 judcx
3132 1679 3184 1726 et
3207 1671 3416 1726 consilii
3458 1677 3555 1726 co-

1962 1765 2148 1823 mitem
2182 1767 2381 1821 meruit
2408 1772 2462 1820 et
2489 1763 2713 1819 laboris.
2745 1763 2890 1818 Bene
2913 1762 3234 1818 venerandis
3261 1759 3555 1818 initiandus

258 1867 354 1922 per
411 1853 678 1921 baptisma
724 1853 955 1921 pectoris
1003 1863 1296 1923 purgentur
1338 1852 1455 1907 haec
1479 1852 1675 1923 templa
1711 1853 1851 1922 turpi
1880 1851 1931 1915 Β
1956 1859 2236 1924 altaribus,
2257 1857 2384 1914 etin
2412 1855 2549 1911 laica
2570 1855 2984 1911 conversatione
3004 1856 3147 1925 quod
3171 1867 3381 1910 sacrum
3400 1855 3551 1911 esset

258 1945 521 2002 hactenus
554 1945 806 2000 dedicata
840 1946 1156 2015 patrocinio.
1189 1946 1429 2011 lnstitue,
1464 1945 1706 2012 Domine,
1737 1960 1855 1999 ver-

261 2036 425 2092 tendo
471 2035 774 2102 sacriﬁcia;
819 2045 875 2092 et
922 2036 1050 2091 dum
1107 2036 1253 2106 puris
1302 2037 1638 2092 cutnulamus
1667 2037 1855 2090 altaria

259 2142 450 2188 sancta
465 2130 718 2195 donariis,
747 2135 1090 2200 praesentiam
1113 2142 1216 2187 tua:
1240 2134 1537 2202 maiestatis
1569 2135 1851 2201 intersere,

258 2235 524 2281 evocatus
550 2235 852 2280 sanctorum
887 2226 1080 2282 merito
1121 2227 1486 2295 sacerdotum,
1512 2226 1668 2282 electi
1707 2241 1858 2281 seor-

255 2333 376 2376 sum
409 2320 694 2388 praesentis
727 2321 743 2351 ¹
773 2319 948 2374 Patris
989 2320 1155 2375 nostri
1182 2320 1458 2376 Laurentii
1488 2320 1812 2376 conscientia
1839 2337 1855 2376 :

260 2413 348 2484 qui
375 2422 456 2468 tot
487 2414 686 2484 plenus
736 2413 953 2469 dotibus
1000 2415 1064 2468 ad
1122 2415 1381 2470 Ecclesiae
1411 2413 1618 2484 fastigia
1646 2416 1814 2470 crevit
1837 2454 1854 2482 ,

258 2513 387 2572 quot
414 2505 675 2560 fecissent
713 2521 978 2560 summum
1021 2507 1227 2576 singula
1259 2522 1486 2577 quaeque
1516 2507 1852 2577 pontiﬁcem.

259 2592 313 2650 lu
333 2610 440 2664 quo
467 2605 658 2651 vernat
681 2596 928 2666 princeps
949 2597 1073 2652 boni
1088 2599 1270 2665 operis
1291 2607 1346 2653 et
1369 2607 1540 2653 mater
1560 2599 1858 2654 honestatis

261 2689 610 2753 verecundia,
635 2690 908 2758 religionis
937 2701 1138 2746 sant-tte
1169 2691 1348 2746 nutrix
1382 2691 1661 2760 patientia.
1686 2691 1856 2746 Deum

263 2793 483 2848 semper
515 2781 785 2840 placatura
815 2782 1018 2852 pietas,
1046 2783 1134 2850 qui
1165 2782 1548 2838 ecclesiasticis
1599 2781 1858 2837 membris

263 2886 377 2927 non
420 2881 674 2929 sermbne
722 2875 843 2930 vita:
891 2876 1132 2931 instituta
1168 2877 1371 2943 tribuit,
1423 2877 1518 2932 sed
1558 2877 1856 2946 exemplis:

260 2967 354 3035 qui
385 2980 607 3022 omnem
638 2968 824 3024 callem
866 2985 974 3039 quo
1003 2969 1068 3024 ad
1112 2970 1276 3024 Deum
1305 2971 1430 3035 itur,
1459 2969 1584 3024 dum
1632 2969 1860 3039 praevius

262 3059 490 3123 incedit,
525 3060 799 3116 ostendit:
831 3062 1118 3132 adjuvante
1148 3077 1207 3118 se
1252 3063 1478 3118 Domino
1509 3070 1697 3117 nostro
1728 3061 1860 3116 Jesu

262 3149 512 3222 Christo,
545 3169 666 3210 cum
700 3155 862 3212 Patre
899 3167 1160 3227 regnante
1203 3158 1254 3211 in
1285 3157 1482 3213 saecula
1511 3157 1855 3212 saeculorum.
1896 3217 1930 3228 η

1889 3239 1937 3305 C
1970 3243 2026 3297 in
2055 3241 2311 3309 magistro
2352 3236 2676 3293 necessaria.
2721 3235 2937 3290 Frustra
2967 3236 3248 3292 monitoris
3274 3247 3561 3307 personam

267 3245 460 3300 Amen.

889 3335 1116 3394 DlCTlO
1153 3339 1242 3394 ΙΙΙ.

336 3429 362 3463 ³
390 3428 528 3485 Data
554 3427 822 3500 Stephano
847 3429 870 3462 ³
903 3429 969 3486 γ.
992 3431 1054 3488 S.
1083 3433 1270 3489 vicario
1300 3433 1518 3487 dicenda
1552 3431 1785 3486 Maximo

931 3527 1170 3598 episcopo

847 3633 1013 3675 SIGNA
1068 3637 1287 3676 TERTIA.

348 3710 537 3768 Prodit
563 3713 830 3784 religiosa:
856 3723 1039 3770 votum
1070 3715 1416 3771 conscientiae
1441 3729 1592 3769 mens
1617 3714 1864 3770 laudibus

269 3803 472 3860 devota
519 3807 838 3876 pontiﬁcum
865 3825 878 3861 :
909 3809 1135 3862 assertio
1157 3808 1352 3876 ingenii
1395 3818 1517 3873 est,
1553 3809 1660 3863 Deo
1707 3808 1864 3862 obse-

268 3897 553 3966 quentibtts
571 3900 882 3967 mancipare
905 3898 1045 3968 quod
1073 3901 1357 3969 loquimur.
1389 3902 1442 3954 In
1466 3916 1693 3968 quorum
1726 3915 1864 3968 prae-

267 3987 438 4043 coniis
472 3988 612 4045 forte
638 4001 900 4060 angustus
927 4005 1108 4046 sermo
1135 3993 1314 4062 vnlget
1358 3993 1713 4062 imperitiam:
1745 4007 1862 4044 ma-

264 4081 480 4137 nifestat
506 4093 712 4149 tamen,
742 4085 789 4138 si
820 4086 1176 4150 abstineatur,
1210 4084 1510 4138 infantiam.
1545 4085 1674 4152 Quis
1705 4098 1860 4137 men-

263 4172 432 4227 dicam
461 4177 828 4230 narrationem
862 4177 1110 4244 aestimet,
1141 4192 1298 4245 quam
1331 4189 1454 4230 vcta
1485 4177 1817 4246 locupletant
1838 4179 1862 4228 Ἰ

263 4261 414 4332 Saepe
473 4265 525 4319 in
573 4267 838 4321 facundia:
889 4268 1102 4322 dotibus
1152 4283 1351 4337 pauper
1399 4268 1671 4344 invenitur
1727 4283 1859 4322 vena

261 4358 635 4426 pradicantis.
661 4369 718 4413 et
744 4377 772 4412 c
800 4361 1014 4415 diverso
1039 4364 1323 4416 thesaurus
1352 4363 1528 4416 cordis
1553 4363 1775 4416 irrad‘at
1807 4364 1857 4415 in

266 4459 504 4518 egestate
544 4453 852 4506 verborum.
881 4453 979 4519 Qui
1018 4454 1132 4508 vice
1162 4454 1252 4508 Dei
1297 4455 1517 4523 judicat,
1555 4471 1659 4507 nnu
1710 4455 1858 4507 desi-

267 4542 411 4597 derat
439 4543 583 4612 picta
615 4545 902 4615 colloquia,
935 4547 1026 4600 scd
1065 4563 1186 4615 qua:
1231 4547 1495 4600 inl'uCatus
1519 4547 1860 4601 commendat

1959 1951 2188 2023 elegisti.
2213 1949 2293 2004 Tu
2316 1949 2586 2019 pudicitia:
2609 1947 2660 2002 in
2691 1948 2778 2001 illa
2803 1956 2963 2003 aetate
2986 1957 3168 2002 custos
3191 1947 3442 2002 inventus
3469 1959 3553 2017 es,

1960 2043 2016 2098 in
2047 2057 2151 2113 qua
2177 2049 2230 2097 et
2273 2041 2356 2096 lex
2405 2041 2719 2110 obsequitur
2759 2038 3065 2094 desideriis.
3114 2038 3259 2094 Satis
3299 2033 3442 2093 enim
3475 2047 3559 2095 est

1961 2135 2211 2208 pueritiae
2239 2133 2682 2202 ambitum‘quem
2706 2133 2922 2189 licentia
2954 2131 3119 2196 fulcit,
3156 2133 3381 2188 horreri.
3406 2131 3557 2187 Chri-

1960 2239 2077 2284 stus
2100 2227 2298 2283 milites
2321 2241 2448 2281 suos
2469 2240 2605 2296 quos
2628 2226 2680 2280 in
2704 2236 2986 2295 personam
3001 2225 3152 2281 ducis
3177 2226 3403 2288 attollat,
3420 2226 3559 2281 inter

1962 2317 2108 2374 acies
2135 2317 2328 2388 quaerit
2365 2316 2612 2373 hostiles.
2659 2313 2911 2372 Adscitus
2945 2317 3217 2382 Ecclesiae,
3250 2316 3559 2386 pontiﬁcem

1962 2411 2170 2468 actibus
2199 2410 2429 2480 implesti
2486 2419 2614 2464 ante
2660 2419 2899 2480 tempora
2949 2409 3245 2480 dignitatis.
3297 2407 3413 2463 Non
3460 2409 3560 2464 fuit

1962 2507 2168 2563 advena
2195 2504 2517 2574 benignitas,
2551 2518 2672 2574 qua:
2700 2513 2906 2558 natura:
2938 2503 3127 2558 innixa
3166 2503 3454 2568 radicibus,
3490 2503 3560 2558 de

1963 2613 2100 2654 cano
2145 2598 2278 2653 ﬁore
2331 2611 2552 2667 germen
2600 2596 2853 2651 ostendit.
2897 2594 3220 2666 Temporale
3255 2604 3338 2650 est
3397 2609 3559 2652 omne

1963 2687 2107 2761 quod
2137 2690 2390 2756 ﬁngitur:
2431 2699 2748 2758 perpetuum
2797 2685 2938 2756 quod
2983 2701 3104 2743 cum
3135 2695 3292 2743 :etate
3323 2695 3559 2744 mature-

1962 2783 2084 2839 scit.
2113 2780 2230 2837 Non
2258 2781 2353 2836 tibi
2398 2779 2760 2835 sacerdotium
2801 2793 2916 2834 rem
2963 2779 3088 2834 doni
3130 2781 3402 2835 credimus
3434 2785 3558 2836 eve-'

1963 2877 2132 2942 nisse,
2165 2875 2259 2931 sed
2304 2875 2531 2944 praemii.
2574 2874 2725 2928 Alius
2768 2872 2910 2941 vulgi
2956 2888 3106 2938 aura,
3149 2874 3321 2940 gratia
3357 2874 3556 2929 lenoci-

1964 2977 2163 3034 nante,
2210 2965 2618 3021 commendatur
2660 2981 2672 3016 :
2709 2963 2805 3017 tibi
2852 2963 3023 3030 rigida
3064 2963 3205 3016 circa
3254 2963 3558 3029 culpabiles

1967 3058 2233 3115 districtio
2256 3056 2404 3111 dedit
2432 3055 2702 3108 allectum.
2733 3054 2913 3107 Manet
2944 3060 2995 3107 te
3023 3052 3310 3122 singularis
3333 3054 3556 3123 sapien-

1965 3153 2038 3206 tia
2066 3171 2076 3203 :
2109 3165 2232 3221 qua:
2268 3149 2392 3203 licet
2418 3145 2747 3217 generaliter
2775 3146 3009 3214 optanda
3039 3153 3140 3212 est,
3169 3154 3348 3202 tamen
3374 3150 3560 3208 existit

1969 3333 2211 3403 suscipit,
2243 3331 2336 3402 qui
2363 3329 2582 3399 impacti
2615 3342 2718 3381 non
2754 3327 3009 3396 praevalet
3038 3329 3308 3384 aestimare
3351 3330 3561 3399 pondus

1968 3425 2136 3481 ofﬁcii
2173 3443 2185 3478 :
2217 3421 2492 3478 vilissimis
2534 3418 2927 3489 comparandus
2969 3429 3090 3488 est,
3137 3419 3241 3474 nisi
3289 3420 3562 3489 prtecellat

1969 3518 2222 3581 scientia,
2251 3515 2342 3583 qui
2371 3523 2455 3569 est
2496 3513 2701 3567 honore
2727 3510 3090 3581 praestantior.
3137 3509 3294 3565 Dedit
3323 3511 3419 3566 tibi
3447 3513 3562 3580 api-

1969 3627 2086 3667 cem
2111 3624 2198 3664 res
2235 3606 2442 3678 iudicii,
2486 3620 2591 3659 non
2626 3603 2862 3659 favoris:
2896 3603 3089 3672 dignus
3122 3603 3370 3671 pontiﬁce
3409 3619 3561 3659 amor

1969 3713 2071 3766 est,
2103 3715 2261 3770 quem
2294 3712 2521 3752 censura
2548 3695 2833 3750 conciliat:
2867 3694 3185 3750 devenustat
3209 3695 3562 3752 institutionis

1967 3794 2204 3865 genium,
2236 3792 2327 3860 qui
2376 3805 2471 3858 per
2504 3789 2671 3843 solam
2703 3787 2931 3857 gratiam
2960 3787 3073 3840 vult
3105 3789 3338 3856 placere.
3373 3787 3453 3843 Tu
3479 3789 3562 3843 his

1969 3885 2216 3942 conditus
2238 3893 2288 3940 el
2321 3884 2580 3937 formatus
2605 3882 2728 3938 eteli
2750 3880 3048 3946 beneliciis,
3073 3881 3193 3947 plus
3229 3881 3436 3950 agendo
3461 3896 3562 3951 pu-

1968 3980 2152 4049 pulum
2202 3977 2456 4041 instituis,
2487 3989 2644 4045 quam
2693 3973 2982 4043 loquendo.
3017 3973 3114 4027 Illa
3155 3973 3360 4028 monita
3405 3973 3562 4028 disci~

1968 4074 2216 4142 puiorum
2271 4069 2655 4124 conscientiam
2707 4065 3031 4134 eruderant,
3083 4081 3202 4135 quae
3258 4065 3564 4134 praebentur

1968 4166 2258 4235 exemplo:
2294 4165 2410 4218 sine
2453 4162 2654 4229 pudore
2699 4161 2890 4213 invitat
2920 4159 2983 4213 ad
3029 4159 3422 4224 innocentiam,
3468 4159 3562 4228 qui

1967 4262 2112 4316 illam
2146 4274 2249 4311 non
2275 4257 2430 4311 fuerit
2454 4257 2568 4323 ipse
2601 4262 2856 4307 sectatus.
2887 4253 2964 4307 Te
2989 4253 3131 4306 inter
3159 4263 3368 4307 secreta
3401 4268 3564 4320 pene-

1969 4355 2180 4408 tralium
2200 4352 2352 4418 quasi
2377 4358 2564 4403 testem
2588 4355 2853 4411 metuunt,
2877 4347 2967 4415 qui
2991 4361 3214 4412 peccare
3231 4346 3557 4413 disponunt:

1969 4444 2313 4500 nascentibus
2341 4441 2510 4509 culpis
2537 4451 2733 4501 metus,
2763 4449 2816 4492 et
2843 4437 3145 4492 reverentia
3177 4446 3266 4489 tua
3295 4444 3452 4504 negat
3482 4435 3562 4489 el'~

1970 4540 2188 4593 fectum.
2233 4534 2336 4601 Qui
2365 4534 2508 4588 inter
2537 4531 2758 4587 exordia
2789 4527 3025 4583 occurrit
3052 4527 3212 4591 vitiis,
3245 4539 3294 4582 et
3317 4525 3559 4581 occasio-

330 4657 344 4685 ¹
376 4655 558 4710 Patris
587 4658 748 4710 nostri
779 4657 1073 4783 Laurentii}
1111 4661 1354 4729 Episcopi
1404 4660 1812 4714 Mediolanensis
1835 4701 1852 4724 ,
1885 4621 1942 4683 Β
1967 4652 2225 4728 ςοιιιίιιθι.
2260 4648 2408 4728 Dicm
2443 4647 2600 4716 ίεῑιιιν
2619 4652 2700 4698 εει
2725 4643 2956 4726 Μακίιῐιο
2983 4641 3234 4722 θῼίεθθβίδ
3257 4639 3555 4720 “Cincii-ii.

335 4743 416 4781 em
467 4727 696 4783 proinde
730 4738 785 4782 ut
815 4741 1054 4783 metrnno
1081 4735 1283 4783 itanum
1319 4747 1472 4783 suum
1528 4733 1690 4783 nutris
1735 4729 1854 4783 loco
1967 4719 2242 4783 Ευῖυιὶιιιιῖί
2281 4733 2331 4770 ιη
2361 4734 2418 4769 (Ἦ
2450 4716 2581 4770 δεάθ
2611 4730 2936 4781 Ξυοεθεεονιν
2958 4727 3042 4766 θυι
3082 4721 3261 4780 Ροδιθθ
3293 4720 3555 4765 success"

269 4740 416 4798 quem
467 4727 696 4796 proinde
730 4738 785 4782 ut
815 4727 1283 4793 metropolitanum
1306 4727 1472 4785 suum
1528 4733 1690 4798 patris
1735 4729 1854 4784 loco

269 4793 536 4871 habebant
565 4798 940 4871 Novarienses.
967 4802 1118 4869 Quod
1149 4819 1277 4857 vero
1310 4803 1357 4855 in
1390 4793 1738 4871 t'j‘tS-lnlttleS
1768 4803 1854 4853 di-

267 4869 498 4942 greditur
523 4911 536 4930 ,
568 4870 838 4942 specimen
875 4873 1034 4927 habet
1083 4875 1268 4942 prisca‘
1294 4869 1664 4940 episcOpnrum
1712 4873 1853 4925 inter

267 4950 319 4991 se
347 4940 745 4994 observantia}:
777 4959 1000 5002 atrorum
1054 4940 1398 5000 concinnith
1435 4946 1472 4995 si
1511 4947 1728 5009 quan-lo
1758 4943 1854 4994 ad-

267 5020 410 5082 crant
437 5012 669 5065 aliarum
695 5015 903 5067 scdium
936 5014 1220 5076 antistites,
1256 5015 1486 5082 aliquam
1519 5030 1702 5067 eorum
1738 5014 1855 5066 lau-‘

265 5077 529 5154 (lationem
553 5083 794 5154 intexere
816 5084 1077 5139 solebant.
1102 5086 1266 5154 Cujus
1289 5077 1362 5139 re}
1387 5087 1543 5140 obvia
1562 5096 1682 5138 sunt
1707 5084 1850 5150 apud

266 5148 476 5224 Grazcos
503 5163 558 5208 et
588 5153 808 5224 Latinos
837 5157 1106 5224 exempla.
1135 5148 1238 5212 Sed
1272 5157 1478 5210 illustse
1502 5155 1642 5209 Petri
1675 5148 1849 5222 Chry-

263 5223 421 5292 sologi
447 5240 704 5279 sermone
733 5223 835 5280 l36
864 5227 917 5279 in
950 5223 1250 5294 Adelpbum
1279 5228 1611 5292 episronum.

325 5295 346 5324 ³
372 5295 546 5369 _l_)ictio
567 5298 689 5369 data
710 5295 1001 5369 Stephano]
1037 5298 1332 5353 Dictionem
1365 5298 1500 5352 hanc
1527 5296 1850 5369 Cresconius

260 5372 309 5417 et
338 5367 456 5419 alize
482 5367 727 5433 quaedam
748 5367 1348 5435 atitiqum'collectinnes
1378 5371 1516 5422 inter
1539 5368 1850 5436 Symnmchi

209 5428 222 5451 ²
261 5449 410 5503 papa:
437 5428 696 5505 epitolas
720 5428 1024 5504 numerant,
1051 5457 1167 5492 cum
1200 5428 1848 5507 inseriptioueftanquam

257 5507 317 5559 ad
343 5507 693 5564 Laurentium
719 5511 1027 5577 episcopum
1054 5511 1508 5565 illeilmlanenscm
1535 5516 1728 5576 scripta
1746 5511 1846 5563 sit:

255 5592 360 5645 quo
392 5583 557 5634 etiam
587 5581 806 5644 factum,
841 5591 898 5634 ut
928 5584 975 5633 in
1006 5598 1206 5649 nupera
1237 5583 1471 5636 θιίιιὶοιιε
1489 5581 1564 5634 Co
1591 5581 1850 5634 nciliurum

257 5651 462 5705 cat-teris
496 5651 807 5722 Symmachi
839 5653 1084 5722 epistolis
1115 5656 1310 5708 inserta
1341 5670 1366 5706 s
1393 5663 1431 5714 t,
1467 5668 1649 5706 errore
1679 5652 1852 5705 mani-

259 5721 390 5774 festo
416 5740 432 5784 ;
461 5721 586 5775 cum
612 5721 937 5791 Symmacho
967 5727 1183 5778 minime
1213 5735 1492 5792 congruat,
1525 5735 1577 5776 et
1621 5723 1848 5790 episto'a

257 5795 482 5864 hausit,
520 5793 616 5846 sed
640 5795 847 5848 oratio:
883 5810 1038 5862 quam
1061 5798 1272 5864 quidem
1297 5797 1359 5847 ad
1391 5796 1736 5848 Laurentium
1764 5810 1846 5847 re.

256 5858 393 5921 ferri
419 5879 534 5921 non
560 5865 760 5934 patitur
780 5858 970 5920 allusio
991 5866 1057 5920 ad
1080 5858 1292 5921 Maximi
1319 5865 1658 5932 vocabulum,
1686 5881 1843 5933 quam

1967 4705 2242 4789 Epiphanii
2281 4719 2331 4770 iu
2361 4734 2418 4769 ea
2450 4705 2581 4770 sued'e
2611 4715 2936 4781 successori,
2958 4705 3042 4766 cui
3082 4705 3261 4780 postea
3293 4711 3560 4765 successit

1965 4802 2147 4846 tiu-ter
2167 4790 2463 4844 Enuodius.
3130 4791 3140 4800 '

2038 4873 2057 4904 ³
2090 4872 2155 4926 ι’.
2183 4871 2244 4925 8.
2271 4865 2492 4939 uicario]
2516 4865 2626 4939 Viri
2645 4863 2957 4939 spectabilis
2982 4873 3135 4939 notas
3154 4861 3324 4930 adieci
3357 4877 3421 4917 ex
3442 4879 3558 4939 ma~

1963 4944 2276 5011 nuscriptis.
2323 4940 2455 4993 Hinc
2479 4933 2941 5011 enimvicariante
2988 4933 3323 5011 przefecturte
3363 4945 3417 4988 et
3447 4935 3557 5004 jam

1962 5019 2088 5070 olim
2143 5006 2384 5083 proprius
2417 5012 2596 5083 fuerat
2620 5006 2823 5067 titulus,
2853 5015 2907 5083 et
2938 5007 3266 5083 adhucnerat
3296 5020 3416 5083 arvo
3453 5013 3561 5083 Isn-

1965 5077 2515 5141 nudiiCCassiodorus
2545 5079 2637 5133 lib.
2671 5093 2750 5142 ιιι,
2784 5077 2940 5144 epist.
2980 5079 3078 5131 i7;
3115 5077 3460 5144 Spectabilem
3485 5080 3560 5131 vi-

1963 5175 2079 5212 rum
2123 5155 2425 5217 Gemellum,
2473 5150 2719 5204 vicarium
2774 5152 3151 5219 praefectorum,
3197 5149 3299 5215 [ide
3337 5149 3479 5202 nobis
3513 5157 3558 5202 et

1963 5229 2218 5282 industria
2248 5234 2576 5295 compertum.

2033 5308 2130 5361 “Te
2157 5321 2418 5360 sacrarunt
2438 5303 2604 5375 judex
2623 5299 2860 5375 ]_C0mes
2887 5316 3162 5375 sacrarum
3189 5299 3554 5375 largitionum.

1963 5379 2132 5447 llujus
2162 5391 2403 5430 assesSnr
2423 5369 2590 5447 fuerat
2625 5369 2902 5447 Maximus,
2931 5384 2990 5428 ut
3015 5374 3141 5447 olim
3175 5371 3402 5447 Alypius
3429 5369 3555 5447 item

1962 5439 2087 5503 ante
2115 5449 2505 5514 episcopatum.
2538 5445 2629 5514 Sic
2661 5444 2800 5497 enim
2825 5442 2892 5497 de
2920 5445 3113 5512 Alypio
3139 5439 3326 5514 scribit
3355 5439 3417 5492 D.
3450 5440 3558 5514 Au-

1961 5521 2210 5589 gustinus
2242 5511 2334 5570 lib.
2358 5532 2411 5569 vr
2442 5513 2874 5589 (ioulcssionum,
2919 5511 3038 5582 cap.
3077 5514 3142 5567 10
3165 5511 3391 5589 tulimus
3421 5511 3557 5562 assi-

1959 5581 2111 5646 debat
2139 5591 2312 5643 comiti
2337 5587 2674 5654 largitionum
2706 5581 3048 5648 Italicarum;
3079 5591 3136 5637 et
3165 5581 3256 5635 lib.
3286 5596 3399 5639 vnt.
3432 5595 3552 5651 cap.

1959 5664 2022 5716 6:
2049 5661 2249 5715 Mecum
2283 5669 2388 5713 erat
2419 5658 2635 5729 Alypius
2657 5658 2846 5710 otiosus
2867 5656 2929 5708 ab
2957 5654 3549 5729 aperejurisperitoruut

1958 5743 2070 5803 post
2099 5733 2429 5803 assessionem
2451 5723 2674 5795 tertiam,
2697 5735 2993 5796 exspectans
3015 5723 3195 5796 quibus
3224 5724 3412 5779 iterum
3434 5741 3557 5780 cou-

1955 5802 2072 5859 Sitiu
2103 5802 2356 5858 venderet.
