4192 6260
595 385 694 442 Ill

1714 383 1987 441 ENNODII
2025 380 2333 441 EPISCUPI
2370 377 2741 438 TICINENSIS

3766 373 3875 431 212

595 522 719 561 netn
750 512 927 572 lapsus
972 504 1177 570 adimit,
1211 513 1264 558 et
1300 501 1747 571 concupiscentiae
1775 510 1965 570 purgat
1995 508 2178 553 aucto-
2204 500 2254 561 Α
2282 498 2448 567 ginm,
2480 496 2546 550 de
2572 510 2731 550 manu
2761 492 2916 548 factis
2936 489 3075 561 quod
3102 489 3246 545 nulla
3270 488 3437 558 possit
3460 496 3739 545 senectute
3755 489 3873 546 vio-

597 615 732 655 rem.
774 599 895 653 llzec
924 598 1237 652 beatitudini
1269 606 1372 650 tua:
1400 596 1553 665 quasi
1596 595 1821 649 strictim
1856 610 1955 665 pro
1984 593 2177 663 linguae

594 704 730 743 mea:
756 686 1221 741 commendatione
1248 686 1511 740 dedicavi.
1542 685 1597 740 Si
1630 684 1875 753 precibus
1915 685 2018 737 tuis
2059 684 2182 737 vitae

593 792 875 833 successus
905 778 1172 841 arriserit,
1198 787 1471 844 gestorum
1507 787 1715 831 tuorum
1740 778 1899 847 plena
1931 791 2015 829 me
2042 775 2183 828 rela-

594 869 741 929 tione
769 868 1131 922 consecrabo:
1166 877 1219 923 ιιι
1246 884 1365 938 quae
1409 868 1673 923 universis
1698 877 1824 921 nota
1849 876 1993 933 sunt,
2026 880 2180 919 man-

590 960 732 1026 suris
755 960 809 1014 in
836 968 1107 1029 posterum
1138 961 1355 1027 litteris,
1381 970 1645 1030 quatenus
1674 959 1906 1029 gaudeat
1934 968 2064 1014 tetas
2093 972 2181 1012 se-

590 1061 801 1122 cutura,
828 1062 1131 1109 serventur.

1211 1160 1435 1219 DlCTlO
1476 1163 1565 1218 IV.

788 1259 804 1288 ¹
834 1255 902 1311 In
931 1256 1258 1312 dedicatione
1286 1258 1443 1310 missa
1470 1254 1699 1309 Maximo
1728 1255 1989 1324 episcopo.

1166 1362 1332 1403 SACRA
1371 1362 1598 1410 ουΑιιτΑ.

664 1437 942 1508 Nunquam
985 1453 1189 1507 pauper
1215 1453 1351 1491 vena
1374 1438 1629 1491 timeatur
1654 1435 1874 1506 ingenii,
1908 1435 1999 1490 ubi
2029 1434 2180 1490 dives

589 1540 673 1586 est
696 1544 857 1585 causa
902 1529 1136 1584 dicendi.
1170 1529 1387 1583 Transit
1419 1528 1714 1590 hominem,
1746 1526 1997 1596 quotiens
2018 1526 2181 1582 caele-

585 1625 760 1680 stibus
784 1624 979 1678 militat
1003 1637 1154 1678 mens
1183 1632 1365 1677 nostra
1396 1620 1619 1677 culturis
1646 1639 1659 1675 :
1690 1634 1789 1674 nec
1817 1620 1869 1673 in
1896 1628 2178 1688 angustum

585 1715 1195 1785 redigitur-narrationis
1218 1714 1450 1780 exilitas,
1475 1713 1520 1767 si
1541 1712 1717 1781 opifici
1737 1726 1835 1767 suo
1858 1711 2179 1780 obsequium

583 1807 786 1863 referat
812 1817 1143 1863 narraturus.
1166 1807 1351 1861 Potest
1370 1807 1512 1862 enim
1537 1806 1771 1875 linguam
1794 1803 2059 1859 facundia:
2079 1803 2178 1858 do-

2280 587 2401 643 lari.
2432 586 2693 642 Occasqu
2723 585 2866 638 enim
2896 583 3005 637 Deo
3036 581 3215 636 oblata
3246 594 3350 635 non
3373 580 3611 635 sentiunt
3637 597 3651 633 :
3679 595 3778 635 nec
3805 580 3872 636 ad

2282 689 2603 734 vetustatem
2659 678 2941 731 tremulam
2994 676 3192 743 pietate
3239 673 3370 727 fulta
3422 674 3874 730 mittuntur:stat

2283 773 2524 828 soliditas
2548 770 2829 837 machina;
2852 784 3011 837 quam
3045 766 3291 821 Christus
3318 767 3614 834 ingreditur
3641 784 3653 819 :
3679 775 3733 820 et
3763 766 3873 821 ori-

2282 866 2505 936 ginarias
2541 865 2706 917 oblita
2757 861 3080 930 fragilitatis,
3115 860 3430 929 adipiscitur
3458 860 3525 914 de
3556 874 3872 928 possessore

2284 959 2565 1012 virtutem.
2595 957 2758 1011 Tecta
2788 955 2914 1010 vilia
2942 955 3010 1009 de
3054 955 3422 1009 consecrantis
3468 954 3748 1008 nobilitate
3778 953 3874 1009 de"-

2280 1059 2559 1113 corantur,
2587 1049 2713 1103 dum
2750 1048 2828 1102 rei
2869 1046 3087 1102 caduca:
3117 1047 3347 1115 pretium
3399 1046 3650 1100 tribuitur
3672 1044 3872 1103 habere

2282 1142 2352 1197 de
2400 1141 2647 1195 Domino.
2698 1140 2779 1195 Tu
2833 1150 3035 1205 autem,
3084 1139 3249 1194 frater
3291 1138 3659 1205 sanctissime,
3715 1138 3873 1208 hujus

2282 1234 2493 1288 oblator
2529 1233 2761 1298 aedificii,
2790 1232 2856 1288 de
2899 1232 3162 1287 mercedis
3191 1233 3542 1288 retributione
3578 1234 3870 1313 gratulare.

2275 1324 2463 1388 Nescit
2503 1339 2627 1394 spes
2656 1325 2926 1391 titubare,
2958 1326 3046 1379 cui
3094 1324 3251 1378 home
3297 1324 3498 1380 fructus
3544 1326 3872 1395 promittitur

2283 1416 2538 1471 actionis:
2562 1416 2630 1470 ab
2645 1416 2904 1471 exercitio
2921 1416 3199 1471 descendit
3221 1417 3631 1472 retributinnum
3654 1419 3869 1487 fiducia,

2281 1522 2383 1563 nec
2413 1507 2519 1562 ullo
2549 1516 2703 1563 nutat
2727 1508 2933 1563 incerto
2961 1510 3052 1575 qni
3084 1507 3350 1563 laudanda
3382 1509 3693 1565 meditatur.

2914 1616 3141 1672 DICTIO
3179 1617 3245 1674 ν.

2766 1711 2787 1741 ³
2819 1707 3121 1779 Incipientis
3150 1711 3388 1780 episcOpt.

2864 1816 3031 1856 SACRA
3067 1818 3281 1865 QUINTA.

585 1900 731 1955 libus
751 1914 943 1954 ornare
970 1900 1061 1968 qui
1081 1898 1332 1965 contulit,
1357 1905 1412 1953 et
1432 1898 1560 1952 dare
1582 1897 1758 1951 verbis
1779 1897 1993 1966 genium
2018 1911 2175 1964 quem
2208 1868 2257 1929 Β
2358 1895 2462 1949 Par
2499 1893 2716 1965 quidem
2761 1892 3039 1963 discipulis
3080 1895 3341 1964 incipiens
3385 1896 3636 1966 magister
3672 1906 3778 1963 est,
3816 1903 3870 1953 et

584 1993 817 2047 fatemur
846 1992 1063 2048 dedisse
1111 2007 1440 2048 sermonem.
1485 1990 1619 2046 Nam
1651 1990 1950 2061 prophetici
1981 1990 2181 2044 dudum

582 2085 811 2141 maciem
837 2085 980 2155 juvit
1024 2085 1256 2157 eloquii,
1305 2085 1432 2139 dum
1478 2086 1542 2138 ad
1594 2083 1883 2153 perfectam
1936 2083 2181 2153 magistri

592 2176 954 2247 eloquentiam
987 2188 1041 2232 et
1062 2176 1339 2232 fortissimi
1373 2175 1658 2230 monitoris
1685 2174 1865 2229 tubam
1911 2174 2183 2228 imbecilla

591 2267 765 2338 Moysi
803 2269 1099 2339 erigeretur
1132 2268 1354 2322 infantia
1383 2285 1394 2319 :
1425 2267 1518 2337 qui
1565 2267 1727 2320 nullis
1762 2264 2012 2335 gradibus
2052 2264 2180 2319 dum

582 2359 835 2429 peritiam
876 2360 1163 2414 meditatur
1197 2358 1451 2422 effloruit,
1483 2372 1582 2413 nec
1610 2372 1706 2427 per
1749 2358 1926 2412 (etatis
1957 2356 2181 2426 alicujus

584 2451 867 2507 scientiam
912 2452 980 2506 ad
1018 2466 1246 2507 messem
1280 2450 1626 2521 perfectionis
1654 2450 1898 2505 ascendit
1927 2465 1941 2503 :
1970 2450 2060 2517 qui
2089 2449 2180 2503 diu

580 2544 808 2600 militem
836 2544 1156 2599 infabricato
1188 2545 1425 2611 portavit
1453 2543 1670 2614 ingenio
1696 2560 1708 2595 :
1740 2541 1978 2597 officium
2028 2541 2179 2597 ducis

581 2633 763 2707 jussus
804 2636 1072 2705 arripere,
1120 2636 1244 2706 quia
1292 2635 1599 2692 verecunde
1624 2636 1835 2699 renuit,
1868 2644 2181 2690 consranter

580 2726 844 2797 implevit.
872 2728 961 2783 Sic
991 2742 1090 2784 nos
1111 2727 1466 2783 dedicationis
1482 2729 1614 2783 festa
1642 2728 2002 2793 celebrantes,
2036 2728 2179 2783 inter

582 2817 842 2887 Spiritalis
870 2819 1066 2874 laetitia:
1091 2820 1231 2873 bona
1261 2818 1634 2887 praestolamur
1661 2820 1910 2888 gratiam,
1938 2818 2063 2872 dum
2093 2833 2179 2888 pa-

583 2923 789 2966 remus.
840 2911 994 2965 Absit
1050 2910 1277 2965 formido
1320 2910 1515 2965 debilis
1554 2920 1938 2965 :removeatur
1982 2910 2177 2965 fiducia

582 3002 817 3059 inaniter
844 3014 1107 3074 concepta
1135 3019 1230 3073 per
1261 3003 1519 3058 studium.
1550 3003 1657 3060 Nos
1678 3004 1748 3058 de
1778 3002 2027 3058 humana:
2059 3018 2180 3072 per-

581 3095 832 3152 fectionis
861 3095 1145 3151 schemate
1184 3110 1285 3150 nec
1315 3097 1691 3165 praesumimus
1720 3094 1950 3163 aliquid,
1984 3108 2084 3148 nec
2115 3094 2177 3148 ti-

582 3204 815 3245 metnus.
846 3189 1053 3246 Deinde
1083 3189 1202 3260 quis
1224 3190 1276 3243 in
1302 3189 1449 3244 beati
1474 3188 1696 3246 Joannis
1727 3188 2002 3260 prephetze
2025 3187 2177 3257 cujus

584 3282 843 3351 templum
869 3281 971 3337 hoc
991 3282 1345 3335 sanctificavit
1369 3281 1668 3348 ingressus,
1688 3282 1773 3336 vel
1801 3290 1949 3335 muta
1971 3279 2181 3336 dubitet

585 3387 682 3429 ora
710 3372 915 3427 laxari?
942 3372 1097 3441 cujus
1134 3372 1318 3426 senior
1358 3374 1548 3441 gratia,
1600 3389 1758 3443 quam
1799 3382 2023 3439 natura,
2056 3373 2183 3427 dum

589 3474 717 3520 ante
745 3464 878 3520 lucis
922 3466 1222 3535 ingressum
1264 3466 1336 3535 pii
1365 3466 1503 3519 vatis
1531 3466 1807 3536 implesset
1828 3466 2087 3532 officium,
2122 3468 2185 3522 li-

585 3573 711 3615 men
737 3558 864 3613 vita:
891 3556 1050 3627 hujus
1091 3558 1286 3612 virtute
1309 3558 1556 3627 signavit.
1589 3559 1721 3613 Nam
1751 3574 1857 3629 uno
1884 3559 2183 3629 eodemque

588 3659 852 3717 tempore,
887 3659 940 3702 ct
968 3658 1194 3702 matrem
1242 3648 1569 3703 fecunditate
1596 3649 1832 3704 nobilem
1864 3648 1991 3704 fecit
2018 3660 2073 3706 et
2100 3651 2184 3705 in-

587 3739 833 3795 officiosa
864 3739 1124 3809 genitoris
1171 3739 1314 3794 labia
1358 3740 1411 3793 in
1446 3740 1712 3809 loquelam
1764 3742 2041 3809 pristinam
2081 3756 2181 3797 usu

587 3840 867 3891 remeante
936 3832 1249 3887 commovit.
1300 3830 1466 3887 Nemo
1521 3831 1785 3887 Joannem
1855 3834 2180 3897 nominans,

591 3932 719 3994 post
742 3923 977 3993 exempli
1004 3922 1355 3993 praecedentis
1383 3924 1661 3989 miracula,
1682 3925 1961 3994 pristinam
1984 3926 2182 3995 linguae

588 4014 899 4071 habiturum
928 4030 987 4070 se
1016 4015 1319 4084 suspicetur
1349 4016 1695 4084 imperitiam.
1730 4016 1858 4071 Post
1876 4017 2180 4072 sacratissi-

586 4122 734 4162 mum
781 4106 1093 4162 Zachariam
1122 4106 1275 4177 cujus
1322 4107 1563 4162 faucibus
1603 4108 1877 4163 eliminata
1912 4125 2007 4177 per
2037 4109 2182 4165 istud

586 4199 908 4257 vocabulum
955 4200 1217 4255 remeavit
1266 4198 1591 4266 humanitas,
1642 4200 1710 4254 ab
1760 4200 2022 4255 universis
2057 4200 2183 4269 jure

586 4291 824 4348 creditur
848 4290 1083 4346 Joannes
1109 4291 1384 4360 apostolus
1410 4290 1575 4345 clavis
1605 4306 1727 4346 esse
1771 4291 2079 4346 verborum.
2120 4293 2178 4346 ln

586 4383 748 4454 hujus
770 4385 1025 4439 comitatu
1072 4384 1403 4448 Antoninus,
1438 4384 1634 4439 vetusti
1687 4387 1848 4439 heros
1893 4385 2099 4451 smculi,
2126 4395 2181 4440 et

587 4476 885 4531 beatissimi
933 4477 1173 4531 Cassiani
1211 4476 1391 4546 juncta
1424 4476 1705 4542 claritudo,
1751 4476 1951 4531 faciunt
1976 4476 2042 4533 de
2062 4478 2179 4534 aede

587 4578 1005 4635 sacramentum,
1034 4566 1102 4623 de
1132 4577 1346 4624 terrena
1392 4567 1722 4624 habitatione
1750 4569 1976 4625 caeleste
2015 4570 2179 4625 colle—

714 4725 877 4779 Dictio
908 4726 957 4778 in
987 4726 1305 4780 dedicatione
1352 4726 1506 4779 missa
1538 4725 1798 4783 Maximo]
1832 4728 2019 4782 Eidem
2051 4729 2171 4797 epi-

589 4796 836 4873 spiscOpo
869 4797 1160 4873 'I‘icinensi,
1185 4800 1513 4873 quisynodo
1537 4798 1889 4873 absolutionis
1916 4796 2171 4868 Symma-

589 4867 675 4937 chi
700 4883 817 4919 cum
841 4870 1050 4922 caeteris
1076 4868 1311 4920 interfuit
1332 4867 1387 4921 et
1412 4867 1745 4935 subscripsit.
1762 4867 2017 4937 Superior
2043 4885 2169 4924 ora-

591 4935 666 4987 tio
695 4936 923 5007 hlaxitno
949 4938 1089 5007 dicta
1116 4938 1249 4991 fuit:
1278 4939 1391 4991 haec
1413 4953 1441 4989 a
1467 4939 1718 5007 Maximo,
1745 4935 1865 4992 cum
1891 4941 2173 4995 dedicare-

590 5016 676 5057 tur
705 5006 917 5081 basilica
941 5006 995 5060 S.
1019 5008 1240 5061 Jomnis
1270 5008 1538 5075 Baptistm,
1564 5025 1721 5081 quem
1752 5026 1891 5064 nom
1922 5011 2171 5081 exetnplo

587 5076 889 5149 apostolum
921 5092 1133 5149 quoque
1172 5080 1439 5133 nominat:
1479 5088 1537 5131 ut
1570 5076 1912 5146 prodromum
1948 5076 2170 5149 nempe,

590 5146 921 5213 missumque
943 5157 1067 5199 ante
1092 5148 1287 5200 Christi
1321 5150 1523 5202 Domini
1544 5152 1861 5205 adventum:
1886 5167 1991 5217 quo
2010 5146 2171 5207 modo

590 5225 644 5269 et
676 5220 1045 5289 prophetasin
1078 5219 1421 5286 Apologctico
1452 5220 1606 5281 dixit.
1648 5221 1770 5287 quia
1802 5234 1853 5276 et
1887 5223 1985 5289 ipsi
2021 5224 2169 5277 missi

588 5297 742 5349 sunt,
789 5287 1057 5359 apostolos
1112 5304 1268 5359 posse
1298 5294 1615 5359 nuncupari.
1647 5290 1841 5345 Verum
1883 5287 2026 5347 mdes
2079 5294 2168 5345 illa

587 5372 693 5427 non
722 5358 893 5411 solum
925 5357 1145 5411 Joannis
1178 5358 1460 5427 Baptistae,
1480 5357 1584 5416 sed
1616 5363 1873 5417 Antonini
1916 5363 2080 5416 etiam
2110 5373 2167 5418 et

584 5426 825 5483 Cassiani
853 5428 1008 5483 titulo
1043 5429 1307 5483 dedicata.

660 5506 681 5535 ¹
718 5505 881 5577 Ι);ςιιο
921 5505 1488 5577 ἱηεὶρὶεηρρδῗερὶεεορὶ]
1535 5506 1797 5562 incertum
1837 5516 1922 5563 est
1948 5524 2016 5562 an
2042 5523 2172 5565 con-

591 5575 745 5629 cione
793 5575 890 5630 hac
933 5592 1063 5630 usus
1106 5576 1175 5628 sit
1222 5575 1495 5628 Ennodius
1540 5579 1671 5645 ipse,
1718 5595 1839 5633 cum
1885 5581 2170 5648 episcopus

588 5657 946 5726 ereatnsest,
997 5663 1086 5726 an,
1126 5648 1264 5726 quod
1320 5649 1494 5712 potius
1537 5664 1679 5726 reor,
1725 5652 2002 5704 formulam
2048 5652 2169 5726 aliis

588 5719 861 5779 Scripserit
884 5734 984 5784 qua
1012 5721 1060 5771 in
1091 5721 1429 5787 episcopatus
1458 5720 1707 5787 auspiciis
1732 5732 2027 5774 uterentur.
2052 5722 2169 5774 flre-

588 5791 761 5837 terum
807 5787 1137 5858 deEnnodii
1188 5793 1438 5845 cathedra
1488 5792 1638 5858 longa
1690 5793 2009 5845 refutat'otte
2061 5807 2163 5846 non

586 5866 726 5924 eget,
756 5857 897 5926 quod
939 5873 970 5915 a
1014 5859 1283 5918 Bernardo
1315 5865 1483 5920 Sacco
1529 5857 1591 5918 in
1626 5862 1855 5918 Historia
1898 5863 2166 5920 'l’icinensi

2288 1988 2429 2043 inter
2456 1987 2676 2041 exordia
2718 1987 2909 2041 doctor
2937 1986 3079 2041 nulla
3125 1996 3208 2042 est
3252 1987 3320 2041 ab
3364 1988 3697 2043 auditoribus
3726 1998 3873 2045 sorte

2286 2079 2569 2135 sublimior
2592 2096 2607 2133 :
2629 2080 2866 2148 expertis
2894 2080 3068 2133 honor
3096 2078 3320 2134 debetur
3350 2081 3571 2150 ingeniis
3602 2097 3617 2137 :
3648 2082 3735 2134 vix
3760 2097 3875 2139 me-

2285 2170 2527 2226 diocrem
2559 2171 2761 2225 cultum
2807 2172 3028 2240 exigunt
3058 2186 3165 2224 non
3198 2171 3427 2240 probati.
3473 2171 3564 2225 llla
3595 2182 3719 2226 sunt
3748 2187 3873 2230 vera

2286 2265 2575 2335 praiconia,
2606 2280 2727 2335 quae
2754 2265 2945 2334 longus
2990 2264 3155 2318 sudor
3186 2264 3371 2320 elicuit
3400 2282 3414 2319 :
3447 2265 3872 2321 blandimentum

2284 2368 2385 2424 est,
2431 2375 2537 2413 non
2582 2358 2867 2427 judicium,
2903 2359 3152 2428 quotiens
3196 2358 3436 2413 laborem
3466 2359 3633 2430 gloria
3666 2359 3873 2430 ingesta

2284 2454 2641 2522 prmeesserit.
2703 2451 2847 2506 Inter
2900 2450 3136 2505 maculas
3197 2460 3473 2517 numeret,
3527 2466 3873 2521 quoscunque

2284 2542 2588 2613 triumphos
2632 2553 2757 2599 ante
2794 2542 3181 2598 discussionem
3214 2543 3388 2611 campi
3429 2543 3581 2597 miles
3610 2545 3872 2613 acquirat.

2283 2634 2385 2701 Qui
2434 2635 2737 2705 properatis
2785 2635 3020 2691 subeunt
3068 2635 3371 2705 Olympiaca
3420 2634 3558 2689 bella
3604 2636 3872 2704 vestigiis,

2283 2726 2528 2799 Nunquid
2558 2730 2637 2784 eis
2657 2738 2781 2785 ante
2803 2729 3321 2784 consummationem
3346 2729 3653 2783 certaminis
3674 2743 3874 2797 suppe-

2282 2819 2348 2875 tit
2386 2833 2509 2889 spes
2551 2821 2801 2876 coronte?
2831 2820 3044 2876 dicente
3074 2820 3331 2887 Apostolo
3377 2838 3390 2874 :
3422 2820 3545 2874 Non
3572 2832 3870 2887 coronatur,

2282 2915 2383 2968 nisi
2409 2916 2498 2985 qui
2528 2915 2751 2985 legitime
2781 2915 3047 2968 certaverit
3082 2912 3172 2983 (II
3213 2914 3348 2967 Tim.
3392 2930 3451 2980 tt,
3492 2915 3569 2984 5).
3603 2915 3738 2970 Ecce
3776 2930 3874 2970 nec

2282 3008 2401 3063 illos
2425 3008 2582 3062 decet
2618 3016 2745 3061 ante
2789 3008 3037 3061 meritum
3084 3005 3422 3076 prtedieatio,
3453 3023 3482 3059 a
3514 3008 3705 3075 quibus
3728 3008 3875 3076 juste

2282 3105 2519 3175 poscitur
2541 3112 2659 3172 post
2684 3102 2947 3158 laborem.
2972 3101 3162 3157 Nostra
3190 3116 3221 3157 e
3245 3100 3460 3157 diverso
3483 3102 3690 3169 prolixo
3711 3101 3876 3157 distat

2284 3198 2419 3253 calle
2458 3196 2696 3250 conditio
2737 3212 2749 3248 :
2790 3195 2982 3265 quibus
3028 3203 3230 3248 tantum
3278 3192 3581 3262 decerpitur
3618 3193 3687 3248 de
3722 3193 3876 3263 fruge

2289 3292 2635 3355 innocentia,
2658 3296 2914 3360 quantum
2945 3287 3235 3343 accesserit
3262 3286 3327 3341 de
3358 3286 3559 3341 favore.
3584 3286 3715 3341 Nam
3739 3287 3877 3343 sicut

2290 3383 2451 3451 positi
2493 3384 2544 3436 in
2595 3381 2857 3436 tirociniis
2897 3380 3247 3443 arstimamus,
3283 3379 3494 3447 plenum
3539 3380 3876 3436 necessitatis

2289 3483 2342 3527 et
2388 3472 2616 3542 periculi
2649 3472 2755 3526 iter
2787 3480 2887 3537 est,
2924 3471 2975 3524 in
3006 3479 3191 3540 quoet
3219 3469 3467 3524 sectanda
3505 3480 3587 3523 est
3619 3472 3724 3525 vita
3764 3472 3876 3525 lan-

2287 3562 2503 3627 dabilis,
2535 3571 2589 3616 et
2630 3564 2687 3616 fit
2724 3561 2936 3630 probris
2980 3561 3279 3626 uberrima,
3309 3562 3354 3616 si
3388 3561 3655 3616 desideret
3679 3561 3746 3615 ab
3774 3561 3875 3616 hu-

2286 3655 2542 3709 manitate
2574 3653 2800 3708 laudari.
2831 3653 2985 3707 Actio
3010 3662 3216 3715 nostra,
3242 3652 3285 3705 si
3314 3652 3381 3707 de
3409 3652 3561 3708 bonis
3583 3653 3693 3707 suis
3720 3651 3874 3708 fuerit

2286 3748 2446 3811 elata,
2478 3748 2774 3809 sordescet,
2813 3744 3235 3813 protestantihus
3263 3744 3457 3798 divinis
3487 3745 3709 3812 eloquiis
3734 3762 3746 3796 :
3776 3745 3874 3809 Qui

2284 3854 2370 3891 vos
2403 3838 2640 3900 laudo-nt,
2672 3837 2916 3891 seducunt
2938 3852 3042 3905 vos,
3068 3846 3113 3889 et
3138 3836 3432 3890 subvertant
3457 3837 3661 3889 semitas
3682 3835 3872 3903 pedum

2282 3937 2562 3982 vestrorum
2602 3926 2757 3998 (lsai.
2809 3943 2884 3993 ιιι,
2934 3927 3047 3996 i2).
3089 3926 3439 3997 Splendorem
3476 3926 3739 3995 pontificis
3760 3940 3870 3993 res,

2286 4035 2391 4074 non
2424 4020 2602 4090 lingua
2635 4028 2864 4075 testetur
2896 4036 2911 4073 :
2948 4019 3066 4088 plus
3095 4020 3237 4073 lucet
3264 4018 3478 4072 claritas
3518 4018 3675 4085 hujus
3709 4016 3872 4072 officii

2283 4115 2527 4169 veritatis
2565 4114 2763 4169 indicio
2810 4128 2968 4183 quam
3013 4112 3257 4180 loquelae.
3291 4112 3429 4165 Ecce
3466 4110 3682 4164 cernitis
3712 4124 3870 4179 quam

2283 4216 2395 4261 tuta
2432 4206 2503 4262 sit
2543 4222 2703 4261 causa
2745 4203 2994 4273 subjecti,
3022 4213 3075 4259 et
3104 4204 3318 4275 quantis
3350 4202 3749 4257 discriminibus
3784 4216 3873 4255 so-

2283 4300 2419 4354 ciata
2454 4298 2745 4368 prmposili.
2788 4297 2962 4351 Munia
2996 4311 3112 4350 mea
3141 4296 3256 4363 plus
3290 4294 3531 4362 poteritis
3560 4292 3747 4347 fulcire
3773 4306 3868 4361 ge-

2284 4391 2522 4456 mitibus,
2550 4406 2710 4460 quam
2740 4390 2995 4444 clamore.
3028 4387 3198 4442 Nemo
3230 4386 3375 4456 quod
3415 4385 3633 4440 auribus
3674 4385 3871 4439 lenoci-

2284 4492 2464 4546 natur,
2511 4482 2696 4537 credat
2732 4480 2989 4536 eximium
3026 4495 3040 4533 :
3074 4494 3253 4533 sermo
3292 4486 3496 4542 noster,
3541 4476 3640 4530 nisi
3678 4478 3871 4529 anima:

2284 4577 2550 4640 medetur,
2596 4575 2837 4645 abjectus
2874 4582 2977 4628 est.
3018 4572 3168 4627 Illum
3208 4570 3477 4641 praeferto,
3511 4569 3599 4638 qui
3645 4566 3871 4637 spiritali

2276 4731 2371 4785 lib.
2403 4744 2513 4791 vnt,
2544 4742 2660 4793 cap.
2697 4726 2746 4790 i,
2778 4726 3031 4793 scriptum
3061 4732 3163 4786 est,
3207 4722 3509 4776 Ennodinm
3543 4736 3685 4793 anno
3712 4718 3867 4773 Citri-

2278 4801 2347 4856 sti
2390 4799 2495 4854 490
2538 4790 2728 4852 sedere
2772 4790 3020 4865 crepisse.
3057 4796 3158 4862 Qui
3199 4793 3340 4865 enim
3387 4793 3555 4861 potuit
3596 4790 3689 4865 illo
3730 4805 3871 4842 anno

2279 4872 2563 4941 episcopus
2590 4870 2781 4933 creari,
2819 4862 2906 4934 qui
2946 4882 3089 4941 anno
3116 4864 3359 4941 proxime
3385 4862 3738 4941 antecedente
3764 4876 3870 4927 quo

2278 4933 2481 4995 Italiam
2514 4942 2784 5008 ingressus
2825 4933 2905 4991 est
2945 4936 3334 5011 Theodericus,
3380 4933 3615 5011 sedecim
3665 4942 3869 5011 tantum

2281 5022 2393 5066 erat
2428 5006 2727 5064 annorum?
2764 5017 2856 5061 aut
2896 5008 3167 5074 quomodo
3210 5006 3408 5075 imponi
3440 5006 3751 5075 tumhpotuit
3778 5016 3869 5054 ca-

2280 5084 2482 5137 thedra:
2506 5079 2794 5139 Ticineusi,
2823 5073 2981 5147 quam
3007 5078 3181 5132 adhuc
3208 5073 3424 5144 regebat
3448 5085 3500 5147 ct
3521 5073 3873 5147 aliquotpost

2279 5154 2436 5207 annis
2483 5152 2623 5205 rexit
2670 5143 3022 5219 Epiphanius,
3065 5164 3127 5201 ac
3166 5143 3286 5217 post
3319 5144 3671 5219 Epipltanium
3698 5143 3873 5219 litari:

2279 5240 2398 5277 Inus
2440 5238 2600 5290 quem
2650 5213 2857 5291 synodo
2906 5218 3126 5288 palmari
3168 5213 3484 5291 interfuisse
3528 5213 3872 5291 monuimus?

2277 5295 2440 5348 Certe
2460 5283 2519 5346 et
2548 5296 2597 5345 in
2630 5283 2886 5357 Apologia
2907 5283 3024 5357 'pro
3053 5289 3282 5360 synodo,
3316 5297 3369 5360 et
3400 5304 3447 5339 ιιι
3480 5286 3728 5360 omnibus
3758 5283 3873 5348 epi-

2276 5363 2430 5418 stolis
2458 5377 2589 5431 quas
2628 5355 2739 5415 toto
2788 5355 3097 5429 Symmachi
3143 5358 3453 5431 pontificatu
3493 5355 3729 5431 scripsit,
3764 5368 3870 5408 non

2277 5426 2507 5502 amplius
2527 5448 2588 5485 se
2610 5447 2767 5500 quam
2796 5426 3079 5484 diaconum
3104 5426 3665 5502 appellatl'Innodius.
3695 5427 3873 5488 Quare

2274 5496 2473 5559 certius
2502 5496 2730 5567 videtur,
2755 5501 2897 5569 quod
2925 5501 3013 5553 alii
3049 5496 3294 5566 censent,
3328 5496 3625 5569 flornnsdze
3656 5506 3869 5569 tempo-

2274 5575 2425 5629 ribus
2455 5574 2521 5627 ad
2552 5589 2669 5626 eam
2698 5566 3008 5639 dignitatem
3034 5584 3281 5624 evectum
3310 5570 3494 5623 fuisse.
3522 5568 3629 5626 Sed
3655 5581 3776 5621 cum
3802 5566 3871 5619 de

2271 5659 2414 5699 anno
2444 5644 2558 5698 initi
2582 5643 2923 5713 episcopatus
2955 5656 3060 5713 non
3084 5640 3408 5713 _liqueat,de
3436 5642 3541 5693 fine
3568 5646 3779 5713 causa!
3801 5652 3870 5691 ex

2271 5717 2495 5770 consule
2524 5708 2876 5783 quiEnnbdii
2899 5710 3170 5781 epitaphio
3193 5711 3460 5782 ascriptus
3487 5720 3591 5777 est,
3618 5708 3870 5766 incidisse

2271 5785 2328 5842 in
2360 5801 2561 5842 annum
2590 5782 2716 5842 521.

2270 5800 2328 5847 In
2360 5801 2561 5843 annum
2590 5800 2688 5842 οτι
2699 5821 2716 5841 ο
