4192 6260
282 406 371 467 273

1726 362 2098 435 θιατιοΝεδ.

3420 344 3539 415 εἴη

284 522 404 577 falce
428 516 669 574 sentibus
696 510 887 584 piirgat
911 508 1142 564 interna.
1167 504 1318 560 Tunc
1349 499 1636 571 pretiosum
1661 504 1841 564 pasto-
1869 499 1921 553 Α
1949 506 2018 561 pn
2042 507 2053 541 :
2076 504 2140 543 eo
2168 487 2310 542 circa
2338 499 2436 539 nos
2459 478 2567 539 eius
2589 482 2853 537 bonorum
2881 474 3164 546 largitione
3184 471 3532 538 clementior,

282 614 349 671 ris
371 610 608 667 diadema
645 615 747 671 est,
777 601 992 674 quando
1025 594 1261 652 suasioni
1292 593 1410 662 ejus
1443 605 1569 660 grex
1598 585 1850 643 ecclesia-

220 712 226 717 '
283 708 451 769 sticus,
483 701 609 756 dum
657 695 726 751 ad
770 694 1087 764 probitatem
1128 685 1389 758 graditur,
1422 697 1528 736 non
1564 684 1845 748 repugnat.

286 797 367 852 Ille
384 767 497 849 sine
519 790 641 845 fuco
662 786 981 841 monitorem
1002 790 1057 836 et
1077 778 1267 835 feriato
1287 791 1383 830 ore
1407 772 1596 842 diligit,
1618 770 1707 839 qui
1732 767 1851 837 ejus

285 887 507 943 instituta
536 887 796 937 sectatur.
824 874 1051 930 Additur
1079 870 1222 943 quod
1254 866 1518 938 imperitia
1549 872 1729 918 nostra
1766 860 1853 929 ju-

285 991 407 1039 stam
433 976 662 1033 sustinet
681 975 749 1028 de
770 974 883 1042 ipsa
911 968 1145 1023 novitate
1166 962 1503 1019 formidinem
1531 974 1547 1011 :
1571 956 1659 1025 qui
1685 968 1855 1023 nuper

285 1073 346 1128 de
371 1069 595 1126 ovilibus
620 1064 687 1120 ad
718 1059 1016 1117 custodiam
1051 1052 1357 1126 praeparati,
1396 1046 1759 1103 assuescimus
1788 1044 1856 1100 de

286 1166 641 1222 universorum
673 1154 791 1212 ﬁeri
824 1150 1141 1209 necessitate
1166 1146 1431 1216 suspecti;
1461 1152 1514 1198 et
1538 1142 1623 1197 cui
1645 1140 1734 1195 vix
1758 1138 1860 1192 fuit

286 1270 374 1328 pro
397 1268 456 1309 se
477 1251 583 1307 ﬁda
606 1246 806 1311 cautio,
830 1242 1051 1312 suscipit
1072 1239 1307 1293 ofﬁcium
1327 1243 1520 1290 cuncta
1546 1229 1852 1286 metuentis.

288 1320 486 1405 Scimus
516 1350 772 1414 quantum
802 1338 907 1394 erit
944 1332 1197 1390 humilior
1240 1326 1641 1391 famulantibus,
1668 1322 1762 1393 qui
1791 1320 1858 1375 ad

288 1438 586 1509 religiosum
620 1439 842 1487 vocatur
878 1426 1185 1497 imperium.
1220 1422 1451 1477 Necesse
1492 1424 1573 1471 est
1606 1423 1667 1468 ut
1693 1413 1858 1468 etiam

290 1538 535 1586 extremae
561 1519 883 1580 conditionis
908 1516 1156 1586 personis
1181 1512 1537 1579 obtemperet,
1568 1505 1653 1559 cui
1682 1504 1862 1579 immi-

290 1628 372 1675 net
400 1618 487 1672 sic
515 1614 724 1685 jubere.
763 1610 852 1666 Ait
881 1610 1024 1664 enim
1066 1607 1254 1661 doctor
1286 1601 1529 1673 gentium
1563 1617 1577 1653 :
1612 1595 1861 1649 Omnibus

290 1710 445 1766 omnia
467 1683 635 1777 factus
656 1719 787 1767 sum,
812 1710 869 1755 ut
888 1715 1060 1755 omnes
1090 1695 1403 1767 acquirerem
1426 1690 1481 1762 (Ι
1502 1688 1621 1744 Cor.
1644 1703 1722 1750 ιχ,
1743 1683 1858 1753 22).

293 1800 433 1858 Modo
460 1794 765 1852 Divinitatis
790 1791 1031 1863 Operatio
1060 1788 1201 1843 adsit
1230 1783 1438 1840 muneri
1477 1796 1596 1848 suo,
1623 1788 1679 1835 et
1701 1791 1861 1848 quem

293 1893 495 1964 dignum
524 1888 678 1958 apice
716 1894 864 1940 tanto
898 1897 1004 1937 non
1037 1877 1257 1944 invenit,
1290 1873 1509 1931 efliciat.

781 1988 1039 2029 PRECATIO
1077 1983 1361 2026 MISSLRUI.

354 2076 577 2147 Dignum
608 2079 662 2126 et
696 2071 900 2139 justum
926 2071 1030 2120 est.
1066 2063 1208 2117 Vere
1253 2061 1468 2129 dignum
1502 2060 1606 2121 est,
1642 2058 1699 2105 ut
1726 2050 1865 2105 inter

295 2142 502 2226 exordia
531 2162 809 2236 dignitatis
849 2158 944 2214 tibi
984 2154 1365 2227 principiorum
1398 2148 1623 2204 Domino
1660 2142 1865 2213 suppli-

294 2277 485 2328 cemus,
515 2259 605 2331 qui
638 2255 825 2313 mundi
858 2253 1024 2324 ipsius
1053 2251 1108 2304 in
1134 2256 1325 2303 novam
1357 2245 1529 2299 lucem
1554 2236 1865 2310 prodeuntis

291 2327 585 2416 infantiam,
613 2356 810 2419 quanto
858 2346 1119 2400 bonorum
1171 2347 1381 2393 tuorum
1424 2340 1630 2389 secreto
1659 2327 1867 2384 orditus

292 2461 366 2510 es,
393 2450 537 2498 tanta
568 2416 819 2511 potentia:
849 2436 1047 2489 virtute
1081 2428 1344 2483 solidasti.
1389 2423 1576 2481 Stabat
1605 2424 1659 2474 in
1689 2416 1864 2471 admi-

291 2538 492 2593 ratione
531 2535 616 2588 sui
663 2540 846 2586 tenera
886 2526 1031 2581 orbis
1078 2520 1370 2583 inchoatio,
1399 2524 1455 2572 et
1493 2528 1627 2584 pene
1656 2509 1868 2566 decoris

291 2629 487 2701 proprii
516 2636 776 2681 concussa
803 2629 1021 2690 stupore
1057 2613 1347 2676 titubabat;
1386 2618 1512 2663 ante
1540 2604 1866 2677 agnitionem

292 2720 494 2775 ordinis
525 2717 693 2773 solam
720 2714 904 2769 sortita
930 2711 997 2765 de
1024 2716 1243 2764 auctore
1273 2703 1625 2759 substantiam
1653 2716 1666 2753 :
1690 2695 1868 2765 requi-

294 2827 421 2869 rens
449 2825 556 2881 quo
591 2816 730 2864 esset
765 2804 989 2861 rotanda
1029 2802 1121 2855 lux
1165 2798 1418 2853 attributa
1465 2788 1866 2853 moderamine;

293 2907 505 2977 qualem
534 2903 689 2956 ﬁnem
717 2898 820 2954 diei
848 2907 1060 2966 tempus
1093 2894 1387 2961 exciperet,
1421 2888 1465 2942 si
1498 2901 1594 2956 per
1622 2882 1871 2938 assiduos

290 3011 507 3066 semper
533 3000 900 3049 renasceretur
928 2999 1154 3043 occasus
1179 2998 1194 3037 :
1222 2981 1267 3037 si
1292 2996 1394 3035 nox
1426 2976 1680 3032 mundum
1708 2972 1871 3027 fuscis

292 3092 549 3147 ambitura
575 3085 965 3155 complexibus,
987 3080 1137 3151 quasi
1165 3091 1279 3132 rem
1310 3071 1649 3143 originariam
1677 3080 1872 3137 peren-

293 3185 426 3239 niter
456 3197 564 3237 non
597 3186 823 3235 teneret.
854 3176 913 3230 In
940 3176 1042 3228 hoc
1073 3169 1344 3238 ambiguo,
1370 3174 1430 3219 ut
1454 3163 1615 3218 certis
1642 3159 1869 3214 famula-

1953 596 2061 651 quo
2090 578 2388 633 substantia
2424 586 2604 629 nostra
2637 574 2772 627 facta
2801 581 2880 626 est
2910 570 2976 624 de
3005 566 3207 637 peccati
3241 567 3382 619 fasce
3410 578 3538 633 pro-

1952 674 2162 729 clivior.
2205 671 2300 736 Da,
2345 670 2486 723 bone
2532 668 2841 736 imperator,
2884 664 3097 730 dignam
3139 668 3228 713 tua
3275 656 3539 714 electione

1955 765 2205 819 virtutem
2236 781 2249 815 :
2277 763 2401 832 quia
2431 760 2531 814 sub
2561 761 2647 827 pio
2680 757 2915 827 principe
2951 754 3093 807 nulla
3132 752 3352 806 militem
3378 750 3535 805 deco-

1957 854 2096 908 lorat
2139 852 2368 923 abjectio
2402 869 2414 905 :
2450 866 2544 921 per
2572 850 2853 904 Dominum
2885 853 3127 900 nostrum
3163 843 3345 899 Jesum
3374 841 3540 897 Chri-

1957 955 2118 1001 stum.

2564 1031 2791 1087 DICT!O
2833 1031 2922 1086 Vl.

2391 1126 2402 1155 '
2438 1124 2513 1179 De
2542 1124 2791 1179 liceret‘lcis
2821 1130 2868 1177 et
2897 1119 3115 1193 synodo.

2545 1230 2712 1271 SACBA
2750 1230 2943 1269 SEXTA.

2032 1329 2141 1386 Pro
2169 1328 2379 1383 ratione
2402 1328 2719 1382 solvendum
2747 1336 2831 1382 est
2860 1325 2999 1395 quod
3027 1339 3125 1395 pro
3152 1325 3362 1380 ratione
3384 1321 3550 1379 tacui-

1962 1435 2083 1475 mus
2118 1438 2129 1472 :
2164 1434 2289 1473 nam
2330 1429 2388 1473 ut
2436 1427 2615 1487 pateat
2649 1426 2705 1472 et
2747 1418 2940 1487 lingua:
2970 1427 3168 1471 nostra:
3197 1416 3367 1470 ofﬁcia
3393 1423 3446 1469 et
3468 1415 3547 1470 si-

1963 1512 2187 1567 lentium
2226 1511 2489 1565 ordinatis
2519 1511 2752 1565 servisse
2782 1508 3136 1578 temporibus,
3169 1506 3271 1560 ﬁde
3300 1507 3549 1560 hortante

1963 1604 2017 1659 in
2048 1603 2284 1658 ofﬁcium
2325 1602 2590 1659 sermonis
2617 1602 2969 1668 erumpimus.
3004 1599 3145 1653 Idem
3178 1599 3318 1653 enim
3347 1607 3428 1652 est
3453 1610 3548 1650 su-

1966 1710 2231 1764 pervacue
2252 1694 2394 1763 loqui
2419 1694 2561 1764 quod
2591 1693 2891 1746 necessarie
2912 1706 3017 1745 non
3051 1690 3310 1756 locutum,
3336 1688 3551 1742 dicente

1965 1790 2108 1843 enim
2149 1787 2451 1858 Apostolo:
2488 1784 2579 1839 Va:
2619 1786 2745 1837 mihi
2785 1793 2880 1849 est,
2911 1784 2955 1837 si
2998 1800 3099 1837 non
3136 1780 3549 1852 evangelizavero

1892 1861 1943 1922 Β
1971 1878 2025 1952 (1
2058 1878 2175 1935 Cor.
2211 1895 2284 1944 Ix,
2318 1878 2439 1947 16);
2478 1886 2531 1931 et
2569 1876 2695 1931 alibi
2729 1894 2742 1931 :
2778 1878 2992 1947 Tempus
3020 1876 3215 1929 tacendi
3240 1873 3435 1945 (Ercle.
3468 1889 3549 1938 ut,

1968 1972 2059 2040 7);
2092 1985 2191 2025 nos
2223 1970 2487 2039 praecipue
2512 1983 2647 2038 quos
2674 1968 2875 2036 praelati
2907 1966 3116 2021 caeteris
3144 1965 3388 2019 hortatur
3418 1978 3553 2033 pou-

1965 2061 2066 2117 dus
2100 2062 2371 2131 obsequii,
2413 2060 2568 2117 decet
2608 2068 2701 2114 aut
2739 2061 2875 2114 bona
2911 2059 3166 2115 facientes
3191 2059 3426 2122 elevare,
3461 2068 3554 2114 aut

1967 2153 2107 2208 mala
2138 2156 2517 2223 comprimere.
2561 2152 2628 2206 Et
2662 2151 2875 2219 quidem
2911 2165 3008 2205 vos
3050 2151 3246 2206 docere
3273 2165 3378 2204 non
3406 2148 3556 2205 aliud

1967 2254 2051 2301 est
2081 2261 2241 2316 quam
2279 2243 2525 2299 stimulos
2556 2243 2856 2297 admovisse
2885 2242 3182 2296 calcaribus
3219 2258 3231 2295 :
3263 2254 3384 2294 nam
3411 2240 3555 2309 quod

1969 2353 2035 2394 ex
2060 2337 2335 2407 proposito
2362 2335 2557 2400 facitis,
2590 2334 2806 2403 superbi
2833 2348 3040 2395 sumus,
3065 2334 3111 2387 si
3137 2333 3335 2386 nostris
3354 2331 3555 2386 deben-

1968 2430 2094 2484 dum
2116 2429 2385 2485 credimus
2409 2428 2667 2483 institutis
2699 2446 2711 2480 :
2744 2428 2835 2483 sed
2866 2428 2955 2498 qui
2986 2427 3123 2481 bona
3146 2426 3318 2480 studia
3342 2424 3553 2495 probat,

1968 2523 2279 2592 ampliﬁcat.
2313 2523 2430 2579 Stat
2460 2521 2600 2591 apud
2630 2521 2988 2575 conscientias
3009 2528 3214 2573 vestras
3237 2527 3433 2588 quanta
3460 2518 3556 2572 Ne-

1969 2616 2166 2670 storius
2197 2625 2252 2670 et
2290 2612 2576 2683 Eutyches,
2606 2612 2819 2680 gemina
2855 2610 3134 2665 diabolicae
3162 2608 3556 2664 informationis

1970 2714 2206 2771 ostenta,
2240 2705 2329 2758 diu
2361 2712 2563 2759 castam
2604 2702 2963 2757 Ecclesiarutn
3004 2701 3357 2756 Orientalium
3396 2700 3557 2755 disci-

1973 2799 2172 2869 plinam
2216 2797 2450 2867 perﬁdia:
2492 2797 2842 2851 fornicatione
2882 2795 3238 2864 corruperint,
3278 2795 3367 2864 qui
3407 2795 3558 2863 juxta

1973 2889 2216 2959 Apostoli
2248 2886 2569 2943 sententiam
2606 2902 2621 2941 :
2656 2886 2990 2940 Dilectionem
3020 2886 3243 2940 veritatis
3283 2902 3384 2938 non
3420 2902 3559 2939 rece-

1972 2990 2177 3052 perunt,
2205 2991 2259 3033 ut
2283 2980 2411 3034 salvi
2439 2980 2618 3045 ﬁerent
2648 2994 2667 3031 :
2689 2991 2733 3030 et
2760 2978 2876 3031 ideo
2907 2978 3041 3030 misit
3078 2978 3181 3029 illis
3214 2976 3348 3030 Deus
3377 2992 3559 3045 opera-

1976 3074 2161 3127 tionem
2183 3073 2393 3135 erroris,
2421 3079 2475 3123 ut
2496 3070 2753 3123 crederent
2777 3068 3042 3121 mendacio
3066 3068 3113 3138 (1
3138 3067 3317 3121 Thess.
3346 3084 3406 3135 tt,
3431 3067 3558 3138 ill):

1974 3165 2100 3220 dum
2136 3179 2231 3233 per
2273 3161 2661 3230 subripientem
2703 3159 2939 3215 scandali
2983 3159 3320 3214 occasionem
3362 3158 3560 3214 Christi

292 3248 1874 3341 renturperlongumconfusatemporibus,Deiuostriexsti-
1899 3229 1947 3294 C
1978 3258 2175 3312 milites
2220 3256 2309 3310 me
2351 3256 2759 3309 οοηιεηιεοηωη
2807 3266 3027 3320 campus
3074 3251 3342 3306 examina,
3377 3269 3390 3305 ε
3421 3252 3561 3307 sicut

295 3366 358 3420 tit
377 3366 463 3420 lex
487 3340 752 3417 voluntas.
782 3357 970 3413 Omnis
990 3351 1316 3423 dispensatio
1336 3346 1549 3402 statutis
1573 3341 1784 3413 prmﬁxa
1807 3340 1873 3393 li-

292 3460 509 3514 mitibus
535 3464 738 3511 tantum
765 3453 957 3524 potuit,
976 3459 1230 3521 quantum
1259 3442 1508 3514 praestitit
1527 3439 1616 3509 qui
1648 3434 1869 3492 creavit.

294 3552 385 3607 Sic
417 3566 537 3615 nos,
562 3548 648 3618 pie
675 3546 875 3617 opifex,
903 3544 1043 3598 inter
1071 3534 1420 3594 sacerdotalis
1450 3531 1588 3586 tituli
1614 3528 1871 3596 auspicia,

295 3646 416 3700 sole
454 3640 871 3699 conversationis
919 3634 1113 3691 irradia
1148 3650 1160 3685 :
1192 3646 1286 3701 per
1330 3626 1520 3683 sudum
1561 3623 1629 3678 de
1670 3618 1875 3675 meritis

296 3735 497 3791 nostris
539 3733 735 3802 fulgeat
759 3729 877 3784 dies
903 3725 1065 3782 ofﬁcii
1099 3741 1113 3778 :
1149 3722 1291 3776 nulla
1322 3714 1683 3785 subreptione,
1718 3709 1876 3765 nullis

293 3827 493 3884 diaboli
536 3821 914 3880 blandimentis
955 3825 1140 3889 pereat
1172 3814 1315 3886 quod
1346 3824 1601 3867 vocamur
1629 3825 1645 3864 :
1675 3821 1782 3862 non
1814 3804 1877 3858 li-

296 3930 419 3977 ceat
461 3918 762 3987 admisisse,
794 3912 936 3984 quod
978 3926 1080 3965 non
1124 3909 1278 3964 decet
1308 3922 1323 3960 :
1357 3903 1487 3960 recti
1531 3900 1792 3962 studium,
1824 3905 1879 3951 to

297 4014 615 4081 imperante,
640 4016 873 4063 transeat
900 4005 953 4058 in
981 4010 1223 4057 naturam
1250 4015 1265 4052 :
1291 3996 1432 4052 adsit
1460 3992 1655 4048 muniis
1682 3989 1877 4045 nostris

292 4104 517 4174 aequalis
564 4098 848 4170 operatio:
876 4093 1175 4163 composita
1213 4089 1469 4145 servitute
1517 4084 1730 4157 beatum
1760 4095 1878 4135 cre-

292 4207 409 4252 seat
435 4193 740 4263 imperium,
764 4206 864 4246 nec
890 4188 1165 4257 subiaceat
1194 4184 1454 4250 moribus,
1477 4180 1565 4251 qui
1596 4176 1880 4247 praeminet

290 4287 555 4358 dignitate
586 4303 600 4338 :
633 4300 729 4352 per
754 4282 1035 4337 Dominum
1065 4286 1307 4334 nostrum
1338 4274 1518 4331 Jesum
1546 4268 1839 4325 Christum.

788 4389 977 4431 ORATIO
1003 4388 1143 4428 ANTE
1172 4384 1383 4426 IISSAH.

358 4470 609 4527 Collator
641 4470 902 4525 bonorum
942 4466 1109 4531 Deus,
1141 4462 1226 4518 cui
1257 4458 1481 4515 effectus
1512 4456 1565 4509 in
1594 4460 1720 4508 voto
1749 4457 1833 4505 est
1861 4467 1876 4504 :

289 4565 382 4635 qui
414 4567 485 4619 de
516 4563 695 4618 medio
736 4560 917 4631 populi
965 4560 1180 4629 Moysen
1229 4556 1282 4610 in
1329 4552 1604 4623 prophetae
1651 4562 1879 4619 persona

287 4657 555 4713 dedicasti
587 4672 601 4708 :
630 4669 752 4710 nam
779 4654 902 4708 dum
933 4651 1171 4721 queritur
1202 4647 1269 4703 de
1296 4644 1683 4708 imbecillitate,
1708 4650 1760 4698 te
1788 4657 1882 4696 au-
1908 4644 1935 4700 ‘.

287 4759 449 4805 ctore
488 4745 765 4802 convaluit
809 4762 821 4795 :
864 4741 1089 4812 sumpsit
1136 4738 1385 4793 meritum
1424 4733 1710 4804 pontilicis.
1753 4732 1881 4788 dum

286 4841 474 4911 justus
501 4839 585 4893 sui
617 4836 817 4891 arbiter
841 4849 900 4890 se
922 4832 1181 4889 vociferat
1206 4829 1275 4884 nil
1300 4827 1522 4892 mereri,
1550 4825 1634 4880 cui
1676 4823 1881 4893 apicem

286 4933 514 4986 actione
561 4929 844 4983 sublimem
891 4920 1198 4979 conciliavit
1237 4917 1512 4974 humilitas
1545 4932 1560 4969 :
1592 4914 1659 4968 da
1698 4928 1882 4984 parem

286 5022 500 5078 nostris
531 5019 767 5077 exordiis
804 5018 1048 5089 gratiam,
1094 5015 1217 5084 quia
1256 5010 1662 5081 propensiorem
1699 5006 1884 5062 deberi

285 5115 509 5168 actibus
535 5113 867 5167 declaramus
895 5108 1172 5164 oﬁ‘ensam.
1202 5106 1316 5161 Non
1338 5112 1461 5158 sunt
1488 5102 1738 5157 inusitata
1760 5115 1881 5172 qua:

286 5205 578 5274 poscimus
607 5218 623 5257 :
654 5202 951 5270 benignitas
980 5208 1066 5253 tua
1106 5196 1415 5252 testimonio
1444 5200 1657 5249 tenetur
1685 5206 1878 5247 exem-

369 5320 383 5348 ¹
424 5316 593 5369 Dictio
619 5314 682 5368 de
710 5314 980 5368 hwresibns
1007 5307 1367 5379 Orientalium]
1390 5307 1604 5379 Lemma
1631 5304 1881 5379 dictionis

288 5402 405 5442 non
438 5398 521 5441 est
555 5386 778 5439 Ennodii
809 5403 822 5438 :
856 5399 978 5438 nam
1012 5384 1063 5435 in
1093 5377 1366 5435 veteribus
1409 5377 1557 5432 libris
1584 5389 1665 5430 est
1693 5378 1881 5443 auepi-

287 5458 522 5526 grapha,
559 5454 793 5526 praeﬁxis
836 5463 1038 5526 tantum
1081 5452 1162 5505 his
1200 5450 1401 5513 verbis,
1442 5464 1491 5526 tu
1530 5447 1746 5526 Citius“
1785 5461 1882 5526 no-

284 5516 449 5583 ἷιιαὲ.
498 5516 574 5581 I'n'
598 5543 659 5581 ea
703 5541 865 5596 porro
908 5523 1039 5578 nihil
1078 5531 1309 5596 apparet
1354 5518 1600 5596 unde__ab
1640 5516 1883 5596 Ennodio

283 5601 483 5667 potius
512 5614 672 5665 quam
704 5588 770 5649 ab
798 5596 901 5649 alio
930 5588 1180 5664 quopiam
1202 5593 1455 5667 episcOpo
1479 5588 1620 5642 dicta
1648 5588 1885 5667 suspice-

281 5658 443 5723 inur.
479 5658 588 5725 δέει
616 5668 775 5735 digna
796 5675 878 5720 est
904 5658 1125 5735 prorsus
1148 5662 1334 5731 optimi
1354 5661 1612 5735 cujusque
1633 5658 1887 5713 antistitis

278 5741 502 5806 studio,
536 5748 594 5793 ut
620 5733 749 5791 suos
772 5739 838 5791 ab
868 5733 1130 5791 haeresum
1157 5733 1482 5806 contagione
1499 5739 1705 5806 avocet,
1730 5739 1889 5797 atque

281 5812 348 5865 in
378 5800 693 5865 orthodoxa
723 5814 779 5861 et
815 5806 973 5862 Petro
999 5821 1094 5861 seu
1122 5804 1234 5861 sedi
1259 5800 1563 5873 apostolicae
1585 5800 1892 5853 adhaerente

280 5882 555 5938 doctrina
586 5878 877 5936 contineat.

1975 3348 2229 3418 scriptum
2259 3355 2337 3400 est
2373 3364 2386 3398 :
2427 3345 2635 3414 Oportet
2666 3361 2771 3398 esse
2799 3347 3098 3412 certamina,
3130 3354 3183 3399 ut
3216 3344 3415 3413 probati
3445 3362 3561 3399 mae

1973 3440 2145 3508 nifesti
2175 3439 2302 3507 ﬁant
2328 3435 2381 3509 (Ι
2413 3434 2530 3491 Cor.
2559 3451 2636 3501 Ix,
2664 3436 2776 3505 i9).
2803 3435 2953 3504 Apud
2977 3451 3134 3504 quem
3158 3434 3563 3509 Chalcedonen-

1974 3534 2052 3588 sis
2093 3548 2199 3586 non
2243 3531 2373 3585 vivit
2410 3529 2850 3585 commemoratio
2890 3529 3195 3584 veneranda
3229 3508 3464 3596 concilii,
3504 3535 3562 3587 in

1974 3638 2081 3694 quo
2125 3622 2410 3676 Dioscorus
2455 3636 2575 3674 cum
2627 3620 2981 3675 seetatoribus
3022 3621 3134 3674 suis
3163 3621 3303 3691 ston
3342 3622 3441 3689 pia:
3480 3621 3563 3676 di.

1975 3717 2269 3772 strictionis
2302 3714 2544 3768 addictus
2578 3722 2679 3776 est,
2710 3721 2765 3766 et
2794 3722 2990 3767 sanctae
3018 3713 3291 3767 memoriae
3322 3712 3563 3768 Flaviani

1977 3806 2247 3861 adoranda
2294 3804 2618 3858 monimenta
2660 3802 2936 3857 exsultans
2971 3801 3564 3871 Constantinopolitana

1977 3900 2163 3955 civitas
2194 3897 2414 3967 recepit,
2447 3896 2598 3966 cujus
2634 3894 2745 3965 jam
2779 3894 2981 3962 pridem
3024 3893 3363 3948 ﬁrmaverant
3400 3894 3564 3949 coele-

1979 3994 2080 4048 stia
2123 3991 2337 4046 decreta
2385 3988 2739 4045 sententiam?
2778 3990 2796 4017 ²
2832 3986 2929 4042 Ubi
2974 3986 3213 4057 gentium
3251 3986 3565 4041 Timotheus

1980 4081 2277 4153 ignoratur,
2310 4082 2399 4151 qui
2434 4090 2654 4150 propter
2682 4078 3035 4148 suscipienda:
3067 4079 3155 4149 (an
3185 4077 3566 4148 suspiciendae)

1984 4172 2375 4230 recordationis
2406 4171 2635 4226 Proterii
2676 4172 2877 4225 ctedem
2908 4169 3021 4223 ﬁeri
3063 4170 3179 4239 plus
3209 4185 3365 4238 quam
3398 4171 3565 4238 patri-

1983 4267 2099 4323 cida
2129 4281 2236 4320 non
2270 4263 2517 4318 horruit?
2541 4262 2669 4316 Nam
2701 4261 2838 4314 sacri
2872 4264 3244 4329 persecutione
3275 4260 3565 4329 pontiﬁcis,

1981 4368 2037 4417 et.
2063 4371 2258 4429 genera
2288 4355 2575 4409 criminum
2604 4352 2731 4407 vicit
2758 4361 2811 4406 ct
2840 4352 3078 4405 nomina.
3104 4351 3124 4382 ³
3147 4351 3322 4406 Scitur
3348 4352 3560 4415 Petrus,

1982 4461 2039 4506 et
2078 4451 2273 4521 Cyrus,
2317 4459 2371 4503 et
2415 4445 2761 4510 Timotheus,
2804 4443 2891 4512 qui
2930 4442 3055 4496 dum
3103 4442 3299 4511 jacenti
3349 4457 3564 4496 manum

1989 4543 2242 4598 Dioscoro
2290 4540 2585 4609 porrigunt,
2634 4544 2953 4592 corruerunt
2986 4552 2999 4589 :
3032 4534 3084 4589 hi
3127 4533 3196 4589 de
3238 4548 3568 4603 praecessorc

1987 4650 2085 4690 suo
2110 4643 2167 4689 et
2191 4632 2487 4688 studiorum
2516 4628 2883 4683 hmrcditatem
2916 4626 3095 4695 adepti
3130 4633 3255 4680 sunt
3288 4635 3339 4679 et
3370 4626 3565 4679 ruinzc.

1990 4727 2239 4791 Proinde,
2279 4727 2490 4790 fratres,
2532 4730 2835 4777 manentem
2868 4722 2919 4775 in
2958 4719 3206 4788 supernis
3250 4728 3483 4789 patrum,
3515 4728 3569 4776 et

1990 4823 2353 4878 adhaerentem
2382 4818 2539 4872 beato
2561 4816 2720 4870 Petro
2743 4821 2918 4869 tenete
2939 4821 3259 4868 sententiam
3286 4829 3299 4866 :
3323 4813 3443 4884 quia
3468 4829 3567 4868 nos

1990 4912 2201 4970 mundae
2230 4909 2488 4966 Ecclesia:
2515 4917 2570 4963 et.
2610 4923 2717 4962 non
2754 4906 2998 4961 habentis
3026 4906 3288 4961 maculam
3319 4914 3568 4978 optamus

1992 5006 2247 5061 unitatem
2282 5000 2495 5074 (Ephes.
2529 5016 2581 5065 v,
2611 5000 2725 5070 27).
2762 4998 3032 5053 Patienter
3056 4997 3278 5053 sufferre
3305 5015 3412 5053 non
3444 5013 3568 5065 pos-

1986 5112 2171 5154 sumus
2198 5110 2329 5149 vana
2363 5096 2417 5149 in
2447 5092 2713 5147 Christum
2752 5101 2995 5145 nostrum
3036 5101 3089 5146 et
3132 5090 3441 5162 blasphema
3476 5107 3566 5144 ru-

1984 5198 2191 5247 ctantes
2222 5207 2233 5241 :
2265 5189 2462 5243 scimus
2490 5183 2579 5253 qui
2611 5184 2659 5236 in
2693 5183 2932 5253 putribus
2972 5183 3224 5237 membris
3262 5200 3365 5239 non
3405 5183 3570 5236 utitur

2058 5306 2078 5334 ³
2128 5301 2226 5356 Ubi
2275 5298 2496 5369 gentium
2542 5294 2866 5369 Timet/iens]
2913 5295 3131 5369 Λῖιηιζιιξ
3180 5300 3566 5369 cognomento,

1989 5363 2325 5429 Alexandria:
2356 5368 2520 5432 sedis,
2552 5381 2689 5421 cmso
2719 5363 2960 5420 Proterio
2992 5366 3080 5435 qui
3121 5367 3171 5419 in
3219 5364 3457 5435 Dioscori
3489 5363 3569 5414 lo-

1989 5460 2110 5498 cum
2150 5441 2400 5496 suffectus
2450 5439 2647 5499 fuerat,
2700 5438 2931 5491 insessor
2971 5434 3094 5491 :de
3131 5449 3238 5504 quo
3281 5434 3570 5488 Liberatus

1986 5515 2124 5569 diae.
2152 5527 2269 5577 cap.
2296 5512 2365 5564 15
2386 5508 2660 5562 Βτιιγίδνίἰ.

2061 5584 2080 5614 ³
2112 5572 2307 5651 δεὶίωῄ
2335 5578 2538 5651 Petrus]
2572 5579 2766 5651 Petrus
2802 5577 3021 5651 Moggus
3060 5572 3234 5651 {Eluri
3265 5586 3571 5651 successor,

1991 5663 2047 5710 et
2073 5650 2434 5707 Dioscorianm
2461 5644 2703 5704 factionis
2732 5644 3031 5716 praecipuus
3059 5648 3301 5698 incentor
3322 5661 3383 5698 ac
3406 5644 3574 5711 signi-

1994 5726 2072 5780 l'er
2107 5742 2119 5777 :
2153 5723 2240 5791 qui
2273 5730 2538 5791 expuncto
2575 5736 2641 5774 ex
2684 5718 2950 5791 dipty‘ciiis
2974 5716 3209 5791 _n_omine
3260 5716 3481 5769 Proterii
3524 5724 3575 5767 rt

1996 5786 2264 5850 Timothei
2294 5786 2565 5855 catholici,
2602 5788 2839 5842 Dioscori
2871 5797 2924 5839 et
2952 5786 3120 5840 [Eluri
3153 5803 3345 5843 nomen
3386 5786 3573 5839 inscri-

1999 5868 2122 5929 psit,
2148 5874 2205 5919 ut
2230 5872 2409 5919 narrat
2444 5860 2584 5916 idem
2618 5860 2895 5913 Liberatus
2920 5872 3039 5914 can.
3074 5859 3136 5911 18
