4184 6260
681 369 786 428 975

1800 374 2076 431 ENNODll
2113 371 2418 450 EPISCOPI
2456 373 2835 432 TIGINENSIS

3846 379 3954 456 sic

673 497 797 553 terri
821 495 1106 560 medicina,
1130 497 1468 568 serpentibus
1492 495 1696 550 morbis
1719 502 1933 565 praestat
1955 492 2254 566 obsequia}
2285 493 2452 570 Ago,
2499 495 2730 548 nutritor
2779 494 3132 564 profectuum,
3178 495 3266 550 fax
3311 505 3366 551 et
3414 496 3668 566 splendor
3719 497 3953 566 ingenui-

675 605 796 642 nam
842 588 942 642 nisi
989 599 1240 643 secentur
1280 587 1559 652 labefacta,
1591 587 1979 641 contaminant.
2032 584 2259 639 Pacifica

672 692 755 738 εει
777 696 898 736 cum
925 679 1008 734 his
1035 681 1122 746 qui
1153 689 1354 734 rectum
1378 679 1620 733 nituntur
1641 679 1978 748 impugnare,
2005 691 2261 746 congres-

674 775 756 828 sio
782 790 794 826 :
820 775 938 840 quis
966 789 993 826 a
1022 772 1178 828 bellis
1204 773 1397 829 talibus
1423 773 1629 827 timoris
1654 782 1934 826 revocetur
1958 771 2257 838 obStaculo,

672 865 741 920 de
768 866 963 935 quibus
989 865 1136 920 vitali
1172 868 1340 936 possit
1363 875 1535 921 morte
1563 865 1834 935 gaudere?
1858 864 2051 934 quibus
2079 864 2259 917 mundi

673 957 833 1027 hujus
881 959 1208 1028 potentibus,
1254 959 1337 1013 vel
1384 960 1428 1012 si
1477 959 1768 1022 minentur,
1812 956 2260 1036 acquiescendum

672 1051 967 1117 credimus,
998 1052 1212 1120 quando
1243 1053 1387 1110 aliud
1437 1053 1662 1124 imperat
1689 1052 1776 1122 qui
1807 1067 1970 1120 regna
2010 1051 2258 1105 modera-

676 1143 796 1197 tur?
821 1142 1034 1199 dicente
1066 1146 1366 1216 Apostolo:
1402 1144 1520 1198 Non
1552 1154 1672 1197 sunt
1708 1143 1978 1215 condigmc
2003 1143 2262 1212 passiones

674 1235 832 1304 huius
860 1237 1040 1290 mundi
1069 1232 1138 1290 ad
1167 1247 1578 1306 superventuram
1603 1236 1840 1308 gloriam,
1869 1251 1981 1305 qua:
2016 1235 2263 1289 revelabi-

677 1338 760 1404 tur
803 1328 858 1382 in
899 1329 1041 1406 nobis
1066 1328 1244 1396 (Rom.
1279 1345 1395 1396 vni,
1431 1329 1542 1396 18).
1573 1326 1738 1382 Fluxa
1776 1328 2261 1398 ecclesiasticorum

675 1423 837 1479 corda
863 1435 948 1476 aut
975 1425 1193 1478 turbant
1218 1439 1340 1494 quae
1372 1424 1424 1476 in
1454 1422 1706 1493 praesenti
1735 1425 1839 1475 vita
1867 1431 2010 1486 sunt,
2042 1429 2134 1474 aut
2163 1421 2261 1476 de-

673 1515 876 1568 lectant
904 1531 915 1566 :
941 1514 1132 1583 quibus
1163 1514 1180 1546 ¹
1209 1514 1435 1569 Aeacius
1459 1514 1545 1583 qui
1571 1514 1689 1568 diro
1711 1513 1910 1567 diaboli
1942 1528 1971 1565 a
1996 1511 2260 1590 sententia

673 1621 768 1661 sua
820 1616 996 1661 motus
1037 1607 1282 1675 imperio,
1318 1606 1528 1660 erubuit
1568 1605 1658 1660 diu
1706 1614 2157 1676 propugnatorem
2202 1617 2263 1657 se

674 1698 839 1752 fuisse
875 1697 1142 1760 veritatis;
1183 1707 1239 1751 et
1278 1697 1407 1750 clari
1442 1697 1698 1751 deserens
1739 1707 2051 1750 ornamenta
2083 1679 2259 1751 certa?

673 1790 857 1855 minis,
882 1788 1206 1862 triumphum
1235 1804 1390 1844 suum
1432 1806 1588 1858 quem
1628 1791 1728 1844 sub
1769 1791 2025 1845 Basilisco
2055 1790 2142 1860 pio
2173 1808 2263 1846 su-

2367 585 2487 639 tatis
2521 587 2642 655 :qui
2672 587 2866 640 nobilia
2912 590 3152 654 germina
3197 587 3482 642 laboriosis
3518 588 3796 658 purgando
3827 606 3935 644 sar-

2365 678 2498 732 culis
2532 679 2581 730 in
2611 677 2874 734 fructibus
2899 676 3028 732 facis
3065 680 3284 748 agnosci
3313 679 3436 749 :qtti
3463 680 3512 734 in
3536 695 3671 734 cano
3700 679 3830 735 ﬂore
3853 697 3949 735 ηοω

2367 768 2518 822 velim
2547 760 2904 836 posteritatis,
2947 781 3206 839 quantum
3249 773 3452 825 horreis
3494 784 3732 839 paretur,
3778 789 3951 830 osten-

2365 860 2448 915 die
2475 877 2490 915 :
2523 864 2610 926 qui
2640 861 2709 916 de
2734 848 2962 916 ferarum
2987 863 3254 919 cubilibus
3283 874 3336 920 et
3377 865 3648 919 bubonnm
3689 865 3952 921 habitacu-

2364 953 2432 1009 lis
2455 953 2523 1008 ad
2547 954 2658 1009 fora
2683 969 3053 1022 nosrevocas,
3079 956 3223 1011 unde
3247 955 3480 1026 majores
3513 971 3648 1026 pene
3665 959 3772 1025 jam
3800 959 3949 1030 longa

2364 1055 2522 1128 anate
2560 1047 2949 1105 discesserant.
3002 1047 3115 1103 Non
3147 1051 3290 1104 enim
3344 1058 3527 1128 patent
3568 1037 3798 1106 eruditis
3845 1053 3952 1108 loca

2368 1144 2491 1206 ista,
2546 1143 2743 1214 quibus
2795 1145 3079 1199 scientiam
3125 1160 3230 1198 non
3276 1143 3603 1216 primoribus
3638 1145 3802 1200 labris
3843 1145 3953 1214 ipsa

2364 1237 2709 1292 contulerint.
2765 1235 2932 1308 Cujus
2972 1238 3114 1293 enim
3170 1238 3294 1294 tuba
3342 1221 3689 1306 cognoscitur
3733 1237 3950 1308 eloquii,

2367 1328 2470 1384 nisi
2487 1329 2641 1399 cujus
2664 1330 2890 1398 puerilia
2918 1329 3254 1407 innotuerint
3281 1329 3584 1407 rudimenta
3610 1331 3952 1384 sermonum?

2365 1420 2486 1476 Tibi
2539 1437 2669 1492 ergo
2719 1405 2986 1498 debentur
3037 1421 3154 1476 haec
3197 1405 3479 1489 beneficia,
3530 1421 3670 1498 quod
3700 1422 3953 1477 citaturus

2365 1527 2514 1566 reum
2561 1497 2888 1568 causidicus.
2935 1515 3074 1568 inter
3127 1513 3264 1567 atria
3323 1512 3432 1582 jam
3482 1513 3702 1582 probata
3758 1513 3940 1567 dictio-

2365 1589 2488 1659 nem
2546 1607 2870 1660 metueudus
2908 1607 3147 1680 incipiet.
3181 1605 3298 1661 Tibi
3347 1583 3674 1682 spes‘unica
3719 1607 3953 1662 honesue

2364 1695 2719 1765 professionis
2786 1697 3154 1763 ascribenda,
3216 1697 3358 1768 quod
3416 1697 3663 1752 nobilitas
3719 1698 3953 1752 decursis

2366 1785 2519 1844 brevi
2555 1789 2887 1859 temporibus
2919 1790 3125 1845 liberali
3181 1790 3378 1845 sudore
3411 1789 3666 1858 placitura
3701 1800 3804 1845 est.
3850 1791 3952 1846 Sed

671 1879 808 1934 dore
847 1889 1150 1945 meruerat,
1190 1879 1478 1936 debellavit
1516 1899 1528 1934 :
1569 1883 1657 1952 qtti
1699 1882 1828 1936 solis
1869 1883 2102 1951 przeniiis
2146 1883 2258 1937 suis
2291 1869 2338 1936 Β
2369 1894 2474 1948 quo
2505 1895 2590 1934 me
2615 1879 2862 1948 ignarum
2891 1881 3082 1935 virium
3114 1882 3187 1935 ttti
3212 1881 3349 1950 rapit
3377 1881 3606 1948 affectio,
3633 1882 3950 1938 narrationis

672 1986 812 2039 pene
843 1959 1085 2041 tempore
1110 1971 1412 2042 adeptionis
1437 1973 1658 2040 invidet,
1685 1989 1835 2043 spem
1867 1974 2126 2029 bonorum
2153 1976 2262 2030 fru-

669 2071 854 2119 ctuum
905 2065 1144 2134 perfidia:
1186 2064 1322 2121 falce
1373 2066 1673 2121 succidens.
1718 2064 1943 2121 Gravius
1982 2067 2126 2122 enim
2155 2077 2258 2134 est,

671 2157 950 2230 degustata
971 2159 1110 2216 bona
1135 2176 1293 2232 quam
1321 2161 1518 2216 intacta
1544 2162 1804 2216 calcasse.
1831 2163 1968 2215 Nihil
1996 2153 2264 2217 defensio;-

670 2255 758 2310 nis
796 2266 1043 2326 superest
1074 2256 1297 2326 homini,
1346 2265 1467 2326 post
1506 2256 1717 2314 dulcem
1745 2255 1963 2325 justitiae
1989 2270 2260 2323 saporem,

672 2348 739 2402 ad
777 2349 1052 2404 mortifera
1097 2349 1443 2403 schismatum
1496 2364 1700 2404 venena
1749 2348 2015 2428 redeunti.
2060 2348 2139 2404 De
2179 2337 2261 2404 his

674 2436 794 2518 quae
828 2441 1032 2512 praefati
1069 2457 1258 2498 sumus
1288 2452 1469 2497 natum
1501 2454 1606 2509 εει,
1633 2443 1774 2512 quod
1805 2443 1857 2497 in
1887 2443 2262 2497 Constantino-

675 2534 909 2603 politana
937 2549 1107 2605 nuper
1139 2534 1378 2590 Ecclesia
1409 2534 1581 2590 fertur
1610 2536 1924 2592 admissum.
1969 2536 2095 2590 inde
2126 2537 2261 2604 pati-

672 2621 797 2682 inur
841 2629 959 2682 sine
1011 2627 1159 2700 vocis
1208 2643 1366 2704 usura
1408 2628 1676 2683 tristitiam
1713 2646 1724 2676 :
1759 2629 1845 2697 qui
1891 2627 2030 2682 enim
2070 2629 2262 2683 oblatis

671 2718 928 2782 remediis
978 2733 1084 2774 non
1120 2705 1423 2782 ‘ohediuut,
1472 2721 1664 2776 merito
1705 2719 1836 2774 nihil
1879 2720 2263 2796 consolationis

673 2820 914 2882 tempore
943 2825 1050 2882 quo
1080 2823 1415 2882 premuntur,
1446 2797 1772 2885 habuerunt.

687 2889 707 2898 ’“
755 2887 777 2894 ”
1273 2904 1496 2959 DICTIO
1539 2903 1650 2958 vn.

669 2993 741 3053 In
767 3000 788 3030 ³
813 2998 1140 3056 dedicatione
1166 3000 1410 3140 auditori
1439 3000 1642 3070 quando
1677 2996 1746 3050 ad
1790 3001 1963 3068 forum
1992 2996 2262 3070 translatio

685 3081 692 3086 “
853 3077 856 3084 ’
1358 3079 1472 3123 acta
1498 3080 1589 3124 est.
1793 3077 1796 3096 ί

685 3081 692 3086 “
853 3077 856 3084 ’
1337 3077 1472 3124 facta
1498 3080 1589 3124 est.
1793 3077 1796 3096 ί

1184 3178 1348 3220 εοιιοι
1357 3179 1539 3219 AS'I'ICA
1568 3179 1650 3218 PRI
1658 3180 1724 3218 ΜΛ
1733 3204 1750 3220 ο

2370 1973 2591 2041 pelagus
2618 1988 2722 2026 nan
2751 1972 3119 2041 pendentem?
3148 1974 3346 2029 sufficit
3379 1974 3430 2028 in
3466 1974 3569 2029 loci
3596 1973 3754 2029 amici
3774 1984 3826 2030 et
3845 1975 3950 2029 diei

2371 2064 2688 2118 celebritate
2706 2073 2832 2118 vota
2852 2074 3124 2120 testatum.
3150 2066 3231 2120 A'd
3250 2081 3344 2120 vos
3366 2076 3627 2132 revertor,
3645 2067 3834 2135 quibus
3860 2082 3954 2136 pa-

2370 2163 2518 2209 terna
2550 2166 2852 2210 conventus
2886 2157 3167 2213 affectione
3196 2173 3384 2230 vocem
3411 2159 3582 2214 debeo
3611 2175 3953 2214 commouen-

2371 2247 2458 2301 tis.
2494 2246 2722 2303 Reddite
2763 2264 2858 2303 vos
2893 2251 3160 2306 studendo
3200 2251 3417 2321 origini,
3451 2252 3658 2307 re'ddite
3686 2251 3953 2307 natalibus

2370 2338 2600 2393 lectione
2634 2358 2648 2393 :
2680 2352 2883 2395 natura:
2932 2341 3104 2396 lucem
3147 2341 3307 2412 jubar
3351 2343 3604 2397 dictionis
3656 2345 3947 2399 ostendat;

2370 2431 2720 2498 multiplicate
2757 2431 2982 2490 sutl‘eciu
3019 2435 3258 2504 scientiae
3283 2443 3560 2506 parentum
3601 2436 3781 2490 titulos
3810 2453 3824 2490 :
3853 2452 3947 2491 or-

2370 2530 2492 2600 nate
2523 2522 2829 2576 eruditione
2875 2524 3071 2579 decora
3105 2527 3391 2595 majorum.
3443 2527 3590 2600 l’ulvi
3623 2527 3953 2582 nobilitatem

2371 2598 2572 2665 metalli
2598 2614 2700 2666 nisi
2729 2613 2792 2667 ad
2820 2631 3051 2685 unguem
3073 2632 3263 2670 manus
3291 2598 3454 2671 ducat
3481 2619 3725 2685 artiﬁcis,
3756 2631 3954 2674 mater-

2370 2704 2455 2756 nis
2484 2719 2619 2773 pcne
2649 2704 2920 2762 hebetatut
2970 2709 3208 2763 tenebris
3235 2726 3249 2764 :
3283 2695 3336 2764 et
3364 2711 3408 2765 si
3444 2725 3547 2764 non
3578 2711 3828 2782 magistra
3860 2728 3953 2783 po-

2369 2794 2556 2851 litione
2585 2809 2922 2866 venustetur,
2960 2800 3093 2854 nihil
3124 2801 3174 2854 ei
3206 2801 3425 2870 prodest
3463 2787 3764 2857 sublimitas
3793 2820 3948 2874 quam

2367 2901 2502 2940 vena
2531 2889 2884 2944 concesserit.
2921 2890 3220 2961 Adjuvatur
3239 2892 3453 2963 quidem
3485 2893 3716 2947 doctoris
3747 2893 3950 2949 instau-

2368 2975 2441 3030 tia
2465 2976 2680 3054 dotibus
2707 2979 2984 3048 sanguinis
3025 2967 3354 3048 mundioris;
3379 2982 3471 3037 sed
3503 2984 3608 3038 nisi
3635 2985 3810 3038 limata
3845 3001 3953 3039 non.

2370 3070 2594 3124 rutilant
2623 3072 2709 3124 illa
2753 3089 2872 3141 quae
2922 3088 2981 3128 se
3024 3074 3238 3144 erigunt
3283 3077 3633 3144 praerogativa
3676 3078 3955 3132 nascendi.

2371 3162 2770 3218 incrementum
2802 3165 3060 3220 rusticum
3100 3178 3289 3221 manus
3318 3182 3578 3222 mammas
3611 3169 3748 3222 inter
3779 3169 3957 3224 sulcos

747 3257 814 3313 Ut
847 3271 1069 3326 campus
1114 3255 1359 3317 militem,
1414 3270 1562 3310 mare
1609 3257 1838 3320 navitas,
1880 3255 1992 3310 fora
2033 3253 2266 3309 causidi-
2290 3249 2340 3314 ὓ
2371 3267 2635 3322 evacuat;
2669 3266 2723 3311 et
2749 3272 2842 3326 per
2872 3272 3064 3326 pascua
3107 3273 3267 3329 pecus
3302 3274 3482 3328 agere,
3516 3258 3643 3314 dum
3682 3261 3748 3313 ah
3779 3261 3958 3314 uberi-

671 3362 820 3410 cum,
849 3347 1143 3400 sollicitant
1183 3346 1384 3399 incerta
1414 3355 1716 3412 raptorem,
1759 3346 1830 3398 ita
1865 3347 2127 3400 auditoria
2159 3347 2264 3401 lin-

671 3452 804 3510 guas
827 3447 1102 3494 exercent.
1132 3437 1262 3491 Nam
1290 3453 1409 3506 qua:
1434 3438 1632 3491 malum
1657 3438 1794 3492 ratio
1823 3438 2069 3492 suadebit
2103 3439 2266 3493 silen-

672 3534 806 3588 tium
831 3531 883 3585 in
912 3532 1028 3586 loco
1052 3531 1104 3584 in
1124 3545 1228 3600 quo
1249 3537 1374 3584 sunt
1397 3515 1612 3599 pravmia
1639 3529 1924 3584 constituta
1943 3531 2264 3586 verborum?

671 3625 761 3680 ubi
785 3624 1045 3678 orationis
1075 3622 1273 3691 palma,
1301 3624 1343 3676 si
1378 3621 1464 3675 hic
1489 3623 1653 3690 gratia
1682 3623 2099 3678 taciturnitatis?
2121 3625 2262 3679 Bene

671 3718 958 3773 solvuntur
987 3714 1199 3771 sudoris
1245 3716 1434 3784 pretia,
1471 3715 1557 3769 ubi
1600 3723 1727 3770 sunt
1756 3717 1948 3785 templa
1973 3719 2212 3772 victoriae
2246 3735 2259 3771 :

671 3812 811 3867 bene
835 3809 1101 3880 effugatur
1127 3810 1357 3866 servitus
1397 3808 1538 3865 inter
1579 3811 1714 3864 atria
1757 3810 2038 3865 libertatis.
2071 3809 2261 3866 Vincta

672 3905 763 3959 hic
803 3917 896 3957 ora
947 3910 1128 3957 teneat
1176 3916 1328 3958 mens
1366 3904 1574 3972 captiva
1610 3918 1624 3956 :
1659 3917 1764 3956 non
1806 3904 2048 3970 agnoscit
2089 3903 2258 3958 forum

671 3995 898 4052 Romani
928 3995 1132 4065 populi,
1166 4011 1271 4049 non
1295 3994 1529 4049 liberalis
1559 3993 1876 4049 eruditionis
1901 3995 2255 4064 gymnasium,

671 4089 762 4160 qui
791 4087 966 4142 adhuc
994 4089 1142 4156 quasi
1177 4088 1227 4140 in
1262 4086 1564 4141 secessibus
1605 4085 1938 4140 conticescit.
1973 4085 2090 4140 Sint
2117 4097 2260 4138 muta

671 4177 810 4234 forte
853 4177 1193 4233 diversoria:
1240 4176 1324 4230 hic
1357 4177 1484 4229 nihil
1525 4185 1607 4230 est
1653 4186 1756 4229 tam
1806 4175 2063 4232 familiare
2101 4193 2260 4246 quam

672 4271 867 4339 pompa
910 4267 1141 4323 dicendi.
1204 4268 1566 4323 Fescenninus
1612 4268 1752 4322 sales
1795 4267 2088 4338 hymenaeis
2132 4271 2262 4324 dare

671 4362 1211 4434 geuiumconsuetae
1271 4357 1622 4430 professionis
1681 4358 1898 4426 plausus
1954 4358 2198 4414 hortatur
2245 4377 2257 4412 :

671 4459 949 4528 eriguntur
997 4455 1142 4509 lituis
1187 4454 1480 4509 bellatores
1526 4468 1540 4507 :
1588 4451 1785 4506 virtute
1832 4451 2037 4506 debiles
2083 4453 2262 4522 gravis

669 4549 1015 4605 buccinarum
1043 4555 1231 4600 cantus
1261 4545 1450 4599 attollit
1487 4563 1499 4596 :
1534 4544 1654 4598 data
1684 4551 1809 4598 sunt
1839 4543 2106 4597 universis
2131 4546 2264 4597 ami-

2319 3338 2326 3342 ⁷
2373 3349 2471 3403 bus
2502 3348 2723 3419 pendet,
2767 3351 3066 3404 assuescit:
3100 3351 3264 3420 patris
3311 3350 3566 3418 brachiis,
3604 3350 3729 3405 dum
3769 3353 3959 3420 juven-

2367 3454 2462 3492 cns
2513 3440 2720 3509 fatigat,
2774 3429 3082 3510 adjungitur
3116 3458 3129 3495 :
3161 3453 3378 3510 prensat
3421 3441 3700 3497 dexteram
3738 3444 3960 3513 grandia

2375 3533 2534 3585 terris
2587 3533 2794 3586 semina
2841 3535 3302 3599 committentem;
3352 3543 3406 3589 et
3449 3537 3700 3590 sudorem
3741 3535 3962 3606 originis

2368 3638 2479 3678 suae
2508 3623 2561 3677 in
2598 3625 2719 3696 ipso
2744 3624 2879 3679 lucis
2906 3627 3094 3680 limine
3130 3627 3438 3682 meditatur.
3464 3629 3596 3694 Quid
3631 3644 3724 3682 vos
3753 3629 3963 3683 faciatis

2367 3733 2504 3789 quos
2536 3717 2848 3772 liberalibus
2876 3731 3198 3788 pepererunt
3223 3732 3422 3775 matres
3453 3723 3666 3792 optimae
3704 3721 3961 3791 discipli-

2366 3810 2482 3864 nis?
2516 3810 2961 3879 peregrinandum
2989 3811 3140 3865 vobis
3170 3822 3252 3866 est
3294 3828 3322 3865 a
3351 3814 3585 3880 germine
3619 3811 3820 3876 ditiori,
3853 3815 3964 3867 nisi

2365 3918 2463 3972 vos
2486 3903 2694 3957 nobiles
2721 3902 2961 3956 instituta
2991 3905 3432 3958 monStraverint.
3458 3904 3670 3957 llabetis
3695 3904 3966 3971 praevium

2367 3995 2692 4064 eloquentiae
2745 4010 3063 4065 morumque
3110 3997 3386 4050 doctorem
3420 4014 3432 4048 :
3461 3997 3659 4051 currite
3701 3998 3966 4066 prosapia:

2373 4088 2605 4142 stimulis
2638 4088 2868 4152 incitati,
2898 4099 2952 4142 et
2978 4103 3096 4142 cum
3127 4103 3221 4142 vos
3251 4089 3313 4142 ad
3339 4104 3564 4158 agonem
3594 4090 3808 4157 praemia
3841 4101 3968 4158 prd-

2377 4182 2540 4235 missa
2570 4180 2945 4251 perduxerint,
2980 4183 3084 4234 mei
3127 4181 3437 4235 meminisse
3477 4181 3803 4249 dignamiui:
3831 4183 3963 4252 quia

2371 4282 2638 4345 suntquae
2667 4288 2694 4326 a
2725 4273 2877 4327 vobis
2917 4281 3039 4342 post
3078 4273 3355 4328 caelestem
3400 4273 3805 4328 retributionem
3840 4273 3967 4328 δηΐ-

2366 4367 2534 4436 fragia
2559 4370 2795 4421 hortator
2836 4367 3082 4435 accipiat.
3131 4367 3255 4420 Hice
3301 4376 3445 4430 sunt,
3483 4383 3602 4436 qua:
3633 4382 3727 4420 vos
3760 4367 3967 4422 nostris

2369 4458 2517 4512 licuit
2564 4457 2789 4512 vocibus
2833 4457 3130 4510 admoneri.
3193 4457 3298 4510 Vos
3342 4457 3672 4528 diligentiam
3724 4459 3970 4526 pectoris

2371 4549 2475 4602 mei
2507 4547 2797 4616 expendite
2824 4547 3254 4601 consideratione
3281 4549 3567 4602 verborum
3602 4563 3741 4602 :nou
3776 4547 3968 4615 phaleo

671 4657 730 4697 ca
774 4641 1116 4695 incitamenta
1161 4635 1469 4706 propositis.
1504 4633 1640 4700 Quid
1687 4649 1786 4702 ego
1829 4633 2040 4697 faciam,
2075 4633 2261 4686 docto-
2291 4632 2344 4695 D
2371 4650 2518 4695 ratus
2540 4656 2741 4707 sermo,
2787 4657 2892 4693 non
2924 4641 3238 4695 illccchrosa
3267 4651 3469 4695 tantum
3499 4651 3553 4695 et
3587 4642 3795 4712 depicta
3821 4641 3969 4696 fucis

671 4751 789 4789 rum
823 4733 1045 4804 Optime,
1087 4740 1140 4785 te
1171 4727 1456 4799 loquente?
1487 4727 1532 4780 si
1572 4725 1880 4780 infabricata
1929 4725 2088 4779 verba
2122 4725 2260 4779 intra

672 4826 1034 4880 verecundum
1085 4822 1357 4892 penetrale
1403 4821 1726 4880 contineant,
1762 4819 1985 4871 instituti
2021 4834 2104 4871 me
2140 4832 2259 4872 esse

673 4914 863 4968 similis
911 4929 1016 4966 nun
1071 4927 1352 4981 agnoscas.
1414 4910 1781 4964 Amicitiarum
1835 4909 2146 4978 religionem
2203 4910 2255 4963 in

672 5006 840 5074 gratia
896 5018 1085 5071 parcus
1133 5004 1421 5067 offendam,
1469 5003 1514 5056 si
1564 5016 1659 5054 nec
1708 5000 2070 5054 translationis
2103 5002 2256 5066 festa,

671 5110 770 5151 nec
799 5094 992 5149 debitae
1033 5089 1126 5148 tibi
1173 5095 1342 5149 laudis
1373 5109 1566 5148 munus
1609 5092 1906 5146 exsolvero.
1962 5093 2121 5147 Salve
2163 5109 2251 5148 er-

741 5259 764 5296 ι
794 5248 1033 5321 Aeacius]
1062 5246 2013 5321 EpiscopttsCttnstantinuptilitanus,
2041 5249 2128 5321 qui
2155 5249 2235 5316 pri

668 5339 815 5380 mum
837 5319 1050 5393 quidem
1083 5337 1174 5384 pro
1201 5320 1388 5390 synodi
1420 5319 1732 5393 deft-lusione
1759 5319 2015 5393 adversus
2040 5319 2250 5393 l’etrum

667 5390 916 5466 Moggu—m
950 5395 1116 5456 stetit,
1147 5401 1438 5466 auctorque
1487 5390 1740 5444 Basilisco
1782 5390 1900 5448 fuit,
1939 5401 1991 5441 ιιι
2023 5391 2253 5466 edictum

667 5461 808 5538 quod
841 5465 1096 5519 adversus
1128 5464 1269 5538 illam
1303 5461 1936 5538 scripserat,__rcvnca_r_et,
1974 5470 2028 5514 ut
2061 5479 2124 5538 ea
2158 5461 2255 5516 Za-

667 5532 851 5594 charia
880 5538 1098 5600 rhetore
1130 5535 1284 5588 tradit
1317 5532 1573 5600 Evagrius
1606 5533 1698 5586 lib.
1735 5549 1784 5585 Ill
1828 5533 1961 5586 llist.
2000 5534 2254 5587 ecclesia-

669 5616 839 5674 sticae,
869 5625 987 5678 cap.
1019 5603 1072 5662 7.
1107 5607 1234 5662 Post
1278 5606 1413 5668 hinc,
1459 5611 1662 5656 mutato
1695 5603 1981 5678 levissima,
2012 5604 2254 5678 ll_l_Libe-

670 5691 820 5733 ratus
847 5674 966 5750 cap.
1003 5679 1068 5735 l7
1099 5685 1264 5743 notat,
1299 5693 1362 5730 cx
1389 5689 1544 5750 causa
1578 5674 1822 5750 consilio,
1851 5674 2248 5750 Pct_r0_M0‘.-?80i

669 5764 831 5819 quem
877 5747 1030 5805 antea
1072 5753 1368 5812 damnarat,
1396 5747 1572 5801 favere
1600 5747 1781 5810 coepit,
1815 5747 2252 5819 gratissiuncque

669 5817 1131 5875 etmolestissimaa
1153 5823 1204 5875 in
1227 5821 1464 5876 Ecclesia
1489 5819 1906 5888 perturbationis
1928 5827 2109 5872 auctor
2130 5817 2249 5884 fuit,

670 5905 792 5970 quae
827 5900 945 5964 pust
977 5892 1141 5960 ipsius
1168 5892 1327 5945 etiam
1359 5900 1582 5945 mortem
1613 5887 1910 5943 diutissime
1938 5889 2197 5946 (Ιρεωνίἱι.

2369 4733 2607 4786 narratio
2639 4731 2906 4787 delectet:
2942 4732 3164 4800 quaerite
3190 4733 3329 4801 apud
3361 4748 3444 4786 me
3481 4747 3585 4786 non
3612 4733 3827 4800 blanda,
3860 4733 3968 4786 sed

2369 4825 2699 4887 necessaria;
2742 4838 2846 4876 non
2881 4821 3164 4890 deliciosa,
3195 4824 3287 4877 sed
3314 4823 3495 4877 fortia.
3529 4823 3778 4893 Nunquid
3808 4824 3972 4893 juvat

2368 4931 2614 4985 pompam
2647 4925 2828 4968 texere
2856 4923 3120 4984 praecepta
3153 4915 3445 4968 daturum?
3477 4916 3566 4984 qui
3597 4915 3811 4984 probari
3850 4932 3968 4970 nou

2367 5007 2535 5077 magis
2581 5006 2831 5061 sensibus
2877 5021 3038 5075 quam
3081 5021 3333 5061 sermone
3388 5007 3653 5075 diSpouit,
3698 5006 3964 5060 affectum

2366 5099 2646 5155 monitoris
2677 5107 2924 5154 evacuat.
2968 5098 3304 5153 Ponderibus
3345 5112 3568 5153 oructur
3596 5100 3758 5154 dictio
3793 5102 3971 5153 casti-

2430 5262 2451 5292 ⁸
2494 5256 2560 5310 1η
2588 5256 2906 5311 dedicatione
2931 5254 3196 5326 auditorii]
3229 5257 3305 5311 De
3343 5258 3598 5312 Romame
3629 5257 3827 5312 scholm
3862 5274 3977 5309 att-

2360 5329 2556 5383 di-torio
2587 5344 2763 5382 sermo
2795 5337 2894 5383 est.
2933 5327 3321 5382 Translatiouis
3363 5331 3491 5383 festa
3524 5339 3696 5391 vocat,
3731 5344 3854 5381 cum
3893 5345 3969 5381 vx

2361 5399 2599 5467 pristinis
2645 5396 2862 5452 sedibus
2911 5399 2974 5452 ad
3026 5400 3196 5454 furum
3250 5400 3433 5460 schola
3478 5400 3740 5468 migravit,
3785 5408 3843 5451 ut
3886 5400 3972 5452 ibi

2365 5470 2581 5524 ludicra}
2607 5471 3016 5524 exercitationes
3050 5471 3256 5535 fierent,
3295 5471 3381 5524 ubi
3417 5471 3572 5526 SCl‘iiﬂ
3612 5484 3787 5524 causa:
3827 5485 3974 5537 age-

2364 5543 2578 5596 bantur.
2621 5541 2724 5596 b‘ed
2756 5541 3022 5610 quodnam
3064 5542 3114 5595 in
3150 5544 3320 5596 forum
3366 5542 3524 5595 fuerit
3555 5557 3660 5595 non
3692 5541 3972 5609 eXplicat,

2362 5628 2483 5666 cum
2530 5615 2580 5664 in
2617 5613 2844 5666 diversis
2883 5612 3007 5666 olim
3041 5612 3371 5667 declamasse
3406 5611 3650 5667 rhetores
3684 5616 3973 5680 legantur.

2364 5683 2439 5737 De
2479 5682 2708 5749 'l‘rajano
2756 5683 2878 5737 licet
2917 5683 3186 5749 conjicere
3235 5699 3302 5738 ex
3349 5684 3414 5739 iis
3462 5698 3580 5752 quae
3628 5683 3978 5737 Fortunatus

2365 5752 2649 5881 scribitaqe
2679 5753 2939 5822 poematis
2965 5754 3072 5809 illic
3103 5755 3272 5824 ipsius
3299 5763 3458 5812 aetate
3476 5756 3718 5812 recitatis
3743 5753 3840 5809 lib.
3874 5767 3978 5826 tu,

2365 5839 2475 5881 eois
2505 5862 2519 5878 .
2620 5861 2637 5878 .

2362 5833 2519 5895 epist.
2547 5833 2637 5881 21.
