4192 6260
254 344 354 401 277

1704 313 2074 373 DIC'I‘IONES.

3427 296 3529 352 9.78

257 462 428 532 gantis
461 474 476 515 :
508 459 716 514 lancem
767 456 818 509 in
872 446 1249 507 exhortatione
1293 446 1495 501 teneat,
1540 436 1637 506 qui
1693 432 1853 502 gestit
1879 433 1933 493 Α
1959 425 2209 498 agricolae
2240 424 2510 496 ligonibus
2528 421 2863 492 scripserint,
2892 418 3151 473 triticeam
3185 428 3413 469 messem
3439 426 3533 481 pa-

256 528 447 610 audiri.
506 549 785 605 Institutor
844 544 1070 597 virtutis.
1108 539 1326 608 plausus
1382 529 1634 587 excludat
1666 545 1678 580 :
1709 528 1844 579 bene

263 657 471 701 morata
499 642 676 698 oratio
706 640 938 707 imperat
965 630 1103 701 quod
1128 628 1335 684 suadet.
1361 623 1485 679 Haec
1511 622 1552 674 si
1578 618 1846 687 explicare

265 750 469 808 nequeo
499 735 749 789 facultate
776 706 1009 791 dicendi,
1045 734 1225 775 amare
1258 726 1435 772 tamen
1474 710 1637 767 didici
1667 706 1847 762 consi-

263 796 538 885 deratione
556 819 819 893 propositi
840 827 892 872 et
923 814 1157 869 lectione
1183 807 1417 864 consilii.
1446 804 1581 858 Pars
1602 796 1845 867 quaedam

266 919 541 993 probitatis
558 889 680 979 est,
732 913 776 967 si
818 908 1040 978 implere
1080 915 1342 973 nequeas,
1401 908 1563 950 nosse
1602 889 1843 945 meliora.

267 1015 514 1082 Sequitur
555 1007 911 1063 examinatam
960 997 1314 1053 intentionem
1361 988 1584 1045 effectus
1622 982 1843 1052 operis:

267 1106 537 1176 proximus
563 1100 819 1167 magistro
842 1103 945 1158 est,
969 1093 1058 1162 qui
1092 1087 1267 1156 diligit
1298 1085 1611 1139 ornamenta
1640 1072 1845 1130 doctri-

266 1215 366 1259 nae.
399 1198 542 1251 Deus
571 1204 747 1247 tamen
798 1187 908 1243 voti
953 1200 1015 1240 se
1058 1182 1311 1238 comitem
1353 1176 1659 1245 jungatzet
1702 1163 1847 1236 quod

268 1288 484 1346 novellis
512 1293 809 1356 praeceptor
846 1275 1164 1335 commendo
1212 1270 1526 1340 cespitibus,
1588 1264 1641 1318 in
1674 1259 1849 1331 pomis

271 1392 515 1450 tanquam
537 1379 605 1433 de
628 1374 968 1432 haereditaria
1001 1365 1350 1439 possessione
1371 1361 1685 1427 decerpam.

855 1460 1078 1519 DIC'I‘IO
1121 1458 1255 1512 VIII.

214 1556 215 1559 η
277 1562 520 1631 Pnzfetio
547 1561 560 1592 ¹
596 1558 734 1612 dicta
771 1554 1048 1631 Lupicino,
1074 1546 1278 1631 quando
1307 1545 1363 1631 in
1391 1540 1651 1596 auditorio
1683 1536 1849 1591 tradi-

732 1636 813 1681 tus
836 1614 907 1680 est
936 1614 1178 1675 Deutet'io
1234 1616 1291 1671 γ.
1325 1614 1387 1670 S.

729 1728 1081 1773 SCHOLASTICA
1122 1724 1248 1764 SECU
1258 1723 1381 1762 NDA.

1957 521 2128 575 Iiurus
2154 516 2431 588 superabit
2459 526 2511 571 et
2533 515 2737 569 lolium.
2767 512 2952 566 Munus
2980 510 3275 563 Palladium
3311 516 3362 560 et
3399 519 3535 561 cana

1950 626 2176 667 nemora
2251 610 2429 663 baccis
2481 606 2723 677 plurimis
2766 605 2973 658 cultura
3030 601 3333 669 locupletat.
3387 598 3537 652 India

1949 704 2121 757 multo
2151 701 2348 757 sudore
2376 714 2483 768 quo
2527 713 2585 753 se
2630 698 2796 767 jactat
2854 694 3118 747 hebenum
3147 690 3331 745 nutrit.
3358 688 3535 744 Sabmi

1948 796 2095 863 virga
2127 793 2352 862 cespitis
2391 805 2548 843 manu
2578 794 2827 842 cessante
2866 800 2971 839 non
3002 782 3236 853 prolicit.
3267 780 3537 834 Industria

1950 886 2098 952 fecit,
2146 884 2287 954 quod
2338 881 2656 937 Praestaneis
2700 892 2851 932 rosas
2899 877 3113 929 dumeta
3166 858 3531 942 pepererunt;

1951 994 2085 1050 quas
2114 952 2181 1033 de
2209 978 2402 1047 spinis,
2428 990 2526 1029 ceu
2557 983 2713 1028 terrae
2736 970 2935 1035 sidera,
2979 968 3133 1021 labor
3162 964 3347 1034 exigit.
3380 952 3534 1015 Felix

1952 1085 2034 1130 est
2055 1072 2329 1142 operantis
2360 1060 2633 1132 instantia,
2658 1064 2906 1135 quotiens
2928 1060 3098 1131 glebis
3124 1056 3383 1113 uberibus
3415 1069 3534 1108 ma-

1953 1180 2053 1219 nus
2079 1163 2383 1217 adhibetur.
2409 1159 2558 1213 Tune
2589 1156 2733 1211 fessa
2762 1152 2978 1209 brachia
3002 1164 3163 1205 succo
3184 1147 3369 1204 emisse
3390 1146 3536 1199 vale-

1954 1256 2151 1311 tudinis
2181 1256 2562 1313 intumescunt,
2598 1244 2810 1317 quando
2841 1249 3110 1312 integrum
3142 1240 3295 1295 fenus
3321 1237 3535 1292 rurico-

1955 1347 2019 1401 lis
2045 1360 2171 1399 arva
2197 1342 2503 1397 dissolvunt
2536 1355 2551 1391 :
2578 1337 2815 1391 nascitur
2846 1332 3089 1388 exercitii
3123 1328 3450 1384 desiderium
3469 1326 3538 1379 de

1953 1437 2226 1492 fertilitate
2268 1434 2512 1488 telluris:
2542 1420 2850 1482 vomeribus
2889 1421 3153 1493 agendum
3202 1412 3305 1484 est,
3337 1428 3395 1471 ut
3429 1430 3531 1484 per

1954 1532 2200 1602 palmites
2248 1527 2509 1583 exuberet
2535 1523 2634 1577 dos
2665 1519 2930 1575 autumni.
2964 1516 3248 1584 Nunquam
3279 1522 3541 1580 spuman-

1957 1626 2026 1679 tia
2059 1624 2220 1679 labris
2274 1630 2447 1676 musta
2490 1616 2704 1679 meruit,
2746 1615 2847 1668 nisi
2890 1614 2980 1680 qui
3029 1609 3217 1664 vitium
3268 1604 3539 1659 luxuriem
3592 1582 3597 1589 ’

1955 1733 2117 1773 curva
2166 1715 2298 1770 falce
2337 1704 2728 1767 resecavit:’et
2778 1708 2830 1761 in
2884 1702 3113 1758 diversis
3150 1699 3384 1753 cultibus
3424 1696 3543 1764 plus

344 1813 602 1883 QuOtiens
634 1807 832 1883 amomi
871 1802 1146 1865 flosculus,
1176 1807 1269 1853 aut
1311 1792 1503 1849 messis
1540 1789 1731 1859 cassia:
1759 1802 1851 1857 per

1979 1824 2115 1878 luam
2144 1806 2252 1859 vini
2296 1805 2593 1871 acciperet,
2636 1798 2863 1868 liquoris
2903 1792 3110 1849 effudit.
3144 1789 3289 1843 Talis
3334 1796 3416 1840 est
3450 1798 3544 1837 na-

284 1881 729 1985 deprzedationem
772 1898 959 1955 lascivi
988 1894 1200 1972 pollicis
1232 1889 1535 1950 viduantur,
1579 1894 1631 1937 et
1662 1881 1727 1935 ad
1760 1882 1856 1934 do-

283 1982 382 2079 tem
406 2011 661 2053 manuum
695 1994 1049 2055 humanarum
1078 1986 1254 2042 nobile
1278 1995 1496 2051 germen
1525 1973 1854 2045 adjnngitur,

283 2074 522 2161 meritum
553 2086 773 2156 cespitis
810 2083 977 2139 odore
1004 2080 1289 2150 significat,
1321 2082 1373 2129 et
1411 2082 1617 2125 natura:
1643 2066 1858 2135 genium

287 2186 442 2256 prima
490 2182 700 2236 visione
726 2186 992 2235 testatur:
1024 2170 1278 2227 occultari
1318 2181 1377 2221 se
1415 2180 1520 2218 non
1552 2171 1753 2233 patitur
1783 2157 1860 2211 fe-

285 2288 393 2337 tura
430 2274 710 2333 sublimis:
736 2256 906 2339 ‘decus
924 2267 1053 2323 clari
1076 2261 1350 2334 sanguinis
1372 2274 1477 2314 non
1498 2267 1711 2335 tenetur
1737 2251 1860 2306 abs-

286 2369 531 2426 condito:
576 2381 682 2420 vox
741 2360 954 2417 mundte
994 2357 1218 2425 originis
1274 2355 1399 2408 licet
1440 2351 1490 2405 in
1537 2345 1857 2407 recessibus,

284 2475 493 2530 semper
547 2456 783 2512 auditur.
831 2451 937 2509 Sed
967 2447 1217 2519 quamvis
1259 2446 1329 2498 ita
1373 2456 1430 2496 se
1471 2455 1558 2494 res
1606 2436 1859 2497 habeant,

285 2529 627 2608 humanitatis
665 2549 913 2609 interest,
964 2557 1067 2595 non
1103 2550 1284 2593 tacere
1324 2531 1466 2604 quod
1511 2529 1706 2600 gestias
1731 2541 1745 2579 :
1773 2539 1867 2594 pa-

286 2663 398 2703 rum
439 2643 666 2713 suscipit
709 2640 909 2704 oneris,
960 2634 1050 2705 qui
1100 2630 1241 2701 quod
1291 2628 1392 2683 scit
1422 2638 1606 2679 amore
1643 2621 1861 2688 dignum

292 2755 433 2805 esse,
466 2733 841 2791 commendat:
877 2727 1102 2789 feritatis
1130 2722 1394 2779 maculam
1426 2732 1533 2772 non
1560 2714 1743 2777 evitat,
1774 2709 1864 2780 qui

292 2847 400 2887 non
424 2828 641 2883 festinat
666 2837 926 2885 asserere,
955 2817 1099 2890 quod
1134 2814 1339 2869 meritis
1375 2809 1520 2864 novit
1549 2819 1668 2860 esse
1698 2801 1861 2872 placi-

294 2936 494 2980 turum.
522 2922 673 2976 Diem
704 2917 921 2989 laudare
951 2914 1071 2983 quis
1094 2906 1322 2965 abnuat?
1349 2903 1594 2959 attollere
1625 2897 1755 2953 solis
1776 2908 1865 2949 ra-

292 3018 401 3072 dios
425 3014 545 3086 quis
579 3018 776 3066 metuat
806 2986 1047 3077 qualibet
1081 3010 1238 3056 nocte
1279 2990 1626 3053 sermonum?
1671 2988 1715 3042 si
1747 2986 1865 3039 the-

293 3113 411 3193 mati
441 3080 758 3177 obsequium
801 3109 1017 3173 praestat
1037 3098 1231 3163 oratio,
1275 3094 1342 3151 ab
1387 3093 1503 3161 ipso
1534 3085 1764 3155 suscipit
1785 3080 1868 3135 di-

1962 1911 2078 1955 tura
2127 1897 2430 1952 mortalium
2478 1911 2490 1946 :
2531 1894 2637 1947 rite
2685 1896 3071 1958 comparantur
3118 1880 3354 1936 arbustis
3393 1876 3546 1931 rudi-

1960 2002 2140 2045 menta
2170 1986 2539 2058 parvulorum.
2574 1982 2723 2050 Quos
2752 1988 3035 2048 postquam
3078 1978 3365 2042 parentum
3396 1966 3546 2022 solli-

1959 2082 2141 2138 citudo
2181 2096 2209 2134 a
2255 2079 2442 2133 matris
2488 2075 2670 2130 radice
2720 2070 3011 2139 decerpsit,
3047 2061 3435 2137 providendum
3464 2065 3550 2113 est

1962 2178 2045 2228 cui
2077 2174 2192 2228 solo
2213 2171 2363 2239 juxta
2394 2177 2518 2221 vota
2557 2161 2925 2219 commendet.
2952 2156 3081 2213 Post
3102 2152 3550 2209 deliberationem

1962 2263 2275 2318 doctoribus
2304 2261 2423 2329 jura
2455 2270 2636 2311 nostra
2666 2248 3093 2309 transcribimus.
3118 2242 3267 2301 'I‘unc
3292 2245 3427 2298 fiunt
3462 2242 3548 2296 in-

1964 2356 2239 2411 stilulione
2284 2351 2483 2417 vestri,
2531 2364 2667 2418 quos
2717 2347 2870 2401 nobis
2915 2352 3104 2398 natura
3162 2334 3548 2395 concesserit:

1966 2459 2092 2504 tunc
2138 2447 2325 2515 incipit
2354 2445 2455 2498 sibi
2501 2450 2709 2495 tantum
2742 2437 3041 2491 studiorum
3082 2433 3211 2487 lima
3244 2428 3549 2490 vindicare,

1966 2548 2221 2612 quantum
2251 2538 2403 2606 origo
2448 2536 2534 2590 vix
2583 2531 2865 2603 praevalet.
2887 2529 3033 2582 Pene
3077 2524 3221 2580 enim
3254 2536 3358 2575 non
3407 2519 3552 2582 inju-

1967 2637 2105 2691 rium
2136 2640 2238 2697 est,
2272 2630 2411 2686 vinci
2445 2626 2749 2696 prosapiem
2787 2622 3079 2677 collatione
3107 2617 3366 2674 doctrinae
3391 2630 3403 2665 :
3428 2612 3555 2681 quia

1970 2724 2138 2792 patris
2168 2721 2400 2776 officium
2446 2717 2607 2772 habet
2649 2715 2912 2769 luxuriem
2958 2709 3557 2775 comitem;pr.’ccepto-

1968 2818 2064 2881 ris,
2100 2811 2519 2869 sollicitudinem
2553 2806 2800 2876 :genitor
2826 2804 2883 2857 lit
2908 2802 3134 2866 deliciis,
3174 2797 3448 2851 institutor
3478 2790 3556 2843 la-

1969 2905 2563 2963 boribus:libertatem
2607 2901 2758 2965 origo
2808 2897 3013 2959 tribuit,
3059 2892 3278 2959 dignum
3310 2886 3557 2941 libertate

1972 3000 2205 3053 monitor
2230 2997 2371 3048 facit.
2409 2993 2547 3059 Ergo
2576 2990 2747 3057 magis
2780 2996 3018 3040 vestrum
3046 2994 3149 3044 eSt,
3179 2978 3321 3049 quod
3367 2974 3557 3028 lauda-

1974 3102 2059 3145 tur
2102 3090 2155 3143 in
2201 3086 2420 3145 homine
2455 3101 2468 3139 :
2498 3096 2656 3137 nemo
2698 3079 2868 3142 enim,
2914 3077 2959 3130 si
3004 3073 3145 3129 desit
3188 3067 3557 3125 testimonium

295 3192 565 3277 εηίωιεηι.
606 3182 817 3267 Proprii
858 3209 986 3266 ergo
1017 3193 1188 3247 macie
1220 3204 1325 3249 non
1357 3181 1592 3240 turberis
1645 3175 1865 3247 ingenii.
1894 3188 1945 3253 α
1976 3180 2257 3243 facundiae,
2292 3175 2493 3245 poterit
2521 3170 2817 3241 praedicare
2854 3167 2995 3237 quod
3036 3162 3329 3219 nascimur.
3364 3158 3559 3226 Splen-

1500 3275 1511 3277 _
1599 3272 1609 3277 -
1691 3271 1701 3277 .
1794 3267 1805 3277 .
1996 3274 2007 3277 _
2226 3268 2245 3277 ι.
2334 3268 2387 3277 ...
2610 3264 2664 3277 ..-
2718 3262 2748 3277 μ
2799 3275 2821 3277 η
2870 3275 2883 3277 _
2996 3270 3143 3277 ___-_.
3196 3247 3559 3277 ._:L..:c:n.ﬂo

300 3267 503 3368 quando
535 3292 738 3362 eloquii
763 3288 938 3343 vilitas
970 3285 1141 3356 pretio
1181 3286 1444 3349 suscepta:
1482 3271 1735 3333 dictionis
1761 3267 1871 3333 ele-

299 3398 454 3444 vatur
478 3404 490 3440 :
517 3386 732 3455 erigere
763 3395 917 3435 mens
946 3379 1084 3437 fasce
1112 3376 1369 3444 depressa
1393 3366 1673 3437 imperitia:
1700 3380 1711 3418 ;
1738 3361 1877 3416 dex-

301 3490 408 3536 tera
435 3476 654 3549 impacti
687 3472 868 3530 oneris
893 3467 1213 3526 sublevaris.
1244 3462 1348 3518 Sed
1381 3476 1475 3529 cur
1502 3457 1676 3527 longis
1709 3453 1878 3519 invol-

301 3571 514 3645 vimur?
538 3568 792 3624 Praesenti
811 3560 1215 3619 adolescentulo
1243 3556 1436 3611 militat
1462 3552 1679 3623 praelata
1703 3560 1881 3602 narra-

306 3666 404 3729 tio,
433 3650 585 3731 quem
614 3660 912 3714 rediturum
955 3652 1021 3706 ad
1053 3664 1302 3721 proavos,
1336 3652 1440 3700 non
1471 3638 1878 3697 denuntiatione

305 3772 584 3828 augurum,
618 3753 709 3808 sed
743 3760 863 3822 post
898 3751 1059 3803 lleum
1087 3746 1246 3811 fultus
1272 3758 1365 3813 spe
1392 3740 1519 3794 mihi
1547 3746 1741 3790 vestra:
1766 3749 1883 3802 per-

303 3850 555 3907 fectionis
585 3845 824 3918 spondeo
856 3860 869 3898 :
895 3856 994 3896 nec
1021 3840 1253 3894 futurum
1287 3835 1516 3901 ambigo,
1543 3829 1884 3901 Splendorem

308 3954 363 3999 te
385 3946 469 3999 isti
502 3956 723 3999 suorum
765 3952 919 4007 posse
950 3934 1201 3999 reddere,
1247 3944 1403 4001 quem
1436 3928 1556 3980 aliis
1590 3919 1884 3977 contulisti.

308 4035 493 4091 Potest
533 4034 678 4089 enim
709 4030 863 4086 facile
893 4036 1131 4085 veterum
1155 4023 1350 4078 decora
1379 4017 1665 4079 suscitare,
1696 4012 1781 4067 cui
1813 4010 1889 4064 fas

309 4140 389 4182 est
420 4141 557 4180 nova
588 4108 927 4195 construere.
956 4118 1072 4173 Non
1104 4114 1294 4171 credas
1326 4116 1440 4167 haec
1471 4124 1590 4164 esse
1619 4106 1785 4161 solius
1812 4104 1891 4157 in-

308 4220 599 4273 citamenta
638 4210 913 4267 facundiae.
938 4208 1059 4263 Tibi
1088 4206 1175 4260 uni
1208 4218 1521 4279 concessum
1545 4208 1648 4261 est,
1677 4195 1893 4251 clarita-

312 4298 419 4363 tém
456 4317 543 4359 aut
594 4306 746 4370 dare,
801 4310 892 4355 aut
946 4312 1199 4367 reparare
1252 4294 1540 4363 majorum.
1579 4289 1737 4346 Stant
1775 4292 1897 4338 ante

311 4402 498 4455 oculos
533 4408 654 4453 tuos
697 4411 800 4449 non
832 4407 1037 4448 annosa
1068 4393 1220 4460 pueri
1273 4394 1643 4450 monumenta,
1692 4382 1785 4437 sed
1815 4394 1899 4434 re-

312 4492 512 4545 centia.
550 4486 802 4541 Perillam
844 4496 990 4538 tuam
1032 4481 1300 4536 Firminus
1329 4487 1384 4531 et
1427 4476 1689 4549 Licerius,
1721 4469 1895 4526 mtatis

314 4598 425 4637 Suae
476 4581 679 4644 sidera,
720 4578 819 4631 hac
851 4590 981 4630 voce
1023 4571 1369 4637 conveniunt.
1418 4546 1665 4633 Suscipe,
1710 4562 1905 4617 doctis-
1933 4559 1989 4623 Ι)
2013 4558 2103 4613 bet
2128 4551 2374 4609 oratione
2403 4544 2750 4603 constitutam
2782 4541 2834 4594 iu

315 4677 453 4730 sime
492 4672 795 4737 hominum,
842 4669 1119 4738 utriusque
1150 4666 1381 4735 plantam
1416 4658 1650 4720 fatnilim,
1686 4664 1739 4711 et
1783 4654 1902 4709 cul-

316 4782 465 4821 mum
515 4765 572 4818 in
617 4778 722 4835 quo
770 4761 1018 4833 gravidas
1058 4759 1251 4813 ariSIas
1283 4755 1457 4825 parias
1517 4748 1783 4815 secundus
1825 4754 1907 4799 at-

321 4857 503 4912 tende.
538 4852 985 4924 Scalpe‘sarculis
1011 4851 1237 4905 uberem
1270 4859 1487 4909 terram,
1516 4859 1632 4913 que
1662 4840 1706 4894 si
1739 4838 1907 4894 nostri

320 4958 403 5003 est
436 4948 697 5018 germinis
754 4945 937 5007 fibula,
985 4943 1041 4996 fit
1085 4943 1190 4995 tuis
1224 4939 1465 5008 profecto
1511 4931 1784 5009 laboribus
1824 4944 1909 4989 re-

322 5053 613 5109 Sponsum.
642 5036 894 5090 Docendo
920 5036 1057 5103 libro
1091 5032 1404 5109 adolescere
1436 5028 1682 5083 maritata
1708 5023 1914 5093 planta-

325 5130 402 5183 ria
436 5146 453 5183 :
488 5128 686 5183 novelli
716 5112 966 5181 dentibus
994 5123 1207 5194 virgulti
1239 5104 1467 5175 fructum
1501 5116 1700 5171 surculi
1730 5113 1917 5169 melio-

328 5222 404 5276 ris
449 5219 797 5276 accommoda
833 5236 847 5271 :
883 5218 1058 5271 veniat
1105 5231 1388 5287 pomorum
1439 5225 1742 5277 successus,
1795 5207 1918 5261 dum

334 5331 429 5370 ore
464 5328 648 5370 tenero
677 5315 961 5370 sublimior
989 5312 1057 5365 ab
1091 5312 1184 5385 illo
1227 5318 1278 5363 te
1305 5309 1534 5381 docente
1558 5304 1741 5375 planta
1774 5316 1919 5356 mor-
1960 5358 1977 5383 ο

336 5412 496 5464 detur
527 5428 540 5464 :
572 5411 692 5478 quia
726 5408 825 5462 nisi
868 5406 1160 5462 edomitam
1184 5410 1387 5458 terram
1432 5409 1617 5469 terque
1648 5408 1701 5452 et
1731 5406 1922 5467 quater

413 5543 430 5573 ¹
460 5541 711 5606 Prwfatio
763 5542 899 5591 dicta
940 5534 1223 5607 Lupicino]
1275 5533 1588 5607 Lupicinum
1619 5526 1929 5607 .Euprepim

335 5617 543 5666 sororis
572 5600 803 5666 Ennodii
836 5600 1318 5663 filium'fnisseiios
1338 5600 1577 5668 epistolae
1601 5600 1925 5653 docuerunt:

337 5683 429 5736 hic
458 5694 749 5746 utrumque
790 5680 905 5747 ejus
937 5694 1093 5732 avum
1124 5676 1319 5741 prodit,
1356 5674 1649 5727 Firminum
1689 5680 1741 5747 et
1781 5669 1933 5721 Lice-

343 5755 491 5809 rium
523 5769 551 5806 a
585 5742 780 5816 quibus
806 5742 861 5805 et
883 5750 1201 5819 cognomina
1228 5748 1296 5819 de
1326 5759 1473 5819 more
1509 5742 1735 5819 sumpsit
1767 5757 1780 5793 :
1810 5753 1931 5791 nam

354 5824 578 5889 Flavius
601 5812 843 5877 Licerius
868 5812 1139 5876 Firminus
1170 5817 1459 5888 Lupicinus
1488 5812 1780 5883 appellatus
1808 5816 1889 5863 est
1917 5824 1931 5864 :

1978 3274 2165 3331 dorem
2223 3268 2443 3323 familias
2492 3264 2671 3334 prodit
2717 3262 2933 3329 lingua,
2988 3270 3149 3326 quam
3196 3247 3564 3307 tribuitiszflt

1978 3380 2158 3436 praeco
2186 3362 2420 3433 generis,
2450 3356 2692 3427 magistri
2722 3351 3041 3413 beneficium
3077 3366 3092 3402 :
3125 3344 3449 3402 ineruditata
3471 3354 3566 3395 no-

1980 3459 2155 3514 bilitas
2177 3456 2400 3511 cmleste
2432 3463 2624 3508 munus
2650 3447 2881 3515 abjnrat.
2915 3440 3402 3508 Adstringiteergo
3439 3448 3564 3487 arc-

1982 3548 2210 3609 tioribus
2231 3544 2459 3599 vinculis
2488 3556 2581 3611 per
2604 3547 2816 3597 tetatem
2842 3533 3055 3590 erratici
3085 3528 3319 3600 palmitis
3352 3528 3566 3593 lapsus:

1984 3644 2101 3698 sine
2130 3638 2317 3694 sobole
2340 3648 2517 3689 ramos
2549 3632 2693 3687 ferro
2724 3628 2924 3694 castiga
2950 3640 2965 3679 :
2997 3620 3280 3678 novellum
3311 3615 3570 3683 ceSpitem

1985 3735 2097 3788 Iottt
2146 3747 2253 3802 quo
2294 3736 2483 3783 cuncta
2538 3720 2867 3780 fructiﬁcare
2924 3716 3099 3780 soles,
3151 3709 3358 3765 attolle.
3406 3706 3575 3760 Habet

1987 3823 2303 3878 adolescens
2348 3824 2552 3880 noster,
2603 3810 2962 3881 quodcunque
3008 3804 3074 3858 de
3123 3806 3235 3857 suis
3292 3797 3575 3865 resnexit,

1990 3915 2130 3984 quod
2162 3919 2417 3978 sequatur
2452 3924 2463 3958 :
2498 3904 2654 3960 nobis
2684 3900 2865 3968 crede,
2908 3904 3059 3953 actus
3089 3904 3169 3951 tot
3198 3891 3433 3948 stimulis
3456 3903 3578 3958 per-

1993 4008 2163 4067 volat,
2195 4002 2435 4072 quolibet
2476 3996 2717 4053 scientia:
2748 3994 2910 4051 fuerit
2936 4004 3120 4060 aequor
3150 3988 3424 4056 ingressus
3458 3998 3470 4034 :
3502 3979 3581 4033 fo-

1995 4100 2171 4153 dietur
2197 4094 2456 4166 prosapia:
2489 4106 2599 4144 suae
2638 4085 2939 4141 calcaribus
2975 4097 3109 4151 :per
3137 4087 3213 4133 tot
3243 4076 3464 4133 ordines
3495 4073 3581 4126 ni-

1997 4188 2071 4265 hil
2100 4188 2201 4240 nisi
2243 4182 2382 4253 quod
2422 4180 2491 4233 ad
2531 4178 2739 4231 litteras
2782 4174 2994 4241 invitat,
3042 4170 3265 4225 invenit.
3296 4166 3416 4221 Stat
3457 4176 3585 4218 ecce

1999 4262 2124 4335 ante
2169 4288 2221 4335 te
2260 4273 2515 4346 parvulus
2558 4277 2741 4323 noster
2787 4266 3031 4321 felicibus
3074 4259 3364 4317 initiandus
3404 4255 3587 4323 auspi-

2002 4373 2101 4427 ciis
2133 4388 2145 4423 :
2177 4378 2232 4423 et
2260 4368 2397 4421 sicut
2422 4364 2551 4433 justi
2582 4360 2757 4415 hostia
2789 4356 3131 4412 devotionem
3163 4348 3473 4404 sacerdotis
3497 4360 3589 4399 ex-

2006 4461 2262 4536 posulat.
2299 4458 2581 4512 Paternatu
2616 4450 2866 4507 convenit
2897 4461 2991 4502 ore
3021 4444 3300 4514 pietatem,
3331 4447 3388 4491 ut
3417 4433 3591 4504 quali-

2876 4539 3000 4593 vitae
3028 4534 3213 4590 limine
3254 4523 3594 4587 commendet

2013 4646 2310 4709 infantiam,
2341 4654 2496 4713 quam
2527 4637 2593 4691 de
2626 4631 2935 4705 parentibus
2968 4643 3072 4683 non
3105 4635 3362 4685 sermone
3404 4615 3593 4683 exigit,

2015 4739 2109 4794 sed
2146 4735 2271 4806 quid
2318 4709 2589 4786 desideret
2629 4740 2784 4781 error
2815 4720 3085 4783 ostendit;
3115 4714 3357 4783 cogimur
3401 4709 3597 4771 subve-

2017 4831 2134 4905 nire
2178 4827 2229 4881 in
2280 4820 2601 4879 necessitate
2631 4814 2860 4888 parvuli,
2908 4825 3064 4879 quam
3098 4803 3327 4863 formido
3373 4798 3599 4857 manife-

2020 4900 2144 4985 stat.
2179 4902 2397 4991 Sponde
2436 4914 2543 4969 tuis
2584 4904 2984 4967 adolescentule
3006 4903 3024 4932 ²
3048 4901 3206 4971 digne
3242 4894 3549 4967 primordiis
3582 4907 3598 4945 :

2024 5031 2171 5085 spem
2204 4987 2425 5066 solidam
2454 5006 2519 5061 de
2550 5014 2634 5057 tua
2662 4996 2986 5071 perfectione
3006 4989 3340 5058 concipimus
3363 5003 3378 5040 :
3398 4987 3599 5041 bonum

2024 5106 2298 5177 ingenium
2331 5096 2539 5154 doctori
2561 5095 2762 5164 Optimo
2787 5090 3174 5157 mancipamus.
3204 5080 3355 5137 Sacri
3378 5079 3487 5149 jam
3512 5092 3605 5130 ru-

2024 5201 2259 5255 dimenta
2296 5203 2555 5248 venerare
2604 5183 2811 5252 collegii
2841 5199 2853 5233 :
2883 5179 2945 5233 ad
2978 5175 3205 5233 Latiaris
3242 5172 3407 5228 curia:
3444 5166 3606 5239 profi-

2029 5294 2180 5347 ciunt
2229 5285 2431 5348 sidera,
2471 5292 2607 5349 quos
2636 5276 2784 5331 vides
2828 5270 3074 5326 scintillis
3123 5264 3347 5321 modicis
3378 5261 3609 5314 futurum

2033 5387 2213 5439 lumen
2270 5374 2575 5435 ostendere.
2630 5370 2741 5443 lloc
2784 5381 2912 5421 avos
2939 5364 3135 5419 dixisse
3180 5356 3408 5413 sufficiat
3439 5369 3452 5403 :
3481 5348 3609 5402 mihi

2040 5518 2179 5587 quod
2228 5512 2442 5587 quidem
2470 5522 2548 5587 ex“
2576 5503 2831 5587 yaticano
2866 5503 3063 5587 codice
3091 5488 3610 5587 Commen:tari_qruni

2040 5557 2179 5647 :l'ulii‘
2215 5557 2444 5639 dmsaris
2501 5557 2816 5647 didicimus,
2866 5573 2917 5623 in
2948 5583 3071 5647 “quo
3125 5565 3197 5647 ad.
3246 5562 3363 5647 libri
3409 5557 3612 5647 ealgetn

2042 5624 2906 5724 333.3:9112:6255(nidiﬁcia;
2936 5624 3293 5724 constantiam
3322 5629 3441 5702 legi.
3482 5624 3613 5681 Fla-

2040 5736 2151 5788 vius
2168 5710 2398 5783 Ilicet-ius
2422 5720 2682 5773 Firminus
2709 5711 2982 5783 Lupicinus
3014 5710 3130 5781 legi.

2112 5806 2131 5837 ²
2157 5801 2314 5856 Forte
2336 5795 2507 5866 digna.
