4192 6260
573 347 673 405 279

1616 342 1617 345 “
1688 341 1956 399 εΝκοοιι
2001 342 2303 403 EPISCOPI
2342 343 2720 402 TICINENS!S

3734 343 3840 398 280

574 470 809 518 remanet
850 463 1034 519 stricta
1065 459 1383 518 insinuatio.
1423 457 1788 528 Propinquum
1838 458 1902 530 ad
1932 466 1983 512 te
2020 472 2149 511 cou-
2181 464 2237 519 A
2260 461 2565 528 expendere
2585 462 2792 531 origine
2822 461 3090 533 serpentis
3118 459 3299 524 rivuli.
3334 459 3422 529 qui
3464 457 3744 525 scalpente
3773 463 3837 516 ad

575 554 922 625 sanguineus,
974 555 1166 609 orbum
1219 552 1532 623 parentibus
1578 551 1862 623 religiosus
1912 550 2154 606 exhibui.

579 648 709 714 Quae
738 662 825 702 res
854 647 983 701 mihi
1007 645 1253 702 affectum
1287 648 1437 715 pueri
1469 644 1686 712 faciam,
1713 645 1823 715 jam
1853 646 2068 701 tenetis.
2102 644 2159 702 Si

480 766 483 771 -
574 738 915 796 necessitudo
944 737 1249 807 respicitur,
1277 737 1415 793 liber
1442 739 1510 793 ab
1537 753 1721 793 amore
1749 753 1871 793 esse
1898 754 2003 793 non
2027 754 2156 808 pos-

571 845 688 885 sum
724 829 803 883 :si
836 830 1006 896 pietas
1036 829 1203 882 amica
1233 830 1528 898 proposito,
1572 831 1740 884 nostri
1774 831 1908 884 ﬁunt
1943 830 2034 884 ﬁlii
2064 830 2156 899 qui

572 928 853 989 parentum
897 935 1117 977 suorum
1153 921 1400 989 praesidio
1433 922 1793 976 denudantur.
1830 922 2003 978 Unum
2026 937 2154 992 ergo

569 1010 841 1065 vinculum
870 1011 1021 1066 venit
1049 1026 1077 1064 a
1121 1013 1369 1082 prosapie
1401 1031 1413 1065 :
1446 1014 1553 1067 alio
1590 1028 1689 1068 nos
1720 1014 2006 1083 adstringit
2032 1014 2155 1069 ofli-

569 1103 733 1159 cium.
786 1104 1033 1174 ReSpice,
1088 1106 1413 1161 venerabilis
1464 1108 1736 1176 magister,
1788 1117 1865 1161 tot
1908 1124 2005 1178 pro
2053 1111 2157 1163 isto

567 1196 839 1265 supplices
870 1211 1081 1263 manus,
1115 1208 1168 1253 et
1200 1198 1251 1250 in
1284 1212 1378 1265 spe
1402 1198 1608 1267 parvuli
1639 1200 1868 1266 majores
1899 1200 2038 1267 ejus,
2070 1213 2158 1254 me

569 1299 731 1359 teque
757 1291 1061 1347 considera.
1093 1290 1274 1346 Genus
1298 1301 1379 1346 est
1401 1290 1671 1360 singulare
1697 1292 1868 1347 laudis
1897 1293 1950 1346 in
1971 1292 2157 1347 docto-

565 1384 739 1450 ribus,
782 1384 1031 1454 discipuli
1063 1384 1317 1440 eruditio.
1365 1386 1590 1440 Achillis
1620 1385 1794 1453 lingua
1827 1383 2030 1439 Chiron
2077 1384 2159 1437 in-

568 1479 744 1532 notuit
773 1494 789 1539 ;
824 1478 945 1533 fecit
975 1480 1221 1550 sequacis
1252 1480 1504 1534 meritum
1534 1479 1846 1548 Opinionem
1871 1478 2016 1531 illius
2039 1476 2156 1546 plus

569 1571 760 1635 amari,
785 1570 938 1640 cujus
964 1587 1060 1641 per
1098 1586 1157 1625 se
1184 1571 1321 1625 forte
1350 1571 1595 1625 facundia
1636 1572 1688 1623 in
1720 1570 1893 1624 lucem
1924 1583 2029 1623 non
2060 1582 2157 1637 po-

568 1662 760 1717 tuisset
806 1663 977 1718 exire.
1030 1663 1178 1717 Maro
1211 1672 1389 1717 vester
1435 1663 1599 1716 tantis
1644 1662 1981 1715 institutores
2028 1672 2155 1713 suos

567 1753 984 1821 commendavit,
1017 1753 1229 1823 quantis
1260 1754 1377 1821 ipse
1417 1762 1577 1808 notus
1621 1764 1705 1807 est
1738 1771 1752 1810 :
1779 1761 1834 1809 et
1861 1763 2012 1808 certe
2033 1750 2156 1806 illos

2262 552 2430 620 ipsam
2453 564 2649 608 terram
2672 570 2850 624 ungue
2873 555 3204 623 perdueitur,
3232 553 3356 621 quid
3380 554 3449 607 sit
3468 553 3586 622 ejus
3605 554 3656 608 in
3676 570 3840 611 unum

2261 643 2521 697 collectus
2560 644 2766 709 alveus,
2800 645 2927 714 quid
2962 646 3033 702 sit
3064 645 3152 699 ubi
3182 645 3423 700 nascitur
3463 644 3760 712 atstimare,
3789 656 3844 704 et

2265 735 2410 789 vires
2453 733 2690 790 ﬂuminis
2722 750 2829 789 non
2870 736 2937 791 de
2964 738 3050 794 his
3077 751 3196 806 quae
3226 734 3452 804 accepit,
3485 735 3579 790 sed
3618 735 3686 792 de
3730 736 3839 795 illis

2260 841 2380 893 qua:
2405 826 2577 894 potuit
2602 827 2900 896 accepisse,
2945 827 3220 898 colligere.
3249 827 3539 892 Quorsum,
3563 830 3842 885 venerabi-

2260 919 2326 974 lis
2349 920 2625 989 magister,
2660 920 2929 976 libertatis
2958 921 3138 989 index,
3172 921 3298 977 boni
3331 921 3695 977 testimonium
3721 938 3843 979 san-

2259 1012 2457 1082 guinis,
2506 1015 2845 1082 ingeniorum
2890 1016 3038 1081 !ima,
3078 1014 3365 1071 fabricator
3409 1029 3681 1082 sensuum,
3728 1015 3843 1073 bzec

2258 1105 2420 1160 verba
2452 1106 2827 1175 praemiserim,
2859 1108 2904 1161 si
2936 1107 3210 1177 requiras;
3237 1122 3323 1161 tne
3354 1122 3442 1162 me
3470 1108 3677 1163 locutus
3700 1125 3841 1173 sum.

2259 1196 2451 1265 fateor,
2484 1214 2569 1255 me
2608 1199 2805 1269 digessi
2842 1215 3045 1272 :quem
3097 1200 3240 1255 inter
3277 1201 3500 1255 inscitia:
3529 1201 3844 1257 dormientis

2258 1290 2536 1345 infantiam
2567 1293 2951 1362 occupationes
2980 1294 3142 1348 varia:
3170 1303 3227 1347 et
3256 1292 3467 1347 tristitia
3496 1292 3648 1347 fortis
3676 1294 3844 1362 impe-

2261 1383 2397 1437 ritite
2436 1392 2607 1439 mater
2639 1386 2907 1455 oppressit
2942 1403 2953 1437 :
2984 1387 3067 1440 cui
3100 1400 3205 1440 non
3246 1385 3405 1440 datur
3433 1385 3583 1440 duris
3632 1385 3843 1442 solvere

2257 1480 2396 1534 colla
2426 1480 2721 1545 laboribus,
2748 1490 2807 1535 ut
2830 1480 3130 1535 studiorum
3157 1482 3353 1550 lupatis
3381 1495 3475 1535 ora
3498 1480 3839 1536 decorentur.

2258 1570 2407 1625 Meus
2447 1587 2627 1627 sermo
2653 1572 2795 1642 quod
2840 1573 3033 1627 scaber
3060 1581 3163 1639 est,
3202 1581 3259 1626 et
3284 1572 3433 1626 nullo
3461 1571 3844 1641 splendescens
3900 1560 3903 1561 ⁷

2257 1661 2512 1720 dictionis
2558 1666 2765 1732 attritu,
2799 1665 3169 1735 intelligentia:
3209 1673 3292 1718 est
3332 1672 3388 1719 et
3426 1664 3672 1720 exercitii
3702 1663 3840 1734 quod

2258 1755 2497 1811 dedisco.
2546 1757 2623 1812 Te
2672 1759 2813 1814 inter
2866 1759 3115 1828 palmstra
3168 1767 3254 1812 tua
3306 1756 3593 1827 originaria
3650 1757 3844 1828 Bingua:

569 1860 665 1914 per
686 1845 876 1900 merita
906 1859 1001 1899 sua
1043 1846 1183 1899 fama
1215 1860 1319 1901 non
1363 1847 1619 1915 prodidit.
1656 1849 2011 1921 Hieronymus
2054 1871 2153 1910 ηο-
2187 1836 2234 1898 Β
2261 1849 2433 1917 palma
2476 1849 2730 1904 sollicitat
2761 1868 2772 1901 :
2807 1858 2859 1905 te
2886 1851 3025 1906 inter
3069 1850 3238 1913 cives,
3268 1850 3374 1904 mei
3408 1850 3710 1914 immemor,
3756 1865 3847 1904 su-

566 1946 703 2003 ster,
737 1936 839 1991 nisi
870 1945 1253 2006 praeceptorem
1279 1953 1431 1993 suum
1462 1940 1786 2010 Gregorium
1803 1943 2030 2013 diceret,
2062 1947 2155 2003 illo

565 2030 761 2086 melior
781 2039 1095 2087 censeretur
1128 2048 1141 2085 :
1169 2031 1261 2087 sed
1294 2033 1371 2088 illi
1401 2035 1716 2104 applicanda
1745 2046 1868 2091 sunt
1897 2038 2033 2093 bona
2052 2055 2152 2095 no-

567 2127 794 2193 minati,
852 2143 881 2181 a
931 2143 1038 2198 quo
1098 2128 1398 2198 sumpsisse
1444 2128 1694 2183 videntur
1746 2131 2030 2201 originem.
2095 2133 2153 2189 In

567 2234 800 2288 summa,
830 2228 889 2275 nt
910 2220 1045 2285 dixi,
1077 2221 1276 2276 cmlum
1299 2221 1475 2288 pulsat
1504 2222 1744 2290 magistri
1769 2223 1953 2291 opinio
1980 2224 2157 2293 perfe-

567 2312 742 2368 ctione
770 2313 1043 2382 discipuli.
1094 2312 1245 2382 Apud
1294 2312 1554 2367 scientem
1586 2328 1767 2368 rerum
1809 2330 1915 2369 non
1958 2316 2155 2385 objicio

568 2406 922 2474 oblivionem,
954 2408 1079 2477 quia
1103 2416 1229 2462 nota
1258 2422 1623 2463 commemoro
1649 2426 1662 2462 :
1686 2424 1843 2463 avara
1879 2420 2004 2466 sunt
2032 2422 2155 2468 vota

570 2498 912 2568 diligentum.
946 2498 1115 2565 Deum
1146 2513 1360 2569 precor,
1394 2511 1453 2554 ut
1482 2500 1673 2555 studiis
1704 2503 1905 2557 vesrris
1926 2504 2152 2573 gratiam

569 2606 723 2646 suam
747 2592 1000 2648 comitem
1040 2593 1247 2663 jungat,
1283 2603 1338 2647 ut
1370 2608 1505 2664 quos
1535 2610 1563 2648 a
1594 2610 1681 2649 me
1710 2596 1974 2652 limandos
2004 2612 2157 2653 acce-

569 2685 724 2754 pisti,
749 2685 1083 2743 doctissimos
1116 2687 1312 2743 reddas
1348 2706 1359 2739 :
1388 2697 1443 2742 et
1470 2688 1682 2743 illorum
1714 2690 1946 2745 eruditio
1974 2699 2155 2746 vestra

572 2777 786 2848 quidem
817 2778 1013 2849 gloria,
1040 2778 1134 2834 sed
1159 2795 1337 2834 meum
1368 2780 1636 2835 efﬁciatur
1665 2781 2008 2853 obsequium.

1189 2870 1411 2926 DICTIO
1449 2871 1541 2927 IX.

608 2961 623 2993 ⁸
656 2960 908 3032 Praefatio
928 2963 1137 3032 quando
1167 2964 1356 3016 Arator
1387 2965 1703 3018 auditorium
1732 2966 1993 3036 ingressus
2025 2974 2118 3022 est.
2183 2963 2186 2967 ’

1055 3073 1406 3113 δοιιοιλετιελ
1445 3075 1661 3114 TERTIA.

638 3145 833 3202 Notum
875 3150 1084 3204 cunctis
1109 3150 1247 3206 bene
1275 3152 1613 3220 mortalibus,
1646 3154 1788 3222 quod
1822 3154 2036 3210 dicendi
2069 3158 2152 3210 la-

569 3236 756 3293 borem
790 3242 1128 3308 negotiorum
1162 3241 1310 3296 ferire
1336 3245 1567 3313 pariant,
1598 3247 1966 3303 etelirniuatis
1996 3262 2152 3303 cura-

569 3343 689 3383 rum
724 3331 973 3398 procellis
1001 3333 1303 3385 orationum
1339 3348 1532 3387 serena
1573 3335 1694 3403 plus
1726 3336 1966 3392 rutili-nt.
2003 3340 2156 3394 Diem

570 3434 729 3474 suum
773 3420 1009 3490 ingenia,
1062 3420 1163 3476 nisi
1214 3424 1620 3492 occupationem
1663 3427 1875 3482 nebulis
1931 3429 2156 3495 fuscata,

569 3528 679 3567 non
734 3514 966 3582 perdunt
998 3533 1011 3567 :
1039 3514 1430 3571 sententiarum
1456 3516 1618 3586 jnbar
1662 3533 1790 3573 cura
1835 3535 2031 3576 vacuos
2074 3537 2159 3578 re-

569 3606 837 3674 spicit,,et
863 3606 1142 3674 expeditus
1182 3607 1394 3662 animus
1427 3609 1878 3667 declamationum
1910 3629 2157 3682 pompam

570 3697 934 3751 commendat.
966 3697 1067 3764 Qui
1114 3713 1257 3754 caeca
1289 3700 1453 3756 remis
1503 3704 1820 3758 temerarius
1856 3705 1990 3760 freta
2023 3722 2158 3775 pro-

570 3787 791 3852 scindit,
825 3788 1024 3843 nudum
1054 3790 1416 3846 sollicitudine
1443 3792 1826 3862 gubernaculis
1857 3806 2043 3865 pectus
2073 3813 2161 3853 ac-

572 3880 883 3935 commodat
926 3890 1027 3936 :et
1067 3882 1205 3937 clavi
1252 3884 1491 3953 regimen
1536 3885 1650 3939 sola
1697 3901 1803 3957 qua
1845 3890 2159 3958 magistrum

570 3972 726 4026 navis
766 3971 1040 4038 convenit,
1076 3974 1419 4043 inquisitione
1443 3976 1745 4044 perpendit.
1774 3978 1925 4034 Tunc
1969 3986 2159 4048 stupea

576 4067 633 4121 in
664 4076 854 4122 ventos
903 4082 968 4122 ex
1010 4077 1135 4122 voto
1174 4065 1327 4122 frena
1374 4067 1667 4122 laxantur:
1701 4078 1829 4124 tunc
1870 4072 2155 4125 rudentum

570 4161 802 4215 vinculis
845 4160 937 4216 diu
970 4160 1136 4215 libera
1172 4163 1341 4216 maria
1380 4162 1707 4230 vinciuntur,
1757 4172 1813 4219 et
1850 4164 2159 4234 imperiosis

570 4252 834 4307 undarum
891 4253 1122 4309 cumulis
1174 4253 1337 4308 homo
1394 4253 1767 4310 dominaturus
1825 4255 2158 4326 ingreditur,

570 4347 777 4400 viarum
805 4346 1007 4400 incerta
1034 4347 1194 4401 astris
1223 4346 1626 4403 recludentibus
1665 4351 1971 4419 agniturus.
2004 4350 2159 4407 Tunc

572 4438 973 4509 Phosphorum,
1006 4439 1272 4507 Pleiadas,
1298 4442 1651 4512 Cynosuram,
1685 4454 1741 4498 et
1770 4443 2027 4514 quidquid
2060 4445 2161 4500 iter

570 4543 841 4589 monstrat
879 4535 1194 4605 inspiciens,
1224 4534 1290 4589 ad
1322 4536 1443 4591 coeli
1475 4536 1693 4591 ductum
1725 4537 1880 4592 callis
1923 4538 2159 4592 hominis

571 4626 879 4691 ordinatur;
911 4628 956 4681 si
982 4635 1161 4683 tamen
1194 4642 1348 4683 mens
1370 4628 1522 4683 nullo
1545 4638 1817 4685 extraneae
1845 4630 2156 4700 occupatio-

571 4718 657 4774 nis
700 4721 1013 4776 mordeatur
1060 4722 1351 4792 ambiguo;
1393 4737 1493 4777 nec
1534 4722 1969 4793 peregrinantem
2016 4724 2161 4779 noti-

570 4811 699 4863 tiam
742 4815 997 4881 magister
1028 4813 1238 4869 inertia:
1286 4829 1490 4870 maeror
1534 4816 1757 4887 alﬁigat.
1807 4817 1959 4883 Quod
1990 4815 2036 4870 si
2067 4825 2159 4871 aut

567 4902 725 4971 pigro
749 4913 966 4972 torpore
1006 4906 1289 4961 hebetatus
1314 4906 1530 4962 animus
1560 4906 1813 4975 dormiat,
1849 4916 1940 4961 aut
1968 4906 2157 4963 diver-

567 4993 644 5047 sis
674 4994 914 5049 excitans
944 4998 1174 5053 stimulis
1197 5014 1292 5068 per
1317 4999 1471 5056 devia
1501 4999 1853 5066 distrahatur,
1884 5002 2059 5057 nescit
2086 5001 2155 5056 ad

570 5084 908 5153 propositum
951 5101 1105 5141 suum
1163 5099 1307 5145 totus
1351 5106 1660 5156 occurrere,
1710 5090 1864 5159 cujus
1915 5091 2155 5146 merobra

572 5174 875 5246 prudentia:
915 5176 1108 5233 lanista
1156 5182 1459 5236 animarum
1510 5196 1634 5237 cura
1667 5181 1945 5252 discerpit.
1980 5182 2158 5237 lnelﬁ-

567 5282 665 5323 cax
706 5284 923 5339 semper
950 5278 1052 5336 est,
1084 5278 1139 5325 et
1162 5286 1192 5325 a
1226 5273 1382 5327 molis
1421 5288 1535 5328 suae
1567 5274 1869 5329 valetudine
1899 5274 2158 5330 dissocia-

567 5370 656 5417 tos
684 5362 1008 5428 ostenditur,
1038 5363 1126 5433 qui
1156 5378 1260 5418 non
1295 5373 1488 5433 potest,
1515 5375 1750 5436 quantus
1781 5376 1883 5434 est,
1918 5382 2020 5422 una
2049 5376 2157 5423 tra-

569 5463 809 5512 ctatuum
842 5456 1011 5511 forma
1051 5466 1374 5511 monstrare.
1407 5457 1503 5513 Est
1548 5468 1724 5515 tamen
1756 5460 1882 5515 boni
1909 5459 2152 5516 doctoris

642 5614 658 5644 ¹
693 5613 943 5693 Ρναζίαιίο
982 5616 1187 5693 quando
1246 5616 1435 5671 Arator
1478 5617 1996 5693 auditoriumlllaec
2050 5627 2157 5693 tota

566 5699 711 5739 nunc
741 5690 970 5755 primum
1002 5691 1055 5743 in
1084 5689 1257 5744 lucem
1296 5698 1445 5744 eruta
1478 5704 1541 5753 ex
1577 5689 1956 5756 manusc'riptis
1982 5708 1995 5744 :
2023 5692 2155 5747 scri-

567 5763 658 5831 pta
685 5755 769 5831 _in_
798 5760 1023 5831 gratiam
1065 5761 1327 5831 Aratoris,
1381 5776 1501 5816 cum
1549 5760 1785 5831 Deuterii
1818 5755 2154 5831 grammatici

577 5825 866 5883 .Sietiiolani
894 5827 1194 5903 disciplina:
1234 5831 1555 5887 traderetur.
1587 5825 1871 5897 Mediolani
1910 5834 2150 5903 inquam,

2182 3203 2231 3268 C

2260 1942 2424 2009 perba
2457 1941 2618 1997 Delus
2657 1954 2997 1998 annumerat.
3040 1942 3119 1997 Tu
3168 1941 3389 1998 Casulii
3418 1942 3641 2011 gurgitis
3669 1942 3846 1998 lautus

2258 2049 2541 2103 possessor
2584 2036 2821 2100 incedis;
2856 2045 2910 2091 et
2939 2051 3039 2107 ego
3082 2038 3180 2091 vix
3222 2035 3501 2091 arentibus
3534 2035 3689 2090 labiis
3728 2036 3847 2090 stil-

2259 2126 2457 2183 lantem
2495 2139 2701 2197 guttam
2728 2128 2951 2183 marcidi
2981 2129 3204 2199 liquoris
3256 2128 3499 2183 infunde.
3531 2126 3609 2183 Te
3653 2126 3848 2184 sudore

2258 2221 2536 2285 continuo,
2568 2221 2714 2275 nulla
2743 2220 3060 2275 diversitate
3103 2221 3509 2291 interpellante,
3546 2229 3728 2289 utpote
3757 2234 3847 2276 co-

2260 2311 2441 2366 ionum
2472 2326 2647 2378 suum,
2697 2312 2960 2367 doctrina:
3012 2314 3204 2369 messis
3234 2314 3545 2381 ampliﬁcat.
3594 2314 3663 2368 At
3708 2312 3837 2367 mihi

2259 2404 2348 2458 vix
2382 2402 2449 2457 de
2478 2418 2790 2474 magnorum
2824 2404 3032 2459 horreis
3077 2418 3281 2474 pauper
3311 2404 3463 2459 fascli
3505 2418 3629 2459 esca
3662 2403 3843 2474 porri-

2258 2500 2423 2569 gitur.
2469 2498 2548 2553 Tu
2579 2499 2633 2553 in
2674 2500 3122 2555 sustentationem
3169 2494 3393 2553 ruiturte'
3427 2498 3691 2554 libertatis
3721 2498 3849 2555 felix

2259 2592 2484 2649 dextera
2532 2592 2846 2663 subrogaris
2893 2610 2908 2647 :
2961 2607 3048 2647 me
3106 2592 3361 2647 Ecclesiae
3408 2592 3636 2662 angulus
3680 2593 3846 2647 etiarn

2259 2684 2398 2739 bona
2449 2694 2775 2741 metuentem
2826 2684 3009 2739 saeculi
3059 2686 3338 2753 praesentis
3384 2682 3627 2739 includit.
3674 2685 3838 2750 Quid,

2260 2794 2413 2849 rogo,
2464 2779 2633 2832 visum
2678 2787 2761 2832 est
2789 2778 2989 2832 dudum
3019 2778 3247 2848 insignia
3280 2777 3599 2848 eloquentia:
3631 2786 3753 2859 tuac_
3790 2779 3841 2831 in

2262 2886 2350 2925 me
2400 2880 2507 2924 tam
2549 2870 2705 2940 longe
2744 2870 2979 2940 positum
3028 2870 3215 2925 oculos
3257 2869 3562 2925 destinare?
3612 2868 3849 2925 Fuerunt

2261 2963 2430 3033 magis
2470 2961 2582 3025 alii,
2612 2977 2749 3033 quos
2776 2962 3029 3018 dictionis
3061 2972 3165 3018 tum
3194 2972 3513 3019 ornamenta
3554 2978 3846 3033 compone-

2262 3064 2402 3123 rent,
2432 3056 2622 3124 quibus
2653 3055 2943 3111 verborum
2974 3056 3207 3123 phalerm
3240 3071 3336 3126 per
3360 3055 3594 3111 Latiales
3624 3056 3845 3126 elegan-

2261 3147 2366 3203 tias
2392 3148 2668 3218 acquisitre
2698 3147 2964 3202 victurum
3006 3155 3060 3203 et
3093 3147 3232 3217 apud
3268 3156 3514 3216 posteros
3546 3162 3742 3202 nomen
3768 3148 3849 3203 of-

2263 3239 2486 3294 ferrent.
2520 3238 2604 3294 Me
2636 3238 2796 3293 tacito
2825 3238 2998 3293 teneri
3028 3247 3233 3293 tantum
3260 3239 3510 3293 convenit
3542 3238 3736 3294 aﬁ‘ectu
3762 3239 3848 3294 di-

2261 3333 2363 3385 ctis
2397 3332 2655 3399 imparem
2688 3339 2745 3387 et
2772 3331 2969 3385 olﬁciis
2999 3339 3412 3397 sequestratum.
3443 3330 3580 3397 Quid
3625 3332 3850 3402 erigeris

2261 3422 2472 3477 animos
2502 3437 2639 3491 quos
2685 3425 2822 3477 alter
2858 3422 2969 3487 jam
3019 3422 3121 3476 sibi
3154 3423 3281 3475 vitm
3328 3422 3461 3477 ordo
3506 3423 3849 3479 subdiderat?

2261 3514 2401 3581 Quid
2432 3513 2498 3568 ad
2530 3522 2582 3569 te
2602 3514 2875 3568 revocaris
2910 3528 3005 3583 per
3035 3513 3193 3584 longa
3225 3516 3415 3570 iterum
3458 3516 3736 3572 intervalla
3769 3517 3849 3571 di-

2262 3617 2493 3663 stantem
2546 3607 2840 3668 hominem,
2874 3606 3015 3676 apud
3059 3620 3217 3675 quem
3264 3610 3403 3664 sicut
3444 3609 3593 3665 nefas
3622 3620 3705 3665 est
3740 3626 3846 3666 non

2263 3702 2529 3757 meruisse
2568 3700 2793 3765 laudari,
2842 3700 2914 3753 ita
2960 3698 3162 3756 crimen
3195 3700 3360 3757 fuisse
3401 3701 3708 3757 laudatum?
3735 3704 3848 3761 Tua

2262 3800 2407 3857 sunt,
2439 3800 2550 3859 tua,
2600 3805 2667 3845 ne
2695 3789 2903 3854 dubita,
2949 3800 3043 3846 aut
3067 3805 3281 3858 eorum,
3319 3792 3363 3846 si
3397 3801 3576 3847 tamen
3621 3793 3847 3848 inveniri

2266 3885 2541 3956 potuerint
2588 3885 2680 3954 qui
2706 3892 3022 3953 sequuntur.
3048 3884 3128 3939 Ad
3157 3884 3616 3940 adolescentulam
3648 3894 3847 3952 tamen,

2263 3992 2421 4048 quem
2453 3977 2735 4046 praesentis
2763 3975 2867 4031 diei
2896 3976 3180 4032 auditoriis
3222 3977 3325 4031 tuis
3370 3977 3607 4047 auspicia
3636 3978 3853 4033 dedica-

2263 4077 2409 4133 runt,
2444 4084 2564 4123 cum
2595 4083 2703 4139 quo
2734 4067 2863 4122 mihi
2891 4068 3045 4137 parili
3073 4067 3295 4124 infantia
3322 4070 3592 4134 convenit,
3622 4070 3664 4122 si
3695 4071 3851 4124 venia

2264 4176 2352 4216 me
2379 4160 2611 4224 donatis,
2642 4159 2811 4215 verba
2841 4168 3121 4215 converto.
3150 4159 3312 4228 Cujus
3344 4157 3635 4228 primordia
3656 4174 3850 4229 quam-

2265 4254 2347 4307 vis
2377 4253 2700 4308 inl‘abricato
2725 4267 2977 4309 sermone
3006 4253 3413 4318 commendem,
3437 4253 3678 4323 imperiis
3702 4270 3854 4310 anto-

2266 4345 2343 4400 ris
2370 4360 2623 4401 excusor.
2659 4344 2772 4402 Sub
2808 4344 2991 4415 iugum
3020 4344 3249 4399 mittitur
3276 4343 3579 4400 dilectionis
3618 4347 3855 4401 necessi-

2272 4448 2380 4495 tate
2418 4439 2696 4495 conSIricti
2732 4456 2744 4491 :
2776 4447 2830 4493 et
2857 4438 2985 4493 dum
3023 4438 3166 4494 caris
3192 4437 3571 4509 prospicimus,
3600 4438 3725 4509 quid
3755 4453 3853 4493 nos

2268 4531 2459 4587 deceat
2498 4546 2602 4587 non
2642 4530 2909 4585 videmus.
2961 4530 3112 4585 llunc
3138 4531 3264 4585 licet
3308 4542 3527 4601 paterna
3580 4530 3857 4588 debuisset

2265 4626 2439 4680 oratio
2469 4624 2717 4696 prosequi
2747 4642 2760 4677 :
2786 4639 2893 4678 non
2918 4632 3000 4679 cst
3029 4633 3205 4679 tamen
3236 4639 3266 4678 a
3290 4635 3441 4701 patre
3470 4625 3646 4680 aliena
3694 4640 3853 4696 quam

2268 4718 2509 4787 porrigo.
2544 4715 2740 4771 Debuit
2768 4716 2882 4781 tibi,
2915 4724 3111 4781 macte,
3152 4715 3451 4773 orationem
3500 4718 3763 4788 professio
3801 4727 3857 4772 et

2266 4825 2407 4865 mea.
2440 4808 2589 4865 Felix
2620 4808 2758 4863 istud
2784 4808 3019 4863 nominis
3044 4808 3182 4878 apud
3214 4809 3405 4863 doctos
3429 4810 3753 4878 auSpicium,
3777 4807 3858 4861 di-

2267 4902 2429 4955 tando
2458 4899 2701 4956 scientia:
2734 4898 2977 4969 frugibus
3008 4898 3248 4956 laborem
3279 4900 3421 4955 circa
3456 4900 3636 4954 studia
3671 4914 3857 4955 neecs-

2266 4993 2471 5047 sarium
2506 4991 2771 5061 promittit
2799 5001 2855 5046 et
2878 4992 3116 5046 nomine.
3143 4990 3332 5056 Finde,
3360 4991 3673 5046 adolescens
3700 5005 3858 5058 egre-

2271 5086 2376 5157 gie,
2414 5086 2692 5155 pinguium
2720 5083 2882 5138 dorsa
2910 5092 3171 5139 terrarum
3207 5103 3221 5139 :
3252 5084 3496 5153 imprime
3526 5083 3741 5136 dentem
3767 5097 3859 5135 vo-

2270 5178 2436 5234 meris
2481 5176 2690 5233 novella
2732 5174 2908 5230 adhuc
2952 5174 3143 5231 incude
3188 5176 3513 5230 formatum:
3562 5187 3754 5228 exerce
3804 5172 3857 5228 in

2269 5276 2575 5331 Studiorum
2632 5273 2749 5329 solo
2799 5270 3049 5342 quidquid
3095 5272 3356 5341 optimum
3388 5269 3639 5324 convenit
3682 5277 3860 5323 arato-

2272 5384 2414 5425 rem.
2462 5368 2521 5422 Si
2558 5373 2830 5422 scrutatus
2864 5366 3076 5434 penitus
3116 5365 3283 5419 fueris
3329 5363 3608 5420 latentium
3650 5372 3859 5419 secreta

2268 5473 2609 5529 camporum,
2656 5455 2900 5513 invenies
2944 5455 3052 5511 illic
3089 5455 3417 5521 Deuterium,
3467 5455 3557 5527 qui
3613 5454 3862 5512 ubertate

2277 5615 2401 5684 quia
2450 5622 2508 5666 ut
2537 5612 2603 5666 ad
2645 5609 3424 5684 epistolasobservatum‘est,
3476 5610 3671 5667 Arator
3707 5622 3859 5667 extra

2275 5681 2546 5753 Liguriam
2590 5681 2698 5737 non
2745 5682 2953 5753 studuit
2980 5697 2995 5735 :
3030 5693 3084 5737 et
3130 5697 3249 5753 quae
3281 5681 3348 5738 de
3376 5683 3630 5739 Deuterio
3660 5687 3857 5751 passim

2276 5752 2606 5821 scribuntur,
2656 5753 2722 5808 ad
2767 5752 3147 5821 Mediclanum,
3192 5752 3280 5808 ubi
3325 5754 3562 5810 scholam
3606 5754 3856 5812 habebat.

2252 5826 2555 5889 ‘refercnda
2586 5835 2733 5882 sunt.
