4192 6260
266 330 361 389 281

1768 317 2102 378 ICTlONES.

3451 322 3559 381 282

269 438 565 515 linguarum
610 434 854 510 germina
898 434 991 491 tibi
1034 434 1402 507 multiplicatis
1442 435 1770 502 seminibus,
1809 443 1863 490 et
1889 439 1943 499 Α
1970 447 2126 503 quem
2158 446 2267 487 non
2309 431 2724 500 juvetarnisisse
2750 442 2976 503 patrem,
3029 435 3130 491 sub
3153 434 3362 491 lucrosa
3407 454 3556 494 com.

267 540 515 592 sudorem
557 540 937 588 remuneretur
987 530 1307 597 impensum.
1360 527 1513 584 Disce
1556 529 1665 598 jam
1712 543 1857 584 nunc

266 630 547 685 verborum
591 624 858 679 luxuriem
904 621 1036 676 artis
1077 619 1211 676 falce
1243 630 1530 687 truncare;
1581 630 1639 676 ut
1668 622 1857 675 novel-

266 725 347 779 lus
394 732 585 788 cespes
620 717 719 772 sub
751 715 879 770 ferri
926 713 1206 783 disciplina
1248 694 1513 783 proficiat.
1559 712 1855 767 Resecetur

266 811 523 886 quidquid
568 807 858 864 infecunda
904 806 1180 876 palmitum
1228 805 1415 859 umbra
1448 804 1853 859 transmiserit:

264 911 332 967 ad
364 906 532 961 solam
564 915 789 955 uvarum
820 913 970 968 Spem
1012 898 1148 951 vites
1175 906 1280 951 tua
1316 911 1496 951 ramos
1536 896 1851 952 extendant.

262 998 409 1054 ‘l‘alis
431 997 498 1051 ad
538 995 754 1065 genium
796 1000 944 1046 tuum
977 990 1169 1047 redeas
1208 1005 1433 1046 necesse
1476 999 1559 1045 est
1590 1008 1602 1044 :
1636 990 1757 1045 talis
1786 990 1853 1044 ad

264 1101 384 1146 vota
417 1096 601 1144 nostra
655 1084 913 1154 respicias
945 1100 958 1138 :
987 1091 1190 1138 etcum
1248 1091 1299 1137 te
1341 1082 1575 1153 gravidis
1614 1082 1852 1139 scientia

266 1180 451 1238 culmis
500 1177 799 1241 ornaveris,
855 1184 979 1230 tunc
1022 1185 1074 1231 te
1124 1189 1372 1245 magnum
1415 1174 1520 1229 dici
1570 1174 1854 1229 conveniet

267 1278 565 1333 Aratorem.
596 1271 860 1340 Quocirca
894 1284 990 1338 spe
1031 1268 1087 1323 in
1132 1278 1182 1323 te
1211 1268 1421 1338 pramii
1453 1269 1652 1323 nutriat
1682 1268 1853 1324 laudis

267 1368 537 1423 ardorem.
566 1364 694 1434 Legi
720 1362 846 1434 quia
877 1376 982 1417 non
1005 1371 1091 1417 est
1114 1361 1343 1417 fortuna
1370 1362 1538 1427 lusus,
1572 1361 1617 1416 si
1640 1362 1852 1431 quando

269 1461 404 1517 inter
431 1458 729 1514 feculentos
771 1470 996 1525 quorum
1034 1469 1134 1524 ego
1164 1454 1369 1523 primus
1397 1470 1541 1518 sum,
1576 1454 1853 1522 imperito-

270 1568 383 1609 rum
428 1562 617 1620 greges
646 1546 942 1617 profecerit
983 1545 1272 1601 litteratus.
1310 1545 1423 1599 Non
1464 1553 1674 1599 metuas
1703 1558 1853 1614 pres-

273 1659 469 1711 suram,
500 1657 605 1712 qua
632 1650 921 1711 gravantur
951 1639 1199 1694 instructi
1233 1655 1249 1693 :
1280 1639 1450 1708 magis
1482 1638 1654 1692 laudis
1690 1637 1851 1693 habet

274 1737 451 1808 jacens
493 1734 710 1805 peritia,
756 1747 917 1802 quam
970 1732 1204 1788 culmina
1252 1731 1624 1786 rusticantum.
1677 1730 1846 1797 Erigit

1968 524 2262 580 mutatione
2300 525 2344 579 si
2377 526 2535 580 talem
2583 526 2900 581 conceditur
2925 527 3231 581 invenisse?
3263 528 3415 583 Tanti
3439 530 3539 587 viri

1970 615 2197 686 insignia
2224 659 2239 684 ,
2288 632 2409 686 qua
2440 606 2669 686 implere
2699 633 2944 688 nequeo,
2979 634 3074 686 per
3120 619 3341 688 profana
3383 623 3550 677 verba

1965 726 2075 765 non
2108 721 2331 766 temero.
2364 711 2483 779 Ipse
2509 719 2611 771 est.
2644 712 2797 779 cujus
2824 722 2906 766 est
2929 712 3101 767 dulcis
3122 714 3436 781 auctoritas,
3461 724 3554 772 aut

1961 806 2177 861 horrida
2206 805 2465 860 dulcedO'
2501 805 2591 875 qui
2632 806 2946 875 magistrum
2978 806 3033 861 in
3072 807 3326 872 ecclesia,
3374 809 3550 879 magi-

1959 911 2128 955 strum
2160 899 2213 954 in
2262 900 2445 965 domo,
2481 900 2796 969 magistrum
2827 900 2880 953 in
2912 899 3164 955 convivio
3185 941 3201 966 ,
3234 901 3551 971 magistrum

1956 992 2144 1063 implet
2172 995 2222 1046 in
2258 991 2427 1061 jocis:
2476 991 2568 1060 qui
2602 1005 2875 1061 nunquam
2910 990 3037 1045 facit
3081 991 3224 1059 quod
3265 1001 3551 1062 sequentes

1956 1085 2093 1140 nolit
2142 1084 2359 1138 imitari.
2391 1083 2553 1152 Cujus
2599 1083 2664 1135 ad
2706 1097 2936 1152 unguem
2992 1083 3157 1152 polita
3206 1084 3551 1138 conversatio

1955 1177 2176 1232 caleste
2206 1176 2305 1231 iter
2326 1174 2624 1243 discipulis,
2651 1173 2777 1228 dum
2803 1173 3028 1239 incedit,
3063 1174 3335 1229 ostendit:
3374 1173 3549 1227 minor

1956 1273 2102 1327 enim
2138 1272 2257 1324 laus
2288 1279 2370 1325 est
2390 1267 2590 1323 docere
2615 1268 2776 1331 bene,
2808 1266 2909 1321 nisi
2941 1280 3108 1336 Opere
3129 1266 3367 1321 docenda
3396 1280 3549 1320 mon-

1954 1361 2233 1417 straveris.
2281 1359 2452 1427 Hujus
2484 1358 2583 1411 viri
2633 1367 2884 1426 suscepto
2908 1358 3240 1412 adolescenti
3272 1357 3398 1426 quid
3429 1371 3548 1413 mea

1954 1453 2299 1523 prastitisset
2338 1449 2546 1515 oratio;
2576 1464 2735 1519 quem
2792 1455 3018 1504 eventus
3055 1449 3245 1503 dexter
3285 1448 3353 1503 de
3397 1447 3548 1502 insti-

1954 1544 2147 1599 tutoris
2196 1542 2406 1597 meritis
2435 1550 2646 1606 manet,
2681 1552 2733 1596 et
2780 1540 2846 1595 de
2896 1540 3148 1595 orbitatis
3191 1540 3548 1609 prosperitate

1953 1636 2251 1707 perfectio?
2285 1635 2420 1689 Huic
2445 1633 2718 1688 sumclunt
2749 1634 2962 1703 patroni
3009 1647 3233 1703 preces:
3270 1647 3366 1702 per
3414 1646 3547 1702 quas

1954 1728 2252 1783 merebitur
2293 1727 2553 1783 institutis
2579 1725 2805 1796 optimis
2832 1726 3069 1781 imbutus
3094 1728 3425 1797 degenerare
3454 1740 3545 1781 su-

271 1828 449 1883 doctos
482 1825 815 1882 conscientia
844 1839 975 1889 sua;
1001 1832 1058 1879 et
1080 1825 1124 1878 si
1159 1825 1376 1894 quando
1403 1823 1620 1879 incertis
1644 1832 1847 1893 tempo-
1876 1812 1927 1875 Β
1951 1820 2205 1875 blimiter.

272 1934 383 1975 rum
407 1918 615 1973 natibus
634 1926 1004 1987 opponuntur,
1041 1915 1309 1971 sustinent
1335 1916 1498 1983 mala,
1532 1931 1651 1986 qua:
1679 1929 1849 1971 sacu-

272 2012 335 2067 lis
361 2010 528 2081 magis
554 2018 681 2063 sunt
707 2006 1045 2076 ascribenda,
1077 2021 1237 2077 quam
1263 2008 1490 2063 meritis.

337 2102 774 2159 Prosecutionem
804 2114 977 2154 meam
995 2114 1153 2170 quam
1180 2114 1306 2155 vere
1333 2099 1592 2154 rusticam
1628 2100 1679 2154 in
1718 2100 1850 2155 Ara-

278 2196 401 2251 toris
425 2191 896 2248 commendatione
922 2190 1173 2245 contexui
1199 2232 1214 2256 ,
1246 2189 1387 2245 felici
1434 2198 1639 2245 tantum
1669 2191 1854 2247 dicunt

273 2286 421 2357 aliqui
444 2299 692 2355 persona
725 2281 1051 2348 blanditam',
1081 2282 1167 2337 cui
1193 2282 1428 2336 favorem
1461 2282 1530 2337 de
1558 2282 1729 2351 patris
1757 2297 1853 2352 po-

277 2388 456 2436 testate
484 2378 744 2434 conciliet
769 2376 1117 2432 dilectionem
1167 2377 1389 2432 mentita
1435 2377 1756 2432 necessitas.
1794 2376 1850 2431 In

273 2473 412 2542 cujus
455 2470 634 2526 laudis
683 2470 987 2525 ministerio
1011 2469 1149 2524 vivis
1178 2478 1234 2525 et
1265 2470 1617 2539 prasentibus
1646 2478 1853 2525 tantum

272 2566 526 2630 serviens,
552 2562 907 2632 temporalem
940 2560 1348 2631 exhibetlingua
1364 2561 1701 2615 famulatum.
1724 2561 1855 2630 Qua

273 2655 480 2727 quoties
500 2655 554 2709 in
568 2655 877 2722 aliquorum
897 2653 1167 2723 praconio
1188 2652 1382 2708 fucatis
1412 2653 1697 2708 verborum
1718 2654 1852 2709 ima~

273 2746 480 2816 ginibus
505 2745 660 2810 ludit,
691 2744 901 2799 fortiori
929 2744 1109 2799 studio
1135 2753 1452 2814 conceptum
1484 2746 1680 2800 mentis
1725 2747 1851 2800 abs—

276 2836 479 2892 condit.
527 2835 914 2908 Nonnunquam
944 2837 1088 2891 enim
1121 2837 1293 2892 doctis
1322 2839 1508 2893 tribuit
1532 2840 1704 2910 stylns
1726 2853 1854 2908 pro-

272 2927 576 2983 fundiorum
607 2928 990 2998 cogitationum
1025 2929 1284 2984 latebram
1305 2971 1318 2994 ,
1344 2930 1388 2984 si
1413 2929 1662 2987 dulcibus
1696 2946 1856 2987 aures

270 3035 374 3075 non
406 3022 541 3076 bene
571 3021 889 3076 merentium
923 3020 1174 3076 fomentis
1205 3021 1463 3076 illexerit.
1498 3022 1603 3077 Sed
1656 3038 1853 3093 seque-

273 3122 541 3168 strentura
557 3122 741 3166 nostro
770 3113 889 3167 talia
914 3113 1156 3167 instituta
1190 3114 1486 3183 preposito.
1522 3114 1631 3168 Nos
1645 3114 1855 3169 etscire

2588 1936 2815 1993 DICTIO
2852 1935 2895 1991 Χ

1992 2031 2012 2061 ’
2054 2027 2360 2083 Gratiarum
2389 2029 2520 2084 actio
2557 2030 2924 2152 grammatico,
2964 2027 3168 2099 quando
3199 2025 3509 2081 Parthenius

2588 2118 2680 2152 ene
2702 2109 2946 2152 tentavit.

2588 2118 2680 2155 ene
2702 2109 2946 2156 recitavit.

2437 2206 2792 2248 SCEOLASTICA
2828 2207 3062 2256 QUAR'I'A.

2031 2287 2256 2355 Quando
2277 2286 2490 2342 debitas
2520 2286 2797 2342 beneficiis
2818 2285 3093 2341 reddimus
3121 2284 3342 2356 gratias,
3381 2282 3542 2339 credo

1957 2380 2433 2452 quod’abjuramus
2456 2381 2768 2452 jactantiam
2802 2379 3131 2436 necessariis
3156 2378 3541 2449 obsequendo:

1958 2474 2107 2529 nullo
2135 2474 2278 2528 enim
2318 2474 2637 2542 arrogantia
2678 2482 2856 2527 tumor
2896 2471 3195 2527 honestatis
3224 2470 3434 2525 velatur
3459 2470 3543 2525 in-

1956 2571 2233 2633 dumento,
2261 2584 2380 2625 cum
2412 2583 2518 2624 non
2566 2568 2753 2639 gloria
2782 2567 3016 2622 militant
3059 2566 3247 2631 verba,
3284 2563 3378 2620 sed
3411 2578 3542 2618 san-

1957 2662 2124 2731 guini.
2149 2662 2307 2717 Aliud
2331 2669 2415 2717 est
2442 2662 2586 2715 enim
2621 2669 2678 2715 ut
2708 2658 2945 2714 lauderis
2967 2658 3170 2723 dicere,
3204 2656 3348 2712 aliud
3367 2656 3544 2712 dicere

1960 2769 2029 2809 ne
2052 2754 2313 2822 carparis.
2344 2752 2418 2808 lbi
2443 2766 2773 2807 mensavara
2805 2751 2960 2805 fama
2981 2760 3061 2804 est
3083 2749 3322 2818 subjecta
3346 2748 3543 2817 jactan-

1958 2846 2082 2912 tia,
2119 2845 2202 2899 hic
2230 2853 2440 2900 servata
2489 2845 2699 2898 ratione
2732 2842 2852 2913 jure
2881 2843 2934 2897 in
2968 2842 3142 2895 locum
3195 2841 3379 2910 gloria
3404 2839 3544 2895 redi-

1958 2939 2054 3008 git,
2090 2937 2228 3007 quod
2256 2952 2321 2991 ex
2358 2935 2612 2990 dictionis
2641 2935 2839 2989 sudore
2861 2931 3164 3001 contigerit.
3207 2930 3372 2985 Justis
3394 2944 3544 2983 nam-

1960 3043 2064 3097 que
2092 3035 2147 3080 et
2190 3025 2474 3095 superfluis
2504 3021 2985 3079 declamationibus
3012 3063 3027 3087 ,
3081 3030 3136 3075 et
3165 3020 3209 3074 si
3251 3021 3363 3089 pari
3398 3020 3580 3097 favor.

1961 3132 2235 3181 sermone,
2284 3114 2533 3169 discretis
2576 3124 2752 3168 tamen
2785 3112 3055 3168 mentibus
3086 3111 3405 3166 exhibetur:
3440 3127 3546 3167 uno

275 3203 384 3259 hac
410 3204 688 3272 convenit,
723 3214 773 3259 et
800 3204 997 3259 odisse.
1031 3204 1255 3259 Cautius
1285 3207 1426 3259 enim
1451 3221 1477 3258 ει
1503 3206 1855 3274 prudentibus
1883 3193 1930 3258 C
1963 3209 2179 3279 quidem
2214 3207 2427 3279 tyranni
2459 3202 2797 3261 laudationes
2817 3214 2919 3271 ,et
2948 3205 3212 3260 bonorum
3246 3204 3547 3274 principum

275 3306 389 3349 nuta
416 3310 577 3364 quam
602 3295 877 3364 inopinata
910 3295 1203 3364 fuginntur.
1246 3295 1371 3349 Mihi
1414 3297 1480 3350 ad
1513 3296 1853 3352 laudationes

274 3387 562 3440 amicorum
593 3386 697 3440 nisi
729 3401 883 3441 amor
930 3387 1093 3442 verba
1136 3387 1495 3443 transmiserit
1524 3404 1643 3459 qua
1676 3389 1728 3443 in
1764 3404 1855 3457 pe-

274 3477 559 3533 netralibus
608 3479 952 3533 conscientia:
1002 3480 1229 3533 caritate
1259 3479 1512 3550 magistra
1559 3479 1853 3547 dictantur,

273 3568 412 3623 inter
438 3570 749 3624 relationum
802 3569 913 3624 vias
942 3571 1041 3624 sub
1070 3569 1219 3625 fasce
1248 3572 1479 3639 suscepti
1530 3572 1712 3626 oneris
1741 3574 1857 3641 pal-

273 3660 473 3729 pitabo.
500 3660 634 3730 Ergo
659 3662 671 3691 ¹
692 3662 921 3716 classico
942 3677 1083 3727 meo,
1108 3654 1194 3716 cui
1219 3665 1491 3731 proprium
1518 3663 1636 3717 sine
1669 3662 1856 3720 fraude

270 3751 488 3806 servivit
528 3752 823 3822 ingenium,
876 3752 1082 3808 indices
1131 3754 1295 3808 animi
1350 3755 1455 3810 mei
1484 3754 1748 3811 dictiones
1777 3768 1857 3811 at-

270 3842 393 3910 tuli;
426 3845 547 3915 quia
572 3846 691 3900 sine
719 3846 1044 3901 adulationis
1073 3846 1382 3914 suspicione
1406 3856 1489 3902 est
1514 3847 1654 3903 inter
1675 3864 1856 3919 aqua-

270 3934 353 3991 les
377 3938 609 3992 amicitia
659 3952 915 4008 personas
948 3956 961 3991 :
994 3947 1046 3993 et
1074 3947 1201 3993 tunc
1243 3938 1346 3992 fida
1378 3938 1693 4009 diligentum
1739 3941 1853 3995 sin-

269 4029 459 4084 ceritas
510 4030 836 4098 approbatur
857 4070 872 4095 ,
900 4029 1150 4099 quotiens
1181 4045 1288 4084 non
1321 4030 1465 4085 venit
1511 4046 1539 4083 a
1590 4040 1855 4101 potestate

267 4123 403 4192 quod
437 4133 669 4178 metuas.
704 4124 828 4176 Mihi
868 4123 1128 4178 classicus
1158 4138 1262 4178 non
1315 4134 1553 4179 meretur
1576 4125 1815 4195 imperiis
1837 4166 1852 4192 ,

266 4213 520 4283 quidquid
548 4228 653 4267 non
682 4213 905 4283 imponit
925 4214 1207 4285 obsequio.
1242 4214 1449 4270 Ferunt
1468 4225 1642 4271 tamen
1667 4217 1853 4287 aliqui,

266 4307 399 4361 orbo
428 4305 742 4375 parentibus
777 4307 953 4373 lideli,
1001 4308 1279 4376 auspicato
1328 4309 1605 4379 gymnasia
1654 4309 1859 4363 littera-

265 4414 402 4465 rum,
430 4413 719 4470 personam
739 4401 1042 4470 religiosam
1072 4401 1324 4458 debuisse
1349 4403 1519 4472 magis
1540 4403 1700 4457 verba
1721 4416 1859 4472 prte-

264 4502 504 4547 sentare.
533 4492 739 4547 Orbum
776 4493 1085 4562 parentibus
1125 4494 1258 4561 dixi,
1303 4494 1389 4549 cui
1432 4508 1528 4564 per
1556 4494 1731 4549 felicia
1763 4509 1859 4549 na-

1958 3320 2053 3359 ore
2073 3302 2447 3366 celebrantur,
2483 3316 2582 3355 nec
2609 3309 2692 3355 est
2719 3299 2899 3369 aliqua
2937 3298 3078 3352 inter
3104 3298 3221 3367 ejus
3249 3298 3336 3366 qui
3370 3311 3546 3352 mere-

1960 3402 2046 3449 tur
2066 3394 2361 3464 praconia,
2392 3392 2674 3447 diversitas
2695 3433 2707 3455 ,
2742 3399 2797 3444 et
2836 3389 2977 3444 illius
3009 3391 3097 3459 qui
3130 3397 3368 3457 usurpat.
3395 3388 3546 3455 Quod

1959 3490 2059 3543 nisi
2086 3488 2266 3559 gravia
2284 3487 2616 3556 judicantum
2646 3484 2862 3554 ingenia
2893 3482 3107 3538 dicendi
3137 3496 3326 3537 causas
3347 3496 3548 3551 expen-

1958 3582 2147 3637 derent
2166 3621 2182 3647 ,
2212 3580 2421 3634 nullum
2474 3578 2626 3634 daret
2656 3578 2772 3632 hac
2802 3592 2921 3646 qua
2965 3576 3126 3631 etiam
3158 3575 3390 3644 indignis
3420 3588 3548 3629 con-

1958 3675 2135 3743 tingit,
2182 3672 2594 3728 acclamantium
2632 3685 2764 3725 aura
2793 3670 3109 3725 discrimen.
3155 3670 3542 3739 Susceptarum

1959 3778 2167 3821 secreta
2197 3764 2495 3819 dictionum
2536 3764 2604 3817 ab
2639 3762 2982 3817 audientibus
3031 3777 3137 3815 non
3173 3762 3549 3815 examinantur

1960 3858 2139 3927 lingua
2162 3897 2177 3923 ,
2210 3856 2303 3911 sed
2333 3864 2569 3925 pectore.
2601 3857 2655 3909 In
2688 3869 2920 3919 summa,
2952 3852 3095 3908 aliud
3124 3863 3206 3909 est
3232 3854 3547 3908 recitantem

1958 3953 2158 4010 blande
2191 3963 2245 4008 et
2271 3952 2499 4009 libenter
2528 3952 2734 4017 audire,
2767 3952 2911 4007 aliud
2943 3952 3192 4007 allectum
3224 3967 3331 4022 quo
3354 3953 3571 4019 recites,

1960 4049 2279 4119 approbare.
2315 4046 2419 4104 Sed
2446 4047 2556 4117 jam
2589 4045 2803 4103 omissis
2834 4046 3089 4102 thematis
3128 4045 3552 4102 commendatio-

1962 4143 2140 4205 nibus,
2174 4155 2287 4195 rem
2321 4141 2499 4211 potius
2561 4140 2952 4196 mediocritatis
2984 4148 3185 4195 nostra
3241 4141 3551 4211 eloquetur.

1963 4232 2310 4288 Parthenium
2370 4232 2640 4302 quondam
2671 4231 2738 4285 ad
2787 4231 2961 4286 studia
3012 4241 3099 4286 tua
3151 4242 3553 4302 properantem,

1962 4333 2163 4395 upttme
2196 4324 2450 4392 magister
2471 4363 2485 4389 ,
2516 4322 2614 4377 sub
2642 4321 2996 4376 oratiuncula
3022 4337 3156 4377 mea
3188 4322 3552 4377 insinuatione

1962 4414 2209 4486 perduxi,
2254 4422 2377 4469 tunc
2410 4428 2529 4471 cum
2562 4412 2862 4468 liberalium
2915 4412 3320 4483 disciplinarum
3379 4413 3547 4468 limen

1965 4508 2219 4572 intraret,
2258 4515 2385 4561 tunc
2431 4521 2551 4561 cum
2582 4506 2844 4561 incertum
2875 4512 3040 4575 esset,
3074 4515 3254 4560 utrum
3291 4503 3555 4575 prosapiae

264 4593 394 4638 "m3
418 4586 619 4639 damna
648 4587 949 4641 communis
978 4596 1131 4655 Pater
1167 4596 1220 4641 ει
1262 4587 1547 4656 episcopus
1578 4586 1753 4642 ῖίιοιυε
1776 4597 1859 4642 εει
1889 4579 1938 4640 D
1972 4603 2200 4655 nitorem
2229 4600 2534 4655 eruditione
2555 4599 2866 4667 loqueretur
2895 4616 2909 4652 :
2945 4596 3090 4652 nullo
3118 4596 3260 4651 enim
3305 4604 3442 4651 teste
3466 4610 3555 4649 no-

264 4679 537 4749 proprius.
586 4679 680 4735 Ille
710 4679 1033 4735 afflictarum
1084 4680 1407 4747 consolatio,
1445 4681 1755 4751 jejunorum
1782 4683 1859 4737 ci-

264 4770 383 4838 bus,
432 4787 708 4827 caecorum
749 4774 962 4839 oculus,
1010 4786 1107 4843 pes
1130 4774 1486 4840 claudorum,
1520 4783 1599 4829 tot
1646 4776 1860 4842 pietatis

266 4878 373 4917 sua:
405 4866 622 4933 species
643 4907 657 4931 ,
712 4864 1316 4935 totgmisericordiarum
1365 4866 1565 4934 gradus
1602 4867 1668 4921 ad
1700 4866 1860 4937 hujus

264 4958 533 5011 convertit
572 4972 819 5026 persona
868 4958 1191 5027 profectum.
1245 4960 1308 5015 Et
1344 4959 1473 5015 illud
1500 4961 1682 5016 domni
1714 4960 1858 5015 Latt-

264 5048 446 5112 rentii,
498 5049 642 5118 quod
675 5049 860 5103 mundi
916 5051 1331 5107 necessitatibus
1363 5053 1662 5119 succurrit,
1713 5054 1863 5123 inge-

262 5140 434 5205 nium,
466 5141 523 5194 in
555 5140 858 5196 ministerio
910 5141 1068 5211 hujus
1116 5151 1401 5198 exercetur
1444 5144 1711 5201 infantuli.
1763 5146 1859 5201 Cui

264 5230 383 5285 talis
410 5243 524 5286 non
554 5231 649 5299 sit,
684 5240 745 5286 ut
772 5246 899 5287 vere
948 5233 1198 5297 dixerim,
1254 5235 1485 5304 gratiosa
1541 5237 1859 5293 calamitas?

338 5391 353 5421 ¹
400 5390 633 5446 Classico
662 5391 797 5464 meo]
820 5390 958 5464 Mox
1000 5392 1135 5448 infra
1158 5434 1172 5457 ,
1204 5394 1457 5449 classicus
1499 5412 1603 5450 non
1642 5408 1863 5453 meretur

258 5460 493 5531 imperiis
513 5507 525 5527 ,
558 5479 755 5535 nempe
779 5460 1017 5517 Ἀτίλιον.
1068 5464 1212 5518 Nova
1245 5466 1637 5535 signiﬁcatione
1666 5470 1851 5523 classi-

253 5535 572 5607 cumdixit
619 5534 919 5607 auditorem
960 5534 1365 5607 scholasticum,
1408 5540 1557 5605 quasi
1600 5540 1709 5607 jam
1744 5548 1853 5597 tum

258 5605 571 5679 scholarum
603 5605 818 5679 ordines
840 5606 892 5659 in
921 5620 1056 5673 quos
1085 5605 1395 5662 scholastici
1425 5605 1846 5679 distinguuntur,

249 5675 466 5729 classes
509 5676 863 5745 appellarint:
892 5691 1019 5730 usus
1049 5691 1214 5747 porro
1241 5680 1429 5733 eadem
1458 5691 1544 5735 est
1594 5675 1725 5737 voce
1755 5684 1847 5738 lib.

244 5757 329 5813 tr,
355 5747 591 5812 epistola
613 5748 925 5815 penultima.

325 5818 349 5849 ³
396 5816 699 5871 Gratiarum
726 5819 863 5872 actio
880 5820 1214 5891 grammatico
1230 5864 1244 5891 ,
1276 5823 1483 5892 quando
1503 5821 1850 5896 Parthenius]

1970 4692 2192 4747 liilitatis
2231 4693 2420 4757 utitur,
2453 4692 2607 4761 cujus
2638 4690 2951 4761 sanguinem
2995 4703 3101 4744 non
3133 4688 3311 4758 prodit
3356 4688 3557 4743 instru-

1968 4788 2098 4841 ctio.
2119 4786 2270 4839 Tunc
2296 4799 2426 4854 ergo
2448 4784 2763 4855 pradictum
2805 4782 3079 4853 prosecuti
3110 4795 3297 4849 sumus
3322 4781 3558 4849 eloquio,

1970 4877 2186 4947 quando
2220 4876 2298 4931 fas
2349 4892 2453 4931 non
2505 4884 2622 4931 erat
2680 4889 2937 4931 sermone
2968 4880 3173 4939 nostro,
3208 4874 3385 4944 qualis
3414 4884 3558 4931 esset

1976 4977 2132 5023 natus
2158 5008 2171 5033 ,
2224 4967 2474 5022 ostendi:
2511 4967 2637 5036 quia
2688 4966 2949 5021 bonorum
2980 4980 3194 5035 semper
3239 4966 3557 5022 meritorum

1971 5062 2119 5116 labes
2147 5070 2229 5116 est
2264 5061 2461 5116 habere
2493 5060 2665 5114 lucem
2713 5060 3009 5129 sanguinis,
3055 5069 3109 5115 et
3136 5068 3293 5115 nocte
3342 5061 3553 5115 rustici-

1973 5154 2096 5207 tatis
2119 5154 2317 5209 includi
2355 5171 2368 5210 :
2403 5154 2552 5224 prodi
2586 5161 2930 5207 stemmatum
2959 5153 3200 5224 vocibus,
3242 5164 3297 5210 et
3338 5157 3561 5222 imperi-

1974 5248 2041 5301 tia
2072 5248 2321 5305 fuscante
2348 5237 2682 5305 delitescere.
2722 5251 2924 5306 Aurum
2958 5252 3092 5307 nihil
3122 5262 3223 5317 est,
3252 5253 3355 5307 nisi
3395 5266 3553 5305 manu

1971 5402 2047 5459 De
2068 5404 2357 5461 Parthenio
2386 5405 2609 5461 alterius
2641 5407 3083 5465 Ennodiisororis
3116 5409 3222 5462 lilio
3252 5408 3448 5462 dictum
3480 5415 3562 5461 est

1926 5494 1931 5499 ’
1966 5489 2069 5529 suo
2097 5476 2280 5530 locoin
2300 5477 2559 5543 epistolis.
2580 5479 2731 5535 llttuc
2758 5481 3040 5544 nlim,cum
3073 5480 3243 5533 studia
3258 5481 3562 5543 auspicare-

1962 5547 2171 5608 tur,alia
2185 5546 2418 5602 dictione
2433 5562 2745 5615 prosecutus
2759 5551 2932 5605 fuerat
2946 5550 3215 5603 Ennodius
3227 5563 3463 5617 quianon
3478 5564 3564 5604 ex-

1960 5628 2083 5670 Stat:
2108 5634 2245 5670 nunc
2260 5619 2616 5687 ejusdoctori,
2638 5623 2907 5683 Deuterio,
2928 5629 2983 5674 ut
2995 5619 3206 5688 opinor.
3222 5622 3419 5687 gratias
3433 5623 3561 5689 agit,

1958 5702 2078 5742 cum
2114 5690 2383 5756 specimen
2409 5690 2677 5758 profectus
2705 5692 2787 5746 sui
2810 5690 3157 5744 declamando
3182 5690 3361 5746 dediss
3382 5702 3439 5747 ιι.
3477 5692 3564 5747 Sic

1957 5773 2055 5827 pro
2072 5760 2293 5815 Aratore
2313 5762 2432 5814 dua
2454 5774 2580 5816 sunt
2594 5763 2989 5825 dictiones,una
3005 5774 3126 5815 cum
3140 5760 3206 5816 ad
3223 5763 3463 5820 scholam
3476 5763 3564 5819 de-

1956 5829 2149 5885 ductus
2168 5838 2269 5897 est,
2297 5832 2465 5887 altera
2493 5847 2615 5888 cum
2637 5833 2704 5887 ad
2729 5831 2941 5894 laudem
2974 5842 3259 5902 provectus
