4192 6260
592 381 695 438 285

591 682 805 735 claritas
835 696 955 748 quae
986 679 1195 734 venerit
1223 694 1252 732 a
1285 689 1496 736 natura.
1532 679 1837 735 Fabrilibus
1862 680 2026 735 debet
2053 690 2175 733 stu-

591 770 714 835 diis,
744 769 886 837 quod
926 772 976 822 in
1018 780 1173 837 partu
1204 783 1305 823 suo
1332 779 1472 824 terra
1508 770 1792 825 laudatur:
1828 770 2060 825 fornacis
2086 770 2178 825 be-

589 858 782 915 neficio
822 867 878 913 et
924 859 1202 913 latentium
1232 858 1451 914 faecibus
1475 875 1733 916 venarum
1763 862 1906 930 quod
1936 862 1990 914 in
2021 859 2176 915 solidi

590 948 748 1001 traxit
776 947 1011 1016 speciem
1044 946 1189 1004 ferro
1222 950 1236 979 ί
1270 948 1605 1015 dominatur;
1639 960 1694 1005 et
1716 950 1878 1004 effera
1900 950 2176 1027 hominum

588 1036 784 1104 corda,
814 1037 1097 1093 domitrice
1144 1038 1428 1093 affectione
1483 1040 1729 1108 captiva,
1781 1040 2021 1104 victum,
2074 1039 2179 1094 nisi

588 1138 994 1197 exercerentur,
1023 1130 1345 1185 mortalibus
1376 1144 1482 1184 non
1515 1130 1844 1199 praeberent.
1884 1131 2031 1185 Artis
2069 1141 2175 1199 est,

588 1217 732 1287 quod
776 1218 1036 1288 liquidum
1084 1221 1247 1281 maris
1286 1220 1617 1275 elementum
1648 1222 1811 1275 homo
1831 1236 2053 1276 securus
2090 1224 2177 1277 in-

586 1308 863 1379 greditur;
897 1319 953 1367 et
985 1324 1149 1380 parvo
1179 1309 1491 1365 discrimine
1521 1325 1616 1379 per
1660 1311 1872 1380 ingenia
1905 1312 2005 1366 iter
2035 1326 2179 1367 mor-

589 1400 660 1455 tis
686 1410 990 1473 exsuperat.
1041 1400 1292 1471 Magistra
1340 1402 1697 1471 agricolarum
1728 1402 2047 1470 simplicitas
2075 1403 2178 1457 tel-

589 1490 723 1550 luris
749 1490 941 1546 faciem
973 1490 1099 1547 dum
1144 1488 1378 1546 brachiis
1410 1491 1726 1562 distinguit,
1757 1494 1935 1547 vincta
1965 1508 2179 1562 compo-

588 1582 692 1650 nit,
715 1591 769 1637 et
796 1583 862 1638 de
908 1581 1059 1652 prole
1088 1580 1342 1637 arborum
1371 1582 1636 1651 liquorem
1668 1598 1775 1652 quo
1805 1583 1950 1637 salus
1978 1583 2181 1637 nutria-

596 1683 703 1740 tur,
731 1681 1038 1743 extorquet.
1075 1674 1257 1729 Multis
1286 1673 1663 1730 manifestatur
1686 1676 1918 1741 indiciis,
1949 1691 2182 1745 operan-

590 1750 724 1827 tium
755 1763 1061 1833 diligentia,
1089 1750 1183 1817 aut
1226 1763 1435 1819 infundi
1466 1765 1609 1834 quod
1631 1768 1783 1834 origo
1811 1783 1918 1822 non
1950 1767 2179 1835 tribuit,

588 1861 683 1906 aut
710 1854 849 1923 quod
874 1854 1011 1907 bona
1042 1854 1226 1908 tribuit
1252 1854 1534 1909 custodiri.
1569 1856 1639 1909 Et
1666 1857 1709 1910 si
1744 1858 1863 1910 talis
1890 1865 1972 1911 est
1997 1874 2176 1914 rerum
2212 1884 2260 1945 Β

589 1942 842 1995 universa
864 1941 1124 2007 conditio,
1159 1953 1361 2012 quanto
1389 1984 1405 2010 ,
1437 1944 1628 2000 doctor
1656 1946 2040 2016 eruditissime,
2068 1950 2179 2003 sol-

588 2030 811 2086 licitudo
833 2041 918 2095 tua
940 2040 1023 2087 est
1048 2032 1304 2086 elevanda
1334 2036 1638 2107 praeconio,
1689 2051 1782 2105 per
1808 2036 1961 2105 cujus
1987 2036 2176 2095 dexte-

587 2138 703 2179 ram
720 2123 942 2179 libertas
970 2124 1312 2195 jamjamque
1340 2126 1542 2187 ruitura
1568 2127 1836 2181 relevatur
1859 2128 1882 2180 ἲ
1906 2144 2003 2197 per
2026 2130 2178 2198 ου].ιε

586 2217 833 2285 peritiam
866 2227 959 2271 aut
996 2198 1344 2293 instituuntur
1376 2219 1609 2286 nOVella,
1642 2231 1737 2274 aut
1770 2232 2056 2276 Servantur
2084 2223 2178 2277 de-

586 2323 713 2364 cora
754 2308 1057 2382 majorum?
1094 2292 1229 2363 Vere
1277 2308 1467 2373 fateor,
1500 2310 1602 2363 nisi
1646 2324 1817 2372 esses.
1852 2312 2004 2367 brevi
2054 2328 2177 2366 sue-

586 2386 887 2469 Cumberet,
937 2401 1196 2472 quidquid
1246 2411 1513 2465 monstrat
1538 2403 1834 2472 ingenium.
1888 2403 1994 2457 Sed
2032 2405 2175 2473 quid

586 2490 799 2560 obligor
824 2492 1092 2555 maximis,
1119 2490 1211 2560 qui
1253 2492 1521 2549 sustinere
1553 2509 1712 2562 parva
1760 2509 1867 2547 non
1900 2494 2087 2561 valeo,
2121 2504 2177 2550 et

586 2580 893 2655 generalem
934 2581 1069 2635 facio
1098 2581 1389 2650 gratiarum
1424 2584 1749 2639 relationem
1772 2624 1787 2649 ,
1839 2586 1929 2654 qui
1960 2587 2046 2640 vix
2080 2602 2175 2655 pro

586 2652 817 2738 persona
866 2669 1111 2724 sufficio?
1147 2669 1353 2727 Uberes
1382 2672 1478 2727 tibi
1517 2687 1699 2740 coram
1738 2652 1953 2745 multis,
1983 2692 2174 2732 emen-

586 2747 864 2816 datissime
887 2761 1186 2829 hominum,
1211 2773 1388 2835 grates
1417 2763 1617 2831 refero,
1647 2782 1769 2839 quia
1800 2772 2012 2836 agnosci
2034 2785 2064 2829 a
2085 2784 2173 2824 me

585 2852 933 2909 Parthenium
962 2855 1301 2911 institutione
1347 2856 1545 2912 fecisti.
1592 2860 1671 2912 'l‘u
1712 2859 1781 2913 de
1805 2859 1923 2928 ejus
1954 2872 2173 2931 peetore

585 2945 826 3000 scientiae
855 2946 1069 3001 Sarculo
1100 2946 1366 3016 paliurum
1408 2957 1463 3002 et
1491 2948 1677 3005 lolium
1724 2951 2041 3005 subinovisti
2071 2970 2083 3005 :
2118 2961 2173 3013 tu

586 3037 851 3092 triticeam
893 3053 1126 3094 messem
1173 3055 1276 3110 qua
1319 3040 1647 3111 prepinquos
1674 3050 1878 3112 pascat,
1907 3045 2169 3111 elevaSti,

585 3127 727 3183 felici
746 3129 875 3183 ineo
892 3139 1084 3185 eventu
1104 3145 1198 3201 per
1210 3131 1530 3187 familiarum
1563 3135 1979 3204 dismaantiam,
2005 3154 2169 3193 unum

584 3222 727 3327 quod
748 3234 1087 3291 sequeretur,
1122 3232 1177 3278 et
1205 3225 1348 3279 aliud
1379 3227 1520 3296 quod
1545 3226 1773 3297 fugeret,
1792 3229 2172 3286 demonsuan-
2197 3265 2244 3327 Ο

586 3310 693 3369 dot
722 3314 764 3367 0
789 3314 1051 3368 laudanda
1077 3328 1240 3383 supra
1274 3315 1546 3372 hominem
1566 3318 1637 3371 tui
1668 3320 1836 3374 virtus
1855 3322 2085 3390 ingenii!
2111 3324 2170 3378 lu

586 3417 694 3458 una
742 3403 1037 3472 eademque
1082 3418 1333 3473 persona,
1376 3421 1477 3474 qua
1518 3414 1657 3472 arte,
1690 3409 1831 3478 quod
1884 3418 2171 3481 utrumque

585 3495 947 3551 descendebat
968 3512 997 3551 a
1019 3497 1298 3567 sanguine,
1329 3499 1454 3568 quid
1488 3498 1743 3566 disceret,
1773 3512 1825 3556 et
1853 3505 1978 3572 quid
2012 3505 2168 3558 dedi-

586 3577 782 3654 sceret,
810 3587 1082 3643 indicasti.
1115 3586 1263 3643 Laeto
1290 3590 1433 3645 Deus
1475 3592 1664 3661 gaudia
1713 3603 1894 3649 nostra
1922 3595 2174 3667 disponat

585 3692 777 3736 eventu
806 3697 817 3731 :
852 3680 1036 3749 procul
1081 3682 1150 3733 sit
1186 3682 1543 3754 quodcunque
1576 3685 1806 3742 minatur
1835 3689 2167 3748 adversitas:

597 3768 716 3838 plus
746 3769 797 3823 in
827 3783 877 3823 te
908 3769 1230 3826 laudandum
1274 3782 1352 3827 est
1374 3817 1387 3842 ,
1424 3776 1549 3844 quia
1593 3775 1888 3855 discipulus
1918 3790 2037 3836 tuus
2068 3783 2171 3840 scit

585 3864 886 3933 prosapieni
914 3865 1108 3930 vitare,
1132 3882 1288 3936 quam
1324 3872 1466 3940 quod
1513 3874 1815 3944 prosapiem
1842 3887 2015 3931 certat
2044 3878 2168 3933 inii-

585 3952 707 4005 tari.
736 3953 873 4007 Ecce
903 3954 1251 4011 Parthenium
1302 3962 1669 4032 propinquitas
1699 3981 1791 4020 sua
1829 3983 1895 4021 ex
1940 3977 2169 4040 utroque

584 4042 797 4111 generis
824 4044 959 4097 calle
990 4044 1325 4102 descendens
1347 4089 1361 4114 ,
1393 4051 1493 4105 alia
1518 4056 1761 4123 agnoscit
1796 4057 2041 4121 feliciter,
2064 4061 2167 4117 alia

582 4135 809 4191 feliciter
832 4153 934 4192 non
965 4142 1224 4209 agnoscit.
1257 4142 1425 4209 Quam
1458 4146 1608 4200 timui
1640 4164 1707 4202 ne
1733 4149 1950 4219 prmfata
1974 4154 2169 4221 perini-

582 4229 685 4280 stio
710 4227 834 4281 dum
863 4228 978 4297 ipsa
1007 4230 1127 4283 dive
1161 4232 1315 4285 sitate
1346 4233 1638 4303 discordat,
1666 4236 1718 4290 in
1742 4238 2167 4310 deteriorisjura

580 4320 800 4372 meliora
831 4320 938 4373 vita
967 4321 1305 4399 concederet,
1331 4332 1384 4378 et
1413 4340 1508 4396 pro
1538 4327 1741 4382 vilitate
1773 4338 2068 4399 temporum
2089 4329 2169 4384 fa-

579 4406 734 4461 cilius
762 4408 813 4461 in
845 4409 960 4478 ipso
991 4425 1114 4479 pars
1141 4396 1352 4466 indocta
1398 4418 1675 4485 regnaret!
1729 4418 1835 4473 Sed
1880 4396 2165 4477 ostendisti

578 4500 734 4565 mihi,
762 4502 933 4555 aetatis
960 4512 1059 4555 tua:
1099 4513 1505 4573 ornamentum,
1542 4508 1663 4575 quia
1689 4509 1809 4579 plus
1846 4510 1897 4563 in
1932 4526 2164 4567 consan-

577 4593 771 4661 guineo
802 4592 1008 4646 obtinui
1058 4609 1217 4661 quam
1264 4597 1503 4664 poposci.
1539 4596 1790 4652 CteleStia
1837 4600 2073 4657 imitatus
2105 4617 2164 4658 es

576 4684 821 4736 ubertate
844 4682 1112 4749 beneficii,
1131 4686 1688 4756 quandoimpensione
1714 4692 1992 4761 multiplici
2014 4709 2163 4748 com-

577 4771 880 4827 mendanlis
907 4782 1027 4827 vota
1062 4775 1255 4829 vicisti.
1293 4777 1429 4833 Ecce
1461 4779 1570 4847 jam
1605 4779 1825 4836 hiemali
1858 4795 2075 4853 pectore
2104 4796 2161 4842 et

577 4863 741 4915 corde
771 4864 947 4931 algido
975 4865 1271 4920 dictionum
1307 4868 1518 4923 flosculi
1556 4882 1811 4940 vernant,
1846 4883 1899 4927 et
1928 4874 2159 4931 ridentia

577 4951 860 5004 verborum
904 4955 1143 5021 germina
1197 4957 1496 5029 depingunt
1544 4962 1783 5016 calathos
1813 4964 2156 5023 exhibentis:

576 5053 703 5094 ecce
730 5052 848 5108 post
874 5044 1070 5111 gentile
1106 5062 1345 5104 murmur
1376 5052 1441 5106 de
1470 5042 1565 5107 ore
1594 5054 1731 5121 ejus,
1764 5070 1883 5125 quae
1915 5057 2160 5114 humani-

574 5136 737 5182 tatem
769 5131 1106 5203 significent,
1152 5139 1309 5192 verba
1341 5140 1653 5196 funduntur.
1691 5143 1781 5198 llis
1810 5160 1938 5214 ergo
1972 5163 2159 5204 mune-

575 5220 721 5274 ribus
756 5221 859 5274 tuis
895 5223 997 5274 nisi
1026 5224 1248 5279 reddam
1277 5230 1728 5300 vicissitudinem,
1764 5236 2077 5303 praestitisse
2108 5249 2159 5294 te

573 5312 806 5364 aestimes
832 5327 937 5364 non
984 5314 1235 5372 merenti.
1263 5316 1521 5389 Quisquis
1561 5324 1703 5377 enim
1742 5324 1929 5379 feriata
1978 5327 2157 5397 lingua

571 5416 855 5457 successus
882 5404 1130 5457 meliores
1152 5410 1471 5477 susceperit,
1507 5414 1742 5469 ostendit
1763 5431 1821 5470 se
1842 5416 1982 5487 quod
2015 5426 2158 5473 attu-

573 5494 631 5547 Ιιι
666 5498 989 5564 pi-mperitas
1024 5511 1124 5549 non
1167 5512 1368 5553 amare.

648 5886 661 5926 t
708 5887 912 5950 Schol”
948 5891 1182 5948 (feriatur.

1696 377 1967 434 ENNODII
2008 376 2311 435 EPISCOPI
2351 379 2724 441 TICINENSIS

592 503 948 563 componatur
987 496 1245 563 artificis,
1276 502 1331 551 et
1360 494 1503 550 fulvo
1549 494 1777 565 pretium
1809 494 2025 549 metallo
2052 493 2182 547 lima
2208 501 2279 577 Α⁸

591 586 887 645 fabricante
914 589 1199 657 jungatur:
1234 600 1486 643 cessante
1537 588 1797 642 industria
1824 629 1839 653 ,
1868 588 2056 656 exigua
2091 601 2178 645 eSt
2251 643 2259 650 ,

3760 396 3864 451 284

2922 497 3145 557 DICTIO
3182 501 3272 557 Xl.

2430 584 2556 650 Quae
2578 586 2714 640 dicta
2741 597 2834 655 est,
2862 591 3070 659 quando
3104 592 3311 646 Eusebii
3335 593 3476 662 ﬁlius
3505 591 3723 649 traditus

2916 672 2987 713 est
3017 664 3085 714 ad
3106 664 3295 717 studia.

2780 766 3134 808 SCHOLASTICA
3172 771 3386 818 QUINTA.

2361 840 2511 899 Licet
2533 843 2677 898 sicut
2702 846 2947 912 novitas,
2976 849 3046 901 ita
3080 848 3305 903 habeant
3346 848 3651 903 intermissa
3679 849 3870 906 formi-

2282 933 2487 998 dinem,
2520 945 2573 988 et
2618 935 2721 991 hoc
2746 938 2818 992 sit
2847 954 2967 993 cum
3019 939 3087 994 de
3131 943 3150 971 ³
3190 943 3375 997 attrito
3424 944 3620 997 favoris
3673 944 3867 1013 publici

2282 1021 2430 1077 frons
2453 1025 2667 1095 refugit,
2696 1027 2841 1096 quod
2869 1028 2965 1082 fuit
2992 1040 3120 1084 ante
3158 1046 3319 1099 quam
3350 1031 3619 1098 disceret;
3652 1033 3778 1087 dum
3804 1035 3867 1088 ad

2281 1112 2571 1175 eluctatam
2602 1116 2879 1172 reducitur
2932 1133 3028 1173 usu
3079 1120 3288 1174 dicendi
3326 1129 3582 1189 pereunte
3614 1132 3868 1175 senet-tus

2282 1203 2583 1260 infantiam.
2661 1207 2948 1264 Exercitus
3005 1210 3303 1279 Olympicis
3359 1212 3747 1265 certaminibus
3801 1214 3867 1267 de

2281 1294 2456 1364 palma
2484 1293 2973 1365 confiditeeuleus;
3018 1310 3072 1354 et
3121 1300 3169 1354 si
3213 1316 3321 1355 non
3372 1302 3483 1355 otio
3519 1302 3864 1369 debilitetur,

2286 1387 2341 1440 in
2385 1402 2483 1442 suo
2508 1389 2631 1457 iure
2666 1392 2837 1446 credit
2871 1407 2992 1447 esse
3026 1393 3310 1448 vicroriam
3338 1413 3350 1447 :
3385 1409 3599 1464 semper
3630 1397 3676 1450 ei
3708 1412 3868 1451 coro-

2283 1491 2405 1533 nam
2460 1478 2845 1536 blandimentis
2896 1483 3202 1539 efficacibus
3244 1500 3367 1553 spes
3412 1486 3717 1554 promittit,
3768 1488 3868 1545 nisi

2283 1568 2561 1623 velocitati
2599 1571 2882 1640 prteniium
2906 1573 3124 1630 desidia:
3150 1575 3373 1644 languor
3389 1580 3641 1631 excutiat.
3668 1578 3869 1633 Artifex

2280 1657 2548 1728 jaculandi
2594 1661 2660 1716 de
2699 1662 2983 1732 triumphis
3009 1680 3230 1721 securus
3256 1675 3407 1733 Optat
3430 1666 3665 1721 incerta:
3703 1679 3756 1721 et
3786 1669 3867 1723 cui

2289 1751 2521 1804 occurrit
2551 1766 2766 1820 semper
2789 1753 2841 1808 in
2869 1754 2986 1810 acie
3015 1756 3204 1825 gloria,
3226 1756 3381 1826 longa
3401 1772 3529 1824 pace
3557 1768 3865 1826 superatur:

2285 1853 2565 1911 poetarum
2599 1843 2826 1900 hederas
2858 1845 3212 1901 nobilioribus
3239 1847 3510 1916 corymbis
3539 1856 3591 1901 et
3620 1847 3867 1902 viridanti

2289 1934 2470 2002 specie
2497 1936 2675 1989 nutrix
2706 1938 2904 2006 ingenii
2950 1939 3118 1993 comit
3146 1937 3462 1993 assiduitas:
3497 1947 3741 1993 cessante
3765 1937 3868 1992 fre-

2284 2026 2468 2093 quenti
2495 2027 2813 2095 probatione
2851 2037 3157 2085 mutescunt
3192 2044 3285 2084 ora
3333 2028 3617 2085 causidici:
3676 2030 3868 2083 educa-

2286 2125 2370 2181 tus
2401 2119 2452 2173 in
2485 2120 2752 2190 puppibus
2805 2136 2988 2191 aequor
3018 2121 3277 2190 liquidum
3325 2123 3443 2179 sine
3475 2130 3680 2178 terrore
3712 2131 3867 2175 nauta

2283 2210 2605 2283 perlustrat:
2637 2211 2726 2280 qui
2756 2211 2803 2266 si
2835 2210 2903 2265 ad
2948 2222 3219 2269 terrenam
3259 2212 3421 2267 vitam
3452 2213 3618 2267 ducat
3653 2211 3827 2265 ofﬁcia
3852 2248 3868 2276 ,

2284 2314 2385 2361 nec
2422 2301 2611 2354 itinera
2661 2302 2855 2369 astris,
2909 2316 3011 2356 nec
3048 2311 3271 2359 eventus
3302 2301 3656 2371 deprehendit
3694 2300 3869 2368 auSpi-

2281 2390 2396 2445 ciis.
2426 2392 2666 2461 Agricola
2696 2392 2739 2445 si
2780 2391 3067 2461 aliquando
3099 2407 3373 2447 vomerem
3416 2392 3627 2455 illectus
3658 2390 3869 2445 urbani-

2280 2489 2389 2536 tate
2417 2490 2755 2551 contemnat,
2788 2483 2839 2536 in
2869 2482 3084 2537 devium
3115 2482 3287 2539 bobus
3312 2482 3440 2535 dum
3481 2483 3669 2536 scribit
3700 2490 3869 2549 terga,

2281 2554 2538 2642 rapietur.
2573 2577 2713 2646 Ergo
2741 2577 2879 2632 sicut
2902 2577 3095 2632 artium
3130 2580 3184 2631 in
3216 2592 3313 2630 suo
3341 2590 3566 2646 quisque
3595 2589 3758 2644 opere
3782 2578 3867 2629 in-

2279 2666 2492 2719 venitur
2540 2677 2710 2723 mater
2757 2667 3043 2730 instantia;
3081 2669 3153 2721 ita
3184 2680 3414 2723 noverca
3439 2664 3756 2719 eruditionis
3786 2672 3872 2720 est

2280 2756 2623 2831 negligentia.
2658 2758 2805 2813 'l'alis
2832 2768 2913 2813 est
2941 2765 3174 2823 nostrae,
3207 2772 3365 2826 quam
3399 2765 3522 2826 post
3553 2765 3860 2823 temporum

2278 2845 2559 2901 intervalla
2606 2848 2972 2918 producimus,
3028 2848 3268 2903 conditio
3295 2846 3576 2902 dictionis:
3610 2860 3716 2900 non
3764 2859 3864 2900 uo-

2281 2944 2389 2988 tum
2445 2936 2666 2991 schema
2720 2937 2994 3004 deferens,
3029 2953 3137 2992 non
3196 2951 3443 3008 pompam
3498 2951 3658 3006 quam
3711 2944 3866 2990 relate

2279 3027 2505 3079 mercari
2537 3026 2814 3081 debuisset
2851 3026 3116 3081 ostendit:
3153 3034 3319 3081 totam
3353 3025 3599 3080 fiduciam
3624 3025 3692 3079 de
3718 3025 3868 3079 audi<

2278 3125 2450 3169 torum
2478 3115 3148 3185 benignitateconcipieus,
3182 3114 3432 3169 sufficere
3455 3115 3631 3169 credit
3655 3118 3870 3171 veniam

2278 3220 2376 3274 pro
2403 3205 2612 3269 favore;
2642 3206 2774 3259 satis
2816 3220 2936 3260 esse
2970 3207 3052 3274 pia
3084 3217 3206 3260 vota
3238 3220 3334 3275 pro
3381 3206 3595 3260 merito.
3645 3206 3867 3262 Absiste

2287 3296 2494 3365 procul,
2536 3292 2729 3349 debilis
2772 3294 2961 3349 timor:
2997 3294 3373 3354 insinuandum
3412 3296 3661 3349 orbitatis
3702 3311 3867 3352 mise-

2277 3384 2437 3449 ratio,
2488 3382 2791 3437 oraiionem
2845 3383 3158 3453 religiosum
3219 3384 3563 3441 commendat
3606 3385 3865 3451 officium.

2275 3474 2413 3543 Quid
2466 3474 2626 3527 faciat
2654 3488 2834 3528 sermo
2863 3475 3071 3545 peritire
3123 3476 3413 3545 splendore
3469 3479 3725 3541 dotatus,
3777 3478 3863 3549 ubi

2276 3580 2439 3619 causa
2488 3566 2648 3619 etiam
2676 3566 2794 3620 sine
2825 3567 3190 3622 insinuatricis
3220 3569 3415 3641 lingua:
3447 3570 3620 3640 placet
3641 3570 3816 3625 officio
3843 3571 3865 3624 ‘2

2268 3672 2363 3713 res
2397 3657 2699 3728 impetravit
2734 3660 2995 3728 gratiam:
3030 3658 3231 3714 sufficit
3270 3669 3329 3715 ut
3364 3661 3525 3717 verba
3558 3673 3864 3718 mereantur

2275 3745 2557 3801 affectum:
2591 3755 2817 3817 utraque
2858 3749 3111 3803 secundis
3156 3750 3221 3803 ad
3262 3750 3591 3806 audientiam
3624 3761 3863 3807 vestram

2274 3838 2543 3892 ominibus
2572 3828 2965 3894 convenerunt.
2992 3839 3172 3894 Dicam
3203 3856 3334 3897 sane
3355 3842 3495 3912 quod
3524 3851 3710 3909 restat,
3739 3843 3861 3913 quia

2275 3935 2481 3979 tantum
2522 3926 2746 3981 defrudo
2780 3928 3025 3983 laudibus
3057 3932 3211 3995 meis,
3249 3941 3505 4001 quantum
3536 3934 3861 3990 remanserit

2274 4014 2326 4069 in
2352 4018 2603 4082 prmsenti
2651 4031 2808 4071 causa
2841 4018 3086 4074 silentiis.
3123 4020 3256 4075 Huic
3305 4021 3565 4078 Eusebius
3598 4024 3861 4078 nobilissi-

2272 4120 2391 4159 mus
2415 4105 2641 4173 genitor,
2674 4122 2769 4176 par
2802 4109 3043 4163 moribus
3075 4126 3232 4180 quam
3260 4120 3480 4191 natura,
3511 4114 3637 4169 dum
3682 4125 3859 4171 extre~

2272 4198 2374 4252 mis
2398 4210 2634 4266 pressus,
2668 4197 3019 4253 humanitatis
3040 4211 3241 4256 sortem
3273 4203 3551 4272 profuturo
3574 4206 3627 4258 in
3646 4206 3859 4275 longum

2271 4287 2401 4341 velit
2444 4300 2705 4357 superare
2737 4288 2997 4343 consilio:
3032 4291 3157 4363 dum
3201 4292 3381 4348 vitalis
3435 4295 3628 4350 anima:
3676 4296 3858 4366 vigore

2274 4380 2472 4435 terreni
2521 4381 2755 4435 carceris
2785 4391 3011 4451 angusta
3056 4383 3320 4452 calcaret,
3354 4399 3418 4440 ac
3444 4401 3501 4441 se
3528 4387 3857 4454 spiritalibus

2271 4468 2613 4537 habitaculis,
2660 4486 2781 4525 cum
2815 4486 2846 4525 a
2876 4473 2985 4529 Deo
3014 4484 3299 4530 vocaretur
3327 4516 3342 4541 ,
3390 4477 3733 4544 refunderet;
3766 4480 3856 4534 ni-

2270 4558 2452 4629 liilque
2484 4561 2535 4613 in
2582 4568 2765 4615 mente
2808 4562 2925 4631 ejus
2977 4573 3124 4618 esset
3152 4565 3220 4619 de
3270 4566 3486 4622 homine
3538 4567 3855 4637 residuum,

2189 4648 2242 4709 ι)
2268 4651 2369 4704 nisi
2403 4650 2746 4706 immaculata
2779 4652 2877 4708 filii
2922 4656 3239 4728 diligentia,
3275 4638 3436 4725 illud,
3469 4660 3612 4733 quod
3644 4675 3746 4716 nec
3776 4662 3853 4715 in-

2268 4748 2351 4795 ter
2372 4740 2612 4795 coelestia
2646 4742 2754 4797 ulla
2781 4743 2920 4799 delet
2943 4745 3175 4801 oblivio:
3212 4749 3353 4804 hunc
3377 4752 3507 4805 mihi
3539 4755 3689 4822 quasi
3719 4754 3854 4809 bene

2266 4831 2513 4887 conscius
2543 4833 2851 4899 fovendum,
2880 4847 3038 4905 prout
3061 4840 3201 4894 vires
3234 4842 3496 4909 tribuunt,
3530 4846 3850 4917 dereliquit:

2267 4927 2489 4981 confusa
2521 4939 2646 4983 sunt
2695 4930 2963 4998 supremis
3010 4931 3328 5001 deponentis
3376 4937 3535 4991 verba
3584 4925 3852 5009 suspiriis.

2268 5019 2468 5075 Videro
2521 5023 2647 5090 quid
2682 5024 2801 5079 aliis
2851 5026 3149 5096 reliquerit,
3182 5029 3311 5084 milii
3351 5032 3450 5084 sub
3484 5032 3577 5084 Dei
3610 5033 3853 5088 obtesta-

2278 5109 2423 5166 tione
2444 5112 2649 5166 dimisit
2672 5113 2965 5169 liaeredem.
2996 5115 3093 5169 Cui
3125 5133 3369 5187 saporem
3400 5122 3519 5175 vita:
3550 5120 3711 5175 labris
3740 5125 3851 5190 pri-

2269 5203 2506 5256 moribus
2551 5204 2881 5273 contingenti
2921 5218 3135 5275 gustum
3176 5209 3442 5276 deprecor
3477 5212 3736 5266 ubertatis
3768 5215 3851 5267 in-

2267 5292 2450 5346 fundi:
2499 5303 2553 5347 ut
2608 5305 2929 5362 provocatus
2958 5297 3359 5366 disciplinarum
3415 5300 3577 5355 melle
3617 5311 3671 5356 et
3717 5302 3849 5359 favis

2267 5383 2524 5453 scientiae,
2557 5384 2624 5439 de
2668 5386 2915 5440 domibus
2943 5390 3114 5444 cereis
3145 5390 3259 5459 ipse
3289 5392 3390 5447 sibi
3433 5393 3687 5463 liquentis
3738 5399 3848 5454 ele-

2270 5476 2432 5529 menti
2480 5484 2665 5531 nectar
2711 5488 2968 5534 assumat.
3017 5478 3205 5546 Habet,
3251 5481 3439 5539 doctor
3489 5487 3846 5557 venerabilis,

2271 5568 2389 5623 laus
2422 5578 2507 5624 tua
2542 5585 2637 5639 per
2680 5574 2822 5625 hunc
2850 5571 2916 5625 ad
2947 5573 3219 5629 cumulum
3253 5578 3506 5645 perducta
3530 5620 3543 5643 ,
3575 5582 3717 5651 quod
3761 5599 3846 5637 ca-

2266 5658 2405 5727 piat:
2442 5674 2507 5713 ex
2537 5660 2720 5714 talium
2752 5662 2993 5731 profectu
3016 5703 3033 5728 ,
3082 5666 3397 5726 meritorum
3428 5681 3637 5727 tuorum
3670 5674 3842 5744 pleni-

2267 5751 2392 5806 tudo
2421 5766 2526 5806 non
2555 5752 2752 5808 refutat
2789 5766 3107 5825 augmenta:
3140 5759 3263 5830 quia
3292 5760 3543 5835 discipuli
3582 5766 3841 5839 elegantia

2337 5909 2355 5942 '
2399 5907 2438 5971 Ε
2443 5917 2558 5967 orte
2594 5918 2789 5973 attritu.
