4184 6260
1767 392 2150 456 DICTIONES.

3498 407 3616 474 286

307 504 542 561 assertio
571 511 656 558 est
689 503 812 560 sine
839 503 956 560 labe
983 504 1247 572 doctoris;
1295 507 1412 577 ejus
1460 508 1690 564 maxime
1709 551 1723 574 ,
1747 509 1905 580 cujus
1928 511 1982 572 Δ
2009 528 2107 583 per
2127 530 2244 582 vos,
2269 531 2413 588 quoa
2433 533 2531 576 cor
2549 533 2687 576 nene
2705 521 3009 591 dictaverit,
3033 521 3209 594 lingua
3237 523 3606 596 proloquitur:

309 597 620 668 prosapiem
652 595 987 666 splendidam
1041 605 1251 666 tempus
1281 600 1512 668 postulat
1541 601 1786 656 scientia:
1817 618 1904 656 ra-

287 690 415 766 .diis
443 689 739 756 adornare,
795 697 855 744 ut
897 688 1060 746 decus
1108 689 1332 758 originis
1365 692 1414 745 in
1445 691 1587 746 diem
1620 693 1909 749 serenissi-

309 797 459 838 tnum
524 780 818 850 procedat,
877 780 1094 851 quando
1144 781 1258 836 oris
1301 781 1358 838 in
1405 781 1706 854 ipsojubar
1753 785 1910 842 efful-

309 874 465 932 ’ω’
920 941 1146 998 DICTIO
1185 944 1300 1000 xu.

435 1043 571 1116 [lata
597 1043 803 1098 Aratori
829 1044 1040 1114 quando
1068 1046 1138 1098 ad
1165 1047 1378 1104 laudem
1407 1059 1676 1120 provectus
1706 1060 1796 1108 est.

817 1157 1174 1200 εηιιοιιλετιω
1216 1163 1382 1202 SEXTA
1395 1187 1407 1200 .

761 1243 794 1300 Γ
799 1244 979 1310 hema,
1007 1245 1122 1300 laus
1151 1246 1468 1303 litterarum.

972 1353 1266 1394 PlirEI‘ATIO.

418 1439 621 1495 Littera
646 1437 715 1494 de
739 1438 956 1507 proprio
987 1439 1232 1496 laudetur
1259 1442 1536 1511 splendida
1566 1461 1758 1513 censu,

493 1531 709 1586 Adveua
740 1545 862 1585 nam
891 1531 1069 1586 cultus
1097 1533 1168 1586 nil
1207 1534 1406 1591 tribuet
1431 1538 1596 1606 genii.

422 1626 581 1681 Ebria
610 1624 804 1679 vestito
833 1625 951 1694 plus
980 1626 1161 1680 lucent
1192 1629 1391 1683 vellera
1423 1627 1557 1685 Sere
1583 1649 1596 1684 :

487 1715 704 1772 Persica
730 1717 1021 1772 candentes
1051 1718 1190 1772 colla
1221 1721 1414 1774 decent
1446 1723 1669 1791 lapides.

416 1805 499 1862 Nil
526 1806 677 1874 juvat
700 1814 923 1861 externo
952 1821 1278 1876 componere
1310 1811 1548 1866 membra
1579 1813 1785 1870 nitore:

523 1897 636 1954 Lux
668 1897 926 1953 naturalis
959 1898 1135 1954 sidera
1165 1900 1436 1958 nobilitat.

958 2029 1248 2071 NARRATIO.

379 2106 646 2162 Omnibus
675 2121 838 2161 reous
875 2122 993 2176 qum
1031 2111 1368 2166 aestimantur
1405 2115 1711 2184 praeconiis,
1755 2118 1906 2174 exhi-

311 2199 493 2254 benda
523 2209 598 2254 est
627 2214 719 2268 pro
742 2199 955 2255 dicendi
983 2201 1234 2258 facultate
1259 2204 1488 2260 laudatio
1514 2224 1527 2259 :
1558 2207 1625 2260 ab
1647 2209 1905 2280 eloquen-

310 2293 402 2347 tiae
442 2293 567 2347 dote
615 2292 940 2349 radiantibus
971 2294 1240 2350 reddenda
1275 2306 1401 2352 sunt
1439 2299 1630 2356 litteris
1658 2318 1774 2372 qua:
1804 2303 1902 2358 de-

301 2385 542 2441 bentur:
569 2387 691 2455 quia
722 2386 859 2466 sicut
886 2396 1176 2455 gratuitum.
1211 2405 1420 2455 munus,
1455 2406 1507 2445 et
1536 2406 1666 2460 opes
1692 2403 1746 2447 et
1790 2395 1903 2449 ani-

305 2495 453 2534 mum
482 2479 688 2533 indicat
725 2479 1022 2549 largitoris;
1070 2479 1143 2535 ita
1175 2491 1394 2552 accepta
1424 2483 1696 2555 denegari,
1726 2489 1903 2543 avari-

302 2572 431 2626 tiam
465 2579 522 2625 et
547 2571 934 2640 impudentiam
980 2581 1184 2627 reserat
1212 2575 1617 2644 suppriment's.
1649 2579 1900 2646 Libemus

300 2647 846 2717 litterarumv'numiui
876 2664 1017 2732 quod
1048 2663 1114 2718 de
1154 2663 1386 2733 ipsarum
1419 2668 1570 2723 ﬂuxit
1602 2670 1898 2727 altaribus:

303 2755 604 2824 quantisvis
659 2755 803 2810 enim
854 2756 1074 2811 materia
1132 2757 1238 2813 ista
1284 2762 1452 2829 copiis
1505 2764 1899 2831 praedicationis

304 2843 628 2914 bonoretur,
682 2847 918 2918 qualibet
969 2847 1150 2904 efﬂuat
1197 2851 1442 2910 ubertate
1488 2855 1782 2922 dictorum.
1830 2843 1897 2914 de

313 2940 673 3010 possessionis
703 2956 813 2994 suae
833 2927 836 2930 ’
856 2941 1093 3012 frugibus
1121 2927 1268 3025 pasta
1314 2947 1541 3018 satiatur
1571 2965 1584 3003 :
1613 2951 1738 3022 quia
1769 2952 1895 3007 dum

296 3033 440 3091 inter
479 3035 654 3112 vireta
695 3050 814 3114 quae
841 3035 1136 3114 disposuit,
1186 3041 1402 3111 propria
1445 3043 1632 3098 oculos
1671 3048 1897 3102 amoeni-

297 3117 410 3202 tate
453 3109 726 3198 captivat,‘~
769 3109 940 3182 habet"
976 3117 1192 3198 quidem
1243 3109 1355 3200 ipsa
1400 3133 1786 3201 iucunditatem
1829 3137 1895 3194 de

295 3211 632 3294 graminibus
660 3219 792 3283 suis,
815 3219 912 3275 sed
948 3208 1146 3301 majora
1179 3224 1398 3298 capiunt
1427 3241 1628 3281 messes
1656 3229 1896 3298 ingenio-

296 3327 418 3369 rum
448 3313 786 3367 incrementa
817 3327 911 3382 per
937 3312 1231 3392 dominam.
1279 3315 1462 3385 Itaque
1496 3316 1588 3386 qui
1619 3303 1773 3374 fenus
1809 3321 1896 3376 lil-

301 3392 431 3476 ieris
477 3405 720 3486 solverit,
770 3405 889 3475 plus
934 3406 1148 3462 ditescit
1198 3426 1209 3459 :
1258 3407 1384 3462 dum
1435 3424 1531 3478 per
1574 3414 1896 3479 secretiores

299 3483 538 3565 meatus,
570 3483 723 3568 quasi
755 3513 850 3569 per
878 3515 1100 3570 magnos
1130 3501 1331 3568 alveos,
1363 3518 1482 3573 quae
1510 3505 1577 3559 ad
1609 3507 1726 3561 illas
1752 3508 1892 3563 dire-

299 3573 386 3647 cta
432 3600 559 3645 sunt
602 3590 819 3654 ﬂuenta,
867 3591 1192 3647 reducuntur
1225 3612 1236 3646 :
1271 3609 1370 3650 nec
1417 3597 1558 3672 quod
1586 3613 1682 3667 per
1713 3609 1893 3669 guttas

302 3672 571 3746 amiseris,
600 3684 756 3738 aliter
784 3698 943 3754 quam
977 3686 1020 3739 si
1058 3686 1352 3764 relabentis
1381 3687 1521 3743 Jonii
1553 3692 1640 3758 jus
1672 3691 1890 3759 habeas,

297 3776 622 3850 possidebis.
675 3777 805 3844 Quis
844 3778 1048 3848 peritiae
1089 3779 1392 3848 depositum
1440 3793 1625 3852 neget.
1663 3785 1759 3839 nisi
1801 3787 1892 3856 qui

295 3868 572 3923 desiderat
620 3868 901 3924 mendicus
946 3869 1085 3924 eflici
1116 3871 1241 3924 dum
1288 3875 1568 3932 reservat?
1611 3875 1766 3932 Istius
1815 3879 1892 3934 rei

296 3947 503 4014 fructus
532 3959 698 4028 (quod
727 3961 919 4014 mirum
945 3961 1088 4016 dictu
1121 3964 1224 4033 est)
1257 3964 1306 4018 in
1330 3966 1710 4022 abundantiam
1741 3969 1890 4025 refu-

296 4064 390 4125 sus
432 4059 718 4119 exaestuat,
760 4051 884 4108 dum
912 4053 1128 4122 jejunos
1175 4054 1335 4110 faciat
1379 4058 1710 4114 incubantes.
1752 4061 1890 4132 Ergo

293 4152 416 4218 post
443 4159 602 4212 opera
633 4144 936 4212 caelestem,
970 4155 1090 4218 post
1123 4149 1341 4218 superni
1375 4150 1570 4206 favoris
1611 4154 1884 4222 auxilium,

293 4237 543 4292 ministra
593 4238 788 4308 quibus
834 4239 1022 4301 utaris,
1071 4254 1156 4294 ars
1205 4244 1534 4310 venerandi,
1569 4246 1884 4313 praeconiis;

295 4336 351 4400 et
393 4326 724 4399 inventionis
754 4337 860 4382 tua:
891 4329 1030 4383 bono
1057 4329 1123 4385 de
1155 4331 1234 4385 his
1267 4349 1384 4400 qua:
1415 4350 1445 4388 a
1475 4344 1525 4390 te
1567 4334 1767 4391 fuerint
1806 4338 1889 4392 di-

293 4397 462 4482 recta,
489 4417 785 4486 gratulare.
820 4417 866 4473 A
893 4427 942 4473 te
965 4429 1080 4474 orta
1113 4421 1164 4474 in
1196 4436 1290 4476 usu
1319 4423 1494 4480 laudis
1520 4428 1883 4495 amplectere:

292 4522 394 4584 nos
419 4508 553 4564 nihil
581 4519 762 4582 manet
785 4509 837 4563 in
862 4511 960 4564 hac
985 4523 1154 4582 parte,
1181 4515 1320 4582 quod
1345 4514 1563 4584 dignutn
1589 4518 1657 4572 sit
1683 4519 1888 4576 ultione

1979 2262 2229 2325 'scelera,
2265 2277 2360 2332 per
2386 2276 2519 2332 quas
2548 2263 2684 2317 bona
2717 2263 2998 2320 discuntur
3038 2284 3051 2320 :

2011 605 2076 658 ad
2119 607 2542 679 investigandam
2592 611 2729 666 inter
2750 612 3012 682 justitiam
3041 629 3138 669 vos
3170 616 3444 685 praebetis,
3475 620 3607 678 dum

2010 701 2325 770 oppressum
2373 703 2563 758 callem
2600 706 2834 759 dumetis
2861 721 2970 776 quo
2999 719 3322 777 expetuntur
3351 727 3606 782 superna,

2012 795 2320 863 purgastis:
2353 810 2448 851 vos
2491 797 2752 852 triticeam
2796 800 2863 854 de
2903 801 3042 855 loliis
3085 812 3347 871 segetem,
3389 820 3488 859 vos
3528 804 3610 861 fe-

2010 888 2215 942 cundas
2252 890 2319 943 de
2361 891 2644 946 sterilitate
2694 894 3026 963 ingeniorum
3073 897 3260 965 glebas
3296 897 3524 964 efficitis,
3556 908 3613 956 et

2010 980 2258 1049 gravidas
2291 982 2484 1037 aristas
2514 984 2579 1038 ad
2624 985 2860 1041 scientiae
2887 990 3098 1052 horrea,
3135 1006 3200 1045 ne
3233 991 3401 1046 fames
3429 993 3606 1048 infan-

2011 1076 2098 1129 tia:
2128 1077 2294 1144 possit
2319 1078 2634 1145 praevalere,
2667 1081 2909 1147 portatis.
2949 1082 3160 1137 Munda:
3191 1085 3420 1139 nitorem
3452 1085 3605 1141 fami-

2011 1165 2098 1220 liae
2139 1167 2423 1231 servando,
2471 1169 2758 1225 obscenam
2803 1175 3104 1244 prosapicm
3154 1181 3434 1248 peregrina
3485 1178 3603 1233 luce
3653 1193 3672 1205 ‘

2013 1257 2351 1327 perfunditis.
2388 1260 2497 1313 Deo
2529 1261 2767 1332 proxima
2801 1279 2890 1318 res
2919 1275 3003 1320 est
3035 1281 3166 1321 vero
3197 1269 3368 1323 infusa
3400 1270 3603 1326 benefi-

2011 1349 2114 1413 cio,
2139 1349 2263 1404 dum
2293 1365 2387 1420 per
2411 1366 2600 1407 cursus
2624 1355 3038 1411 elucubrationis
3067 1360 3296 1426 traditre,
3321 1378 3388 1416 ne
3416 1365 3604 1434 optimi

1929 1480 1936 1490 .
2011 1440 2357 1510 degenerent,
2388 1452 2445 1496 et
2471 1451 2527 1498 ut
2553 1444 2680 1498 tnali
2708 1446 3056 1514 degenerem,
3085 1449 3230 1503 salva
3259 1462 3602 1509 stemmatum

2010 1531 2234 1586 veritate
2274 1541 2577 1600 praestatur.
2623 1535 2725 1590 Per
2753 1552 2848 1591 vos
2890 1539 2956 1594 de
2995 1539 3338 1596 innocentum
3372 1546 3600 1614 actibus,

2011 1634 2128 1689 qure
2159 1620 2223 1674 ad
2257 1622 2662 1679 instructionem
2693 1627 3032 1696 sequentium
3063 1632 3423 1700 pertinebant,
3453 1642 3604 1702 gesta

2009 1725 2116 1764 non
2166 1722 2430 1780 peri-unt:
2473 1716 2666 1770 vestris
2710 1716 2763 1771 in
2807 1719 3039 1773 medium
3083 1724 3288 1777 catenis
3336 1733 3602 1781 transacta

1984 1805 2353 1867 reducuntur,
2387 1811 2441 1856 ct
2479 1805 2689 1872 sepulta
2714 1809 3041 1864 reviviscunt
3069 1829 3080 1863 :
3113 1828 3207 1867 vos
3243 1815 3602 1874 instrumenta

1933 1886 1982 1948 Β
2012 1893 2298 1957 memoriae,
2338 1908 2429 1948 vos
2457 1909 2615 1950 causa
2649 1898 2860 1965 pietatis
2896 1918 2907 1952 :
2942 1904 3135 1957 vestris
3163 1906 3471 1960 vomeribus
3500 1893 3600 1961 hu-

2009 1982 2151 2035 mani
2172 1983 2399 2050 pectoris
2418 1985 2572 2040 tellus
2595 1985 2660 2040 ad
2676 1987 3052 2044 fecunditatem
3079 2005 3373 2062 praeparata
3395 1994 3599 2049 descri-

2004 2071 2151 2126 bitur
2175 2089 2187 2123 :
2215 2086 2308 2126 vos
2339 2072 2617 2142 religionis
2641 2087 2907 2146 auctores,
2947 2096 3042 2136 vos
3072 2082 3254 2139 hostes
3279 2086 3595 2139 criminum:

2005 2165 2156 2218 vobis
2180 2164 2406 2219 ducibus
2433 2180 2554 2236 quae
2584 2185 2679 2238 per
2705 2186 2859 2226 usum
2891 2175 3218 2244 subripiunt,
3248 2177 3598 2233 dediscuntur

3101 2278 3192 2322 aut
3236 2269 3302 2322 ad
3334 2268 3597 2324 directum

2005 2351 2249 2404 homines
2285 2352 2489 2421 augetis
2524 2355 2886 2422 propositum,
2923 2365 3015 2409 aut
3044 2357 3266 2413 mutatis
3296 2361 3592 2430 obliquum.

2014 2438 2196 2494 Vestro
2225 2442 2447 2495 exsules
2485 2455 2745 2498 ornantur
2784 2446 3004 2514 indicio,
3039 2456 3092 2502 et
3129 2464 3156 2502 a
3189 2449 3372 2504 mundi
3409 2451 3595 2506 culmi--

2004 2530 2160 2585 nibus
2180 2531 2450 2599 sejunctos
2475 2549 2570 2588 vos
2598 2536 2736 2590 cmlo
2761 2537 2975 2592 sociatis
2999 2555 3011 2591 :
3038 2542 3204 2594 malas
3230 2544 3594 2599 conscientias

2002 2631 2093 2673 aut
2132 2609 2332 2676 intrare
2371 2625 2735 2690 contemnitis,
2778 2638 2868 2680 aut
2914 2627 2964 2682 iu
3009 2630 3299 2685 sacrarium
3340 2633 3595 2701 ingressae

2000 2713 2281 2766 dedicatis.
2316 2713 2569 2768 Facessat
2598 2731 2627 2768 a
2651 2716 2839 2771 litteris
2867 2718 2948 2772 vel
2978 2729 3184 2775 mutare
3211 2722 3348 2792 quod
3373 2721 3592 2790 dignum

2001 2809 2104 2868 est,
2141 2804 2222 2858 vel
2266 2819 2372 2859 non
2409 2819 2617 2861 mutare
2649 2808 2790 2876 quod
2831 2811 3045 2864 noxium
3082 2830 3091 2863 :
3129 2815 3324 2868 vestris
3359 2815 3592 2869 vulneri-

2001 2893 2102 2949 bus
2128 2896 2270 2950 nulla
2300 2912 2396 2965 per
2423 2899 2703 2969 chalybem
2734 2903 2955 2956 vestitos
2985 2904 3237 2960 subducit
3267 2905 3547 2960 instructio
3574 2923 3587 2959 :

1998 2986 2066 3041 ad
2095 2987 2389 3058 penetralia
2419 2989 2653 3054 illorum,
2686 3001 2740 3045 et
2769 3007 2903 3061 quos
2929 2992 3124 3046 ferrum
3156 2995 3368 3060 texerit,
3400 3010 3590 3064 perve-

2001 3080 2124 3132 rtitis
2159 3097 2170 3131 :
2206 3080 2396 3133 vestris
2427 3081 2750 3135 umbonibus
2778 3083 2981 3136 directa
3022 3084 3089 3137 ab
3116 3085 3441 3139 adversariis
3489 3086 3590 3140 tela

1999 3169 2358 3239 repelluntur:
2387 3183 2487 3222 nec
2516 3171 2748 3240 speculis
2779 3173 2986 3244 peritiae
3013 3186 3208 3230 vestra:
3242 3177 3345 3230 ulla
3375 3165 3590 3253 clypeo}.

1921 3257 1968 3320 ϐ
2002 3276 2118 3315 rum
2162 3267 2337 3315 crates
2375 3263 2681 3331 opponitur.
2712 3262 2821 3319 Vos
2853 3267 2901 3319 in
2951 3265 3241 3350 afﬂictione
3268 3271 3589 3327 constitutos

1999 3353 2204 3420 erigitis
2228 3369 2239 3402 :
2271 3364 2368 3405 vos
2388 3354 2594 3421 positos
2622 3353 2674 3407 in
2702 3368 2986 3424 corporum
3015 3371 3172 3412 cruce
3202 3359 3448 3417 mulcatis
3473 3373 3487 3416 :
3512 3363 3590 3420 sic

1996 3442 2202 3514 gaudiis
2244 3451 2530 3510 augmenta
2574 3442 2897 3512 tribuentes,
2926 3454 2981 3499 ut
3010 3446 3228 3502 modum
3261 3447 3498 3507 hilaritas
3535 3463 3590 3510 et

1998 3535 2251 3603 producta
2283 3533 2542 3587 custodiat
2581 3552 2592 3585 :
2626 3534 2671 3588 si
2701 3550 2728 3610 a
2767 3535 2919 3590 vobis
2946 3521 3167 3591 veniant
3201 3539 3584 3609 blandimenta,

1995 3624 2332 3678 dulcescunt.
2382 3623 2494 3677 Non
2529 3623 2657 3678 licet
2695 3633 2880 3696 contra
2919 3624 3204 3695 imperium
3237 3639 3472 3686 vestrum
3502 3634 3586 3688 vel

1994 3713 2305 3769 defunctum
2334 3714 2462 3768 ﬂere
2496 3728 2652 3784 quem
2682 3715 2874 3785 diligas
2904 3733 2917 3772 :
2947 3731 3042 3772 vos
3074 3721 3292 3789 nuptiis,
3325 3738 3420 3778 vos
3447 3734 3584 3795 apta:

1995 3808 2270 3864 funeribus
2303 3825 2316 3860 :
2349 3807 2587 3862 scientia:
2631 3808 2786 3860 istius
2831 3809 3066 3862 studium
3117 3811 3484 3869 diversissima
3531 3819 3584 3871 in

1994 3899 2332 3955 concordiam
2361 3907 2529 3963 tenet,
2561 3908 2616 3952 et
2647 3909 2925 3970 utramque
2956 3911 3159 3970 partem
3191 3905 3435 3973 amplexa
3463 3923 3585 3975 gra-

1995 3996 2198 4051 tulatur
2223 4013 2233 4047 :
2263 3994 2465 4048 utinam
2491 4007 2584 4046 vos
2617 3991 2946 4061 longioribus
2972 3992 3074 4046 coli
3108 3995 3293 4050 liceret
3314 3995 3582 4062 affatibus,

1991 4100 2047 4144 et
2077 4104 2182 4143 non
2216 4067 2408 4141 vestris
2451 4086 2653 4155 legibus
2697 4087 2984 4139 deberetur
3032 4087 3286 4157 brevitas,
3332 4105 3360 4143 a
3393 4090 3585 4168 quibus

1993 4179 2142 4246 copia
2177 4177 2355 4230 votiva
2401 4177 2739 4245 suggeritur!
2795 4175 2895 4229 Per
2950 4177 3247 4232 litterarum
3275 4183 3481 4250 species
3531 4184 3581 4236 in

1994 4271 2208 4338 longum
2244 4269 2380 4320 itura
2415 4281 2515 4318 vox
2553 4277 2664 4318 tuto
2694 4267 3070 4331 committitur,
3104 4279 3157 4320 et
3186 4271 3302 4322 sine
3332 4271 3584 4325 imminu-

1995 4363 2138 4416 tione
2162 4359 2244 4414 sui
2275 4358 2546 4426 relegente
2573 4355 2852 4410 solidatur.
2887 4357 3026 4410 Ante
3051 4372 3146 4410 vos
3173 4359 3354 4427 ignara
3382 4363 3584 4415 ordinis

1993 4450 2129 4505 vixit
2173 4447 2500 4511 humanitas,
2534 4456 2586 4498 et
2628 4433 2889 4498 ructantia
2922 4446 3170 4515 glandem
3206 4459 3420 4516 pectora
3469 4451 3584 4506 sine

1993 4539 2166 4595 modis
2215 4535 2378 4603 verba
2432 4543 2752 4587 vonmcruut
2801 4552 2812 4586 :
2857 4550 2949 4587 vos
2982 4534 3120 4589 inter
3171 4535 3330 4589 unius
3380 4547 3584 4593 natura:

293 4600 378 4674 vel
411 4599 663 4670 prmmio.
699 4600 870 4656 Fideli
899 4603 1008 4656 oris
1037 4605 1233 4658 nostris
1259 4604 1517 4662 famulatu
1546 4608 1588 4662 si
1620 4624 1802 4678 parum
1833 4613 1886 4666 in

1996 4618 2241 4687 liominiEs
2273 4601 2585 4682 distantiam
2632 4625 2825 4692 facitis,
2870 4625 2994 4679 dum
3042 4625 3352 4680 coelestibus
3395 4627 3582 4683 netitia

292 4692 601 4756 elevatione
641 4693 952 4767 meritorum
985 4701 1197 4750 tuorum
1228 4699 1583 4767 suggerimus,
1615 4700 1715 4756 hoc
1740 4702 1890 4757 dedi-

291 4785 356 4839 sti
382 4802 394 4836 :
421 4799 522 4840 nos
551 4766 740 4838 horum
765 4785 1003 4840 amnium
1029 4785 1220 4842 fistula:
1242 4803 1448 4852 sumus,
1476 4806 1573 4846 nec
1599 4793 1886 4862 quidquam

292 4873 358 4952 de
381 4876 560 4944 copiis
588 4875 863 4946 commissi
894 4876 1120 4946 liquoris
1150 4879 1416 4934 ebibimus
1454 4898 1464 4933 :
1503 4890 1555 4936 tu
1591 4894 1644 4936 ut
1674 4899 1767 4951 per
1793 4897 1891 4938 nos

290 4967 502 5022 meritis
552 4967 655 5022 tuis
702 4967 1022 5035 satisfacias,
1068 4971 1218 5039 quasi
1246 4969 1490 5041 Egmum
1542 4974 1783 5044 pelagus,
1835 4984 1894 5032 ut

291 5059 565 5130 Pegascus
594 5074 790 5130 gurges
819 5060 1060 5116 illabere.
1111 5063 1248 5120 Ante
1291 5065 1476 5119 oculos
1516 5076 1725 5121 vestros
1767 5077 1894 5122 sunt

290 5169 502 5209 morum
537 5162 860 5219 vestrorum,
892 5155 939 5210 si
972 5155 1108 5210 bene
1135 5158 1386 5226 exempla
1420 5159 1688 5214 retinetis.
1718 5159 1892 5214 Salvae

291 5256 415 5312 sunt
441 5260 794 5316 quascunque
818 5246 885 5301 de
909 5260 1072 5303 censu
1105 5257 1284 5306 vestro
1310 5249 1376 5306 ad
1408 5265 1620 5304 usuram
1652 5265 1892 5319 gemmas

291 5339 666 5395 admovemus.
724 5339 864 5396 Ecce
903 5342 1161 5398 verticem
1209 5358 1388 5400 meum
1435 5359 1726 5400 coruscans
1779 5348 1892 5400 lucc

291 5442 470 5488 vestra
524 5432 772 5496 diadema
820 5434 1102 5503 nobilitat,
1154 5446 1209 5491 et
1250 5439 1606 5507 pretiosorum
1655 5439 1888 5508 lapidum

290 5526 500 5599 fulgore
543 5530 782 5598 variato,
816 5531 1010 5586 crescit
1049 5544 1113 5584 ex
1143 5531 1322 5600 genio,
1354 5531 1477 5585 dum
1521 5540 1890 5599 competenter

287 5624 618 5678 ostenditur.
675 5625 719 5698 ᾼ
767 5623 921 5678 vobis
973 5623 1211 5679 radicem
1257 5635 1476 5682 sumunt
1523 5626 1764 5682 instituta
1805 5641 1892 5682 sa-

286 5715 546 5788 pientiae;
581 5731 676 5784 per
702 5731 798 5769 vos
830 5713 1114 5784 informata
1150 5717 1513 5786 proferuntur.
1556 5719 1744 5774 Nullus
1773 5721 1891 5775 sine

287 5809 448 5865 Vobis
477 5811 684 5880 pectori
732 5825 892 5876 sapor
936 5819 1042 5878 est,
1079 5826 1176 5866 nec
1219 5812 1442 5866 libertas
1491 5812 1703 5883 eloquio
1738 5830 1750 5864 :
1798 5826 1890 5865 vos

287 5896 517 5982 ingenui
550 5903 914 5960 testimonium
947 5905 1239 5977 sanguinis,
1270 5919 1366 5960 vos
1399 5905 1616 5962 materia
1649 5903 1887 5977 pudoris,

1996 4724 2183 4791 vestri,
2217 4716 2508 4792 pecudibus
2544 4718 2748 4772 similes
2777 4719 2949 4772 reddit
2985 4717 3266 4786 ignoratio.
3303 4716 3355 4768 In
3393 4732 3582 4787 propa.

1998 4826 2108 4872 tu‘o
2138 4823 2239 4881 est,
2281 4814 2453 4881 qualis
2495 4823 2618 4866 ante
2659 4812 2795 4865 hanc
2834 4812 3035 4880 frugem
3085 4809 3247 4864 fuerit
3277 4813 3581 4870 mortalium

1996 4914 2208 4972 deserta
2254 4908 2528 4978 prosapies
2562 4923 2574 4959 :
2609 4922 2727 4962 cum
2756 4907 2862 4961 illis
2889 4908 3031 4962 enim
3062 4906 3256 4976 quibus
3304 4909 3582 4968 uobiscum

1997 5020 2093 5075 par
2127 5004 2386 5057 adventus
2428 5002 2480 5055 in
2523 5001 2641 5055 luce
2672 5008 2771 5062 cst,
2812 5015 2905 5068 per
2934 4999 3310 5072 discretionem
3355 5015 3584 5061 vestram

1998 5111 2104 5152 non
2151 5102 2233 5148 est
2273 5091 2512 5147 conditio
2559 5107 2656 5143 imi
2707 5090 2971 5159 sapiendi.
3027 5092 3228 5159 Valete,
3273 5112 3493 5152 ornante
3539 5109 3586 5150 ta

1998 5189 2237 5245 melioris
2268 5187 2479 5254 saeculi,
2513 5194 2566 5241 et
2595 5184 2849 5238 mundum
2897 5203 3055 5256 quem
3097 5187 3421 5242 eruderastis
3461 5203 3582 5241 eou-

1997 5295 2166 5336 cessac
2195 5295 2223 5331 a
2253 5279 2379 5343 Deo,
2414 5279 2462 5331 iu
2499 5286 2798 5343 temporum
2833 5279 3072 5333 remedio
3100 5279 3368 5346 possidete

2595 5392 2816 5450 DICTIO
2856 5394 2992 5449 XIII.

2071 5497 2290 5564 Quando
2313 5495 2548 5551 Paterius
2573 5507 2619 5550 et
2647 5497 2866 5552 Severus
2891 5499 3069 5552 traditi
3089 5503 3207 5549 sunt
3232 5492 3300 5544 ad
3319 5490 3510 5545 studia.

2476 5628 2825 5672 SCIIOLASTICA
2863 5630 3104 5669 SEPTIMA.
3128 5677 3133 5682 δ

2070 5716 2123 5773 Si
2150 5725 2304 5770 nauta
2330 5718 2581 5773 secundis
2605 5719 2814 5772 ﬂatibus
2845 5719 3067 5770 feliciter
3092 5715 3290 5771 humidi
3319 5717 3581 5776 directum

2001 5810 2188 5866 transit
2215 5810 2421 5864 itineris
2448 5831 2458 5865 :
2486 5813 2532 5866 si
2565 5813 2875 5866 bellatorem
2909 5813 3054 5868 ducit
3082 5829 3363 5869 successus
3396 5818 3582 5872 melior

1998 5903 2062 5961 ad
2094 5903 2418 5975 triumphum
2451 5921 2462 5958 :
2495 5905 2539 5961 si
2572 5919 2666 5978 per
2699 5904 2997 5963 rhetoricos
3034 5922 3253 5978 campos
3286 5911 3580 5971 litterarum
