4192 6260
617 375 723 437 287

1780 384 2055 447 ENNODII
2092 386 2398 449 EPISCOPI
2435 391 2814 453 TICINENSIS

3775 402 3885 463 288

618 495 771 551 miles
797 496 991 565 judicis
1017 497 1077 552 ﬁt
1104 497 1282 554 favore
1308 497 1592 554 sublimior
1634 517 1646 553 :
1692 509 1935 558 nostrum
1975 512 2057 558 est
2100 504 2196 557 ho-
2220 504 2275 565 Δ
2299 520 2387 560 res
2425 509 2702 574 secundae,
2737 508 2953 579 quando
2995 518 3448 582 propugnatorum
3492 523 3791 571 vestrorum
3826 528 3885 575 et

620 584 809 640 dierno
848 588 934 642 die
980 592 1264 643 momentis
1306 590 1521 658 paribus
1559 592 1790 662 gaudere
1831 594 1897 648 de
1942 595 2198 651 themate.

620 678 756 743 Quid
782 680 907 732 mihi
950 690 1031 735 est
1059 696 1177 735 Clllll
1208 683 1403 751 ingenii
1438 684 1541 738 mei
1573 686 1835 755 publicata
1863 696 1919 741 et
1947 687 2200 756 degeneri

624 772 976 839 paupertate?
1018 786 1143 827 ecce
1169 771 1235 826 de
1271 786 1534 843 susceptae
1565 776 1813 831 dictionis
1853 793 2028 833 messe
2065 779 2202 834 dite-
2250 852 2261 863 .

621 862 821 918 scimus
859 865 1094 933 jucunda
1143 876 1314 933 sorte,
1362 870 1573 937 quando
1621 872 1904 926 relatorem
1949 873 2202 927 meritum

620 951 897 1006 relationis
944 954 1266 1021 amplificat,
1302 966 1349 1010 et
1383 966 1617 1012 actorem
1649 974 1809 1014 causa
1837 963 2197 1017 commendat.

621 1043 722 1099 Ubi
764 1052 846 1099 est
872 1060 1058 1114 pavor,
1089 1048 1306 1117 quinos
1352 1050 1449 1105 sibi
1493 1062 1707 1121 propter
1751 1055 2035 1124 imperitia:
2074 1070 2203 1111 con-

620 1135 899 1189 scientiam
945 1135 1291 1206 subjugabat?
1334 1140 1420 1193 ubi
1452 1140 1642 1196 frontis
1676 1144 1979 1212 trepidatio,
2018 1161 2116 1200 usu
2148 1155 2204 1201 et

619 1228 1001 1283 exercitatione
1048 1229 1328 1297 fragilior?
1376 1232 1739 1290 obliviscimur
1782 1237 1957 1293 meriti
2002 1240 2197 1305 nostri,

620 1318 745 1370 dum
773 1317 1072 1372 claritatem
1106 1318 1372 1387 loquimttr
1410 1322 1587 1377 alieni.
1631 1324 1779 1380 Nunc
1810 1325 2067 1380 discimus
2108 1341 2203 1397 po-
2248 1356 2255 1361 -

619 1414 796 1460 tentes
832 1418 886 1461 et
921 1410 1054 1461 alios
1096 1423 1234 1469 esse,
1272 1425 1368 1465 vos
1401 1412 1610 1478 facere,
1654 1418 1868 1485 quando
1899 1426 2100 1471 tantum
2147 1430 2204 1474 et

618 1495 757 1550 fama
804 1497 994 1552 nobilis
1041 1497 1132 1551 dat
1177 1504 1428 1567 praeconi.
1481 1505 1621 1558 Nihil
1663 1508 1944 1562 mihicum
1985 1510 2198 1566 dubiis:

619 1588 871 1656 Splendor
899 1588 1180 1643 laudantes
1214 1591 1476 1646 illuminat
1507 1613 1519 1646 :
1550 1604 1604 1649 et
1632 1597 1915 1653 immersos
1945 1600 2197 1666 tenebris,

617 1677 662 1729 si
688 1677 805 1744 ejus
836 1679 1198 1743 meminerint,
1228 1682 1307 1734 sol
1337 1683 1584 1740 recludit.
1619 1686 1720 1739 Sed
1750 1702 1933 1742 rursus
1961 1688 2203 1744 hilaritas

612 1765 849 1835 jungitur
877 1783 997 1821 cum
1028 1782 1252 1837 pavore,
1287 1780 1341 1825 et
1374 1772 1431 1826 fit
1458 1777 1601 1829 socia
1636 1778 2005 1833 exsultationis
2036 1782 2201 1850 trepi-

613 1857 779 1912 datio.
810 1858 1031 1926 Quando
1054 1861 1224 1929 impar
1249 1862 1301 1916 in
1332 1865 1577 1930 modicis,
1602 1868 1798 1921 sufficit
1823 1869 1874 1922 in
1898 1872 2198 1939 supremis?

613 1953 747 2008 Nam
794 1955 884 2021 qui
933 1956 1306 2012 claritudinem
1352 1974 1457 2013 non
1508 1960 1631 2031 styli
1674 1961 1792 2015 luce
1835 1962 2194 2029 commendat,

613 2044 891 2100 obnubilat
942 2063 954 2099 :
1002 2056 1057 2102 et
1099 2049 1241 2103 sicut
1287 2052 1501 2121 ingenio
1551 2052 1901 2109 facundorum
1951 2067 2198 2113 crescunt

612 2133 842 2200 modica,
896 2137 965 2190 ita
1013 2138 1255 2194 siccitate
1306 2140 1725 2198 devenustantur
1752 2145 2109 2213 amplissima;
2142 2157 2197 2203 et

610 2224 713 2279 nisi
740 2227 1015 2281 azstimatis
1044 2229 1245 2285 viribus
1268 2233 1599 2301 aggrediaris
1627 2236 1915 2303 sarcinam,
1944 2238 2192 2307 subjace-

608 2315 713 2370 bis.
761 2315 895 2371 Ecce
928 2317 1169 2373 Paterius
1203 2331 1256 2375 et
1290 2323 1519 2376 Severus
1556 2334 1869 2379 ornamenta
1904 2327 2195 2393 curulium,

609 2411 663 2458 et
692 2406 965 2473 parentiva
998 2408 1255 2463 vocabula
1288 2424 1670 2479 purpurarum,
1694 2415 2053 2470 eruditionem
2084 2417 2193 2471 ori-

606 2493 865 2561 ginarinm
899 2494 949 2547 in
994 2496 1122 2565 ipsis
1154 2500 1278 2551 vita:
1310 2501 1688 2567 praestolamur
1725 2504 1962 2559 exordiis
1992 2522 2006 2559 :
2039 2504 2192 2560 dedi-

607 2596 832 2656 gnantes
861 2603 965 2643 non
998 2590 1298 2645 studiorum
1328 2590 1657 2661 diligentiam
1688 2608 1809 2647 cum
1839 2609 2031 2660 sapore
2061 2595 2193 2652 hau—

605 2677 716 2731 rire
758 2677 914 2743 lucis,
961 2695 1097 2748 quos
1142 2680 1448 2736 indiscretis
1489 2683 1814 2751 temporibus
1860 2683 1953 2740 Dei
2002 2695 2191 2742 natura

604 2764 828 2821 donavit
856 2778 908 2823 et
935 2768 1147 2824 litteris.
1200 2771 1302 2825 Pro
1340 2773 1553 2841 quibus,
1601 2774 1725 2843 quid
1768 2784 2046 2845 parentum
2090 2778 2188 2834 de-

602 2866 758 2912 cora.
801 2856 925 2925 quid
966 2857 1191 2926 insignia
1236 2868 1447 2916 vetusta
1488 2877 1625 2916 novo
1670 2865 1938 2919 mentibus
1987 2866 2189 2922 relator

602 2942 917 2998 insinuem?
962 2947 1202 3002 Levnbor
1242 2947 1345 3003 hoc
1391 2964 1574 3015 onere,
1629 2951 1671 3005 si
1723 2952 1891 3007 fastos
1932 2970 2028 3023 pro
2076 2972 2183 3024 me,

600 3035 834 3103 auditor,
868 3037 1166 3109 interroges
1198 3054 1212 3093 :
1246 3054 1451 3095 meeum
1483 3041 1657 3110 campi
1687 3042 1943 3097 solemnis
1972 3043 2061 3098 illa
2092 3060 2187 3099 vo-

599 3123 861 3194 ciferatio,
896 3145 1102 3184 mecum
1133 3129 1391 3185 Severum
1422 3140 1478 3185 et
1499 3131 1767 3187 Pateriqu
1799 3143 1853 3188 et
1876 3135 1997 3189 aula
2027 3151 2186 3192 vene-

600 3224 749 3270 ratur
775 3227 829 3271 et
863 3219 1008 3273 curia
1041 3236 1054 3271 :
1086 3234 1310 3287 quorum
1340 3222 1582 3289 quamvis
1613 3221 1812 3275 familia
1844 3224 2039 3278 meruit
2080 3226 2185 3279 sci-

599 3302 786 3371 piones
831 3314 883 3359 et
930 3307 1165 3372 trabeas;
1206 3310 1442 3377 seposita
1485 3316 1663 3364 tamen
1702 3311 1769 3364 ad
1809 3321 2018 3382 tempus
2059 3314 2184 3370 dote

599 3393 895 3459 sanguinis,
930 3395 1069 3462 quod
1101 3409 1352 3447 occasum
1398 3411 1495 3465 per
1542 3398 1828 3467 dignitates
1862 3411 1916 3455 et
1945 3413 2065 3472 po~t
2098 3420 2183 3461 se-

599 3480 781 3546 pulcra
828 3482 1093 3547 nesciunt,
1143 3482 1383 3537 moribus
1431 3498 1741 3554 exegerunt.
1789 3489 2034 3559 Mentior,
2082 3494 2183 3550 nisi

597 3570 769 3624 vivit‘
801 3573 1039 3625 l’aterios
1070 3574 1120 3626 in
1154 3573 1405 3642 opinione
1426 3574 1724 3640 doctorum,
1752 3588 1805 3633 et
1831 3594 2051 3648 pereunt
2074 3598 2182 3639 tere

597 3658 879 3725 formatus,
909 3662 1051 3716 illam
1082 3664 1404 3733 eloquentiae
1442 3665 1631 3733 palmis
1661 3668 1892 3723 nobilem
1926 3672 2064 3726 inter
2092 3688 2183 3741 pe-

596 3751 728 3807 ritos
777 3764 1062 3822 praesentat
1109 3755 1364 3824 effigiem.
1427 3758 1623 3812 florum
1676 3762 1958 3830 prosapies
2005 3764 2181 3822 adhuc

596 3846 811 3916 quidem
851 3863 1034 3917 parva,
1075 3849 1184 3919 jam
1228 3851 1481 3913 maxima,
1525 3864 1789 3921 gemmata
1837 3855 2180 3924 pubescentis

594 3938 799 3993 ﬂosculi
831 3956 924 3993 ora
957 3940 1268 4009 praeferens,
1292 3943 1437 3995 vocis
1464 3944 1765 4010 praesidium
1788 3946 1929 4013 quod
1960 3945 2182 4000 exhibe-

594 4029 693 4095 bit,
722 4031 993 4100 implorat,
1016 4032 1117 4085 hoc
1144 4032 1289 4085 taciti
1312 4048 1541 4101 poscens
1564 4034 1880 4102 allegatione
1901 4036 2176 4104 colloquii.

593 4120 781 4176 Juvate
803 4123 1069 4190 parvulos,
1098 4138 1232 4191 quos
1259 4124 1519 4178 habebitis
1544 4126 1728 4193 patria:
1752 4140 1871 4179 mox
1898 4138 2175 4195 parentes:

592 4210 882 4280 impendite
911 4212 1155 4282 prtesidia
1183 4212 1576 4280 defensoribus,
1611 4224 1666 4269 et
1694 4226 1929 4286 pugnate
1968 4233 2063 4287 pro
2103 4230 2177 4275 te-

592 4302 758 4365 neris,
789 4318 854 4356 ne
883 4304 1201 4359 maturiores
1232 4321 1346 4359 aevo
1374 4307 1787 4362 succumbamus
1826 4325 1920 4378 pro
1960 4312 2178 4366 univer-

590 4391 748 4446 sitate
779 4392 1056 4447 bellantes.
1092 4394 1250 4449 Scitis
1275 4410 1393 4466 qua:
1421 4394 1613 4449 domus
1640 4412 1738 4465 pro
1766 4399 2003 4468 generali
2037 4402 2179 4456 cala-

589 4482 775 4537 mitate
800 4484 1043 4549 desudet,
1069 4487 1152 4541 cui
1181 4486 1438 4541 debeatur
1466 4502 1561 4556 pro
1588 4492 1858 4544 communi
1890 4495 2177 4551 securitate

588 4576 758 4630 litatio
792 4594 803 4627 :
838 4592 867 4631 a
897 4593 997 4647 qua
1039 4578 1251 4633 fluxerit
1293 4579 1432 4648 quod
1466 4579 1606 4634 inter
1648 4581 1872 4635 adversa
1914 4584 2050 4653 inter
2081 4600 2175 4639 vos

587 4665 817 4720 civilitas
849 4683 952 4721 non
984 4668 1213 4722 vacillat.
1254 4668 1422 4722 Debet
1453 4669 1605 4722 vobis
1631 4672 1781 4739 origo
1809 4682 1989 4724 nostra
2031 4672 2169 4730 hanc

587 4756 920 4812 tributariam
971 4758 1326 4822 iunctionem,
1372 4767 1428 4812 ut
1480 4773 1695 4828 semper
1739 4760 1936 4815 nutriat
1982 4764 2168 4829 patria:

586 4859 699 4897 sum
741 4849 855 4900 sine
893 4848 1291 4903 inteimissione
1320 4848 1588 4903 custodes.
1628 4850 1765 4919 Ergo
1795 4850 1839 4903 si
1881 4860 2004 4905 nota
2044 4865 2168 4909 sunt

587 4933 738 4985 vobis
763 4933 899 4987 bona
927 4938 1181 5004 germinis
1224 4939 1413 5002 nostri,
1455 4938 1736 4992 inserenda
1768 4941 2036 5008 suggerite
2065 4956 2078 4994 :
2109 4951 2167 4998 ut

586 5026 727 5092 quod
754 5025 883 5078 nitet
905 5026 954 5080 iu
979 5029 1201 5093 semine,
1227 5030 1436 5084 cultura
1459 5031 1698 5086 melioret
1723 5049 1735 5083 :
1762 5031 1955 5085 habeat
1977 5047 2164 5102 ccspcs

584 5112 752 5168 radici
800 5115 1174 5171 obsecundans
1220 5134 1405 5188 poma,
1451 5137 1569 5191 qua:
1616 5122 1829 5175 tribuat.
1878 5122 1992 5175 Non
2037 5135 2163 5181 sunt

585 5205 891 5275 peregrina,
942 5223 1046 5261 non
1088 5207 1305 5279 fugitiva
1340 5227 1460 5281 quae
1506 5213 1793 5282 poscimus.
1838 5212 1892 5267 Si
1930 5212 2073 5268 Eleis
2109 5228 2162 5270 et

582 5306 873 5378 Olympicis
902 5308 1235 5364 conflictibus
1261 5313 1489 5366 nutritur
1517 5312 1735 5367 eculeus
1765 5310 1831 5365 de
1852 5315 2162 5381 parentibus

580 5411 900 5475 aestimatus,
933 5427 1030 5466 nos
1068 5412 1241 5467 adhuc
1280 5416 1666 5483 proficientium
1706 5423 2007 5470 creatorum
2039 5432 2158 5470 mu-

580 5512 792 5565 ttiamur
817 5512 1095 5583 exemplis.
1138 5512 1294 5567 Vobis
1319 5522 1520 5567 tantum
1554 5514 1894 5582 prathuerunt
1919 5515 2158 5584 obsequii

692 5654 824 5708 Vivit
846 5654 1100 5725 Pateriusl
1132 5652 1364 5710 Petronii
1389 5653 1601 5725 Maximi
1631 5670 1663 5707 ιι
1692 5654 1924 5709 consulis
1955 5654 2152 5723 collega

580 5736 719 5776 anno
746 5726 853 5780 44:!
882 5738 929 5779 et
959 5724 1435 5783 anteronsnlatum
1468 5724 1748 5795 prmfectus
1780 5728 2060 5793 prmtorio,
2098 5733 2155 5778 ut

583 5801 805 5876 testatur
850 5796 1204 5853 Valentiniani
1258 5803 1394 5866 Aug.
1423 5796 1746 5876 novella_ad
1787 5812 1918 5876 .eutn
1965 5797 2148 5876 inissa.

582 5863 853 5921 Ennodius
888 5882 1080 5922 {creant
1116 5863 1596 5938 quoquc'statnarn
1630 5866 1888 5923 doctrinae
1934 5866 2150 5921 nomine

2304 594 2563 652 adolescit
2599 599 2901 667 posteritas,
2954 609 3010 655 et
3046 600 3222 656 adhuc
3268 602 3432 672 patris
3470 604 3665 675 avique
3718 607 3885 665 tutela

2306 701 2410 741 non
2455 688 2651 742 deficit.
2726 692 2867 761 Ergo
2922 693 3006 749 his
3053 696 3284 752 stimulis
3329 698 3638 770 incitatum,
3696 702 3886 761 doctor

2305 778 2654 846 venerabilis,
2696 783 2908 852 suscipe
2953 784 3326 842 universorum
3354 803 3514 845 voces
3549 791 3881 861 afferentem,

2305 871 2361 918 et
2385 866 2622 921 elevatus
2645 870 3078 929 consideratione
3106 878 3281 930 meriti
3308 893 3491 946 parem
3517 888 3571 935 te
3596 883 3885 941 multorum

2306 953 2473 1009 forma
2501 961 2781 1015 sententiae
2816 979 2828 1014 :
2874 962 3052 1020 labora
3090 976 3143 1020 ut
3180 969 3403 1024 munitio
3428 982 3610 1026 nostra
3644 981 3695 1029 te
3727 978 3889 1030 susti-
3956 975 3963 1041 ζ

2304 1061 2469 1107 nente
2505 1054 2789 1124 solidetur,
2816 1068 2870 1113 et
2898 1074 2967 1115 ne
3004 1060 3219 1118 inimica
3247 1065 3473 1120 arietum
3503 1069 3685 1123 vincat
3713 1069 3889 1140 impu-

2304 1144 2515 1209 guatio,
2556 1151 2612 1197 tu
2648 1147 2816 1201 muris
2850 1150 3036 1217 patria:
3070 1152 3370 1209 studiorum
3412 1170 3561 1212 arma
3597 1161 3883 1232 conjunge.

2305 1234 2515 1293 Scimus
2561 1255 2787 1309 quorum
2818 1243 2913 1298 tibi
2957 1245 3170 1303 soboles
3216 1251 3597 1317 committatur,
3644 1262 3701 1307 ut
3741 1256 3885 1325 quod

2305 1345 2493 1393 natura
2533 1341 2765 1396 validum
2810 1345 3044 1414 peperit,
3092 1344 3356 1401 eonfortet
3398 1346 3677 1401 industria.
3726 1346 3886 1403 Ducis

2305 1433 2427 1499 erit,
2457 1451 2564 1492 non
2606 1440 2850 1510 originis,
2880 1443 2923 1496 si
2955 1442 3023 1497 de
3049 1443 3150 1497 viri
3196 1442 3348 1498 fortis
3388 1444 3557 1513 stirpe
3583 1442 3759 1498 editus
3789 1442 3885 1496 ha-

2304 1525 2428 1583 beat
2456 1530 2597 1587 inter
2617 1532 2756 1589 bella
2781 1536 3142 1592 formidinem.
3166 1536 3370 1592 Suliicit
3396 1546 3450 1593 te
3472 1540 3551 1592 sic
3578 1537 3883 1595 instruetio-
3960 1568 3965 1573 ι

2304 1618 2387 1673 nis
2414 1629 2518 1676 tuae
2540 1625 2735 1680 sudore
2756 1641 3022 1691 crescere,
3049 1638 3108 1682 ut
3132 1637 3424 1697 praesentes
3445 1643 3639 1699 pueros
3660 1627 3883 1682 formam

2304 1719 2548 1768 veterum
2579 1715 2741 1771 facias
2770 1717 3035 1774 obtinere.
3068 1718 3174 1774 Sed
3203 1718 3352 1775 dicas
3381 1718 3608 1774 forsitan
3637 1736 3650 1772 :
3678 1718 3804 1773 licet
3831 1726 3883 1773 te

2305 1807 2570 1876 professio
2599 1812 2833 1868 sanctior
2862 1824 3067 1884 urgeat,
3102 1830 3189 1870 me
3218 1816 3269 1870 in
3298 1815 3415 1870 istis
3439 1829 3545 1870 non
3571 1812 3734 1868 habet
3755 1825 3882 1866 cura

2228 1878 2280 1940 Β
2305 1910 2655 1969 postremum.
2694 1903 2806 1974 Ego
2833 1878 2955 1959 sum
2994 1878 3081 1963 cui
3110 1906 3376 1963 Paterium
3423 1907 3591 1962 filium
3628 1914 3800 1961 mater
3829 1912 3882 1959 et

2302 1994 2454 2064 virgo
2489 1998 2628 2050 sacri
2668 1997 2826 2053 fontis
2856 1998 3009 2055 alvus
3045 1999 3232 2055 effudit
3266 2019 3276 2052 :
3308 2015 3408 2069 ego
3448 2000 3502 2053 in
3544 1999 3736 2053 animae
3765 1996 3882 2065 ejus

2301 2086 2533 2141 secunda
2558 2089 2833 2144 nativitate
2862 2100 2952 2145 aut
2981 2092 3311 2146 recreatione
3340 2105 3457 2147 sum
3479 2089 3685 2160 genitor
3710 2104 3725 2141 :
3750 2099 3881 2156 ergo

2301 2176 2586 2244 peculiaris
2610 2177 2925 2233 eruditionis
2954 2182 3070 2248 ejus
3093 2195 3179 2234 me
3204 2180 3437 2249 provisio
3465 2177 3707 2249 respicit,
3731 2173 3881 2244 cujus

2299 2273 2453 2332 pater
2480 2274 2534 2319 et
2558 2264 2697 2322 inter
2719 2267 2959 2323 coelestia
2988 2285 3107 2324 sum
3131 2280 3371 2326 vocatus.

2892 2356 3116 2413 DICTIO
3155 2357 3294 2413 XIV.

2476 2440 2547 2496 In
2573 2442 2814 2516 legatum,
2842 2446 2929 2517 qui
2959 2448 3180 2517 patriam
3206 2448 3432 2502 hostibus
3455 2446 3697 2517 prodidit.

2780 2551 3174 2592 CONTROVEBSIA
3212 2553 3392 2592 PRIIA.

2369 2620 2424 2676 Si
2450 2623 2799 2680 excellentius
2822 2627 3026 2681 crimen
3051 2635 3155 2694 est,
3184 2626 3325 2696 quod
3351 2612 3509 2695 digna
3533 2625 3880 2683 veneratione

2295 2726 2524 2782 persona
2552 2718 2901 2786 commiserit,
2931 2720 3158 2784 habetis,
3177 2719 3407 2789 iudices,
3439 2720 3490 2773 in
3521 2734 3630 2775 uno
3660 2719 3878 2777 homine

2291 2807 2400 2863 duo
2439 2808 2821 2877 diversissima,
2868 2820 2923 2867 et
2960 2812 3247 2881 proditoris
3286 2815 3565 2879 meritum,
3602 2822 3658 2869 et
3699 2829 3877 2870 sacra-

2292 2909 2533 2955 mentum
2582 2901 2762 2971 legati.
2807 2903 2912 2959 Sed
2960 2905 3190 2960 vincitur
3232 2907 3287 2961 in
3333 2905 3464 2976 ipsis
3491 2922 3593 2962 vox
3622 2916 3876 2978 superata

2289 2990 2639 3055 primordiis:
2671 2991 2878 3048 facinus
2926 2994 3019 3049 vix
3063 2995 3257 3065 credo,
3301 2997 3442 3067 quod
3486 3012 3651 3066 arguo
3690 3012 3706 3052 :
3752 3001 3874 3068 quis

2288 3081 2516 3135 aestimet
2552 3082 2604 3135 in
2636 3083 2898 3138 vocabulo
2925 3084 3243 3154 integritatis
3272 3096 3697 3142 consummatam
3728 3089 3874 3144 ceci-

2288 3168 2435 3224 disse
2478 3170 2777 3239 perfidiam.
2822 3171 3076 3242 Cogimur
3112 3173 3320 3238 dicere,
3360 3176 3481 3245 quia
3518 3176 3591 3231 nil
3632 3177 3754 3232 mali
3779 3186 3874 3233 aut

2209 3252 2258 3317 C
2289 3261 2529 3329 proditor
2571 3270 2791 3327 metuat,
2840 3272 2934 3317 aut
2973 3278 3131 3318 verus
3170 3264 3376 3334 legatus
3418 3266 3683 3321 admittat.
3732 3266 3872 3335 Quid

2289 3353 2618 3406 accusationi
2644 3367 2776 3406 mete
2804 3368 2903 3423 pro
2929 3353 3235 3409 innocentia
3262 3370 3457 3410 nomen
3488 3357 3751 3426 opponis?
3792 3352 3873 3412 in;

2287 3453 2600 3512 sequentem
2645 3458 2832 3514 posses
2875 3445 3137 3514 effugere,
3183 3447 3227 3500 si
3276 3461 3425 3501 esses
3461 3446 3687 3502 meritus
3731 3447 3872 3518 quod

2286 3533 2518 3587 vocaris.
2545 3532 2713 3587 Nemo
2741 3534 2951 3588 cautius
2978 3536 3149 3590 malus
3174 3544 3259 3591 est
3283 3551 3441 3607 quam
3469 3541 3559 3608 qui
3588 3538 3871 3595 abscondi-

2286 3632 2369 3678 tur
2413 3625 2512 3679 sub
2549 3625 2909 3694 appellatioue
2951 3628 3206 3695 pietatis:
3247 3638 3418 3684 tutum
3455 3640 3536 3685 est
3576 3631 3870 3701 iniquitatis

2285 3714 2622 3778 exercitium,
2660 3714 2803 3784 quod
2833 3715 3131 3771 honestatis
3160 3721 3354 3789 tegitur
3395 3719 3727 3775 indumento.
3767 3722 3871 3776 Fa-

2285 3813 2459 3857 cessat
2514 3804 2843 3874 propositum
2904 3808 3188 3878 praestigiis
3247 3810 3423 3879 potius
3471 3824 3628 3879 quam
3681 3821 3869 3867 mente

2285 3904 2531 3947 constare
2563 3908 2577 3945 :
2607 3906 2858 3949 enervata
2899 3896 3145 3953 defensio
3182 3910 3287 3967 est,
3328 3916 3447 3971 quae
3483 3901 3608 3955 nudi
3642 3901 3867 3959 honoris

2284 3981 2470 4036 nititur
2499 3982 2629 4037 nihil
2658 3983 2883 4038 valitura
2914 3986 3243 4042 testimonio.
3275 3988 3341 4044 Ut
3371 3990 3651 4044 nocentior
3678 3998 3867 4048 contra

2286 4073 2509 4139 patriam
2550 4072 2828 4141 cxisteres,
2858 4073 3004 4127 viam
3036 4074 3127 4132 tibi
3166 4078 3387 4133 consilia
3422 4090 3606 4135 nostra
3644 4096 3865 4152 pepere-

2283 4174 2407 4218 runt
2437 4181 2451 4218 :
2484 4180 2581 4219 nos
2616 4167 2843 4237 egimus,
2874 4175 2934 4221 ut
2967 4167 3155 4224 fortior
3190 4169 3377 4242 hostis,
3405 4172 3532 4228 dum
3561 4188 3864 4245 propugna-

2286 4263 2454 4309 torem
2499 4258 2807 4324 quaerimus,
2856 4272 3189 4327 appareres:
3228 4275 3334 4315 non
3379 4263 3701 4318 sentiremus
3742 4281 3863 4336 quas

2284 4346 2527 4416 irrogasti
2580 4340 3208 4418 patrite'inimicitiarum
3256 4354 3514 4424 pondera,
3561 4357 3663 4412 nisi
3715 4373 3861 4414 sum-

2281 4439 2513 4505 psissent
2541 4439 2609 4493 ah
2635 4439 2990 4497 amicitiarum
3016 4443 3274 4512 religione
3302 4446 3639 4517 principium.
3671 4448 3861 4506 Exter-

2281 4526 2364 4579 nis
2389 4528 2711 4581 adversariis
2736 4529 2852 4583 sine
2882 4529 3063 4586 labore
3086 4533 3503 4603 congredimur:
3536 4536 3739 4594 inerme
3764 4554 3859 4609 pe-

2202 4625 2252 4686 ι)
2277 4624 2394 4669 ctus
2423 4615 2646 4681 invenit,
2670 4616 2762 4687 qui
2789 4616 2855 4672 de
2880 4620 3063 4689 gratiae
3084 4620 3238 4693 fruge
3262 4623 3315 4677 in
3341 4623 3588 4679 affectum
3612 4642 3858 4695 prorum-

2278 4708 2353 4774 pit
2393 4707 2592 4761 inimici
2624 4724 2636 4759 :
2668 4710 2877 4780 egimus
2921 4710 3137 4765 foederis
3178 4722 3439 4784 tempore,
3467 4726 3524 4770 ut
3552 4719 3856 4787 generalem

2273 4794 2674 4864 adversarium,
2722 4799 2847 4867 quid
2888 4810 3135 4869 gravaret
3177 4803 3435 4872 patriam,
3485 4820 3592 4860 non
3641 4807 3853 4865 lateret.

2276 4884 2377 4939 Iste
2405 4887 2571 4956 enim,
2600 4888 2932 4956 cognitorum
2963 4889 3400 4961 splendidissimi,
3425 4895 3472 4950 si
3499 4896 3855 4969 negligentius

2273 4975 2325 5029 in
2356 4988 2606 5047 suscepto
2645 4977 2858 5034 functus
2888 4980 3087 5049 officio,
3122 4999 3215 5054 per
3243 4986 3406 5041 animi
3438 4988 3651 5043 taedium
3678 4992 3854 5047 socio-

2271 5081 2389 5120 rnm
2432 5068 2729 5123 commodis
2776 5071 3083 5139 institisset,
3133 5075 3357 5143 capitale
3401 5088 3702 5132 mereri-tur
3737 5083 3852 5135 exi-

2271 5161 2400 5215 tiutn
2435 5180 2446 5213 :
2476 5162 2631 5231 quale
2671 5171 2753 5216 est
2784 5165 3091 5219 enuntiasse
3118 5165 3362 5221 hostibus
3397 5168 3606 5222 interna
3636 5173 3845 5238 patriae,

2269 5269 2365 5322 pro
2408 5254 2597 5322 quibus
2639 5260 2875 5308 certasse
2913 5254 3249 5324 sacrilegium
3297 5256 3433 5311 fuit?
3481 5257 3671 5327 quibus
3721 5275 3848 5315 sunt

2268 5343 2526 5412 expianda
2577 5341 2889 5409 tortoribus,
2931 5343 3142 5412 quando
3185 5344 3313 5400 illud
3350 5345 3667 5415 perdideris.
3702 5352 3845 5417 quod

2267 5431 2415 5485 nefas
2451 5439 2534 5485 est
2573 5445 2678 5484 non
2705 5431 2941 5497 iuvisse?
2977 5434 3190 5502 quantis
3224 5435 3464 5490 colorum
3494 5436 3845 5496 varietatibus

2265 5532 2318 5576 et
2342 5522 2639 5576 urbanitate
2668 5521 2846 5576 lethali
2877 5522 2945 5577 ad
2971 5522 3072 5578 hoc
3107 5524 3391 5595 perductus
3425 5527 3745 5606 aestimatur,
3788 5542 3845 5586 ut

2261 5654 2472 5708 Paterio
2507 5653 2733 5723 positam
2776 5652 2940 5708 fuisse
2980 5661 3274 5723 signthcat,
3318 5657 3371 5712 in
3418 5657 3537 5715 foro
3582 5674 3836 5717 mmtrum

2258 5724 2507 5794 Trajano,
2532 5724 2620 5778 ubi
2649 5738 2765 5778 mos
2789 5732 2924 5788 erat,
2949 5724 3200 5782 Sidonius
3223 5743 3238 5780 :

2506 5831 2641 5895 Ulpia
2663 5830 2791 5895 quod
2817 5832 2982 5883 rutilat
3002 5836 3213 5897 porticus
3235 5848 3336 5888 aere
3360 5850 3471 5889 meo
