4192 6260
1706 421 2081 485 DICTIONES.

3395 430 3500 490 290

229 546 383 617 legati
410 557 696 616 personam
726 551 1004 614 putaretur
1035 540 1293 612 implere?
1327 538 1474 595 Solet
1498 538 1667 593 virtus
1695 553 1816 608 quae
1842 542 1898 599 Α
1923 554 2023 610 pus
2052 539 2243 595 afﬂixit
2273 557 2286 594 :
2320 549 2585 609 postrema
2616 550 2697 596 est
2728 541 2783 595 in
2821 541 3093 597 novercali
3126 530 3505 608 indignatione

232 638 411 693 innata
447 649 553 690 non
600 636 778 699 fuerit,
828 650 957 689 cura
1003 642 1058 689 et
1102 632 1441 688 nutrimentis
1484 629 1707 695 institui,
1762 638 1816 685 et

230 727 457 782 transire
500 727 552 780 in
592 725 873 791 affectum,
912 724 1052 795 quod
1089 723 1281 779 feceris
1315 723 1493 778 studio
1530 722 1811 777 falsitatis:

229 834 319 873 usu
387 818 688 872 honestatis
750 817 915 873 robur
972 816 1308 886 adipiscitur,
1349 817 1436 886 qui
1479 816 1675 870 bonum
1717 816 1818 870 sub

228 905 579 962 diuturnitate
604 908 880 961 mentitur.
910 905 1165 961 Servasse
1193 905 1369 960 adhuc
1391 906 1817 964 benevolentiam

228 1000 547 1068 captiosam,
574 998 679 1052 nisi
708 998 1037 1067 inspexisses
1062 996 1288 1052 laedendi
1317 996 1821 1065 callem‘legationis

228 1090 381 1146 clave
420 1096 751 1146 reseratum.
802 1088 933 1143 Tale
967 1096 1072 1155 est,
1115 1102 1179 1142 ac
1207 1088 1252 1142 si
1279 1089 1435 1156 aegris
1464 1087 1564 1141 sub
1591 1086 1818 1141 febrium

228 1180 526 1253 iactatione
583 1178 961 1248 languentibus
1011 1177 1273 1233 allaturus
1320 1177 1544 1231 salutem
1607 1185 1824 1231 curator

231 1268 514 1334 adveniat,
547 1278 602 1325 et
633 1269 865 1323 animam
907 1270 960 1322 in
993 1269 1356 1339 penetralibus
1383 1268 1495 1323 suis
1524 1267 1625 1321 sub
1657 1268 1825 1321 medi-

233 1360 388 1416 cinali
416 1361 612 1429 ;5pecie
649 1360 969 1415 exclusurus
1015 1359 1251 1429 inquirat
1283 1377 1295 1412 :
1333 1361 1485 1428 quis,
1516 1373 1669 1427 rogo,
1702 1357 1825 1413 huic

233 1465 336 1507 non
364 1450 567 1519 pandat
590 1460 797 1505 secreta
820 1450 1083 1513 vitalium.
1105 1460 1159 1505 et
1190 1450 1242 1504 in
1270 1449 1465 1519 quibus
1492 1448 1667 1503 adhuc
1695 1450 1827 1504 locis

235 1544 381 1612 vigor
420 1542 701 1605 subsistat,
742 1541 1060 1597 annuntiet?
1101 1541 1270 1596 facilis
1305 1539 1677 1609 exstinguendi
1726 1540 1829 1595 mi-

236 1634 497 1688 nistratur
525 1630 741 1687 occasio
767 1631 844 1685 illi
869 1645 898 1684 a
919 1646 1027 1700 quo
1053 1632 1255 1685 sanitas
1284 1629 1602 1699 postulatur.
1628 1628 1719 1684 Sic
1752 1637 1826 1696 te,

237 1728 599 1798 impurissime
630 1726 930 1791 hominum,
971 1724 1231 1780 adversus
1262 1739 1361 1780 nos
1396 1723 1708 1778 intimorum
1744 1739 1831 1779 re-

239 1822 509 1878 seratione
558 1819 904 1874 munivimus.
952 1817 1030 1871 Ex
1072 1827 1251 1871 vestro
1289 1831 1456 1881 nunc,
1496 1816 1827 1883 cognitores,

1921 632 2071 686 necis
2097 630 2395 686 exsecutio.
2421 630 2621 685 Vellem
2650 631 2704 684 in
2737 632 3097 694 accusatione,
3121 630 3352 699 judices,
3384 622 3506 684 diu-

1923 721 2031 774 tius
2078 721 2387 786 immorari,
2446 720 2544 773 nisi
2598 720 2910 775 facinorosa:
2967 735 3180 789 pmnam
3243 720 3505 789 prolixior

1928 808 2111 878 lingua
2151 809 2410 864 differret.
2436 808 2690 864 Nolumus
2718 824 2850 879 quas
2887 810 3154 878 peroranti
3192 808 3505 874 conceditis,

1923 911 1983 953 ut
2016 900 2309 955 addicenda
2348 900 2402 954 in
2446 901 2565 955 luce
2609 909 2877 955 mereatur
2918 902 3175 955 inducias.
3211 901 3505 968 Quotiens,

1924 990 2309 1044 scelestissima
2338 990 2689 1057 feminarum,
2721 990 2961 1045 subdolis
3008 992 3303 1061 privignum
3333 989 3509 1045 fovisti

1925 1082 2296 1150 complexibus
2334 1092 2557 1136 matrem
2587 1082 2851 1136 tnentita?
2877 1081 3124 1150 quotiens
3151 1081 3381 1134 innoxiis
3418 1094 3515 1147 po-

1929 1173 2165 1227 tionibus
2213 1172 2398 1241 egisti,
2442 1181 2498 1225 ut
2542 1171 2609 1226 de
2665 1187 2825 1225 manu
2871 1181 2959 1226 tua
3011 1180 3234 1226 mortem
3287 1185 3510 1225 securus

1932 1264 2489 1334 acciperet?Captata
2536 1264 2673 1331 sitis,
2709 1272 3003 1332 tempuset
3056 1262 3271 1317 bibendi
3327 1276 3511 1317 neces-

1934 1357 2148 1410 sitatem
2175 1355 2314 1411 forte
2340 1364 2398 1409 ut
2420 1355 2576 1409 citius
2604 1354 2803 1409 letbum
2848 1356 3171 1424 porrigeres,
3199 1355 3455 1410 exorabat
3494 1371 3511 1411 :

1929 1446 2164 1501 habuisti
2212 1445 2579 1500 misericordis
2619 1445 2921 1513 opinionem
2962 1445 3187 1513 privigni
3229 1444 3511 1499 desideriis

1932 1538 2329 1607 obsequendo:
2373 1538 2622 1607 quotiens
2676 1546 2908 1591 matrum
2976 1535 3092 1591 loca
3145 1536 3397 1600 tenuisti,
3454 1548 3514 1589 ut

1933 1644 2220 1684 novercam
2277 1631 2441 1684 tutius
2497 1628 2819 1685 exhiberes?
2860 1629 3040 1694 Solet,
3082 1627 3341 1683 libertatis
3382 1642 3515 1696 prm-

1932 1721 2099 1787 sules,
2115 1723 2167 1775 in
2191 1721 2454 1789 conjugali
2475 1720 2744 1775 consortio
2767 1719 2924 1774 unius
2942 1720 3140 1774 sobolis
3161 1728 3220 1774 ut
3236 1732 3517 1774 commune

1933 1812 2127 1882 pignus
2176 1812 2415 1877 attendi,
2453 1812 2578 1866 dum
2628 1810 2838 1866 affectio
2882 1826 3041 1879 quam
3090 1821 3240 1880 pater
3287 1810 3518 1866 obtinuit

239 1911 436 1982 pendet
464 1904 727 1974 arbitrio,
778 1904 825 1963 si
855 1902 945 1977 qui
974 1906 1207 1975 peccatis
1237 1906 1364 1961 vicit
1392 1904 1692 1971 universos,
1721 1919 1830 1959 non
1860 1912 1915 1976 Β
1939 1905 2131 1961 transit
2167 1905 2235 1960 ad
2270 1905 2434 1959 filium
2477 1924 2489 1957 :
2536 1904 2921 1959 decedentibus
2958 1904 3239 1969 matronis,
3281 1904 3518 1958 virorum

243 2002 396 2059 debet
424 2016 618 2057 omnes
648 2013 771 2055 reos
800 2013 1058 2068 superare
1088 1998 1386 2067 suppliciis.
1442 1996 1752 2051 Nascituras
1778 1997 1834 2051 in

242 2101 513 2163 posterum
550 2096 733 2161 culpas
762 2086 986 2144 incidite
1019 2102 1036 2140 ε
1067 2088 1277 2144 eveniet
1307 2104 1370 2143 ex
1413 2088 1570 2142 unius
1595 2088 1837 2144 cruciatu

246 2184 609 2255 generalitatis
662 2180 989 2237 emendatio.
1051 2180 1233 2235 Genus
1283 2177 1499 2248 pietatis
1541 2188 1643 2243 est,
1695 2178 1837 2232 circa

249 2273 451 2330 hostem
508 2272 696 2346 patriae
740 2285 863 2326 esse
902 2268 1236 2335 districtum,
1297 2282 1367 2322 ne
1420 2266 1547 2322 dum
1596 2281 1841 2335 persons:

248 2365 492 2437 parcitis.
522 2361 593 2420 ad
619 2363 1015 2419 incrementum
1052 2359 1180 2413 vitia
1224 2356 1541 2428 provocetis.

869 2470 1095 2528 DICTIO
1118 2470 1233 2525 XV.

253 2601 314 2659 In
345 2616 639 2665 novercam,
669 2613 784 2668 qua:
826 2611 939 2649 cum
968 2596 1169 2668 Amat-ito
1213 2591 1432 2660 privigni
1470 2589 1590 2668 odia
1628 2589 1843 2643 suadere
1868 2575 1880 2590 ’

508 2661 808 2741 ηοηῴὸδδει
827 2707 841 2730 ,
875 2664 1104 2734 utrisque
1129 2678 1318 2716 venena
1346 2661 1591 2731 porrexit.

711 2781 1107 2825 CONTROVERSIA
1128 2778 1386 2820 SECUNDA.

331 2877 535 2942 Adest,
558 2874 777 2944 judices,
811 2884 1039 2926 noverca
1064 2909 1078 2932 ,
1123 2881 1242 2937 quae
1271 2875 1329 2919 ut
1357 2861 1648 2919 satisfaciat
1674 2860 1834 2929 odiis,

264 2988 374 3028 non
406 2970 577 3040 parcit
608 2966 887 3022 affectibus
922 2981 933 3015 :
964 2978 1120 3032 quam
1154 2976 1221 3015 ne
1253 2958 1528 3029 privignus
1554 2954 1841 3021 evaderet,

258 3064 417 3134 elegit
444 3062 673 3117 miscere
703 3058 821 3128 ejus
851 3053 1061 3111 casibus
1084 3093 1098 3116 ,
1128 3066 1287 3121 quem
1317 3049 1510 3103 dilexit
1543 3064 1555 3099 :
1589 3061 1707 3116 quae
1738 3059 1843 3098 sae-

260 3156 603 3211 vissimarum
646 3165 797 3206 more
836 3147 1164 3209 belluarum,
1203 3141 1271 3196 de
1310 3139 1550 3194 confusis
1584 3135 1847 3190 mortibus

262 3258 517 3305 tesseram
553 3244 710 3309 fecit,
734 3241 923 3311 dignos
955 3236 1089 3291 lethi
1123 3233 1259 3289 forte
1300 3229 1594 3294 aestimans,
1618 3227 1846 3311 quicun-

265 3352 363 3407 que
412 3350 536 3391 cum
576 3310 810 3388 inimico,
846 3328 992 3382 illius
1044 3334 1268 3395 potuere
1324 3310 1624 3374 trucidari.’
1659 3317 1849 3385 Ruptis

265 3431 532 3501 repagulis
563 3425 774 3496 accepit
812 3423 960 3478 furor
990 3420 1106 3490 ejus
1147 3414 1498 3477 exercitium,
1532 3410 1685 3481 quasi
1730 3411 1850 3464 neci

268 3500 580 3592 deputatum
613 3518 883 3588 perimens
918 3508 1178 3583 quidquid
1219 3504 1476 3562 occurrit.
1507 3500 1857 3557 Generalitati

272 3613 566 3685 perniciosa
604 3624 725 3665 esse
764 3606 1097 3672 desiderans,
1136 3601 1240 3656 nisi
1286 3598 1611 3654 defecissent
1645 3593 1854 3660 toxica,

276 3706 447 3761 adhuc
474 3705 549 3758 ira
583 3700 861 3758 crescebat
894 3716 907 3750 :
940 3698 1129 3750 hausta
1155 3701 1282 3748 sunt
1316 3706 1344 3743 a
1375 3690 1582 3744 duobus
1617 3701 1856 3753 venena,

274 3812 391 3867 qua:
430 3795 629 3864 reperit
668 3811 681 3846 :
722 3790 862 3860 quod
910 3790 963 3842 in
1009 3785 1239 3840 aliorum
1297 3790 1605 3836 servaretur
1659 3777 1849 3844 exitio,

273 3904 374 3944 non
401 3886 683 3942 remansit.
710 3882 852 3937 Heu!
879 3874 1332 3949 quemadmodum
1364 3871 1567 3941 gemuit
1595 3868 1864 3925 defectum

285 3982 497 4051 poculi,
524 3993 647 4033 cum
682 3976 940 4030 cadavera
985 3985 1154 4041 pauca
1185 3965 1558 4036 conspiceret,
1594 3962 1865 4030 indignata

288 4075 382 4130 sibi
428 4072 573 4143 quod
621 4072 687 4125 de
736 4070 946 4123 funesto
973 4066 1179 4135 liquore
1216 4061 1333 4131 plus
1387 4057 1672 4120 defunctis,
1707 4068 1867 4124 quam

280 4166 414 4238 quod
448 4164 754 4226 occideret,
783 4160 947 4215 dedit.
972 4154 1229 4225 Quaesivit
1256 4152 1323 4207 de
1351 4151 1737 4207 exstincturum
1763 4148 1871 4200 vis—

281 4259 490 4315 ceribus
508 4255 740 4327 pretium
759 4252 947 4307 mortis
968 4248 1181 4312 alienae,
1200 4246 1244 4299 si
1262 4244 1521 4308 licuisset,
1538 4238 1869 4302 abstrahere;

287 4364 343 4407 ut
372 4350 619 4421 plurimis
642 4362 736 4416 per
760 4354 937 4416 guttas
967 4343 1070 4397 fata
1095 4339 1459 4407 dispergeret,
1488 4344 1546 4387 ut
1573 4330 1873 4385 animarum

286 4442 580 4514 penetralia
611 4439 757 4493 virus
785 4435 967 4491 nobile
1002 4432 1321 4502 possideret.
1355 4427 1496 4482 Ante
1537 4422 1879 4493 experimen-

286 4511 396 4589 tum
421 4531 758 4603 perniciosus
771 4521 1349 4583 effundcliaturhumor
1372 4518 1425 4571 in
1452 4515 1729 4585 poculum:
1756 4511 1883 4566 fecit

292 4641 403 4680 eam
431 4622 563 4693 quid
590 4620 938 4691 perdidisset,
960 4626 1271 4685 agnoscere,
1300 4620 1574 4677 pos1quam
1605 4608 1673 4661 de
1708 4605 1882 4660 succis

293 4715 687 4773 abundantibus
718 4723 914 4781 paucos
946 4706 1226 4762 exstinxit.
1258 4702 1483 4759 Ubinam
1516 4698 1753 4769 gentium
1782 4696 1883 4751 fuit

297 4812 505 4866 animus
527 4805 822 4874 conjugalis
843 4796 1169 4869 diligentiae?
1194 4793 1281 4848 ubi
1305 4788 1563 4846 maritalis
1582 4801 1888 4842 sacramen-

298 4912 406 4957 tum
426 4898 671 4970 copulte?
693 4896 821 4949 Plus
846 4893 951 4963 egit
976 4886 1224 4961 privigni,
1245 4898 1403 4954 quam
1426 4882 1531 4937 tori
1557 4877 1886 4936 recordatio:

303 4994 428 5049 dum
476 4969 797 5045 immanitati
837 4982 1171 5051 obsequitur,
1205 4976 1468 5044 eﬂ'ugatus
1495 4979 1579 5026 est
1607 4969 1706 5023 viri
1750 4982 1891 5037 prae-

302 5085 472 5140 sentis
512 5080 735 5135 allectus
766 5095 780 5131 :
813 5073 1040 5130 credidit
1070 5072 1124 5124 in
1168 5077 1487 5137 quocunque
1525 5062 1738 5115 vivente
1776 5058 1891 5127 pri-

305 5178 449 5249 vigni
505 5185 789 5230 remanere
830 5181 991 5238 posse
1047 5159 1421 5218 substantiam.
1473 5154 1671 5209 Lucem
1728 5149 1898 5205 voluit

308 5243 525 5338 profana
547 5262 897 5327 confundere,
919 5253 1200 5312 etliumani
1216 5247 1429 5321 generis
1447 5258 1676 5300 messem
1696 5243 1897 5296 mundo

309 5334 521 5417 labente
574 5355 777 5413 succidi
820 5371 844 5407 :-
873 5347 1133 5422 quidquid
1191 5345 1243 5399 in
1299 5354 1547 5396 occasum
1605 5335 1781 5405 potuit
1818 5334 1899 5388 ire

312 5454 650 5525 praecipitans
688 5450 926 5503 veternis
982 5440 1139 5496 Erebi
1192 5436 1401 5506 legibus
1456 5431 1597 5487 diem
1656 5439 1898 5483 nostrum

312 5523 532 5619 cupiens
565 5544 825 5600 scelerata
860 5538 1179 5594 submittere
1216 5551 1228 5584 :
1262 5547 1331 5586 ne
1358 5529 1504 5584 illam
1538 5526 1623 5581 vel
1659 5530 1781 5593 post
1818 5523 1902 5576 in-

312 5615 463 5694 ferna
493 5637 715 5692 odiosus
731 5632 1040 5702 inspiceret.
1064 5622 1289 5693 Quantis
1313 5619 1567 5691 gradibus
1588 5626 1641 5672 et
1664 5615 1905 5686 profectu

312 5730 582 5786 scelerum
612 5726 679 5782 ad
703 5737 910 5781 venena
950 5714 1265 5777 descendit?
1289 5714 1389 5768 Diu
1420 5711 1643 5766 exitium
1669 5707 1902 5772 distulit,

311 5820 461 5893 quod
505 5817 793 5890 aliquando
821 5816 872 5870 in
907 5808 1186 5868 tormentis
1215 5807 1511 5862 constituto
1542 5799 1763 5871 ingessit
1790 5799 1909 5853 vice

316 5918 589 5982 beneficii.
621 5919 763 5975 Ante
792 5909 994 5982 ﬂagris,
1028 5906 1193 5975 fame,
1224 5900 1425 5974 frigore
1452 5896 1755 5967 inimicum,
1782 5907 1906 5953 cor-

1939 1997 2307 2067 providentia,
2337 1996 2461 2051 dum
2505 1996 2569 2050 ad
2598 1996 2927 2051 educandam
2971 1996 3336 2064 pOStcritatem
3368 2009 3520 2049 cura-

1939 2105 2057 2146 rum
2085 2089 2373 2158 participes
2394 2098 2665 2158 quaerunt,
2681 2088 2759 2142 sic
2780 2087 3343 2142 novercas‘inveniunt.
3366 2084 3521 2155 Saepe

1943 2193 2124 2239 tamen
2152 2182 2253 2238 sub
2283 2183 2384 2237 hoc
2425 2181 2684 2237 vocabulo
2727 2192 2897 2236 mater
2940 2180 3181 2249 accedit,
3213 2196 3277 2233 eo
3316 2180 3523 2234 cautior

1944 2277 2083 2330 circa
2114 2290 2333 2345 germen
2376 2275 2631 2339 alienum,
2664 2289 2768 2343 quo
2799 2272 3082 2328 sollicitius
3126 2285 3316 2326 nomen
3358 2270 3523 2339 tragi-

1945 2384 2068 2424 cum
2112 2370 2226 2423 vult
2278 2368 2514 2422 vincere.
2566 2366 2891 2421 Geuitricem
2942 2365 3111 2418 munit
3148 2362 3429 2429 securitas,
3472 2370 3524 2416 et

1944 2468 2337 2516 sacramentum
2358 2458 2591 2514 nominis
2618 2456 2694 2512 sui
2727 2474 2739 2510 :
2772 2471 2889 2525 quae
2923 2456 3083 2510 etiam
3107 2452 3526 2508 misericorditer

1947 2542 2249 2609 creduntur.
2282 2552 2458 2606 irasci.
2498 2551 2733 2613 Vestras,
2781 2548 3039 2614 infausta,
3082 2545 3366 2601 blanditias
3406 2544 3527 2614 jure

1949 2646 2272 2715 respuimus,
2303 2643 2494 2713 quibus
2539 2658 2636 2712 per
2676 2643 2857 2697 fucum
2899 2640 3116 2695 malitiae
3162 2638 3372 2693 interna
3434 2652 3527 2692 ve-

1949 2739 2112 2797 stitis.
2140 2737 2434 2798 Erubesco,
2476 2735 2781 2803 c0gnitores
2830 2731 3182 2796 sanctissimi,
3221 2730 3528 2784 damnatam

1951 2832 2158 2887 meritis
2184 2831 2299 2885 suis
2323 2830 2575 2884 diuturna
2613 2825 3007 2894 impugnatione
3047 2832 3347 2879 sustentare
3376 2841 3387 2876 :
3421 2837 3528 2877 non

1953 2935 2035 2980 est
2077 2936 2276 2991 anceps
2321 2919 2623 2984 sententia,
2656 2931 2811 2984 quam
2856 2914 3040 2969 labore
3078 2914 3366 2983 suspendo.
3418 2911 3529 2967 Uti-

1955 3032 2078 3071 nam
2121 3012 2408 3084 exquisitis
2454 3011 2714 3079 etl‘ugctur
2772 3008 2841 3061 de
2889 3007 3009 3062 luce
3069 3004 3428 3067 cruciatibus,
3479 3011 3531 3057 et

1954 3108 2113 3164 lentis
2142 3115 2286 3162 secta
2314 3102 2623 3157 vulneribus
2643 3098 2846 3154 existat
2868 3105 3140 3166 superstes
3165 3094 3376 3162 corpori
3402 3092 3529 3146 suo!

1954 3216 2059 3255 non
2093 3215 2198 3254 uno
2238 3207 2480 3265 tempore
2508 3194 2575 3247 de
2593 3191 2819 3262 propriis
2864 3188 3078 3244 sedibus
3104 3200 3305 3243 nocens
3356 3187 3533 3241 anima

1877 3279 1926 3344 Ο
1958 3292 2202 3346 vellatur.
2235 3288 2292 3342 ln
2320 3286 2567 3341 affectum
2595 3281 2866 3337 reducitur
2903 3279 3125 3350 puritas,
3154 3278 3400 3347 quotiens
3445 3291 3535 3347 ge-

1958 3382 2255 3439 neralitatis
2276 3379 2459 3434 oculos
2488 3374 2795 3445 expiaveris
2824 3387 2986 3428 cruce
3010 3370 3320 3425 noxiorum.

2553 3485 2778 3543 DlCTlO
2821 3485 2963 3540 XVI.

1964 3578 2027 3631 In
2073 3593 2185 3631 eum
2220 3575 2308 3646 qui
2349 3570 2545 3645 pm’mii
2586 3569 2793 3691 nomini
2822 3565 3024 3691 cristatis
3066 3564 3277 3636 virginis
3322 3564 3532 3635 nuptias

2616 3648 2768 3691 pastu
2792 3654 2851 3691 av
2875 3646 2913 3691 ι.

2616 3646 2913 3710 postulavit.

2435 3756 2836 3801 CONTBOVERSIA
2865 3755 3077 3794 TERTIA.

2040 3842 2290 3903 Creditis,
2301 3838 2527 3908 judices,
2546 3852 2638 3905 per
2655 3835 2796 3888 hunc
2823 3831 3061 3886 victoriis
3082 3829 3311 3884 lamenta
3327 3825 3547 3887 misceri

1970 3947 2022 3992 et
2046 3933 2435 4003 triumphorum
2458 3942 2706 3999 saporem
2732 3925 3074 3994 disciplicere
3097 3922 3163 3977 de
3186 3921 3549 3992 prmmio?2es-

1972 4029 2172 4083 timatis
2204 4024 2401 4081 offendi
2432 4023 2564 4078 deos
2591 4022 2644 4074 in
2675 4018 2864 4074 effectu
2914 4030 3093 4072 rerum
3113 4057 3128 4082 ,
3158 4025 3213 4070 et
3265 4014 3451 4069 deduci
3492 4011 3553 4072 ad

1974 4121 2342 4193 pmnitenliam
2367 4116 2606 4180 numina,
2621 4129 2740 4183 quae
2758 4119 2885 4166 vota
2904 4108 3194 4180 juverunt?
3216 4106 3556 4163 Adesthomo

1975 4214 2355 4284 nequissimus,
2386 4208 2477 4278 qui
2519 4220 2736 4276 gemere
2767 4218 2862 4258 nos
2902 4203 3147 4271 imperat,
3174 4198 3316 4269 quod
3369 4196 3556 4267 patria:

1980 4317 2179 4363 nostra:
2201 4305 2332 4359 vicit
2363 4301 2611 4355 inimicos
2637 4316 2647 4350 :
2672 4296 2762 4367 qui
2787 4293 3171 4350 consummatis
3188 4290 3413 4361 praeliis,
3439 4289 3563 4346 dum

1982 4400 2181 4454 laboris
2206 4395 2434 4466 pretium
2478 4391 2678 4460 flagitat
2703 4429 2717 4454 ,
2763 4397 2818 4442 et
2843 4388 3024 4441 hostes
3050 4396 3103 4440 et
3129 4384 3265 4439 bella
3293 4394 3565 4436 commen~

1983 4491 2078 4548 dat
2111 4510 2124 4545 :
2155 4490 2243 4559 qui
2290 4486 2550 4544 exhausta
2574 4489 2723 4551 putat
2759 4479 2961 4534 laboris
2988 4492 3106 4533 esse
3156 4474 3429 4543 suffragia,
3466 4470 3568 4530 nisi

1990 4577 2549 4654 qumiratiscoelicolis
2570 4575 2917 4632 conferuntur
2934 4591 2946 4627 :
2964 4579 3023 4625 ut
3051 4569 3219 4639 possit
3241 4566 3429 4620 civitas
3455 4564 3571 4632 ejus

1910 4661 1965 4723 D
1992 4680 2237 4752 perdere,
2263 4675 2406 4747 quod
2430 4688 2523 4743 per
2544 4671 2719 4741 ipsum
2743 4666 2977 4722 creditur
3009 4659 3323 4731 acquisisse.
3342 4654 3574 4712 Confudit

1991 4750 2205 4846 genium
2230 4766 2506 4823 bellatoris
2530 4763 2687 4832 pictis
2710 4757 2905 4814 tabulis
2941 4764 2997 4810 et
3023 4750 3339 4822 imaginibus
3364 4765 3470 4804 non
3494 4756 3576 4803 te-

1993 4841 2112 4921 neri
2137 4883 2151 4930 ;
2176 4877 2275 4917 nec
2303 4858 2526 4929 requirit
2551 4864 2605 4909 ut
2634 4860 2879 4909 servetur
2906 4846 3117 4902 smculis
3144 4858 3252 4898 aere
3282 4841 3539 4896 formatus
3562 4844 3580 4894 :'

1995 4955 2111 5011 sola
2169 4952 2421 5023 opinatur
2477 4959 2596 5003 esse
2663 4940 2877 5012 gaudia,
2916 4936 3110 5007 quibus
3163 4933 3341 4989 evenit
3389 4942 3581 4985 munus

1999 5046 2268 5105 adulterii.
2320 5044 2379 5099 Si
2415 5043 2478 5095 ad
2522 5040 2623 5094 hoc
2657 5047 2707 5090 te
2735 5031 2948 5088 casibus
2978 5027 3255 5093 obtulisti,
3282 5034 3340 5078 ut
3370 5039 3468 5093 pro
3496 5038 3583 5077 su-

2004 5146 2137 5198 dore
2175 5151 2267 5194 tuo
2312 5132 2574 5191 nominari
2608 5127 2802 5197 pudeat
2846 5122 2987 5193 quod
3040 5118 3293 5191 requiris,
3334 5130 3432 5170 nos
3478 5127 3587 5168 non
3666 5122 3669 5125 ‘

2007 5247 2292 5309 possumus
2343 5226 2534 5283 scortis
2583 5222 2782 5277 debere
2834 5215 2976 5285 quod
3022 5214 3274 5269 vicimus.
3320 5209 3459 5308 Non.
3491 5217 3588 5309 pro

2007 5294 2192 5385 amore
2221 5323 2357 5379 bella
2389 5314 2633 5391 gessisti,
2660 5311 2747 5381 qui
2778 5318 2901 5381 post
2921 5304 3257 5362 adversarios
3283 5304 3339 5354 in
3360 5294 3589 5353 civitatis

2010 5420 2188 5477 medio
2223 5430 2345 5471 cum
2393 5387 2596 5482 pudore
2625 5401 2972 5475 congrederis
3006 5417 3021 5454 :
3054 5398 3168 5453 sine
3203 5405 3362 5482 causa
3407 5387 3591 5482 hostes

2014 5509 2301 5581 depulisti,
2330 5474 2422 5575 qui
2457 5516 2645 5557 eorum
2679 5474 2889 5552 vicibus
2924 5488 3163 5557 iungeris
3204 5484 3255 5581 in
3299 5474 3593 5581 triumpho.

2018 5566 2309 5662 Habuimus
2356 5605 2552 5652 statum
2592 5589 2888 5647 honestatis
2936 5573 3342 5644 Iiberum,dum
3380 5566 3593 5623 casibus

2016 5698 2355 5768 subj-acernus
2390 5710 2401 5744 :
2447 5686 2700 5760 fugienda
2720 5691 2805 5739 est
2834 5667 3318 5768 virorum-fortium
3342 5661 3591 5768 fclicitas,

2016 5755 2134 5863 per'
2153 5768 2313 5860 quam
2361 5755 2636 5853 jungiinur
2676 5772 2905 5831 miseriis
2945 5763 3303 5863 subditorum.
3348 5755 3596 5863 Etenim:

2016 5851 2188 5944 curiae
2209 5851 2439 5949 lumina,
2464 5851 2559 5947 per
2585 5865 2842 5932 minutias
2860 5860 3126 5925 scelerum
3150 5855 3292 5914 hunc
3316 5851 3597 5926 opinamur
3668 5896 3677 5902 .
