  <div class='ocr_page' id='page_1' title='image "/cluster/home/n/w/nwhite01/storage/ocr_20150623/63/hvd.32044073498792/151.png"; bbox 0 0 4192 6260; ppageno 0'>
   <div class='ocr_carea' id='block_1_1' title="bbox 584 297 689 357">
    <p class='ocr_par' dir='ltr' id='par_1_1' title="bbox 584 297 689 357">
     <span class='ocr_line' id='line_1_1' title="bbox 584 297 689 357; baseline 0.019 -2"><span class='ocrx_word' id='word_1_1' title='bbox 584 297 689 357; x_wconf 66' lang='grc'><strong>991</strong></span> 
     </span>
    </p>
   </div>
   <div class='ocr_carea' id='block_1_2' title="bbox 1715 295 2753 357">
    <p class='ocr_par' dir='ltr' id='par_1_2' title="bbox 1715 295 2753 357">
     <span class='ocr_line' id='line_1_2' title="bbox 1715 295 2753 357; baseline 0.002 -3"><span class='ocrx_word' id='word_1_2' title='bbox 1715 295 1989 354; x_wconf 81' lang='lat' dir='ltr'><strong>ENNODII</strong></span> <span class='ocrx_word' id='word_1_3' title='bbox 2029 295 2331 353; x_wconf 78' lang='lat' dir='ltr'><strong>EPISCOPI</strong></span> <span class='ocrx_word' id='word_1_4' title='bbox 2374 296 2753 357; x_wconf 82' lang='lat' dir='ltr'><strong>TICINENSIS</strong></span> 
     </span>
    </p>
   </div>
   <div class='ocr_carea' id='block_1_3' title="bbox 3768 291 3870 348">
    <p class='ocr_par' dir='ltr' id='par_1_3' title="bbox 3768 291 3870 348">
     <span class='ocr_line' id='line_1_3' title="bbox 3768 291 3870 348; baseline 0.029 -3"><span class='ocrx_word' id='word_1_5' title='bbox 3768 291 3870 348; x_wconf 68' lang='lat'><strong>‘29!</strong></span> 
     </span>
    </p>
   </div>
   <div class='ocr_carea' id='block_1_4' title="bbox 590 408 3873 492">
    <p class='ocr_par' dir='ltr' id='par_1_4' title="bbox 590 408 3873 492">
     <span class='ocr_line' id='line_1_4' title="bbox 590 408 3873 492; baseline 0.002 -22"><span class='ocrx_word' id='word_1_6' title='bbox 590 416 655 470; x_wconf 86' lang='lat' dir='ltr'><strong>ad</strong></span> <span class='ocrx_word' id='word_1_7' title='bbox 681 415 927 469; x_wconf 81' lang='lat' dir='ltr'><strong>immania</strong></span> <span class='ocrx_word' id='word_1_8' title='bbox 956 421 1080 469; x_wconf 92' lang='lat' dir='ltr'><strong>vota</strong></span> <span class='ocrx_word' id='word_1_9' title='bbox 1108 414 1465 486; x_wconf 90' lang='lat' dir='ltr'><strong>perductum?</strong></span> <span class='ocrx_word' id='word_1_10' title='bbox 1489 414 1703 483; x_wconf 77' lang='lat' dir='ltr'><strong>quantis</strong></span> <span class='ocrx_word' id='word_1_11' title='bbox 1732 414 1986 483; x_wconf 81' lang='lat' dir='ltr'><strong>gradibus</strong></span> <span class='ocrx_word' id='word_1_12' title='bbox 2026 429 2183 469; x_wconf 77' lang='lat' dir='ltr'><strong>exer-</strong></span> <span class='ocrx_word' id='word_1_13' title='bbox 2212 408 2261 477; x_wconf 71' lang='grc' dir='ltr'><strong>Α</strong></span> <span class='ocrx_word' id='word_1_14' title='bbox 2289 412 2429 471; x_wconf 90' lang='lat' dir='ltr'><strong>inter</strong></span> <span class='ocrx_word' id='word_1_15' title='bbox 2455 417 2680 473; x_wconf 86' lang='lat' dir='ltr'><strong>adversa</strong></span> <span class='ocrx_word' id='word_1_16' title='bbox 2724 418 3032 474; x_wconf 81' lang='lat' dir='ltr'><strong>constitutis</strong></span> <span class='ocrx_word' id='word_1_17' title='bbox 3062 434 3077 474; x_wconf 90' lang='lat'><strong>:</strong></span> <span class='ocrx_word' id='word_1_18' title='bbox 3111 435 3332 477; x_wconf 89' lang='lat' dir='ltr'><strong>necesse</strong></span> <span class='ocrx_word' id='word_1_19' title='bbox 3367 430 3451 476; x_wconf 88' lang='lat' dir='ltr'><strong>est</strong></span> <span class='ocrx_word' id='word_1_20' title='bbox 3492 424 3664 492; x_wconf 84' lang='lat' dir='ltr'><strong>optari</strong></span> <span class='ocrx_word' id='word_1_21' title='bbox 3683 462 3699 488; x_wconf 96' lang='lat'><strong>,</strong></span> <span class='ocrx_word' id='word_1_22' title='bbox 3727 418 3873 491; x_wconf 76' lang='lat' dir='ltr'><strong>quod</strong></span> 
     </span>
    </p>
   </div>
   <div class='ocr_carea' id='block_1_5' title="bbox 590 506 2179 577">
    <p class='ocr_par' dir='ltr' id='par_1_5' title="bbox 590 506 2179 577">
     <span class='ocr_line' id='line_1_5' title="bbox 590 506 2179 577; baseline -0.001 -14"><span class='ocrx_word' id='word_1_23' title='bbox 590 510 807 563; x_wconf 91' lang='lat' dir='ltr'><strong>citatum</strong></span> <span class='ocrx_word' id='word_1_24' title='bbox 839 507 1041 563; x_wconf 82' lang='lat' dir='ltr'><strong>facinus</strong></span> <span class='ocrx_word' id='word_1_25' title='bbox 1070 508 1398 577; x_wconf 90' lang='lat' dir='ltr'><strong>pervenitad</strong></span> <span class='ocrx_word' id='word_1_26' title='bbox 1428 507 1527 561; x_wconf 91' lang='lat' dir='ltr'><strong>hoc</strong></span> <span class='ocrx_word' id='word_1_27' title='bbox 1546 517 1603 561; x_wconf 91' lang='lat' dir='ltr'><strong>ut</strong></span> <span class='ocrx_word' id='word_1_28' title='bbox 1627 508 1754 561; x_wconf 89' lang='lat' dir='ltr'><strong>vitia</strong></span> <span class='ocrx_word' id='word_1_29' title='bbox 1779 506 2023 561; x_wconf 82' lang='lat' dir='ltr'><strong>laudibus</strong></span> <span class='ocrx_word' id='word_1_30' title='bbox 2038 522 2179 561; x_wconf 89' lang='lat' dir='ltr'><strong>mer-</strong></span> 
     </span>
    </p>
   </div>
   <div class='ocr_carea' id='block_1_6' title="bbox 589 601 2177 666">
    <p class='ocr_par' dir='ltr' id='par_1_6' title="bbox 589 601 2177 666">
     <span class='ocr_line' id='line_1_6' title="bbox 589 601 2177 666; baseline -0.003 -9"><span class='ocrx_word' id='word_1_31' title='bbox 589 603 837 657; x_wconf 88' lang='lat' dir='ltr'><strong>caretur?</strong></span> <span class='ocrx_word' id='word_1_32' title='bbox 880 601 1242 656; x_wconf 85' lang='lat' dir='ltr'><strong>Credebamus</strong></span> <span class='ocrx_word' id='word_1_33' title='bbox 1268 617 1387 653; x_wconf 74' lang='lat' dir='ltr'><strong>cum</strong></span> <span class='ocrx_word' id='word_1_34' title='bbox 1412 644 1425 666; x_wconf 91' lang='lat'><strong>,</strong></span> <span class='ocrx_word' id='word_1_35' title='bbox 1471 602 1596 655; x_wconf 90' lang='lat' dir='ltr'><strong>dum</strong></span> <span class='ocrx_word' id='word_1_36' title='bbox 1629 602 1790 655; x_wconf 87' lang='lat' dir='ltr'><strong>vitam</strong></span> <span class='ocrx_word' id='word_1_37' title='bbox 1831 601 1883 655; x_wconf 90' lang='lat' dir='ltr'><strong>in</strong></span> <span class='ocrx_word' id='word_1_38' title='bbox 1930 601 2177 654; x_wconf 89' lang='lat' dir='ltr'><strong>tentoriis</strong></span> 
     </span>
    </p>
   </div>
   <div class='ocr_carea' id='block_1_7' title="bbox 558 691 2177 764">
    <p class='ocr_par' dir='ltr' id='par_1_7' title="bbox 558 691 2177 764">
     <span class='ocr_line' id='line_1_7' title="bbox 558 691 2177 764; baseline 0 -19"><span class='ocrx_word' id='word_1_39' title='bbox 558 756 559 759; x_wconf 22' lang='grc' dir='ltr'><strong>η</strong></span> <span class='ocrx_word' id='word_1_40' title='bbox 587 704 796 764; x_wconf 92' lang='lat' dir='ltr'><strong>ageret,</strong></span> <span class='ocrx_word' id='word_1_41' title='bbox 814 704 866 748; x_wconf 91' lang='lat' dir='ltr'><strong>et</strong></span> <span class='ocrx_word' id='word_1_42' title='bbox 886 693 954 747; x_wconf 90' lang='lat' dir='ltr'><strong>ad</strong></span> <span class='ocrx_word' id='word_1_43' title='bbox 978 692 1204 762; x_wconf 89' lang='lat' dir='ltr'><strong>insignia</strong></span> <span class='ocrx_word' id='word_1_44' title='bbox 1230 692 1439 746; x_wconf 91' lang='lat' dir='ltr'><strong>roboris</strong></span> <span class='ocrx_word' id='word_1_45' title='bbox 1451 693 1605 747; x_wconf 89' lang='lat' dir='ltr'><strong>duris</strong></span> <span class='ocrx_word' id='word_1_46' title='bbox 1624 706 1819 761; x_wconf 87' lang='lat' dir='ltr'><strong>corpus</strong></span> <span class='ocrx_word' id='word_1_47' title='bbox 1832 691 2177 746; x_wconf 80' lang='lat' dir='ltr'><strong>successibus</strong></span> 
     </span>
    </p>
   </div>
   <div class='ocr_carea' id='block_1_8' title="bbox 586 783 2173 855">
    <p class='ocr_par' dir='ltr' id='par_1_8' title="bbox 586 783 2173 855">
     <span class='ocr_line' id='line_1_8' title="bbox 586 783 2173 855; baseline -0.001 -15"><span class='ocrx_word' id='word_1_48' title='bbox 586 788 868 855; x_wconf 81' lang='lat' dir='ltr'><strong>invitaret,</strong></span> <span class='ocrx_word' id='word_1_49' title='bbox 906 787 1079 842; x_wconf 90' lang='lat' dir='ltr'><strong>civico</strong></span> <span class='ocrx_word' id='word_1_50' title='bbox 1118 802 1304 843; x_wconf 90' lang='lat' dir='ltr'><strong>amore</strong></span> <span class='ocrx_word' id='word_1_51' title='bbox 1350 787 1677 855; x_wconf 85' lang='lat' dir='ltr'><strong>constringi;</strong></span> <span class='ocrx_word' id='word_1_52' title='bbox 1717 796 1774 839; x_wconf 89' lang='lat' dir='ltr'><strong>ut</strong></span> <span class='ocrx_word' id='word_1_53' title='bbox 1815 800 1908 855; x_wconf 92' lang='lat' dir='ltr'><strong>per</strong></span> <span class='ocrx_word' id='word_1_54' title='bbox 1932 783 2173 838; x_wconf 87' lang='lat' dir='ltr'><strong>militiam</strong></span> 
     </span>
    </p>
   </div>
   <div class='ocr_carea' id='block_1_9' title="bbox 584 878 2173 949">
    <p class='ocr_par' dir='ltr' id='par_1_9' title="bbox 584 878 2173 949">
     <span class='ocr_line' id='line_1_9' title="bbox 584 878 2173 949; baseline -0.003 -14"><span class='ocrx_word' id='word_1_55' title='bbox 584 881 732 949; x_wconf 90' lang='lat' dir='ltr'><strong>ejus,</strong></span> <span class='ocrx_word' id='word_1_56' title='bbox 783 895 882 935; x_wconf 91' lang='lat' dir='ltr'><strong>nec</strong></span> <span class='ocrx_word' id='word_1_57' title='bbox 922 879 1228 935; x_wconf 89' lang='lat' dir='ltr'><strong>incendium</strong></span> <span class='ocrx_word' id='word_1_58' title='bbox 1279 881 1449 949; x_wconf 90' lang='lat' dir='ltr'><strong>urbis,</strong></span> <span class='ocrx_word' id='word_1_59' title='bbox 1499 896 1597 935; x_wconf 91' lang='lat' dir='ltr'><strong>nec</strong></span> <span class='ocrx_word' id='word_1_60' title='bbox 1641 894 1827 934; x_wconf 90' lang='lat' dir='ltr'><strong>sacras</strong></span> <span class='ocrx_word' id='word_1_61' title='bbox 1873 878 2173 945; x_wconf 79' lang='lat' dir='ltr'><strong>corruptela</strong></span> 
     </span>
    </p>
   </div>
   <div class='ocr_carea' id='block_1_10' title="bbox 586 971 2167 1046">
    <p class='ocr_par' dir='ltr' id='par_1_10' title="bbox 586 971 2167 1046">
     <span class='ocr_line' id='line_1_10' title="bbox 586 971 2167 1046; baseline 0.001 -23"><span class='ocrx_word' id='word_1_62' title='bbox 586 972 816 1041; x_wconf 80' lang='lat' dir='ltr'><strong>virgines</strong></span> <span class='ocrx_word' id='word_1_63' title='bbox 860 974 1181 1046; x_wconf 76' lang='lat' dir='ltr'><strong>possideret.</strong></span> <span class='ocrx_word' id='word_1_64' title='bbox 1214 973 1319 1029; x_wconf 87' lang='lat' dir='ltr'><strong>Iste</strong></span> <span class='ocrx_word' id='word_1_65' title='bbox 1362 974 1503 1029; x_wconf 90' lang='lat' dir='ltr'><strong>enim</strong></span> <span class='ocrx_word' id='word_1_66' title='bbox 1536 975 1666 1027; x_wconf 90' lang='lat' dir='ltr'><strong>emit</strong></span> <span class='ocrx_word' id='word_1_67' title='bbox 1698 981 1777 1027; x_wconf 93' lang='lat' dir='ltr'><strong>tot</strong></span> <span class='ocrx_word' id='word_1_68' title='bbox 1826 971 2167 1038; x_wconf 85' lang='lat' dir='ltr'><strong>vulneribus,</strong></span> 
     </span>
    </p>
   </div>
   <div class='ocr_carea' id='block_1_11' title="bbox 582 1064 2166 1137">
    <p class='ocr_par' dir='ltr' id='par_1_11' title="bbox 582 1064 2166 1137">
     <span class='ocr_line' id='line_1_11' title="bbox 582 1064 2166 1137; baseline -0.001 -19"><span class='ocrx_word' id='word_1_69' title='bbox 582 1080 653 1119; x_wconf 85' lang='lat' dir='ltr'><strong>ne</strong></span> <span class='ocrx_word' id='word_1_70' title='bbox 681 1065 817 1120; x_wconf 84' lang='lat' dir='ltr'><strong>alter</strong></span> <span class='ocrx_word' id='word_1_71' title='bbox 844 1065 1140 1121; x_wconf 90' lang='lat' dir='ltr'><strong>facinorum</strong></span> <span class='ocrx_word' id='word_1_72' title='bbox 1163 1069 1311 1137; x_wconf 86' lang='lat' dir='ltr'><strong>fruge</strong></span> <span class='ocrx_word' id='word_1_73' title='bbox 1337 1067 1617 1135; x_wconf 85' lang='lat' dir='ltr'><strong>potiretur.</strong></span> <span class='ocrx_word' id='word_1_74' title='bbox 1644 1066 1780 1132; x_wconf 78' lang='lat' dir='ltr'><strong>Quid</strong></span> <span class='ocrx_word' id='word_1_75' title='bbox 1800 1065 1894 1118; x_wconf 89' lang='lat' dir='ltr'><strong>tibi</strong></span> <span class='ocrx_word' id='word_1_76' title='bbox 1918 1064 2166 1131; x_wconf 88' lang='lat' dir='ltr'><strong>debeam,</strong></span> 
     </span>
    </p>
   </div>
   <div class='ocr_carea' id='block_1_12' title="bbox 580 1158 2167 1229">
    <p class='ocr_par' dir='ltr' id='par_1_12' title="bbox 580 1158 2167 1229">
     <span class='ocr_line' id='line_1_12' title="bbox 580 1158 2167 1229; baseline -0.001 -16"><span class='ocrx_word' id='word_1_77' title='bbox 580 1158 952 1215; x_wconf 85' lang='lat' dir='ltr'><strong>crudelissime</strong></span> <span class='ocrx_word' id='word_1_78' title='bbox 973 1160 1271 1226; x_wconf 86' lang='lat' dir='ltr'><strong>hominum,</strong></span> <span class='ocrx_word' id='word_1_79' title='bbox 1285 1161 1440 1214; x_wconf 89' lang='lat' dir='ltr'><strong>datur</strong></span> <span class='ocrx_word' id='word_1_80' title='bbox 1457 1160 1702 1229; x_wconf 83' lang='lat' dir='ltr'><strong>intelligi,</strong></span> <span class='ocrx_word' id='word_1_81' title='bbox 1721 1174 1814 1226; x_wconf 87' lang='lat' dir='ltr'><strong>per</strong></span> <span class='ocrx_word' id='word_1_82' title='bbox 1834 1158 1986 1227; x_wconf 87' lang='lat' dir='ltr'><strong>cujus</strong></span> <span class='ocrx_word' id='word_1_83' title='bbox 2005 1158 2167 1212; x_wconf 89' lang='lat' dir='ltr'><strong>bene-</strong></span> 
     </span>
    </p>
   </div>
   <div class='ocr_carea' id='block_1_13' title="bbox 579 1250 2172 1322">
    <p class='ocr_par' dir='ltr' id='par_1_13' title="bbox 579 1250 2172 1322">
     <span class='ocr_line' id='line_1_13' title="bbox 579 1250 2172 1322; baseline -0.002 -17"><span class='ocrx_word' id='word_1_84' title='bbox 579 1251 698 1308; x_wconf 80' lang='lat' dir='ltr'><strong>ficia</strong></span> <span class='ocrx_word' id='word_1_85' title='bbox 727 1253 965 1322; x_wconf 86' lang='lat' dir='ltr'><strong>superati</strong></span> <span class='ocrx_word' id='word_1_86' title='bbox 997 1252 1198 1308; x_wconf 78' lang='lat' dir='ltr'><strong>exitum</strong></span> <span class='ocrx_word' id='word_1_87' title='bbox 1225 1254 1392 1309; x_wconf 87' lang='lat' dir='ltr'><strong>victor</strong></span> <span class='ocrx_word' id='word_1_88' title='bbox 1413 1252 1729 1321; x_wconf 88' lang='lat' dir='ltr'><strong>ingemisco.</strong></span> <span class='ocrx_word' id='word_1_89' title='bbox 1754 1250 1944 1316; x_wconf 87' lang='lat' dir='ltr'><strong>Dicite,</strong></span> <span class='ocrx_word' id='word_1_90' title='bbox 1973 1263 2172 1318; x_wconf 64' lang='lat' dir='ltr'><strong>praesu-</strong></span> 
     </span>
    </p>
   </div>
   <div class='ocr_carea' id='block_1_14' title="bbox 579 1344 2171 1416">
    <p class='ocr_par' dir='ltr' id='par_1_14' title="bbox 579 1344 2171 1416">
     <span class='ocr_line' id='line_1_14' title="bbox 579 1344 2171 1416; baseline -0.002 -18"><span class='ocrx_word' id='word_1_91' title='bbox 579 1344 657 1399; x_wconf 87' lang='lat' dir='ltr'><strong>les</strong></span> <span class='ocrx_word' id='word_1_92' title='bbox 684 1344 966 1411; x_wconf 86' lang='lat' dir='ltr'><strong>libertatis,</strong></span> <span class='ocrx_word' id='word_1_93' title='bbox 986 1360 1143 1416; x_wconf 92' lang='lat' dir='ltr'><strong>quem</strong></span> <span class='ocrx_word' id='word_1_94' title='bbox 1180 1345 1358 1414; x_wconf 84' lang='lat' dir='ltr'><strong>potius</strong></span> <span class='ocrx_word' id='word_1_95' title='bbox 1393 1344 1674 1400; x_wconf 84' lang='lat' dir='ltr'><strong>habuimus</strong></span> <span class='ocrx_word' id='word_1_96' title='bbox 1702 1344 1790 1412; x_wconf 86' lang='lat' dir='ltr'><strong>qni</strong></span> <span class='ocrx_word' id='word_1_97' title='bbox 1816 1344 2026 1397; x_wconf 91' lang='lat' dir='ltr'><strong>animos</strong></span> <span class='ocrx_word' id='word_1_98' title='bbox 2046 1355 2171 1395; x_wconf 88' lang='lat' dir='ltr'><strong>nos-</strong></span> 
     </span>
    </p>
   </div>
   <div class='ocr_carea' id='block_1_15' title="bbox 578 1433 2170 1507">
    <p class='ocr_par' dir='ltr' id='par_1_15' title="bbox 578 1433 2170 1507">
     <span class='ocr_line' id='line_1_15' title="bbox 578 1433 2170 1507; baseline -0.001 -18"><span class='ocrx_word' id='word_1_99' title='bbox 578 1444 690 1490; x_wconf 88' lang='lat' dir='ltr'><strong>tros</strong></span> <span class='ocrx_word' id='word_1_100' title='bbox 708 1436 965 1505; x_wconf 89' lang='lat' dir='ltr'><strong>possedit,</strong></span> <span class='ocrx_word' id='word_1_101' title='bbox 985 1438 1038 1491; x_wconf 93' lang='lat' dir='ltr'><strong>in</strong></span> <span class='ocrx_word' id='word_1_102' title='bbox 1056 1438 1298 1492; x_wconf 87' lang='lat' dir='ltr'><strong>tubarum</strong></span> <span class='ocrx_word' id='word_1_103' title='bbox 1317 1438 1568 1507; x_wconf 84' lang='lat' dir='ltr'><strong>clangore</strong></span> <span class='ocrx_word' id='word_1_104' title='bbox 1591 1446 1876 1501; x_wconf 87' lang='lat' dir='ltr'><strong>terrorem,</strong></span> <span class='ocrx_word' id='word_1_105' title='bbox 1898 1436 2024 1489; x_wconf 91' lang='lat' dir='ltr'><strong>dum</strong></span> <span class='ocrx_word' id='word_1_106' title='bbox 2042 1433 2170 1489; x_wconf 90' lang='lat' dir='ltr'><strong>ferri</strong></span> 
     </span>
    </p>
   </div>
   <div class='ocr_carea' id='block_1_16' title="bbox 577 1526 2172 1596">
    <p class='ocr_par' dir='ltr' id='par_1_16' title="bbox 577 1526 2172 1596">
     <span class='ocr_line' id='line_1_16' title="bbox 577 1526 2172 1596; baseline -0.001 -15"><span class='ocrx_word' id='word_1_107' title='bbox 577 1540 732 1596; x_wconf 84' lang='lat' dir='ltr'><strong>seges</strong></span> <span class='ocrx_word' id='word_1_108' title='bbox 752 1538 1012 1596; x_wconf 86' lang='lat' dir='ltr'><strong>equorum</strong></span> <span class='ocrx_word' id='word_1_109' title='bbox 1041 1527 1258 1583; x_wconf 86' lang='lat' dir='ltr'><strong>fremitu</strong></span> <span class='ocrx_word' id='word_1_110' title='bbox 1277 1530 1573 1583; x_wconf 84' lang='lat' dir='ltr'><strong>minaretur</strong></span> <span class='ocrx_word' id='word_1_111' title='bbox 1602 1526 1857 1583; x_wconf 78' lang='lat' dir='ltr'><strong>exitium?</strong></span> <span class='ocrx_word' id='word_1_112' title='bbox 1877 1527 2076 1591; x_wconf 81' lang='lat' dir='ltr'><strong>Credo,</strong></span> <span class='ocrx_word' id='word_1_113' title='bbox 2102 1540 2172 1579; x_wconf 90' lang='lat' dir='ltr'><strong>ne</strong></span> 
     </span>
    </p>
   </div>
   <div class='ocr_carea' id='block_1_17' title="bbox 582 1617 2170 1688">
    <p class='ocr_par' dir='ltr' id='par_1_17' title="bbox 582 1617 2170 1688">
     <span class='ocr_line' id='line_1_17' title="bbox 582 1617 2170 1688; baseline 0 -17"><span class='ocrx_word' id='word_1_114' title='bbox 582 1617 753 1673; x_wconf 88' lang='lat' dir='ltr'><strong>libera</strong></span> <span class='ocrx_word' id='word_1_115' title='bbox 783 1624 991 1688; x_wconf 89' lang='lat' dir='ltr'><strong>patrum</strong></span> <span class='ocrx_word' id='word_1_116' title='bbox 1023 1621 1159 1674; x_wconf 85' lang='lat' dir='ltr'><strong>colla</strong></span> <span class='ocrx_word' id='word_1_117' title='bbox 1190 1628 1499 1677; x_wconf 89' lang='lat' dir='ltr'><strong>catenarum</strong></span> <span class='ocrx_word' id='word_1_118' title='bbox 1530 1620 1674 1687; x_wconf 86' lang='lat' dir='ltr'><strong>rigor</strong></span> <span class='ocrx_word' id='word_1_119' title='bbox 1704 1619 2027 1688; x_wconf 86' lang='lat' dir='ltr'><strong>astringeret</strong></span> <span class='ocrx_word' id='word_1_120' title='bbox 2058 1632 2073 1671; x_wconf 88' lang='lat'><strong>:</strong></span> <span class='ocrx_word' id='word_1_121' title='bbox 2102 1632 2170 1671; x_wconf 89' lang='lat' dir='ltr'><strong>ne</strong></span> 
     </span>
    </p>
   </div>
   <div class='ocr_carea' id='block_1_18' title="bbox 578 1708 2166 1779">
    <p class='ocr_par' dir='ltr' id='par_1_18' title="bbox 578 1708 2166 1779">
     <span class='ocr_line' id='line_1_18' title="bbox 578 1708 2166 1779; baseline 0 -16"><span class='ocrx_word' id='word_1_122' title='bbox 578 1708 902 1764; x_wconf 81' lang='lat' dir='ltr'><strong>inviolabilis</strong></span> <span class='ocrx_word' id='word_1_123' title='bbox 925 1712 1182 1769; x_wconf 90' lang='lat' dir='ltr'><strong>matribus</strong></span> <span class='ocrx_word' id='word_1_124' title='bbox 1206 1710 1376 1779; x_wconf 90' lang='lat' dir='ltr'><strong>pudor</strong></span> <span class='ocrx_word' id='word_1_125' title='bbox 1393 1711 1619 1765; x_wconf 84' lang='lat' dir='ltr'><strong>civitatis</strong></span> <span class='ocrx_word' id='word_1_126' title='bbox 1640 1711 1849 1765; x_wconf 84' lang='lat' dir='ltr'><strong>excidio</strong></span> <span class='ocrx_word' id='word_1_127' title='bbox 1866 1709 2166 1779; x_wconf 81' lang='lat' dir='ltr'><strong>deperiret:</strong></span> 
     </span>
    </p>
   </div>
   <div class='ocr_carea' id='block_1_19' title="bbox 2284 511 3875 583">
    <p class='ocr_par' dir='ltr' id='par_1_19' title="bbox 2284 511 3875 583">
     <span class='ocr_line' id='line_1_19' title="bbox 2284 511 3875 583; baseline 0.008 -21"><span class='ocrx_word' id='word_1_128' title='bbox 2284 511 2498 563; x_wconf 90' lang='lat' dir='ltr'><strong>modum</strong></span> <span class='ocrx_word' id='word_1_129' title='bbox 2531 512 2682 579; x_wconf 88' lang='lat' dir='ltr'><strong>ponit</strong></span> <span class='ocrx_word' id='word_1_130' title='bbox 2710 512 3105 567; x_wconf 87' lang='lat' dir='ltr'><strong>amaritudinis.</strong></span> <span class='ocrx_word' id='word_1_131' title='bbox 3134 511 3306 579; x_wconf 85' lang='lat' dir='ltr'><strong>Rogo,</strong></span> <span class='ocrx_word' id='word_1_132' title='bbox 3341 514 3535 583; x_wconf 86' lang='lat' dir='ltr'><strong>quibus</strong></span> <span class='ocrx_word' id='word_1_133' title='bbox 3570 524 3655 568; x_wconf 92' lang='lat' dir='ltr'><strong>est</strong></span> <span class='ocrx_word' id='word_1_134' title='bbox 3681 514 3875 574; x_wconf 78' lang='lat' dir='ltr'><strong>belluis</strong></span> 
     </span>
    </p>
   </div>
   <div class='ocr_carea' id='block_1_20' title="bbox 2280 603 3871 672">
    <p class='ocr_par' dir='ltr' id='par_1_20' title="bbox 2280 603 3871 672">
     <span class='ocr_line' id='line_1_20' title="bbox 2280 603 3871 672; baseline 0.008 -18"><span class='ocrx_word' id='word_1_135' title='bbox 2280 603 2690 668; x_wconf 84' lang='lat' dir='ltr'><strong>Comparandns,</strong></span> <span class='ocrx_word' id='word_1_136' title='bbox 2718 605 2804 672; x_wconf 90' lang='lat' dir='ltr'><strong>qui</strong></span> <span class='ocrx_word' id='word_1_137' title='bbox 2840 606 3217 671; x_wconf 86' lang='lat' dir='ltr'><strong>procuratione</strong></span> <span class='ocrx_word' id='word_1_138' title='bbox 3255 622 3348 660; x_wconf 89' lang='lat' dir='ltr'><strong>sua</strong></span> <span class='ocrx_word' id='word_1_139' title='bbox 3384 608 3544 661; x_wconf 87' lang='lat' dir='ltr'><strong>infert</strong></span> <span class='ocrx_word' id='word_1_140' title='bbox 3586 607 3718 662; x_wconf 89' lang='lat' dir='ltr'><strong>dura</strong></span> <span class='ocrx_word' id='word_1_141' title='bbox 3751 612 3871 667; x_wconf 81' lang='lat' dir='ltr'><strong>sine</strong></span> 
     </span>
    </p>
   </div>
   <div class='ocr_carea' id='block_1_21' title="bbox 2281 696 3873 775">
    <p class='ocr_par' dir='ltr' id='par_1_21' title="bbox 2281 696 3873 775">
     <span class='ocr_line' id='line_1_21' title="bbox 2281 696 3873 775; baseline 0.009 -28"><span class='ocrx_word' id='word_1_142' title='bbox 2281 696 2551 750; x_wconf 85' lang='lat' dir='ltr'><strong>termino?</strong></span> <span class='ocrx_word' id='word_1_143' title='bbox 2581 696 2735 762; x_wconf 86' lang='lat' dir='ltr'><strong>cujus</strong></span> <span class='ocrx_word' id='word_1_144' title='bbox 2760 697 2897 759; x_wconf 93' lang='lat' dir='ltr'><strong>doli,</strong></span> <span class='ocrx_word' id='word_1_145' title='bbox 2930 698 3055 751; x_wconf 92' lang='lat' dir='ltr'><strong>dum</strong></span> <span class='ocrx_word' id='word_1_146' title='bbox 3086 712 3272 752; x_wconf 87' lang='lat' dir='ltr'><strong>manus</strong></span> <span class='ocrx_word' id='word_1_147' title='bbox 3302 700 3536 755; x_wconf 85' lang='lat' dir='ltr'><strong>abstinet</strong></span> <span class='ocrx_word' id='word_1_148' title='bbox 3560 702 3873 775; x_wconf 12' lang='lat' dir='ltr'><strong>ab‘auctnre</strong></span> 
     </span>
    </p>
   </div>
   <div class='ocr_carea' id='block_1_22' title="bbox 2278 785 3873 864">
    <p class='ocr_par' dir='ltr' id='par_1_22' title="bbox 2278 785 3873 864">
     <span class='ocr_line' id='line_1_22' title="bbox 2278 785 3873 864; baseline 0.008 -26"><span class='ocrx_word' id='word_1_149' title='bbox 2278 785 2434 851; x_wconf 89' lang='lat' dir='ltr'><strong>lucis,</strong></span> <span class='ocrx_word' id='word_1_150' title='bbox 2480 786 2626 840; x_wconf 84' lang='lat' dir='ltr'><strong>letho</strong></span> <span class='ocrx_word' id='word_1_151' title='bbox 2662 788 3038 842; x_wconf 88' lang='lat' dir='ltr'><strong>commutanda</strong></span> <span class='ocrx_word' id='word_1_152' title='bbox 3064 792 3438 859; x_wconf 75' lang='lat' dir='ltr'><strong>ipepererunl?</strong></span> <span class='ocrx_word' id='word_1_153' title='bbox 3465 791 3582 846; x_wconf 83' lang='lat' dir='ltr'><strong>.Iam</strong></span> <span class='ocrx_word' id='word_1_154' title='bbox 3624 803 3741 848; x_wconf 88' lang='lat' dir='ltr'><strong>erat</strong></span> <span class='ocrx_word' id='word_1_155' title='bbox 3777 811 3873 864; x_wconf 86' lang='lat' dir='ltr'><strong>ge-</strong></span> 
     </span>
    </p>
   </div>
   <div class='ocr_carea' id='block_1_23' title="bbox 2279 879 3873 956">
    <p class='ocr_par' dir='ltr' id='par_1_23' title="bbox 2279 879 3873 956">
     <span class='ocr_line' id='line_1_23' title="bbox 2279 879 3873 956; baseline 0.008 -25"><span class='ocrx_word' id='word_1_156' title='bbox 2279 881 2421 932; x_wconf 91' lang='lat' dir='ltr'><strong>nitor</strong></span> <span class='ocrx_word' id='word_1_157' title='bbox 2446 879 2600 933; x_wconf 90' lang='lat' dir='ltr'><strong>istius</strong></span> <span class='ocrx_word' id='word_1_158' title='bbox 2630 895 2893 935; x_wconf 87' lang='lat' dir='ltr'><strong>annorum</strong></span> <span class='ocrx_word' id='word_1_159' title='bbox 2935 883 3077 937; x_wconf 87' lang='lat' dir='ltr'><strong>fasce</strong></span> <span class='ocrx_word' id='word_1_160' title='bbox 3114 884 3379 939; x_wconf 88' lang='lat' dir='ltr'><strong>contritus</strong></span> <span class='ocrx_word' id='word_1_161' title='bbox 3421 902 3434 940; x_wconf 90' lang='lat'><strong>:</strong></span> <span class='ocrx_word' id='word_1_162' title='bbox 3473 887 3581 954; x_wconf 81' lang='lat' dir='ltr'><strong>jam</strong></span> <span class='ocrx_word' id='word_1_163' title='bbox 3628 903 3723 956; x_wconf 82' lang='lat' dir='ltr'><strong>per</strong></span> <span class='ocrx_word' id='word_1_164' title='bbox 3768 898 3873 944; x_wconf 88' lang='lat' dir='ltr'><strong>tre-</strong></span> 
     </span>
    </p>
   </div>
   <div class='ocr_carea' id='block_1_24' title="bbox 2289 970 3870 1049">
    <p class='ocr_par' dir='ltr' id='par_1_24' title="bbox 2289 970 3870 1049">
     <span class='ocr_line' id='line_1_24' title="bbox 2289 970 3870 1049; baseline 0.008 -27"><span class='ocrx_word' id='word_1_165' title='bbox 2289 970 2480 1023; x_wconf 90' lang='lat' dir='ltr'><strong>menda</strong></span> <span class='ocrx_word' id='word_1_166' title='bbox 2521 972 2666 1026; x_wconf 91' lang='lat' dir='ltr'><strong>senis</strong></span> <span class='ocrx_word' id='word_1_167' title='bbox 2704 973 2943 1027; x_wconf 90' lang='lat' dir='ltr'><strong>membra</strong></span> <span class='ocrx_word' id='word_1_168' title='bbox 2980 974 3081 1027; x_wconf 81' lang='lat' dir='ltr'><strong>aevi</strong></span> <span class='ocrx_word' id='word_1_169' title='bbox 3111 974 3455 1045; x_wconf 88' lang='lat' dir='ltr'><strong>depopulatio</strong></span> <span class='ocrx_word' id='word_1_170' title='bbox 3488 979 3709 1049; x_wconf 87' lang='lat' dir='ltr'><strong>vestigia</strong></span> <span class='ocrx_word' id='word_1_171' title='bbox 3744 982 3870 1034; x_wconf 91' lang='lat' dir='ltr'><strong>olim</strong></span> 
     </span>
    </p>
   </div>
   <div class='ocr_carea' id='block_1_25' title="bbox 2276 1063 3871 1137">
    <p class='ocr_par' dir='ltr' id='par_1_25' title="bbox 2276 1063 3871 1137">
     <span class='ocr_line' id='line_1_25' title="bbox 2276 1063 3871 1137; baseline 0.007 -21"><span class='ocrx_word' id='word_1_172' title='bbox 2276 1063 2497 1117; x_wconf 88' lang='lat' dir='ltr'><strong>robusta</strong></span> <span class='ocrx_word' id='word_1_173' title='bbox 2538 1064 2875 1120; x_wconf 86' lang='lat' dir='ltr'><strong>subverterat</strong></span> <span class='ocrx_word' id='word_1_174' title='bbox 2913 1084 2927 1120; x_wconf 90' lang='lat'><strong>:</strong></span> <span class='ocrx_word' id='word_1_175' title='bbox 2958 1066 3065 1137; x_wconf 89' lang='lat' dir='ltr'><strong>jam</strong></span> <span class='ocrx_word' id='word_1_176' title='bbox 3097 1068 3461 1125; x_wconf 81' lang='lat' dir='ltr'><strong>diuturnitatis</strong></span> <span class='ocrx_word' id='word_1_177' title='bbox 3501 1073 3766 1127; x_wconf 67' lang='lat' dir='ltr'><strong>morsilﬂis</strong></span> <span class='ocrx_word' id='word_1_178' title='bbox 3816 1074 3871 1127; x_wconf 88' lang='lat' dir='ltr'><strong>in</strong></span> 
     </span>
    </p>
   </div>
   <div class='ocr_carea' id='block_1_26' title="bbox 2274 1157 3872 1232">
    <p class='ocr_par' dir='ltr' id='par_1_26' title="bbox 2274 1157 3872 1232">
     <span class='ocr_line' id='line_1_26' title="bbox 2274 1157 3872 1232; baseline 0.01 -25"><span class='ocrx_word' id='word_1_179' title='bbox 2274 1168 2434 1223; x_wconf 84' lang='lat' dir='ltr'><strong>rugas</strong></span> <span class='ocrx_word' id='word_1_180' title='bbox 2456 1171 2574 1224; x_wconf 77' lang='lat' dir='ltr'><strong>qua:</strong></span> <span class='ocrx_word' id='word_1_181' title='bbox 2601 1157 2906 1213; x_wconf 83' lang='lat' dir='ltr'><strong>declarabat</strong></span> <span class='ocrx_word' id='word_1_182' title='bbox 2927 1160 3217 1229; x_wconf 90' lang='lat' dir='ltr'><strong>hominem,</strong></span> <span class='ocrx_word' id='word_1_183' title='bbox 3267 1162 3433 1217; x_wconf 88' lang='lat' dir='ltr'><strong>forma</strong></span> <span class='ocrx_word' id='word_1_184' title='bbox 3456 1166 3736 1232; x_wconf 80' lang='lat' dir='ltr'><strong>vergebat:</strong></span> <span class='ocrx_word' id='word_1_185' title='bbox 3765 1182 3872 1223; x_wconf 88' lang='lat' dir='ltr'><strong>non</strong></span> 
     </span>
    </p>
   </div>
   <div class='ocr_carea' id='block_1_27' title="bbox 2276 1249 3870 1327">
    <p class='ocr_par' dir='ltr' id='par_1_27' title="bbox 2276 1249 3870 1327">
     <span class='ocr_line' id='line_1_27' title="bbox 2276 1249 3870 1327; baseline 0.01 -29"><span class='ocrx_word' id='word_1_186' title='bbox 2276 1254 2453 1302; x_wconf 84' lang='lat' dir='ltr'><strong>tamen</strong></span> <span class='ocrx_word' id='word_1_187' title='bbox 2487 1249 2604 1303; x_wconf 90' lang='lat' dir='ltr'><strong>sine</strong></span> <span class='ocrx_word' id='word_1_188' title='bbox 2641 1266 2737 1320; x_wconf 82' lang='lat' dir='ltr'><strong>spe</strong></span> <span class='ocrx_word' id='word_1_189' title='bbox 2765 1252 2991 1309; x_wconf 83' lang='lat' dir='ltr'><strong>subsidii</strong></span> <span class='ocrx_word' id='word_1_190' title='bbox 3012 1255 3077 1309; x_wconf 88' lang='lat' dir='ltr'><strong>ad</strong></span> <span class='ocrx_word' id='word_1_191' title='bbox 3111 1256 3472 1311; x_wconf 88' lang='lat' dir='ltr'><strong>maturitatem</strong></span> <span class='ocrx_word' id='word_1_192' title='bbox 3522 1267 3870 1327; x_wconf 87' lang='lat' dir='ltr'><strong>pervenerat,</strong></span> 
     </span>
    </p>
   </div>
   <div class='ocr_carea' id='block_1_28' title="bbox 2276 1338 3871 1411">
    <p class='ocr_par' dir='ltr' id='par_1_28' title="bbox 2276 1338 3871 1411">
     <span class='ocr_line' id='line_1_28' title="bbox 2276 1338 3871 1411; baseline 0.011 -20"><span class='ocrx_word' id='word_1_193' title='bbox 2276 1338 2365 1392; x_wconf 89' lang='lat' dir='ltr'><strong>cui</strong></span> <span class='ocrx_word' id='word_1_194' title='bbox 2400 1340 2512 1407; x_wconf 80' lang='lat' dir='ltr'><strong>jam</strong></span> <span class='ocrx_word' id='word_1_195' title='bbox 2540 1343 2712 1411; x_wconf 85' lang='lat' dir='ltr'><strong>major</strong></span> <span class='ocrx_word' id='word_1_196' title='bbox 2741 1345 2957 1402; x_wconf 85' lang='lat' dir='ltr'><strong>soboles</strong></span> <span class='ocrx_word' id='word_1_197' title='bbox 2995 1350 3288 1404; x_wconf 85' lang='lat' dir='ltr'><strong>arridebat.</strong></span> <span class='ocrx_word' id='word_1_198' title='bbox 3323 1349 3522 1404; x_wconf 83' lang='lat' dir='ltr'><strong>Potiori</strong></span> <span class='ocrx_word' id='word_1_199' title='bbox 3574 1352 3764 1406; x_wconf 87' lang='lat' dir='ltr'><strong>fiducia</strong></span> <span class='ocrx_word' id='word_1_200' title='bbox 3804 1352 3871 1409; x_wconf 86' lang='lat' dir='ltr'><strong>ad</strong></span> 
     </span>
    </p>
   </div>
   <div class='ocr_carea' id='block_1_29' title="bbox 2275 1431 3872 1513">
    <p class='ocr_par' dir='ltr' id='par_1_29' title="bbox 2275 1431 3872 1513">
     <span class='ocr_line' id='line_1_29' title="bbox 2275 1431 3872 1513; baseline 0.01 -29"><span class='ocrx_word' id='word_1_201' title='bbox 2275 1431 2474 1486; x_wconf 89' lang='lat' dir='ltr'><strong>victum</strong></span> <span class='ocrx_word' id='word_1_202' title='bbox 2491 1445 2814 1505; x_wconf 88' lang='lat' dir='ltr'><strong>congregata</strong></span> <span class='ocrx_word' id='word_1_203' title='bbox 2837 1438 3110 1507; x_wconf 86' lang='lat' dir='ltr'><strong>dispersit,</strong></span> <span class='ocrx_word' id='word_1_204' title='bbox 3125 1456 3282 1513; x_wconf 87' lang='lat' dir='ltr'><strong>quem</strong></span> <span class='ocrx_word' id='word_1_205' title='bbox 3304 1455 3518 1511; x_wconf 74' lang='lat' dir='ltr'><strong>semper</strong></span> <span class='ocrx_word' id='word_1_206' title='bbox 3537 1444 3733 1498; x_wconf 87' lang='lat' dir='ltr'><strong>scimus</strong></span> <span class='ocrx_word' id='word_1_207' title='bbox 3748 1445 3872 1500; x_wconf 53' lang='lat' dir='ltr'><strong>hor.</strong></span> 
     </span>
    </p>
   </div>
   <div class='ocr_carea' id='block_1_30' title="bbox 2272 1526 3871 1604">
    <p class='ocr_par' dir='ltr' id='par_1_30' title="bbox 2272 1526 3871 1604">
     <span class='ocr_line' id='line_1_30' title="bbox 2272 1526 3871 1604; baseline 0.009 -28"><span class='ocrx_word' id='word_1_208' title='bbox 2272 1537 2364 1577; x_wconf 88' lang='lat' dir='ltr'><strong>rea</strong></span> <span class='ocrx_word' id='word_1_209' title='bbox 2388 1539 2483 1579; x_wconf 89' lang='lat' dir='ltr'><strong>sua</strong></span> <span class='ocrx_word' id='word_1_210' title='bbox 2514 1526 2565 1580; x_wconf 89' lang='lat' dir='ltr'><strong>in</strong></span> <span class='ocrx_word' id='word_1_211' title='bbox 2596 1528 2830 1596; x_wconf 85' lang='lat' dir='ltr'><strong>pignoris</strong></span> <span class='ocrx_word' id='word_1_212' title='bbox 2852 1531 3129 1587; x_wconf 83' lang='lat' dir='ltr'><strong>alacritate</strong></span> <span class='ocrx_word' id='word_1_213' title='bbox 3172 1535 3432 1602; x_wconf 88' lang='lat' dir='ltr'><strong>posuisse.</strong></span> <span class='ocrx_word' id='word_1_214' title='bbox 3476 1534 3643 1589; x_wconf 85' lang='lat' dir='ltr'><strong>Omen</strong></span> <span class='ocrx_word' id='word_1_215' title='bbox 3670 1537 3871 1604; x_wconf 82' lang='lat' dir='ltr'><strong>potavit</strong></span> 
     </span>
    </p>
   </div>
   <div class='ocr_carea' id='block_1_31' title="bbox 2274 1618 3863 1689">
    <p class='ocr_par' dir='ltr' id='par_1_31' title="bbox 2274 1618 3863 1689">
     <span class='ocr_line' id='line_1_31' title="bbox 2274 1618 3863 1689; baseline 0.008 -18"><span class='ocrx_word' id='word_1_216' title='bbox 2274 1618 2513 1685; x_wconf 76' lang='lat' dir='ltr'><strong>cogitare</strong></span> <span class='ocrx_word' id='word_1_217' title='bbox 2539 1620 2604 1674; x_wconf 87' lang='lat' dir='ltr'><strong>de</strong></span> <span class='ocrx_word' id='word_1_218' title='bbox 2629 1621 2951 1689; x_wconf 81' lang='lat' dir='ltr'><strong>suhsmntia,</strong></span> <span class='ocrx_word' id='word_1_219' title='bbox 2974 1626 3060 1679; x_wconf 88' lang='lat' dir='ltr'><strong>cui</strong></span> <span class='ocrx_word' id='word_1_220' title='bbox 3079 1626 3343 1680; x_wconf 79' lang='lat' dir='ltr'><strong>existebat</strong></span> <span class='ocrx_word' id='word_1_221' title='bbox 3368 1635 3525 1681; x_wconf 86' lang='lat' dir='ltr'><strong>natus</strong></span> <span class='ocrx_word' id='word_1_222' title='bbox 3543 1628 3863 1684; x_wconf 86' lang='lat' dir='ltr'><strong>incolumis:</strong></span> 
     </span>
    </p>
   </div>
   <div class='ocr_carea' id='block_1_32' title="bbox 2274 1708 3865 1788">
    <p class='ocr_par' dir='ltr' id='par_1_32' title="bbox 2274 1708 3865 1788">
     <span class='ocr_line' id='line_1_32' title="bbox 2274 1708 3865 1788; baseline 0.01 -28"><span class='ocrx_word' id='word_1_223' title='bbox 2274 1708 2341 1761; x_wconf 92' lang='lat' dir='ltr'><strong>ad</strong></span> <span class='ocrx_word' id='word_1_224' title='bbox 2390 1711 2622 1779; x_wconf 85' lang='lat' dir='ltr'><strong>gelidam</strong></span> <span class='ocrx_word' id='word_1_225' title='bbox 2664 1716 2921 1769; x_wconf 85' lang='lat' dir='ltr'><strong>‘canitiem</strong></span> <span class='ocrx_word' id='word_1_226' title='bbox 2969 1720 3070 1772; x_wconf 91' lang='lat' dir='ltr'><strong>hoc</strong></span> <span class='ocrx_word' id='word_1_227' title='bbox 3122 1727 3313 1786; x_wconf 89' lang='lat' dir='ltr'><strong>putans</strong></span> <span class='ocrx_word' id='word_1_228' title='bbox 3365 1734 3523 1786; x_wconf 85' lang='lat' dir='ltr'><strong>posse</strong></span> <span class='ocrx_word' id='word_1_229' title='bbox 3581 1721 3865 1788; x_wconf 86' lang='lat' dir='ltr'><strong>suilicere,</strong></span> 
     </span>
    </p>
   </div>
   <div class='ocr_carea' id='block_1_33' title="bbox 578 1799 3867 1876">
    <p class='ocr_par' dir='ltr' id='par_1_33' title="bbox 578 1799 3867 1876">
     <span class='ocr_line' id='line_1_33' title="bbox 578 1799 3867 1876; baseline 0.003 -21"><span class='ocrx_word' id='word_1_230' title='bbox 578 1817 647 1856; x_wconf 90' lang='lat' dir='ltr'><strong>ne</strong></span> <span class='ocrx_word' id='word_1_231' title='bbox 675 1803 848 1858; x_wconf 91' lang='lat' dir='ltr'><strong>votiva</strong></span> <span class='ocrx_word' id='word_1_232' title='bbox 873 1802 1153 1872; x_wconf 90' lang='lat' dir='ltr'><strong>virginitas</strong></span> <span class='ocrx_word' id='word_1_233' title='bbox 1196 1804 1367 1859; x_wconf 91' lang='lat' dir='ltr'><strong>sacris</strong></span> <span class='ocrx_word' id='word_1_234' title='bbox 1414 1804 1711 1873; x_wconf 90' lang='lat' dir='ltr'><strong>mancipata</strong></span> <span class='ocrx_word' id='word_1_235' title='bbox 1759 1802 1984 1857; x_wconf 90' lang='lat' dir='ltr'><strong>culturis</strong></span> <span class='ocrx_word' id='word_1_236' title='bbox 2028 1816 2171 1872; x_wconf 66' lang='lat' dir='ltr'><strong>prat-</strong></span> <span class='ocrx_word' id='word_1_237' title='bbox 2201 1799 2251 1860; x_wconf 88' lang='grc' dir='ltr'>Β</span> <span class='ocrx_word' id='word_1_238' title='bbox 2278 1800 2422 1867; x_wconf 78' lang='grc' dir='ltr'>(ιιιοιΙ</span> <span class='ocrx_word' id='word_1_239' title='bbox 2465 1815 2743 1872; x_wconf 90' lang='lat' dir='ltr'><strong>reparatus</strong></span> <span class='ocrx_word' id='word_1_240' title='bbox 2777 1806 2829 1859; x_wconf 92' lang='lat' dir='ltr'><strong>in</strong></span> <span class='ocrx_word' id='word_1_241' title='bbox 2876 1810 3125 1876; x_wconf 89' lang='lat' dir='ltr'><strong>prosapie</strong></span> <span class='ocrx_word' id='word_1_242' title='bbox 3173 1809 3328 1863; x_wconf 86' lang='lat' dir='ltr'><strong>annis</strong></span> <span class='ocrx_word' id='word_1_243' title='bbox 3372 1810 3717 1864; x_wconf 89' lang='lat' dir='ltr'><strong>viridioribus</strong></span> <span class='ocrx_word' id='word_1_244' title='bbox 3762 1826 3867 1865; x_wconf 90' lang='lat' dir='ltr'><strong>non</strong></span> 
     </span>
    </p>
   </div>
   <div class='ocr_carea' id='block_1_34' title="bbox 576 1894 2169 1965">
    <p class='ocr_par' dir='ltr' id='par_1_34' title="bbox 576 1894 2169 1965">
     <span class='ocr_line' id='line_1_34' title="bbox 576 1894 2169 1965; baseline -0.001 -16"><span class='ocrx_word' id='word_1_245' title='bbox 576 1894 733 1949; x_wconf 91' lang='lat' dir='ltr'><strong>donis</strong></span> <span class='ocrx_word' id='word_1_246' title='bbox 762 1895 881 1965; x_wconf 90' lang='lat' dir='ltr'><strong>igne</strong></span> <span class='ocrx_word' id='word_1_247' title='bbox 910 1904 1188 1963; x_wconf 87' lang='lat' dir='ltr'><strong>raperetur</strong></span> <span class='ocrx_word' id='word_1_248' title='bbox 1221 1920 1232 1948; x_wconf 92' lang='lat'><strong>-.</strong></span> <span class='ocrx_word' id='word_1_249' title='bbox 1265 1911 1333 1950; x_wconf 86' lang='lat' dir='ltr'><strong>ne</strong></span> <span class='ocrx_word' id='word_1_250' title='bbox 1367 1897 1564 1949; x_wconf 88' lang='lat' dir='ltr'><strong>famula</strong></span> <span class='ocrx_word' id='word_1_251' title='bbox 1610 1897 1828 1950; x_wconf 87' lang='lat' dir='ltr'><strong>castitas</strong></span> <span class='ocrx_word' id='word_1_252' title='bbox 1862 1895 2003 1950; x_wconf 87' lang='lat' dir='ltr'><strong>hosti</strong></span> <span class='ocrx_word' id='word_1_253' title='bbox 2050 1909 2169 1963; x_wconf 88' lang='lat' dir='ltr'><strong>pre—</strong></span> 
     </span>
    </p>
   </div>
   <div class='ocr_carea' id='block_1_35' title="bbox 576 1990 2169 2058">
    <p class='ocr_par' dir='ltr' id='par_1_35' title="bbox 576 1990 2169 2058">
     <span class='ocr_line' id='line_1_35' title="bbox 576 1990 2169 2058; baseline -0.002 -14"><span class='ocrx_word' id='word_1_254' title='bbox 576 1990 710 2045; x_wconf 85' lang='lat' dir='ltr'><strong>tium</strong></span> <span class='ocrx_word' id='word_1_255' title='bbox 739 1990 889 2045; x_wconf 89' lang='lat' dir='ltr'><strong>fieret</strong></span> <span class='ocrx_word' id='word_1_256' title='bbox 912 1990 1184 2044; x_wconf 89' lang='lat' dir='ltr'><strong>insultanti</strong></span> <span class='ocrx_word' id='word_1_257' title='bbox 1216 2006 1229 2043; x_wconf 92' lang='lat'><strong>:</strong></span> <span class='ocrx_word' id='word_1_258' title='bbox 1254 2004 1320 2044; x_wconf 92' lang='lat' dir='ltr'><strong>ne</strong></span> <span class='ocrx_word' id='word_1_259' title='bbox 1342 1990 1658 2058; x_wconf 87' lang='lat' dir='ltr'><strong>corporibus</strong></span> <span class='ocrx_word' id='word_1_260' title='bbox 1692 2005 1761 2044; x_wconf 81' lang='lat' dir='ltr'><strong>ex</strong></span> <span class='ocrx_word' id='word_1_261' title='bbox 1789 1990 2017 2042; x_wconf 86' lang='lat' dir='ltr'><strong>humana</strong></span> <span class='ocrx_word' id='word_1_262' title='bbox 2039 2002 2169 2041; x_wconf 86' lang='lat' dir='ltr'><strong>con-</strong></span> 
     </span>
    </p>
   </div>
   <div class='ocr_carea' id='block_1_36' title="bbox 577 2080 2167 2151">
    <p class='ocr_par' dir='ltr' id='par_1_36' title="bbox 577 2080 2167 2151">
     <span class='ocr_line' id='line_1_36' title="bbox 577 2080 2167 2151; baseline -0.003 -15"><span class='ocrx_word' id='word_1_263' title='bbox 577 2082 779 2136; x_wconf 90' lang='lat' dir='ltr'><strong>ditione</strong></span> <span class='ocrx_word' id='word_1_264' title='bbox 805 2082 1063 2147; x_wconf 82' lang='lat' dir='ltr'><strong>liberatis,</strong></span> <span class='ocrx_word' id='word_1_265' title='bbox 1078 2082 1157 2135; x_wconf 85' lang='lat' dir='ltr'><strong>vis</strong></span> <span class='ocrx_word' id='word_1_266' title='bbox 1181 2082 1398 2136; x_wconf 88' lang='lat' dir='ltr'><strong>inimica</strong></span> <span class='ocrx_word' id='word_1_267' title='bbox 1420 2082 1752 2151; x_wconf 87' lang='lat' dir='ltr'><strong>subriperet,</strong></span> <span class='ocrx_word' id='word_1_268' title='bbox 1774 2089 1825 2134; x_wconf 90' lang='lat' dir='ltr'><strong>et</strong></span> <span class='ocrx_word' id='word_1_269' title='bbox 1847 2080 2167 2135; x_wconf 85' lang='lat' dir='ltr'><strong>adversariae</strong></span> 
     </span>
    </p>
   </div>
   <div class='ocr_carea' id='block_1_37' title="bbox 578 2173 2165 2244">
    <p class='ocr_par' dir='ltr' id='par_1_37' title="bbox 578 2173 2165 2244">
     <span class='ocr_line' id='line_1_37' title="bbox 578 2173 2165 2244; baseline -0.002 -16"><span class='ocrx_word' id='word_1_270' title='bbox 578 2174 832 2244; x_wconf 88' lang='lat' dir='ltr'><strong>pudicitia</strong></span> <span class='ocrx_word' id='word_1_271' title='bbox 852 2175 1054 2230; x_wconf 88' lang='lat' dir='ltr'><strong>libidini</strong></span> <span class='ocrx_word' id='word_1_272' title='bbox 1069 2175 1133 2229; x_wconf 89' lang='lat' dir='ltr'><strong>ad</strong></span> <span class='ocrx_word' id='word_1_273' title='bbox 1152 2176 1397 2229; x_wconf 89' lang='lat' dir='ltr'><strong>ultimum</strong></span> <span class='ocrx_word' id='word_1_274' title='bbox 1416 2173 1640 2229; x_wconf 90' lang='lat' dir='ltr'><strong>deducta</strong></span> <span class='ocrx_word' id='word_1_275' title='bbox 1664 2173 2112 2237; x_wconf 73' lang='lat' dir='ltr'><strong>serviret.Quaero</strong></span> <span class='ocrx_word' id='word_1_276' title='bbox 2134 2186 2165 2225; x_wconf 91' lang='lat' dir='ltr'><strong>a</strong></span> 
     </span>
    </p>
   </div>
   <div class='ocr_carea' id='block_1_38' title="bbox 579 2264 2160 2338">
    <p class='ocr_par' dir='ltr' id='par_1_38' title="bbox 579 2264 2160 2338">
     <span class='ocr_line' id='line_1_38' title="bbox 579 2264 2160 2338; baseline -0.003 -17"><span class='ocrx_word' id='word_1_277' title='bbox 579 2269 653 2321; x_wconf 73' lang='lat' dir='ltr'><strong>te‘</strong></span> <span class='ocrx_word' id='word_1_278' title='bbox 669 2268 830 2323; x_wconf 90' lang='lat' dir='ltr'><strong>heroa</strong></span> <span class='ocrx_word' id='word_1_279' title='bbox 845 2270 1202 2338; x_wconf 89' lang='lat' dir='ltr'><strong>magnanime,</strong></span> <span class='ocrx_word' id='word_1_280' title='bbox 1224 2268 1345 2337; x_wconf 85' lang='lat' dir='ltr'><strong>quid</strong></span> <span class='ocrx_word' id='word_1_281' title='bbox 1360 2266 1427 2321; x_wconf 90' lang='lat' dir='ltr'><strong>de</strong></span> <span class='ocrx_word' id='word_1_282' title='bbox 1445 2266 1611 2336; x_wconf 91' lang='lat' dir='ltr'><strong>patria</strong></span> <span class='ocrx_word' id='word_1_283' title='bbox 1632 2275 1716 2320; x_wconf 90' lang='lat' dir='ltr'><strong>tua</strong></span> <span class='ocrx_word' id='word_1_284' title='bbox 1736 2264 1856 2318; x_wconf 90' lang='lat' dir='ltr'><strong>mali</strong></span> <span class='ocrx_word' id='word_1_285' title='bbox 1870 2264 2160 2331; x_wconf 90' lang='lat' dir='ltr'><strong>depuleris,</strong></span> 
     </span>
    </p>
   </div>
   <div class='ocr_carea' id='block_1_39' title="bbox 575 2356 2162 2429">
    <p class='ocr_par' dir='ltr' id='par_1_39' title="bbox 575 2356 2162 2429">
     <span class='ocr_line' id='line_1_39' title="bbox 575 2356 2162 2429; baseline -0.002 -16"><span class='ocrx_word' id='word_1_286' title='bbox 575 2360 622 2413; x_wconf 87' lang='lat' dir='ltr'><strong>si</strong></span> <span class='ocrx_word' id='word_1_287' title='bbox 644 2359 759 2414; x_wconf 65' lang='lat' dir='ltr'><strong>haec</strong></span> <span class='ocrx_word' id='word_1_288' title='bbox 786 2375 906 2429; x_wconf 76' lang='lat' dir='ltr'><strong>qua:</strong></span> <span class='ocrx_word' id='word_1_289' title='bbox 931 2360 1081 2414; x_wconf 91' lang='lat' dir='ltr'><strong>timui</strong></span> <span class='ocrx_word' id='word_1_290' title='bbox 1105 2358 1273 2414; x_wconf 91' lang='lat' dir='ltr'><strong>victor</strong></span> <span class='ocrx_word' id='word_1_291' title='bbox 1303 2359 1530 2428; x_wconf 81' lang='lat' dir='ltr'><strong>Optasti,</strong></span> <span class='ocrx_word' id='word_1_292' title='bbox 1553 2357 1679 2412; x_wconf 91' lang='lat' dir='ltr'><strong>dum</strong></span> <span class='ocrx_word' id='word_1_293' title='bbox 1705 2365 1904 2411; x_wconf 86' lang='lat' dir='ltr'><strong>mortes</strong></span> <span class='ocrx_word' id='word_1_294' title='bbox 1931 2356 2162 2410; x_wconf 88' lang='lat' dir='ltr'><strong>hostium</strong></span> 
     </span>
    </p>
   </div>
   <div class='ocr_carea' id='block_1_40' title="bbox 575 2450 2162 2506">
    <p class='ocr_par' dir='ltr' id='par_1_40' title="bbox 575 2450 2162 2506">
     <span class='ocr_line' id='line_1_40' title="bbox 575 2450 2162 2506; baseline -0.003 -1"><span class='ocrx_word' id='word_1_295' title='bbox 575 2451 885 2506; x_wconf 89' lang='lat' dir='ltr'><strong>ictibustuis</strong></span> <span class='ocrx_word' id='word_1_296' title='bbox 899 2454 1175 2506; x_wconf 90' lang='lat' dir='ltr'><strong>numinum</strong></span> <span class='ocrx_word' id='word_1_297' title='bbox 1190 2450 1971 2505; x_wconf 82' lang='lat' dir='ltr'><strong>favoraddiceret.l’ercunctor</strong></span> <span class='ocrx_word' id='word_1_298' title='bbox 1984 2456 2162 2501; x_wconf 87' lang='lat' dir='ltr'><strong>utrum</strong></span> 
     </span>
    </p>
   </div>
   <div class='ocr_carea' id='block_1_41' title="bbox 575 2537 2161 2612">
    <p class='ocr_par' dir='ltr' id='par_1_41' title="bbox 575 2537 2161 2612">
     <span class='ocr_line' id='line_1_41' title="bbox 575 2537 2161 2612; baseline 0.001 -20"><span class='ocrx_word' id='word_1_299' title='bbox 575 2544 888 2612; x_wconf 80' lang='lat' dir='ltr'><strong>poposceris</strong></span> <span class='ocrx_word' id='word_1_300' title='bbox 926 2556 1153 2611; x_wconf 91' lang='lat' dir='ltr'><strong>superos</strong></span> <span class='ocrx_word' id='word_1_301' title='bbox 1194 2544 1248 2597; x_wconf 91' lang='lat' dir='ltr'><strong>in</strong></span> <span class='ocrx_word' id='word_1_302' title='bbox 1293 2541 1383 2596; x_wconf 91' lang='lat' dir='ltr'><strong>illa</strong></span> <span class='ocrx_word' id='word_1_303' title='bbox 1425 2543 1743 2595; x_wconf 82' lang='lat' dir='ltr'><strong>necessitate</strong></span> <span class='ocrx_word' id='word_1_304' title='bbox 1791 2539 2062 2594; x_wconf 83' lang='lat' dir='ltr'><strong>fautores?</strong></span> <span class='ocrx_word' id='word_1_305' title='bbox 2103 2537 2161 2593; x_wconf 85' lang='lat' dir='ltr'><strong>Si</strong></span> 
     </span>
    </p>
   </div>
   <div class='ocr_carea' id='block_1_42' title="bbox 575 2633 2161 2706">
    <p class='ocr_par' dir='ltr' id='par_1_42' title="bbox 575 2633 2161 2706">
     <span class='ocr_line' id='line_1_42' title="bbox 575 2633 2161 2706; baseline -0.003 -17"><span class='ocrx_word' id='word_1_306' title='bbox 575 2635 778 2703; x_wconf 88' lang='lat' dir='ltr'><strong>fecisti,</strong></span> <span class='ocrx_word' id='word_1_307' title='bbox 817 2635 1125 2704; x_wconf 87' lang='lat' dir='ltr'><strong>perfunctus</strong></span> <span class='ocrx_word' id='word_1_308' title='bbox 1158 2636 1412 2706; x_wconf 85' lang='lat' dir='ltr'><strong>periculis</strong></span> <span class='ocrx_word' id='word_1_309' title='bbox 1436 2633 1803 2689; x_wconf 89' lang='lat' dir='ltr'><strong>sacerdotibus</strong></span> <span class='ocrx_word' id='word_1_310' title='bbox 1834 2649 2019 2688; x_wconf 91' lang='lat' dir='ltr'><strong>eorum</strong></span> <span class='ocrx_word' id='word_1_311' title='bbox 2065 2646 2161 2700; x_wconf 89' lang='lat' dir='ltr'><strong>pro</strong></span> 
     </span>
    </p>
   </div>
   <div class='ocr_carea' id='block_1_43' title="bbox 576 2722 2159 2794">
    <p class='ocr_par' dir='ltr' id='par_1_43' title="bbox 576 2722 2159 2794">
     <span class='ocr_line' id='line_1_43' title="bbox 576 2722 2159 2794; baseline -0.001 -13"><span class='ocrx_word' id='word_1_312' title='bbox 576 2726 755 2782; x_wconf 85' lang='lat' dir='ltr'><strong>debita</strong></span> <span class='ocrx_word' id='word_1_313' title='bbox 782 2728 1054 2783; x_wconf 88' lang='lat' dir='ltr'><strong>oblatione</strong></span> <span class='ocrx_word' id='word_1_314' title='bbox 1072 2728 1372 2782; x_wconf 86' lang='lat' dir='ltr'><strong>minitaris?</strong></span> <span class='ocrx_word' id='word_1_315' title='bbox 1394 2728 1437 2782; x_wconf 88' lang='lat' dir='ltr'><strong>si</strong></span> <span class='ocrx_word' id='word_1_316' title='bbox 1469 2742 1574 2781; x_wconf 87' lang='lat' dir='ltr'><strong>non</strong></span> <span class='ocrx_word' id='word_1_317' title='bbox 1600 2722 1891 2781; x_wconf 88' lang='lat' dir='ltr'><strong>adhibuisti</strong></span> <span class='ocrx_word' id='word_1_318' title='bbox 1923 2725 2009 2794; x_wconf 89' lang='lat' dir='ltr'><strong>pia</strong></span> <span class='ocrx_word' id='word_1_319' title='bbox 2036 2734 2159 2780; x_wconf 84' lang='lat' dir='ltr'><strong>vota</strong></span> 
     </span>
    </p>
   </div>
   <div class='ocr_carea' id='block_1_44' title="bbox 574 2819 2159 2891">
    <p class='ocr_par' dir='ltr' id='par_1_44' title="bbox 574 2819 2159 2891">
     <span class='ocr_line' id='line_1_44' title="bbox 574 2819 2159 2891; baseline -0.002 -16"><span class='ocrx_word' id='word_1_320' title='bbox 574 2821 883 2884; x_wconf 87' lang='lat' dir='ltr'><strong>certamini,</strong></span> <span class='ocrx_word' id='word_1_321' title='bbox 913 2819 1039 2891; x_wconf 89' lang='lat' dir='ltr'><strong>quid</strong></span> <span class='ocrx_word' id='word_1_322' title='bbox 1075 2820 1165 2875; x_wconf 92' lang='lat' dir='ltr'><strong>tibi</strong></span> <span class='ocrx_word' id='word_1_323' title='bbox 1191 2820 1384 2885; x_wconf 85' lang='lat' dir='ltr'><strong>debeo,</strong></span> <span class='ocrx_word' id='word_1_324' title='bbox 1413 2835 1569 2889; x_wconf 88' lang='lat' dir='ltr'><strong>quem</strong></span> <span class='ocrx_word' id='word_1_325' title='bbox 1600 2820 1717 2874; x_wconf 88' lang='lat' dir='ltr'><strong>sine</strong></span> <span class='ocrx_word' id='word_1_326' title='bbox 1759 2819 2007 2889; x_wconf 87' lang='lat' dir='ltr'><strong>precibus</strong></span> <span class='ocrx_word' id='word_1_327' title='bbox 2047 2820 2159 2873; x_wconf 87' lang='lat' dir='ltr'><strong>suis</strong></span> 
     </span>
    </p>
   </div>
   <div class='ocr_carea' id='block_1_45' title="bbox 572 2912 2152 2985">
    <p class='ocr_par' dir='ltr' id='par_1_45' title="bbox 572 2912 2152 2985">
     <span class='ocr_line' id='line_1_45' title="bbox 572 2912 2152 2985; baseline -0.003 -15"><span class='ocrx_word' id='word_1_328' title='bbox 572 2916 837 2985; x_wconf 85' lang='lat' dir='ltr'><strong>generalis</strong></span> <span class='ocrx_word' id='word_1_329' title='bbox 869 2916 1191 2983; x_wconf 87' lang='lat' dir='ltr'><strong>prosperitas</strong></span> <span class='ocrx_word' id='word_1_330' title='bbox 1214 2915 1466 2970; x_wconf 90' lang='lat' dir='ltr'><strong>comitata</strong></span> <span class='ocrx_word' id='word_1_331' title='bbox 1498 2912 1774 2968; x_wconf 88' lang='lat' dir='ltr'><strong>liberavit?</strong></span> <span class='ocrx_word' id='word_1_332' title='bbox 1796 2914 1852 2968; x_wconf 90' lang='lat' dir='ltr'><strong>Si</strong></span> <span class='ocrx_word' id='word_1_333' title='bbox 1881 2912 2152 2983; x_wconf 91' lang='lat' dir='ltr'><strong>intelligis,</strong></span> 
     </span>
    </p>
   </div>
   <div class='ocr_carea' id='block_1_46' title="bbox 572 3005 2157 3076">
    <p class='ocr_par' dir='ltr' id='par_1_46' title="bbox 572 3005 2157 3076">
     <span class='ocr_line' id='line_1_46' title="bbox 572 3005 2157 3076; baseline -0.003 -15"><span class='ocrx_word' id='word_1_334' title='bbox 572 3013 802 3061; x_wconf 88' lang='lat' dir='ltr'><strong>multum</strong></span> <span class='ocrx_word' id='word_1_335' title='bbox 847 3014 929 3061; x_wconf 88' lang='lat' dir='ltr'><strong>est</strong></span> <span class='ocrx_word' id='word_1_336' title='bbox 972 3006 1113 3076; x_wconf 91' lang='lat' dir='ltr'><strong>quod</strong></span> <span class='ocrx_word' id='word_1_337' title='bbox 1154 3006 1319 3061; x_wconf 87' lang='lat' dir='ltr'><strong>debes</strong></span> <span class='ocrx_word' id='word_1_338' title='bbox 1372 3006 1701 3071; x_wconf 84' lang='lat' dir='ltr'><strong>numinibus,</strong></span> <span class='ocrx_word' id='word_1_339' title='bbox 1748 3006 1791 3059; x_wconf 88' lang='lat' dir='ltr'><strong>si</strong></span> <span class='ocrx_word' id='word_1_340' title='bbox 1832 3005 2157 3060; x_wconf 87' lang='lat' dir='ltr'><strong>studuerunt</strong></span> 
     </span>
    </p>
   </div>
   <div class='ocr_carea' id='block_1_47' title="bbox 572 3098 2150 3169">
    <p class='ocr_par' dir='ltr' id='par_1_47' title="bbox 572 3098 2150 3169">
     <span class='ocr_line' id='line_1_47' title="bbox 572 3098 2150 3169; baseline -0.001 -15"><span class='ocrx_word' id='word_1_341' title='bbox 572 3098 801 3169; x_wconf 85' lang='lat' dir='ltr'><strong>supplici</strong></span> <span class='ocrx_word' id='word_1_342' title='bbox 834 3115 847 3151; x_wconf 91' lang='lat'><strong>:</strong></span> <span class='ocrx_word' id='word_1_343' title='bbox 884 3099 1077 3168; x_wconf 88' lang='lat' dir='ltr'><strong>majus,</strong></span> <span class='ocrx_word' id='word_1_344' title='bbox 1103 3098 1149 3153; x_wconf 91' lang='lat' dir='ltr'><strong>si</strong></span> <span class='ocrx_word' id='word_1_345' title='bbox 1176 3099 1443 3154; x_wconf 90' lang='lat' dir='ltr'><strong>dederunt</strong></span> <span class='ocrx_word' id='word_1_346' title='bbox 1485 3101 1762 3155; x_wconf 90' lang='lat' dir='ltr'><strong>victoriam</strong></span> <span class='ocrx_word' id='word_1_347' title='bbox 1789 3114 1895 3154; x_wconf 92' lang='lat' dir='ltr'><strong>non</strong></span> <span class='ocrx_word' id='word_1_348' title='bbox 1928 3102 2150 3169; x_wconf 88' lang='lat' dir='ltr'><strong>petenti.</strong></span> 
     </span>
    </p>
   </div>
   <div class='ocr_carea' id='block_1_48' title="bbox 2272 1893 3866 1969">
    <p class='ocr_par' dir='ltr' id='par_1_48' title="bbox 2272 1893 3866 1969">
     <span class='ocr_line' id='line_1_48' title="bbox 2272 1893 3866 1969; baseline 0.006 -24"><span class='ocrx_word' id='word_1_349' title='bbox 2272 1893 2483 1959; x_wconf 86' lang='lat' dir='ltr'><strong>peribat</strong></span> <span class='ocrx_word' id='word_1_350' title='bbox 2525 1909 2687 1949; x_wconf 89' lang='lat' dir='ltr'><strong>:cum</strong></span> <span class='ocrx_word' id='word_1_351' title='bbox 2728 1908 2949 1963; x_wconf 85' lang='lat' dir='ltr'><strong>repente</strong></span> <span class='ocrx_word' id='word_1_352' title='bbox 2993 1900 3241 1967; x_wconf 87' lang='lat' dir='ltr'><strong>egregius</strong></span> <span class='ocrx_word' id='word_1_353' title='bbox 3273 1899 3485 1967; x_wconf 87' lang='lat' dir='ltr'><strong>juvenis</strong></span> <span class='ocrx_word' id='word_1_354' title='bbox 3530 1901 3618 1953; x_wconf 89' lang='lat' dir='ltr'><strong>tali</strong></span> <span class='ocrx_word' id='word_1_355' title='bbox 3662 1909 3866 1969; x_wconf 87' lang='lat' dir='ltr'><strong>patrem</strong></span> 
     </span>
    </p>
   </div>
   <div class='ocr_carea' id='block_1_49' title="bbox 2274 1984 3868 2057">
    <p class='ocr_par' dir='ltr' id='par_1_49' title="bbox 2274 1984 3868 2057">
     <span class='ocr_line' id='line_1_49' title="bbox 2274 1984 3868 2057; baseline 0.007 -24"><span class='ocrx_word' id='word_1_356' title='bbox 2274 1984 2570 2039; x_wconf 85' lang='lat' dir='ltr'><strong>securitate</strong></span> <span class='ocrx_word' id='word_1_357' title='bbox 2605 1986 2846 2040; x_wconf 79' lang='lat' dir='ltr'><strong>nudavit.</strong></span> <span class='ocrx_word' id='word_1_358' title='bbox 2874 1986 3075 2041; x_wconf 79' lang='lat' dir='ltr'><strong>Vellem</strong></span> <span class='ocrx_word' id='word_1_359' title='bbox 3129 1990 3415 2057; x_wconf 89' lang='lat' dir='ltr'><strong>paulisper,</strong></span> <span class='ocrx_word' id='word_1_360' title='bbox 3451 1990 3737 2044; x_wconf 91' lang='lat' dir='ltr'><strong>venerandi</strong></span> <span class='ocrx_word' id='word_1_361' title='bbox 3772 2004 3868 2044; x_wconf 78' lang='lat' dir='ltr'><strong>co—</strong></span> 
     </span>
    </p>
   </div>
   <div class='ocr_carea' id='block_1_50' title="bbox 2281 2075 3865 2148">
    <p class='ocr_par' dir='ltr' id='par_1_50' title="bbox 2281 2075 3865 2148">
     <span class='ocr_line' id='line_1_50' title="bbox 2281 2075 3865 2148; baseline 0.005 -23"><span class='ocrx_word' id='word_1_362' title='bbox 2281 2075 2541 2141; x_wconf 80' lang='lat' dir='ltr'><strong>gnitores,</strong></span> <span class='ocrx_word' id='word_1_363' title='bbox 2570 2076 2635 2129; x_wconf 88' lang='lat' dir='ltr'><strong>ad</strong></span> <span class='ocrx_word' id='word_1_364' title='bbox 2668 2079 2809 2130; x_wconf 84' lang='lat' dir='ltr'><strong>hunc</strong></span> <span class='ocrx_word' id='word_1_365' title='bbox 2841 2079 3002 2132; x_wconf 89' lang='lat' dir='ltr'><strong>verba</strong></span> <span class='ocrx_word' id='word_1_366' title='bbox 3035 2087 3356 2134; x_wconf 84' lang='lat' dir='ltr'><strong>convertere</strong></span> <span class='ocrx_word' id='word_1_367' title='bbox 3382 2098 3395 2133; x_wconf 89' lang='lat'><strong>:</strong></span> <span class='ocrx_word' id='word_1_368' title='bbox 3424 2079 3517 2134; x_wconf 87' lang='lat' dir='ltr'><strong>sed</strong></span> <span class='ocrx_word' id='word_1_369' title='bbox 3549 2095 3670 2135; x_wconf 91' lang='lat' dir='ltr'><strong>reor</strong></span> <span class='ocrx_word' id='word_1_370' title='bbox 3691 2078 3865 2148; x_wconf 89' lang='lat' dir='ltr'><strong>perire</strong></span> 
     </span>
    </p>
   </div>
   <div class='ocr_carea' id='block_1_51' title="bbox 2271 2165 3869 2236">
    <p class='ocr_par' dir='ltr' id='par_1_51' title="bbox 2271 2165 3869 2236">
     <span class='ocr_line' id='line_1_51' title="bbox 2271 2165 3869 2236; baseline 0.007 -23"><span class='ocrx_word' id='word_1_371' title='bbox 2271 2165 2504 2229; x_wconf 86' lang='lat' dir='ltr'><strong>monita,</strong></span> <span class='ocrx_word' id='word_1_372' title='bbox 2535 2180 2654 2233; x_wconf 73' lang='lat' dir='ltr'><strong>qua:</strong></span> <span class='ocrx_word' id='word_1_373' title='bbox 2698 2166 2995 2236; x_wconf 83' lang='lat' dir='ltr'><strong>profligatis</strong></span> <span class='ocrx_word' id='word_1_374' title='bbox 3042 2168 3279 2222; x_wconf 90' lang='lat' dir='ltr'><strong>moribus</strong></span> <span class='ocrx_word' id='word_1_375' title='bbox 3326 2169 3665 2223; x_wconf 82' lang='lat' dir='ltr'><strong>exhibentur.</strong></span> <span class='ocrx_word' id='word_1_376' title='bbox 3707 2170 3869 2224; x_wconf 77' lang='lat' dir='ltr'><strong>Puta-</strong></span> 
     </span>
    </p>
   </div>
   <div class='ocr_carea' id='block_1_52' title="bbox 2269 2256 3868 2329">
    <p class='ocr_par' dir='ltr' id='par_1_52' title="bbox 2269 2256 3868 2329">
     <span class='ocr_line' id='line_1_52' title="bbox 2269 2256 3868 2329; baseline 0.007 -25"><span class='ocrx_word' id='word_1_377' title='bbox 2269 2266 2411 2319; x_wconf 87' lang='lat' dir='ltr'><strong>mus,</strong></span> <span class='ocrx_word' id='word_1_378' title='bbox 2447 2256 2735 2309; x_wconf 85' lang='lat' dir='ltr'><strong>venerandi</strong></span> <span class='ocrx_word' id='word_1_379' title='bbox 2771 2258 3066 2323; x_wconf 83' lang='lat' dir='ltr'><strong>hominum,</strong></span> <span class='ocrx_word' id='word_1_380' title='bbox 3092 2258 3158 2311; x_wconf 89' lang='lat' dir='ltr'><strong>ad</strong></span> <span class='ocrx_word' id='word_1_381' title='bbox 3183 2259 3278 2313; x_wconf 92' lang='lat' dir='ltr'><strong>bos</strong></span> <span class='ocrx_word' id='word_1_382' title='bbox 3310 2275 3437 2314; x_wconf 92' lang='lat' dir='ltr'><strong>usus</strong></span> <span class='ocrx_word' id='word_1_383' title='bbox 3464 2262 3664 2329; x_wconf 90' lang='lat' dir='ltr'><strong>prolem</strong></span> <span class='ocrx_word' id='word_1_384' title='bbox 3688 2261 3868 2329; x_wconf 88' lang='lat' dir='ltr'><strong>cujus-</strong></span> 
     </span>
    </p>
   </div>
   <div class='ocr_carea' id='block_1_53' title="bbox 2269 2344 3862 2422">
    <p class='ocr_par' dir='ltr' id='par_1_53' title="bbox 2269 2344 3862 2422">
     <span class='ocr_line' id='line_1_53' title="bbox 2269 2344 3862 2422; baseline 0.006 -26"><span class='ocrx_word' id='word_1_385' title='bbox 2269 2344 2412 2411; x_wconf 83' lang='lat' dir='ltr'><strong>piain</strong></span> <span class='ocrx_word' id='word_1_386' title='bbox 2459 2346 2770 2415; x_wconf 89' lang='lat' dir='ltr'><strong>magisterio</strong></span> <span class='ocrx_word' id='word_1_387' title='bbox 2802 2351 3120 2419; x_wconf 83' lang='lat' dir='ltr'><strong>pervenire?</strong></span> <span class='ocrx_word' id='word_1_388' title='bbox 3169 2350 3607 2422; x_wconf 80' lang='lat' dir='ltr'><strong>sufﬁcitgermini</strong></span> <span class='ocrx_word' id='word_1_389' title='bbox 3650 2354 3862 2407; x_wconf 85' lang='lat' dir='ltr'><strong>institu-</strong></span> 
     </span>
    </p>
   </div>
   <div class='ocr_carea' id='block_1_54' title="bbox 2268 2435 3867 2511">
    <p class='ocr_par' dir='ltr' id='par_1_54' title="bbox 2268 2435 3867 2511">
     <span class='ocr_line' id='line_1_54' title="bbox 2268 2435 3867 2511; baseline 0.006 -24"><span class='ocrx_word' id='word_1_390' title='bbox 2268 2435 2345 2489; x_wconf 89' lang='lat' dir='ltr'><strong>tio</strong></span> <span class='ocrx_word' id='word_1_391' title='bbox 2378 2445 2616 2503; x_wconf 76' lang='lat' dir='ltr'><strong>naturae;</strong></span> <span class='ocrx_word' id='word_1_392' title='bbox 2650 2440 2863 2509; x_wconf 88' lang='lat' dir='ltr'><strong>quando</strong></span> <span class='ocrx_word' id='word_1_393' title='bbox 2898 2441 3039 2511; x_wconf 90' lang='lat' dir='ltr'><strong>quod</strong></span> <span class='ocrx_word' id='word_1_394' title='bbox 3071 2441 3244 2495; x_wconf 90' lang='lat' dir='ltr'><strong>solent</strong></span> <span class='ocrx_word' id='word_1_395' title='bbox 3268 2441 3446 2495; x_wconf 88' lang='lat' dir='ltr'><strong>facere</strong></span> <span class='ocrx_word' id='word_1_396' title='bbox 3472 2441 3742 2509; x_wconf 82' lang='lat' dir='ltr'><strong>docto’res,</strong></span> <span class='ocrx_word' id='word_1_397' title='bbox 3788 2445 3867 2496; x_wconf 63' lang='lat' dir='ltr'><strong>ina</strong></span> 
     </span>
    </p>
   </div>
   <div class='ocr_carea' id='block_1_55' title="bbox 2264 2523 3867 2598">
    <p class='ocr_par' dir='ltr' id='par_1_55' title="bbox 2264 2523 3867 2598">
     <span class='ocr_line' id='line_1_55' title="bbox 2264 2523 3867 2598; baseline 0.006 -21"><span class='ocrx_word' id='word_1_398' title='bbox 2264 2523 2438 2579; x_wconf 82' lang='lat' dir='ltr'><strong>fundit</strong></span> <span class='ocrx_word' id='word_1_399' title='bbox 2458 2541 2646 2581; x_wconf 90' lang='lat' dir='ltr'><strong>eorum</strong></span> <span class='ocrx_word' id='word_1_400' title='bbox 2671 2531 2973 2598; x_wconf 84' lang='lat' dir='ltr'><strong>peetoribus</strong></span> <span class='ocrx_word' id='word_1_401' title='bbox 3002 2531 3085 2583; x_wconf 79' lang='lat' dir='ltr'><strong>lex</strong></span> <span class='ocrx_word' id='word_1_402' title='bbox 3116 2532 3365 2584; x_wconf 83' lang='lat' dir='ltr'><strong>humana.</strong></span> <span class='ocrx_word' id='word_1_403' title='bbox 3388 2531 3501 2584; x_wconf 86' lang='lat' dir='ltr'><strong>Non</strong></span> <span class='ocrx_word' id='word_1_404' title='bbox 3531 2541 3701 2586; x_wconf 82' lang='lat' dir='ltr'><strong>estex</strong></span> <span class='ocrx_word' id='word_1_405' title='bbox 3723 2533 3867 2587; x_wconf 90' lang='lat' dir='ltr'><strong>acci-</strong></span> 
     </span>
    </p>
   </div>
   <div class='ocr_carea' id='block_1_56' title="bbox 2265 2613 3861 2691">
    <p class='ocr_par' dir='ltr' id='par_1_56' title="bbox 2265 2613 3861 2691">
     <span class='ocr_line' id='line_1_56' title="bbox 2265 2613 3861 2691; baseline 0.008 -25"><span class='ocrx_word' id='word_1_406' title='bbox 2265 2613 2412 2668; x_wconf 89' lang='lat' dir='ltr'><strong>denti</strong></span> <span class='ocrx_word' id='word_1_407' title='bbox 2448 2615 2677 2683; x_wconf 91' lang='lat' dir='ltr'><strong>bonum,</strong></span> <span class='ocrx_word' id='word_1_408' title='bbox 2733 2618 2911 2673; x_wconf 90' lang='lat' dir='ltr'><strong>debita</strong></span> <span class='ocrx_word' id='word_1_409' title='bbox 2951 2620 3224 2688; x_wconf 88' lang='lat' dir='ltr'><strong>complere</strong></span> <span class='ocrx_word' id='word_1_410' title='bbox 3257 2638 3270 2674; x_wconf 90' lang='lat'><strong>:</strong></span> <span class='ocrx_word' id='word_1_411' title='bbox 3304 2637 3403 2676; x_wconf 90' lang='lat' dir='ltr'><strong>nec</strong></span> <span class='ocrx_word' id='word_1_412' title='bbox 3449 2621 3639 2677; x_wconf 90' lang='lat' dir='ltr'><strong>deesse</strong></span> <span class='ocrx_word' id='word_1_413' title='bbox 3682 2630 3861 2691; x_wconf 83' lang='lat' dir='ltr'><strong>potest</strong></span> 
     </span>
    </p>
   </div>
   <div class='ocr_carea' id='block_1_57' title="bbox 2268 2704 3857 2778">
    <p class='ocr_par' dir='ltr' id='par_1_57' title="bbox 2268 2704 3857 2778">
     <span class='ocr_line' id='line_1_57' title="bbox 2268 2704 3857 2778; baseline 0.009 -23"><span class='ocrx_word' id='word_1_414' title='bbox 2268 2704 2479 2758; x_wconf 88' lang='lat' dir='ltr'><strong>ratione</strong></span> <span class='ocrx_word' id='word_1_415' title='bbox 2512 2705 2770 2773; x_wconf 64' lang='lat' dir='ltr'><strong>praeditis,</strong></span> <span class='ocrx_word' id='word_1_416' title='bbox 2806 2708 2947 2776; x_wconf 86' lang='lat' dir='ltr'><strong>quod</strong></span> <span class='ocrx_word' id='word_1_417' title='bbox 2996 2710 3187 2764; x_wconf 88' lang='lat' dir='ltr'><strong>avibus</strong></span> <span class='ocrx_word' id='word_1_418' title='bbox 3242 2711 3530 2778; x_wconf 86' lang='lat' dir='ltr'><strong>probamus</strong></span> <span class='ocrx_word' id='word_1_419' title='bbox 3570 2715 3857 2769; x_wconf 90' lang='lat' dir='ltr'><strong>insertum.</strong></span> 
     </span>
    </p>
   </div>
   <div class='ocr_carea' id='block_1_58' title="bbox 2266 2784 3854 2876">
    <p class='ocr_par' dir='ltr' id='par_1_58' title="bbox 2266 2784 3854 2876">
     <span class='ocr_line' id='line_1_58' title="bbox 2266 2784 3854 2876; baseline 0.008 -29"><span class='ocrx_word' id='word_1_420' title='bbox 2266 2792 2433 2849; x_wconf 82' lang='lat' dir='ltr'><strong>Versa</strong></span> <span class='ocrx_word' id='word_1_421' title='bbox 2459 2796 2595 2865; x_wconf 88' lang='lat' dir='ltr'><strong>vice,</strong></span> <span class='ocrx_word' id='word_1_422' title='bbox 2624 2784 2828 2869; x_wconf 86' lang='lat' dir='ltr'><strong>aquilas</strong></span> <span class='ocrx_word' id='word_1_423' title='bbox 2852 2801 3073 2871; x_wconf 81' lang='lat' dir='ltr'><strong>legimus</strong></span> <span class='ocrx_word' id='word_1_424' title='bbox 3099 2803 3300 2858; x_wconf 88' lang='lat' dir='ltr'><strong>fetuum</strong></span> <span class='ocrx_word' id='word_1_425' title='bbox 3324 2805 3623 2859; x_wconf 87' lang='lat' dir='ltr'><strong>ministerio</strong></span> <span class='ocrx_word' id='word_1_426' title='bbox 3652 2807 3795 2876; x_wconf 88' lang='lat' dir='ltr'><strong>pasci</strong></span> <span class='ocrx_word' id='word_1_427' title='bbox 3838 2822 3854 2860; x_wconf 92' lang='lat'><strong>:</strong></span> 
     </span>
    </p>
   </div>
   <div class='ocr_carea' id='block_1_59' title="bbox 2263 2886 3859 2967">
    <p class='ocr_par' dir='ltr' id='par_1_59' title="bbox 2263 2886 3859 2967">
     <span class='ocr_line' id='line_1_59' title="bbox 2263 2886 3859 2967; baseline 0.008 -26"><span class='ocrx_word' id='word_1_428' title='bbox 2263 2894 2319 2941; x_wconf 88' lang='lat' dir='ltr'><strong>et</strong></span> <span class='ocrx_word' id='word_1_429' title='bbox 2379 2886 2696 2943; x_wconf 84' lang='lat' dir='ltr'><strong>beneficium</strong></span> <span class='ocrx_word' id='word_1_430' title='bbox 2762 2903 3076 2959; x_wconf 87' lang='lat' dir='ltr'><strong>parentum,</strong></span> <span class='ocrx_word' id='word_1_431' title='bbox 3130 2898 3273 2967; x_wconf 92' lang='lat' dir='ltr'><strong>quod</strong></span> <span class='ocrx_word' id='word_1_432' title='bbox 3344 2896 3631 2967; x_wconf 88' lang='lat' dir='ltr'><strong>implumes</strong></span> <span class='ocrx_word' id='word_1_433' title='bbox 3712 2901 3859 2965; x_wconf 89' lang='lat' dir='ltr'><strong>nati,</strong></span> 
     </span>
    </p>
   </div>
   <div class='ocr_carea' id='block_1_60' title="bbox 2265 2976 3859 3061">
    <p class='ocr_par' dir='ltr' id='par_1_60' title="bbox 2265 2976 3859 3061">
     <span class='ocr_line' id='line_1_60' title="bbox 2265 2976 3859 3061; baseline 0.011 -33"><span class='ocrx_word' id='word_1_434' title='bbox 2265 2976 2479 3043; x_wconf 85' lang='lat' dir='ltr'><strong>quando</strong></span> <span class='ocrx_word' id='word_1_435' title='bbox 2530 2993 2752 3034; x_wconf 90' lang='lat' dir='ltr'><strong>ovorum</strong></span> <span class='ocrx_word' id='word_1_436' title='bbox 2783 2982 2976 3038; x_wconf 90' lang='lat' dir='ltr'><strong>tunicis</strong></span> <span class='ocrx_word' id='word_1_437' title='bbox 3001 2997 3290 3054; x_wconf 84' lang='lat' dir='ltr'><strong>exuuntur,</strong></span> <span class='ocrx_word' id='word_1_438' title='bbox 3324 2988 3523 3057; x_wconf 90' lang='lat' dir='ltr'><strong>indepti</strong></span> <span class='ocrx_word' id='word_1_439' title='bbox 3555 2998 3706 3055; x_wconf 90' lang='lat' dir='ltr'><strong>sunt,</strong></span> <span class='ocrx_word' id='word_1_440' title='bbox 3735 3005 3859 3061; x_wconf 83' lang='lat' dir='ltr'><strong>qua-</strong></span> 
     </span>
    </p>
   </div>
   <div class='ocr_carea' id='block_1_61' title="bbox 2260 3065 3859 3149">
    <p class='ocr_par' dir='ltr' id='par_1_61' title="bbox 2260 3065 3859 3149">
     <span class='ocr_line' id='line_1_61' title="bbox 2260 3065 3859 3149; baseline 0.013 -31"><span class='ocrx_word' id='word_1_441' title='bbox 2260 3065 2381 3119; x_wconf 90' lang='lat' dir='ltr'><strong>dam</strong></span> <span class='ocrx_word' id='word_1_442' title='bbox 2412 3066 2637 3124; x_wconf 83' lang='lat' dir='ltr'><strong>diStricti</strong></span> <span class='ocrx_word' id='word_1_443' title='bbox 2668 3072 2915 3141; x_wconf 78' lang='lat' dir='ltr'><strong>:rquitate</strong></span> <span class='ocrx_word' id='word_1_444' title='bbox 2938 3077 3247 3133; x_wconf 90' lang='lat' dir='ltr'><strong>restituunt.</strong></span> <span class='ocrx_word' id='word_1_445' title='bbox 3272 3078 3384 3134; x_wconf 90' lang='lat' dir='ltr'><strong>Non</strong></span> <span class='ocrx_word' id='word_1_446' title='bbox 3411 3087 3596 3149; x_wconf 89' lang='lat' dir='ltr'><strong>putant</strong></span> <span class='ocrx_word' id='word_1_447' title='bbox 3614 3083 3859 3139; x_wconf 86' lang='lat' dir='ltr'><strong>volucres</strong></span> 
     </span>
    </p>
   </div>
   <div class='ocr_carea' id='block_1_62' title="bbox 571 3155 3858 3263">
    <p class='ocr_par' dir='ltr' id='par_1_62' title="bbox 571 3155 3858 3263">
     <span class='ocr_line' id='line_1_62' title="bbox 571 3155 3858 3263; baseline 0.005 -18"><span class='ocrx_word' id='word_1_448' title='bbox 571 3155 768 3257; x_wconf 74' lang='lat' dir='ltr'><strong>Credo,</strong></span> <span class='ocrx_word' id='word_1_449' title='bbox 786 3155 1058 3262; x_wconf 59' lang='lat' dir='ltr'><strong>digressus</strong></span> <span class='ocrx_word' id='word_1_450' title='bbox 1080 3207 1110 3245; x_wconf 93' lang='lat' dir='ltr'><strong>e</strong></span> <span class='ocrx_word' id='word_1_451' title='bbox 1131 3192 1335 3263; x_wconf 84' lang='lat' dir='ltr'><strong>praelio,</strong></span> <span class='ocrx_word' id='word_1_452' title='bbox 1354 3192 1473 3247; x_wconf 90' lang='lat' dir='ltr'><strong>loco</strong></span> <span class='ocrx_word' id='word_1_453' title='bbox 1488 3192 1729 3261; x_wconf 84' lang='lat' dir='ltr'><strong>principe</strong></span> <span class='ocrx_word' id='word_1_454' title='bbox 1745 3191 1970 3248; x_wconf 89' lang='lat' dir='ltr'><strong>delubra</strong></span> <span class='ocrx_word' id='word_1_455' title='bbox 1998 3207 2157 3248; x_wconf 84' lang='lat' dir='ltr'><strong>vene-</strong></span> <span class='ocrx_word' id='word_1_456' title='bbox 2185 3182 2233 3247; x_wconf 86' lang='lat' dir='ltr'><strong><em>C</em></strong></span> <span class='ocrx_word' id='word_1_457' title='bbox 2261 3155 2893 3263; x_wconf 34' lang='lat' dir='ltr'><strong>esse-[Ilierumﬁccepsa</strong></span> <span class='ocrx_word' id='word_1_458' title='bbox 2951 3166 3218 3236; x_wconf 64' lang='lat' dir='ltr'><strong>denegare</strong></span> <span class='ocrx_word' id='word_1_459' title='bbox 3244 3170 3439 3263; x_wconf 57' lang='grc' dir='ltr'><strong>⁵Ψ¹³¹⁰</strong></span> <span class='ocrx_word' id='word_1_460' title='bbox 3470 3181 3559 3263; x_wconf 48' lang='lat' dir='ltr'><strong>es‘,</strong></span> <span class='ocrx_word' id='word_1_461' title='bbox 3582 3171 3858 3263; x_wconf 69' lang='grc' dir='ltr'><strong>ίηεθηῖυω</strong></span> 
     </span>
    </p>
   </div>
   <div class='ocr_carea' id='block_1_63' title="bbox 572 3284 2153 3355">
    <p class='ocr_par' dir='ltr' id='par_1_63' title="bbox 572 3284 2153 3355">
     <span class='ocr_line' id='line_1_63' title="bbox 572 3284 2153 3355; baseline 0.001 -16"><span class='ocrx_word' id='word_1_462' title='bbox 572 3293 720 3340; x_wconf 91' lang='lat' dir='ltr'><strong>ratus</strong></span> <span class='ocrx_word' id='word_1_463' title='bbox 747 3294 830 3351; x_wconf 86' lang='lat' dir='ltr'><strong>es,</strong></span> <span class='ocrx_word' id='word_1_464' title='bbox 862 3296 913 3339; x_wconf 92' lang='lat' dir='ltr'><strong>et</strong></span> <span class='ocrx_word' id='word_1_465' title='bbox 957 3284 1028 3339; x_wconf 90' lang='lat' dir='ltr'><strong>ibi</strong></span> <span class='ocrx_word' id='word_1_466' title='bbox 1057 3288 1279 3355; x_wconf 84' lang='lat' dir='ltr'><strong>gratiam</strong></span> <span class='ocrx_word' id='word_1_467' title='bbox 1323 3288 1585 3352; x_wconf 83' lang='lat' dir='ltr'><strong>retulisti,</strong></span> <span class='ocrx_word' id='word_1_468' title='bbox 1621 3288 1758 3341; x_wconf 87' lang='lat' dir='ltr'><strong>unde</strong></span> <span class='ocrx_word' id='word_1_469' title='bbox 1807 3287 2041 3355; x_wconf 65' lang='lat' dir='ltr'><strong>praedam</strong></span> <span class='ocrx_word' id='word_1_470' title='bbox 2084 3289 2153 3341; x_wconf 86' lang='lat' dir='ltr'><strong>fe-</strong></span> 
     </span>
    </p>
   </div>
   <div class='ocr_carea' id='block_1_64' title="bbox 574 3378 2158 3454">
    <p class='ocr_par' dir='ltr' id='par_1_64' title="bbox 574 3378 2158 3454">
     <span class='ocr_line' id='line_1_64' title="bbox 574 3378 2158 3454; baseline 0.002 -24"><span class='ocrx_word' id='word_1_471' title='bbox 574 3378 727 3430; x_wconf 87' lang='lat' dir='ltr'><strong>riatis</strong></span> <span class='ocrx_word' id='word_1_472' title='bbox 769 3378 1015 3454; x_wconf 73' lang='lat' dir='ltr'><strong>(nauibus</strong></span> <span class='ocrx_word' id='word_1_473' title='bbox 1048 3386 1225 3433; x_wconf 86' lang='lat' dir='ltr'><strong>certas</strong></span> <span class='ocrx_word' id='word_1_474' title='bbox 1264 3378 1531 3446; x_wconf 79' lang='lat' dir='ltr'><strong>abripere.</strong></span> <span class='ocrx_word' id='word_1_475' title='bbox 1586 3378 1792 3433; x_wconf 79' lang='lat' dir='ltr'><strong>Vereor</strong></span> <span class='ocrx_word' id='word_1_476' title='bbox 1836 3394 1904 3434; x_wconf 90' lang='lat' dir='ltr'><strong>ne</strong></span> <span class='ocrx_word' id='word_1_477' title='bbox 1946 3379 2158 3447; x_wconf 85' lang='lat' dir='ltr'><strong>templis</strong></span> 
     </span>
    </p>
   </div>
   <div class='ocr_carea' id='block_1_65' title="bbox 572 3469 2158 3543">
    <p class='ocr_par' dir='ltr' id='par_1_65' title="bbox 572 3469 2158 3543">
     <span class='ocr_line' id='line_1_65' title="bbox 572 3469 2158 3543; baseline 0.002 -18"><span class='ocrx_word' id='word_1_478' title='bbox 572 3470 715 3525; x_wconf 84' lang='lat' dir='ltr'><strong>nulla</strong></span> <span class='ocrx_word' id='word_1_479' title='bbox 746 3469 862 3525; x_wconf 78' lang='lat' dir='ltr'><strong>face</strong></span> <span class='ocrx_word' id='word_1_480' title='bbox 896 3470 1249 3540; x_wconf 83' lang='lat' dir='ltr'><strong>consumptis,</strong></span> <span class='ocrx_word' id='word_1_481' title='bbox 1273 3473 1431 3528; x_wconf 84' lang='lat' dir='ltr'><strong>ducat</strong></span> <span class='ocrx_word' id='word_1_482' title='bbox 1462 3473 1721 3529; x_wconf 84' lang='lat' dir='ltr'><strong>vestalem</strong></span> <span class='ocrx_word' id='word_1_483' title='bbox 1753 3473 2012 3543; x_wconf 85' lang='lat' dir='ltr'><strong>virginem</strong></span> <span class='ocrx_word' id='word_1_484' title='bbox 2038 3487 2158 3528; x_wconf 87' lang='lat' dir='ltr'><strong>sors</strong></span> 
     </span>
    </p>
   </div>
   <div class='ocr_carea' id='block_1_66' title="bbox 572 3562 1114 3633">
    <p class='ocr_par' dir='ltr' id='par_1_66' title="bbox 572 3562 1114 3633">
     <span class='ocr_line' id='line_1_66' title="bbox 572 3562 1114 3633; baseline 0 -16"><span class='ocrx_word' id='word_1_485' title='bbox 572 3562 802 3617; x_wconf 85' lang='lat' dir='ltr'><strong>secunda</strong></span> <span class='ocrx_word' id='word_1_486' title='bbox 830 3564 1114 3633; x_wconf 88' lang='lat' dir='ltr'><strong>captivam.</strong></span> 
     </span>
    </p>
   </div>
   <div class='ocr_carea' id='block_1_67' title="bbox 1155 3680 1571 3740">
    <p class='ocr_par' dir='ltr' id='par_1_67' title="bbox 1155 3680 1571 3740">
     <span class='ocr_line' id='line_1_67' title="bbox 1155 3680 1571 3740; baseline 0.01 -4"><span class='ocrx_word' id='word_1_487' title='bbox 1155 3680 1379 3738; x_wconf 85' lang='lat' dir='ltr'>DIC&#39;I&#39;IO</span> <span class='ocrx_word' id='word_1_488' title='bbox 1412 3683 1571 3740; x_wconf 82' lang='lat' dir='ltr'>XVII.</span> 
     </span>
    </p>
   </div>
   <div class='ocr_carea' id='block_1_68' title="bbox 821 3768 1902 3843">
    <p class='ocr_par' dir='ltr' id='par_1_68' title="bbox 821 3768 1902 3843">
     <span class='ocr_line' id='line_1_68' title="bbox 821 3768 1902 3843; baseline 0.003 -18"><span class='ocrx_word' id='word_1_489' title='bbox 821 3768 885 3826; x_wconf 89' lang='lat' dir='ltr'><strong>In</strong></span> <span class='ocrx_word' id='word_1_490' title='bbox 914 3787 1025 3826; x_wconf 86' lang='lat' dir='ltr'><strong>eum</strong></span> <span class='ocrx_word' id='word_1_491' title='bbox 1051 3773 1137 3843; x_wconf 83' lang='lat' dir='ltr'><strong>qui</strong></span> <span class='ocrx_word' id='word_1_492' title='bbox 1165 3774 1273 3829; x_wconf 80' lang='lat' dir='ltr'><strong>seni</strong></span> <span class='ocrx_word' id='word_1_493' title='bbox 1305 3777 1436 3842; x_wconf 78' lang='lat' dir='ltr'><strong>patri</strong></span> <span class='ocrx_word' id='word_1_494' title='bbox 1468 3776 1604 3831; x_wconf 78' lang='lat' dir='ltr'><strong>cibos</strong></span> <span class='ocrx_word' id='word_1_495' title='bbox 1629 3775 1902 3830; x_wconf 61' lang='lat' dir='ltr'><strong>subtraxit.</strong></span> 
     </span>
    </p>
   </div>
   <div class='ocr_carea' id='block_1_69' title="bbox 1170 3865 1565 3922">
    <p class='ocr_par' dir='ltr' id='par_1_69' title="bbox 1170 3865 1565 3922">
     <span class='ocr_line' id='line_1_69' title="bbox 1170 3865 1565 3922; baseline 0.008 -4"><span class='ocrx_word' id='word_1_496' title='bbox 1170 3865 1297 3920; x_wconf 86' lang='lat' dir='ltr'><strong>Data</strong></span> <span class='ocrx_word' id='word_1_497' title='bbox 1329 3868 1565 3922; x_wconf 87' lang='lat' dir='ltr'><strong>Aratori.</strong></span> 
     </span>
    </p>
   </div>
   <div class='ocr_carea' id='block_1_70' title="bbox 1036 3974 1692 4024">
    <p class='ocr_par' dir='ltr' id='par_1_70' title="bbox 1036 3974 1692 4024">
     <span class='ocr_line' id='line_1_70' title="bbox 1036 3974 1692 4024; baseline 0.002 -11"><span class='ocrx_word' id='word_1_498' title='bbox 1036 3974 1433 4016; x_wconf 70' lang='lat' dir='ltr'><strong>comnovunsu</strong></span> <span class='ocrx_word' id='word_1_499' title='bbox 1464 3976 1692 4024; x_wconf 75' lang='grc' dir='ltr'><strong>ρυΑῖιτΑ.</strong></span> 
     </span>
    </p>
   </div>
   <div class='ocr_carea' id='block_1_71' title="bbox 635 4045 2149 4119">
    <p class='ocr_par' dir='ltr' id='par_1_71' title="bbox 635 4045 2149 4119">
     <span class='ocr_line' id='line_1_71' title="bbox 635 4045 2149 4119; baseline 0 -17"><span class='ocrx_word' id='word_1_500' title='bbox 635 4045 846 4115; x_wconf 89' lang='lat' dir='ltr'><strong>Nescio,</strong></span> <span class='ocrx_word' id='word_1_501' title='bbox 874 4047 1107 4118; x_wconf 91' lang='lat' dir='ltr'><strong>judices,</strong></span> <span class='ocrx_word' id='word_1_502' title='bbox 1142 4060 1321 4102; x_wconf 91' lang='lat' dir='ltr'><strong>utrum</strong></span> <span class='ocrx_word' id='word_1_503' title='bbox 1355 4050 1660 4104; x_wconf 85' lang='lat' dir='ltr'><strong>inveniatur</strong></span> <span class='ocrx_word' id='word_1_504' title='bbox 1687 4064 1869 4119; x_wconf 68' lang='lat' dir='ltr'><strong>pinna,</strong></span> <span class='ocrx_word' id='word_1_505' title='bbox 1897 4063 2016 4118; x_wconf 71' lang='lat' dir='ltr'><strong>qua:</strong></span> <span class='ocrx_word' id='word_1_506' title='bbox 2044 4048 2149 4102; x_wconf 84' lang='lat' dir='ltr'><strong>cri-</strong></span> 
     </span>
    </p>
   </div>
   <div class='ocr_carea' id='block_1_72' title="bbox 566 4140 2151 4212">
    <p class='ocr_par' dir='ltr' id='par_1_72' title="bbox 566 4140 2151 4212">
     <span class='ocr_line' id='line_1_72' title="bbox 566 4140 2151 4212; baseline 0.001 -15"><span class='ocrx_word' id='word_1_507' title='bbox 566 4140 800 4197; x_wconf 86' lang='lat' dir='ltr'><strong>minibus</strong></span> <span class='ocrx_word' id='word_1_508' title='bbox 850 4141 1145 4195; x_wconf 87' lang='lat' dir='ltr'><strong>satisfaciat</strong></span> <span class='ocrx_word' id='word_1_509' title='bbox 1191 4141 1440 4211; x_wconf 83' lang='lat' dir='ltr'><strong>impetiti.</strong></span> <span class='ocrx_word' id='word_1_510' title='bbox 1492 4142 1711 4198; x_wconf 90' lang='lat' dir='ltr'><strong>Interim</strong></span> <span class='ocrx_word' id='word_1_511' title='bbox 1760 4144 1910 4198; x_wconf 88' lang='lat' dir='ltr'><strong>deest</strong></span> <span class='ocrx_word' id='word_1_512' title='bbox 1954 4142 2151 4212; x_wconf 66' lang='lat' dir='ltr'><strong>linguae</strong></span> 
     </span>
    </p>
   </div>
   <div class='ocr_carea' id='block_1_73' title="bbox 565 4232 2146 4305">
    <p class='ocr_par' dir='ltr' id='par_1_73' title="bbox 565 4232 2146 4305">
     <span class='ocr_line' id='line_1_73' title="bbox 565 4232 2146 4305; baseline 0.001 -17"><span class='ocrx_word' id='word_1_513' title='bbox 565 4234 750 4303; x_wconf 82' lang='lat' dir='ltr'><strong>capia,</strong></span> <span class='ocrx_word' id='word_1_514' title='bbox 779 4232 993 4304; x_wconf 89' lang='lat' dir='ltr'><strong>quando</strong></span> <span class='ocrx_word' id='word_1_515' title='bbox 1023 4232 1274 4287; x_wconf 87' lang='lat' dir='ltr'><strong>facinoris</strong></span> <span class='ocrx_word' id='word_1_516' title='bbox 1302 4233 1511 4289; x_wconf 86' lang='lat' dir='ltr'><strong>novitas</strong></span> <span class='ocrx_word' id='word_1_517' title='bbox 1553 4244 1774 4305; x_wconf 82' lang='lat' dir='ltr'><strong>superat</strong></span> <span class='ocrx_word' id='word_1_518' title='bbox 1810 4249 2146 4305; x_wconf 88' lang='lat' dir='ltr'><strong>arguentem.</strong></span> 
     </span>
    </p>
   </div>
   <div class='ocr_carea' id='block_1_74' title="bbox 564 4326 2149 4398">
    <p class='ocr_par' dir='ltr' id='par_1_74' title="bbox 564 4326 2149 4398">
     <span class='ocr_line' id='line_1_74' title="bbox 564 4326 2149 4398; baseline 0.002 -17"><span class='ocrx_word' id='word_1_519' title='bbox 564 4326 670 4381; x_wconf 89' lang='lat' dir='ltr'><strong>Iste</strong></span> <span class='ocrx_word' id='word_1_520' title='bbox 690 4335 770 4381; x_wconf 90' lang='lat' dir='ltr'><strong>est</strong></span> <span class='ocrx_word' id='word_1_521' title='bbox 792 4326 931 4381; x_wconf 79' lang='lat' dir='ltr'><strong>filius</strong></span> <span class='ocrx_word' id='word_1_522' title='bbox 952 4326 1042 4396; x_wconf 91' lang='lat' dir='ltr'><strong>qui</strong></span> <span class='ocrx_word' id='word_1_523' title='bbox 1071 4326 1363 4397; x_wconf 73' lang='lat' dir='ltr'><strong>grandzevo</strong></span> <span class='ocrx_word' id='word_1_524' title='bbox 1380 4330 1548 4396; x_wconf 91' lang='lat' dir='ltr'><strong>patri,</strong></span> <span class='ocrx_word' id='word_1_525' title='bbox 1566 4342 1685 4382; x_wconf 84' lang='lat' dir='ltr'><strong>cum</strong></span> <span class='ocrx_word' id='word_1_526' title='bbox 1702 4336 1886 4395; x_wconf 89' lang='lat' dir='ltr'><strong>posset</strong></span> <span class='ocrx_word' id='word_1_527' title='bbox 1907 4328 2149 4398; x_wconf 85' lang='lat' dir='ltr'><strong>praebere</strong></span> 
     </span>
    </p>
   </div>
   <div class='ocr_carea' id='block_1_75' title="bbox 564 4418 2147 4491">
    <p class='ocr_par' dir='ltr' id='par_1_75' title="bbox 564 4418 2147 4491">
     <span class='ocr_line' id='line_1_75' title="bbox 564 4418 2147 4491; baseline 0.003 -19"><span class='ocrx_word' id='word_1_528' title='bbox 564 4418 850 4484; x_wconf 80' lang='lat' dir='ltr'><strong>alimenta,</strong></span> <span class='ocrx_word' id='word_1_529' title='bbox 884 4419 1170 4490; x_wconf 86' lang='lat' dir='ltr'><strong>denegavit</strong></span> <span class='ocrx_word' id='word_1_530' title='bbox 1199 4439 1211 4475; x_wconf 89' lang='lat'><strong>:</strong></span> <span class='ocrx_word' id='word_1_531' title='bbox 1249 4421 1299 4474; x_wconf 88' lang='lat' dir='ltr'><strong>id</strong></span> <span class='ocrx_word' id='word_1_532' title='bbox 1335 4420 1477 4491; x_wconf 89' lang='lat' dir='ltr'><strong>genii</strong></span> <span class='ocrx_word' id='word_1_533' title='bbox 1519 4421 1815 4477; x_wconf 89' lang='lat' dir='ltr'><strong>sceleribus</strong></span> <span class='ocrx_word' id='word_1_534' title='bbox 1854 4422 1965 4475; x_wconf 87' lang='lat' dir='ltr'><strong>suis</strong></span> <span class='ocrx_word' id='word_1_535' title='bbox 1992 4436 2147 4477; x_wconf 90' lang='lat' dir='ltr'><strong>asso-</strong></span> 
     </span>
    </p>
   </div>
   <div class='ocr_carea' id='block_1_76' title="bbox 564 4511 2147 4583">
    <p class='ocr_par' dir='ltr' id='par_1_76' title="bbox 564 4511 2147 4583">
     <span class='ocr_line' id='line_1_76' title="bbox 564 4511 2147 4583; baseline 0.003 -18"><span class='ocrx_word' id='word_1_536' title='bbox 564 4512 736 4579; x_wconf 86' lang='lat' dir='ltr'><strong>cians,</strong></span> <span class='ocrx_word' id='word_1_537' title='bbox 765 4521 821 4565; x_wconf 91' lang='lat' dir='ltr'><strong>ut</strong></span> <span class='ocrx_word' id='word_1_538' title='bbox 848 4522 993 4567; x_wconf 81' lang='lat' dir='ltr'><strong>chet</strong></span> <span class='ocrx_word' id='word_1_539' title='bbox 1038 4523 1189 4582; x_wconf 88' lang='lat' dir='ltr'><strong>patre</strong></span> <span class='ocrx_word' id='word_1_540' title='bbox 1216 4511 1472 4567; x_wconf 86' lang='lat' dir='ltr'><strong>incolumi</strong></span> <span class='ocrx_word' id='word_1_541' title='bbox 1504 4513 1790 4583; x_wconf 89' lang='lat' dir='ltr'><strong>parricida.</strong></span> <span class='ocrx_word' id='word_1_542' title='bbox 1825 4513 1987 4570; x_wconf 87' lang='lat' dir='ltr'><strong>Putas</strong></span> <span class='ocrx_word' id='word_1_543' title='bbox 2016 4530 2147 4569; x_wconf 87' lang='lat' dir='ltr'><strong>eva-</strong></span> 
     </span>
    </p>
   </div>
   <div class='ocr_carea' id='block_1_77' title="bbox 565 4606 2151 4678">
    <p class='ocr_par' dir='ltr' id='par_1_77' title="bbox 565 4606 2151 4678">
     <span class='ocr_line' id='line_1_77' title="bbox 565 4606 2151 4678; baseline 0.004 -21"><span class='ocrx_word' id='word_1_544' title='bbox 565 4606 699 4658; x_wconf 86' lang='lat' dir='ltr'><strong>sisse</strong></span> <span class='ocrx_word' id='word_1_545' title='bbox 723 4615 772 4659; x_wconf 90' lang='lat' dir='ltr'><strong>te</strong></span> <span class='ocrx_word' id='word_1_546' title='bbox 796 4606 1033 4661; x_wconf 89' lang='lat' dir='ltr'><strong>debitum</strong></span> <span class='ocrx_word' id='word_1_547' title='bbox 1076 4606 1143 4659; x_wconf 91' lang='lat' dir='ltr'><strong>de</strong></span> <span class='ocrx_word' id='word_1_548' title='bbox 1175 4620 1281 4659; x_wconf 89' lang='lat' dir='ltr'><strong>non</strong></span> <span class='ocrx_word' id='word_1_549' title='bbox 1309 4606 1457 4659; x_wconf 88' lang='lat' dir='ltr'><strong>illata</strong></span> <span class='ocrx_word' id='word_1_550' title='bbox 1482 4608 1712 4675; x_wconf 90' lang='lat' dir='ltr'><strong>genitori</strong></span> <span class='ocrx_word' id='word_1_551' title='bbox 1746 4618 1917 4661; x_wconf 89' lang='lat' dir='ltr'><strong>morte</strong></span> <span class='ocrx_word' id='word_1_552' title='bbox 1946 4609 2151 4678; x_wconf 89' lang='lat' dir='ltr'><strong>suppli-</strong></span> 
     </span>
    </p>
   </div>
   <div class='ocr_carea' id='block_1_78' title="bbox 564 4697 2149 4769">
    <p class='ocr_par' dir='ltr' id='par_1_78' title="bbox 564 4697 2149 4769">
     <span class='ocr_line' id='line_1_78' title="bbox 564 4697 2149 4769; baseline 0.003 -17"><span class='ocrx_word' id='word_1_553' title='bbox 564 4698 701 4752; x_wconf 90' lang='lat' dir='ltr'><strong>cium</strong></span> <span class='ocrx_word' id='word_1_554' title='bbox 716 4701 737 4751; x_wconf 71' lang='grc' dir='ltr'><strong>’ἰ</strong></span> <span class='ocrx_word' id='word_1_555' title='bbox 758 4710 811 4754; x_wconf 83' lang='grc' dir='ltr'><strong>ιιι</strong></span> <span class='ocrx_word' id='word_1_556' title='bbox 826 4714 976 4755; x_wconf 88' lang='lat' dir='ltr'><strong>esses</strong></span> <span class='ocrx_word' id='word_1_557' title='bbox 996 4700 1015 4728; x_wconf 83' lang='grc'><strong><em>²</em></strong></span> <span class='ocrx_word' id='word_1_558' title='bbox 1035 4697 1390 4765; x_wconf 88' lang='lat' dir='ltr'><strong>innocentior,</strong></span> <span class='ocrx_word' id='word_1_559' title='bbox 1408 4701 1713 4769; x_wconf 88' lang='lat' dir='ltr'><strong>pepercisti.</strong></span> <span class='ocrx_word' id='word_1_560' title='bbox 1732 4699 2006 4756; x_wconf 84' lang='lat' dir='ltr'><strong>Potuisses</strong></span> <span class='ocrx_word' id='word_1_561' title='bbox 2026 4716 2149 4756; x_wconf 92' lang='lat' dir='ltr'><strong>cru-</strong></span> 
     </span>
    </p>
   </div>
   <div class='ocr_carea' id='block_1_79' title="bbox 564 4790 2148 4861">
    <p class='ocr_par' dir='ltr' id='par_1_79' title="bbox 564 4790 2148 4861">
     <span class='ocr_line' id='line_1_79' title="bbox 564 4790 2148 4861; baseline 0.003 -14"><span class='ocrx_word' id='word_1_562' title='bbox 564 4790 733 4847; x_wconf 84' lang='lat' dir='ltr'><strong>ciatus</strong></span> <span class='ocrx_word' id='word_1_563' title='bbox 761 4809 894 4861; x_wconf 92' lang='lat' dir='ltr'><strong>quos</strong></span> <span class='ocrx_word' id='word_1_564' title='bbox 917 4793 1198 4858; x_wconf 83' lang='lat' dir='ltr'><strong>intuleras,</strong></span> <span class='ocrx_word' id='word_1_565' title='bbox 1214 4793 1399 4847; x_wconf 89' lang='lat' dir='ltr'><strong>ultimo</strong></span> <span class='ocrx_word' id='word_1_566' title='bbox 1424 4791 1592 4861; x_wconf 88' lang='lat' dir='ltr'><strong>patris</strong></span> <span class='ocrx_word' id='word_1_567' title='bbox 1609 4793 1716 4848; x_wconf 86' lang='lat' dir='ltr'><strong>ﬁne</strong></span> <span class='ocrx_word' id='word_1_568' title='bbox 1736 4794 2148 4861; x_wconf 78' lang='lat' dir='ltr'><strong>concludere,‘si</strong></span> 
     </span>
    </p>
   </div>
   <div class='ocr_carea' id='block_1_80' title="bbox 563 4883 2150 4955">
    <p class='ocr_par' dir='ltr' id='par_1_80' title="bbox 563 4883 2150 4955">
     <span class='ocr_line' id='line_1_80' title="bbox 563 4883 2150 4955; baseline 0.004 -21"><span class='ocrx_word' id='word_1_569' title='bbox 563 4897 779 4935; x_wconf 85' lang='lat' dir='ltr'><strong>manum</strong></span> <span class='ocrx_word' id='word_1_570' title='bbox 801 4883 986 4954; x_wconf 80' lang='lat' dir='ltr'><strong>jugulo</strong></span> <span class='ocrx_word' id='word_1_571' title='bbox 1017 4886 1277 4939; x_wconf 83' lang='lat' dir='ltr'><strong>medicam</strong></span> <span class='ocrx_word' id='word_1_572' title='bbox 1312 4886 1688 4954; x_wconf 69' lang='lat' dir='ltr'><strong>praestitisses:</strong></span> <span class='ocrx_word' id='word_1_573' title='bbox 1722 4886 1890 4955; x_wconf 86' lang='lat' dir='ltr'><strong>prima</strong></span> <span class='ocrx_word' id='word_1_574' title='bbox 1921 4895 2003 4940; x_wconf 92' lang='lat' dir='ltr'><strong>est</strong></span> <span class='ocrx_word' id='word_1_575' title='bbox 2033 4902 2150 4941; x_wconf 87' lang='lat' dir='ltr'><strong>nia-</strong></span> 
     </span>
    </p>
   </div>
   <div class='ocr_carea' id='block_1_81' title="bbox 562 4974 2143 5048">
    <p class='ocr_par' dir='ltr' id='par_1_81' title="bbox 562 4974 2143 5048">
     <span class='ocr_line' id='line_1_81' title="bbox 562 4974 2143 5048; baseline 0.006 -22"><span class='ocrx_word' id='word_1_576' title='bbox 562 4974 736 5026; x_wconf 89' lang='lat' dir='ltr'><strong>lorum</strong></span> <span class='ocrx_word' id='word_1_577' title='bbox 772 4982 979 5029; x_wconf 91' lang='lat' dir='ltr'><strong>tuorum</strong></span> <span class='ocrx_word' id='word_1_578' title='bbox 1008 4977 1335 5044; x_wconf 88' lang='lat' dir='ltr'><strong>adinveutio,</strong></span> <span class='ocrx_word' id='word_1_579' title='bbox 1375 4979 1635 5032; x_wconf 88' lang='lat' dir='ltr'><strong>creatoris</strong></span> <span class='ocrx_word' id='word_1_580' title='bbox 1684 4978 1883 5048; x_wconf 87' lang='lat' dir='ltr'><strong>proprii</strong></span> <span class='ocrx_word' id='word_1_581' title='bbox 1923 4979 2143 5036; x_wconf 81' lang='lat' dir='ltr'><strong>exitium</strong></span> 
     </span>
    </p>
   </div>
   <div class='ocr_carea' id='block_1_82' title="bbox 562 5071 2140 5146">
    <p class='ocr_par' dir='ltr' id='par_1_82' title="bbox 562 5071 2140 5146">
     <span class='ocr_line' id='line_1_82' title="bbox 562 5071 2140 5146; baseline 0.005 -26"><span class='ocrx_word' id='word_1_582' title='bbox 562 5078 662 5120; x_wconf 85' lang='lat' dir='ltr'><strong>nec</strong></span> <span class='ocrx_word' id='word_1_583' title='bbox 684 5080 960 5122; x_wconf 87' lang='lat' dir='ltr'><strong>removere</strong></span> <span class='ocrx_word' id='word_1_584' title='bbox 990 5080 1046 5123; x_wconf 88' lang='lat' dir='ltr'><strong>ut</strong></span> <span class='ocrx_word' id='word_1_585' title='bbox 1076 5071 1219 5138; x_wconf 91' lang='lat' dir='ltr'><strong>pium</strong></span> <span class='ocrx_word' id='word_1_586' title='bbox 1248 5071 1447 5139; x_wconf 79' lang='lat' dir='ltr'><strong>filium,</strong></span> <span class='ocrx_word' id='word_1_587' title='bbox 1470 5088 1568 5127; x_wconf 88' lang='lat' dir='ltr'><strong>nec</strong></span> <span class='ocrx_word' id='word_1_588' title='bbox 1587 5084 1642 5127; x_wconf 92' lang='lat' dir='ltr'><strong>ut</strong></span> <span class='ocrx_word' id='word_1_589' title='bbox 1670 5074 1941 5128; x_wconf 88' lang='lat' dir='ltr'><strong>crudelem</strong></span> <span class='ocrx_word' id='word_1_590' title='bbox 1964 5073 2140 5146; x_wconf 87' lang='lat' dir='ltr'><strong>decet,</strong></span> 
     </span>
    </p>
   </div>
   <div class='ocr_carea' id='block_1_83' title="bbox 561 5157 2141 5238">
    <p class='ocr_par' dir='ltr' id='par_1_83' title="bbox 561 5157 2141 5238">
     <span class='ocr_line' id='line_1_83' title="bbox 561 5157 2141 5238; baseline 0.002 -21"><span class='ocrx_word' id='word_1_591' title='bbox 561 5157 780 5217; x_wconf 81' lang='lat' dir='ltr'><strong>inferre.</strong></span> <span class='ocrx_word' id='word_1_592' title='bbox 813 5160 948 5226; x_wconf 86' lang='lat' dir='ltr'><strong>Quid</strong></span> <span class='ocrx_word' id='word_1_593' title='bbox 979 5171 1063 5215; x_wconf 92' lang='lat' dir='ltr'><strong>est</strong></span> <span class='ocrx_word' id='word_1_594' title='bbox 1093 5164 1232 5233; x_wconf 86' lang='lat' dir='ltr'><strong>quod</strong></span> <span class='ocrx_word' id='word_1_595' title='bbox 1261 5165 1400 5220; x_wconf 92' lang='lat' dir='ltr'><strong>inter</strong></span> <span class='ocrx_word' id='word_1_596' title='bbox 1432 5177 1711 5237; x_wconf 84' lang='lat' dir='ltr'><strong>utramque</strong></span> <span class='ocrx_word' id='word_1_597' title='bbox 1746 5168 1917 5235; x_wconf 86' lang='lat' dir='ltr'><strong>viain,</strong></span> <span class='ocrx_word' id='word_1_598' title='bbox 1950 5168 2141 5238; x_wconf 85' lang='lat' dir='ltr'><strong>exqui-</strong></span> 
     </span>
    </p>
   </div>
   <div class='ocr_carea' id='block_1_84' title="bbox 560 5252 2143 5330">
    <p class='ocr_par' dir='ltr' id='par_1_84' title="bbox 560 5252 2143 5330">
     <span class='ocr_line' id='line_1_84' title="bbox 560 5252 2143 5330; baseline 0.005 -23"><span class='ocrx_word' id='word_1_599' title='bbox 560 5252 647 5308; x_wconf 88' lang='lat' dir='ltr'><strong>siti</strong></span> <span class='ocrx_word' id='word_1_600' title='bbox 670 5252 918 5307; x_wconf 90' lang='lat' dir='ltr'><strong>inventor</strong></span> <span class='ocrx_word' id='word_1_601' title='bbox 947 5254 1189 5322; x_wconf 89' lang='lat' dir='ltr'><strong>periculi,</strong></span> <span class='ocrx_word' id='word_1_602' title='bbox 1210 5265 1455 5312; x_wconf 89' lang='lat' dir='ltr'><strong>neutram</strong></span> <span class='ocrx_word' id='word_1_603' title='bbox 1487 5268 1722 5314; x_wconf 88' lang='lat' dir='ltr'><strong>sectatus</strong></span> <span class='ocrx_word' id='word_1_604' title='bbox 1750 5259 1987 5329; x_wconf 86' lang='lat' dir='ltr'><strong>pasceris</strong></span> <span class='ocrx_word' id='word_1_605' title='bbox 2018 5276 2143 5330; x_wconf 88' lang='lat' dir='ltr'><strong>pro-</strong></span> 
     </span>
    </p>
   </div>
   <div class='ocr_carea' id='block_1_85' title="bbox 558 5345 2144 5422">
    <p class='ocr_par' dir='ltr' id='par_1_85' title="bbox 558 5345 2144 5422">
     <span class='ocr_line' id='line_1_85' title="bbox 558 5345 2144 5422; baseline 0.005 -21"><span class='ocrx_word' id='word_1_606' title='bbox 558 5345 794 5416; x_wconf 86' lang='lat' dir='ltr'><strong>mulgata</strong></span> <span class='ocrx_word' id='word_1_607' title='bbox 834 5347 951 5402; x_wconf 83' lang='lat' dir='ltr'><strong>tabe</strong></span> <span class='ocrx_word' id='word_1_608' title='bbox 977 5348 1268 5417; x_wconf 75' lang='lat' dir='ltr'><strong>genitoris?</strong></span> <span class='ocrx_word' id='word_1_609' title='bbox 1302 5350 1465 5415; x_wconf 83' lang='lat' dir='ltr'><strong>vixit,</strong></span> <span class='ocrx_word' id='word_1_610' title='bbox 1500 5361 1550 5405; x_wconf 73' lang='lat' dir='ltr'><strong>te</strong></span> <span class='ocrx_word' id='word_1_611' title='bbox 1585 5364 1925 5422; x_wconf 88' lang='lat' dir='ltr'><strong>procurante,</strong></span> <span class='ocrx_word' id='word_1_612' title='bbox 1951 5371 2015 5409; x_wconf 93' lang='lat' dir='ltr'><strong>co</strong></span> <span class='ocrx_word' id='word_1_613' title='bbox 2062 5357 2144 5409; x_wconf 88' lang='lat' dir='ltr'><strong>in-</strong></span> 
     </span>
    </p>
   </div>
   <div class='ocr_carea' id='block_1_86' title="bbox 559 5437 2137 5511">
    <p class='ocr_par' dir='ltr' id='par_1_86' title="bbox 559 5437 2137 5511">
     <span class='ocr_line' id='line_1_86' title="bbox 559 5437 2137 5511; baseline 0.008 -20"><span class='ocrx_word' id='word_1_614' title='bbox 559 5437 766 5493; x_wconf 88' lang='lat' dir='ltr'><strong>felicior</strong></span> <span class='ocrx_word' id='word_1_615' title='bbox 797 5448 963 5508; x_wconf 83' lang='lat' dir='ltr'><strong>pater,</strong></span> <span class='ocrx_word' id='word_1_616' title='bbox 995 5438 1136 5511; x_wconf 84' lang='lat' dir='ltr'><strong>quod</strong></span> <span class='ocrx_word' id='word_1_617' title='bbox 1170 5440 1306 5494; x_wconf 87' lang='lat' dir='ltr'><strong>mori</strong></span> <span class='ocrx_word' id='word_1_618' title='bbox 1336 5452 1385 5495; x_wconf 87' lang='lat' dir='ltr'><strong>te</strong></span> <span class='ocrx_word' id='word_1_619' title='bbox 1421 5458 1741 5509; x_wconf 85' lang='lat' dir='ltr'><strong>procurante</strong></span> <span class='ocrx_word' id='word_1_620' title='bbox 1782 5464 1888 5502; x_wconf 88' lang='lat' dir='ltr'><strong>uou</strong></span> <span class='ocrx_word' id='word_1_621' title='bbox 1923 5451 2137 5503; x_wconf 80' lang='lat' dir='ltr'><strong>meruit.</strong></span> 
     </span>
    </p>
   </div>
   <div class='ocr_carea' id='block_1_87' title="bbox 558 5527 2144 5599">
    <p class='ocr_par' dir='ltr' id='par_1_87' title="bbox 558 5527 2144 5599">
     <span class='ocr_line' id='line_1_87' title="bbox 558 5527 2144 5599; baseline 0.008 -14"><span class='ocrx_word' id='word_1_622' title='bbox 558 5527 749 5598; x_wconf 81' lang='lat' dir='ltr'><strong>Nemo,</strong></span> <span class='ocrx_word' id='word_1_623' title='bbox 783 5533 1137 5599; x_wconf 83' lang='lat' dir='ltr'><strong>sanctissimi,</strong></span> <span class='ocrx_word' id='word_1_624' title='bbox 1170 5532 1379 5587; x_wconf 86' lang='lat' dir='ltr'><strong>dubitat</strong></span> <span class='ocrx_word' id='word_1_625' title='bbox 1403 5538 1583 5592; x_wconf 89' lang='lat' dir='ltr'><strong>mundi</strong></span> <span class='ocrx_word' id='word_1_626' title='bbox 1614 5540 1768 5593; x_wconf 88' lang='lat' dir='ltr'><strong>istius</strong></span> <span class='ocrx_word' id='word_1_627' title='bbox 1812 5541 1951 5595; x_wconf 85' lang='lat' dir='ltr'><strong>mala</strong></span> <span class='ocrx_word' id='word_1_628' title='bbox 1980 5542 2144 5597; x_wconf 86' lang='lat' dir='ltr'><strong>advo-</strong></span> 
     </span>
    </p>
   </div>
   <div class='ocr_carea' id='block_1_88' title="bbox 558 5629 2141 5699">
    <p class='ocr_par' dir='ltr' id='par_1_88' title="bbox 558 5629 2141 5699">
     <span class='ocr_line' id='line_1_88' title="bbox 558 5629 2141 5699; baseline 0.005 -16"><span class='ocrx_word' id='word_1_629' title='bbox 558 5634 679 5683; x_wconf 80' lang='lat' dir='ltr'><strong>cata</strong></span> <span class='ocrx_word' id='word_1_630' title='bbox 703 5640 836 5682; x_wconf 89' lang='lat' dir='ltr'><strong>nece</strong></span> <span class='ocrx_word' id='word_1_631' title='bbox 850 5629 1061 5699; x_wconf 85' lang='lat' dir='ltr'><strong>sepeliri</strong></span> <span class='ocrx_word' id='word_1_632' title='bbox 1081 5671 1094 5697; x_wconf 93' lang='lat'><strong>,</strong></span> <span class='ocrx_word' id='word_1_633' title='bbox 1119 5637 1173 5683; x_wconf 86' lang='lat' dir='ltr'><strong>et</strong></span> <span class='ocrx_word' id='word_1_634' title='bbox 1195 5643 1535 5685; x_wconf 87' lang='lat' dir='ltr'><strong>communem</strong></span> <span class='ocrx_word' id='word_1_635' title='bbox 1576 5645 1776 5691; x_wconf 84' lang='lat' dir='ltr'><strong>sortem</strong></span> <span class='ocrx_word' id='word_1_636' title='bbox 1809 5648 1989 5693; x_wconf 88' lang='lat' dir='ltr'><strong>votum</strong></span> <span class='ocrx_word' id='word_1_637' title='bbox 2020 5651 2141 5692; x_wconf 83' lang='lat' dir='ltr'><strong>esse</strong></span> 
     </span>
    </p>
   </div>
   <div class='ocr_carea' id='block_1_89' title="bbox 626 5782 1515 5865">
    <p class='ocr_par' dir='ltr' id='par_1_89' title="bbox 626 5782 1515 5865">
     <span class='ocr_line' id='line_1_89' title="bbox 626 5782 1515 5865; baseline 0.009 -24"><span class='ocrx_word' id='word_1_638' title='bbox 626 5784 650 5825; x_wconf 75' lang='grc' dir='ltr'><strong>ι</strong></span> <span class='ocrx_word' id='word_1_639' title='bbox 678 5782 846 5843; x_wconf 74' lang='lat' dir='ltr'><strong>Heras</strong></span> <span class='ocrx_word' id='word_1_640' title='bbox 875 5798 980 5848; x_wconf 88' lang='lat' dir='ltr'><strong>vet.</strong></span> <span class='ocrx_word' id='word_1_641' title='bbox 1011 5792 1133 5848; x_wconf 90' lang='lat' dir='ltr'><strong>cod.</strong></span> <span class='ocrx_word' id='word_1_642' title='bbox 1164 5792 1302 5865; x_wconf 83' lang='lat' dir='ltr'><strong>apud</strong></span> <span class='ocrx_word' id='word_1_643' title='bbox 1328 5792 1515 5851; x_wconf 83' lang='lat' dir='ltr'><strong>Schot.</strong></span> 
     </span>
    </p>
   </div>
   <div class='ocr_carea' id='block_1_90' title="bbox 2267 3251 3853 3325">
    <p class='ocr_par' dir='ltr' id='par_1_90' title="bbox 2267 3251 3853 3325">
     <span class='ocr_line' id='line_1_90' title="bbox 2267 3251 3853 3325; baseline 0.009 -21"><span class='ocrx_word' id='word_1_644' title='bbox 2267 3251 2409 3320; x_wconf 91' lang='lat' dir='ltr'><strong>quod</strong></span> <span class='ocrx_word' id='word_1_645' title='bbox 2438 3252 2580 3307; x_wconf 84' lang='lat' dir='ltr'><strong>circa</strong></span> <span class='ocrx_word' id='word_1_646' title='bbox 2621 3252 2952 3325; x_wconf 87' lang='lat' dir='ltr'><strong>diligentiam</strong></span> <span class='ocrx_word' id='word_1_647' title='bbox 2986 3273 3203 3313; x_wconf 88' lang='lat' dir='ltr'><strong>suorum</strong></span> <span class='ocrx_word' id='word_1_648' title='bbox 3235 3259 3388 3315; x_wconf 90' lang='lat' dir='ltr'><strong>alites</strong></span> <span class='ocrx_word' id='word_1_649' title='bbox 3418 3262 3589 3315; x_wconf 90' lang='lat' dir='ltr'><strong>nescit</strong></span> <span class='ocrx_word' id='word_1_650' title='bbox 3620 3262 3853 3318; x_wconf 79' lang='lat' dir='ltr'><strong>imitari?</strong></span> 
     </span>
    </p>
   </div>
   <div class='ocr_carea' id='block_1_91' title="bbox 2263 3337 3852 3424">
    <p class='ocr_par' dir='ltr' id='par_1_91' title="bbox 2263 3337 3852 3424">
     <span class='ocr_line' id='line_1_91' title="bbox 2263 3337 3852 3424; baseline 0.01 -31"><span class='ocrx_word' id='word_1_651' title='bbox 2263 3337 2501 3396; x_wconf 83' lang='lat' dir='ltr'><strong>Transeo</strong></span> <span class='ocrx_word' id='word_1_652' title='bbox 2532 3344 2915 3412; x_wconf 90' lang='lat' dir='ltr'><strong>multiplicibus</strong></span> <span class='ocrx_word' id='word_1_653' title='bbox 2939 3348 3196 3416; x_wconf 84' lang='lat' dir='ltr'><strong>exemplis</strong></span> <span class='ocrx_word' id='word_1_654' title='bbox 3218 3348 3463 3420; x_wconf 87' lang='lat' dir='ltr'><strong>luporum</strong></span> <span class='ocrx_word' id='word_1_655' title='bbox 3488 3354 3808 3421; x_wconf 89' lang='lat' dir='ltr'><strong>rapacitates</strong></span> <span class='ocrx_word' id='word_1_656' title='bbox 3835 3396 3852 3424; x_wconf 94' lang='lat'><strong>,</strong></span> 
     </span>
    </p>
   </div>
   <div class='ocr_carea' id='block_1_92' title="bbox 2257 3431 3854 3515">
    <p class='ocr_par' dir='ltr' id='par_1_92' title="bbox 2257 3431 3854 3515">
     <span class='ocr_line' id='line_1_92' title="bbox 2257 3431 3854 3515; baseline 0.011 -30"><span class='ocrx_word' id='word_1_657' title='bbox 2257 3431 2447 3502; x_wconf 89' lang='lat' dir='ltr'><strong>jejuno</strong></span> <span class='ocrx_word' id='word_1_658' title='bbox 2477 3450 2629 3489; x_wconf 88' lang='lat' dir='ltr'><strong>escas</strong></span> <span class='ocrx_word' id='word_1_659' title='bbox 2662 3438 2971 3505; x_wconf 89' lang='lat' dir='ltr'><strong>parentibus</strong></span> <span class='ocrx_word' id='word_1_660' title='bbox 2998 3454 3091 3495; x_wconf 92' lang='lat' dir='ltr'><strong>ore</strong></span> <span class='ocrx_word' id='word_1_661' title='bbox 3123 3441 3404 3512; x_wconf 79' lang='lat' dir='ltr'><strong>deferunt,</strong></span> <span class='ocrx_word' id='word_1_662' title='bbox 3439 3455 3493 3500; x_wconf 91' lang='lat' dir='ltr'><strong>et</strong></span> <span class='ocrx_word' id='word_1_663' title='bbox 3526 3446 3749 3515; x_wconf 88' lang='lat' dir='ltr'><strong>impasta</strong></span> <span class='ocrx_word' id='word_1_664' title='bbox 3777 3448 3854 3503; x_wconf 83' lang='lat' dir='ltr'><strong>vi-</strong></span> 
     </span>
    </p>
   </div>
   <div class='ocr_carea' id='block_1_93' title="bbox 2263 3523 3849 3609">
    <p class='ocr_par' dir='ltr' id='par_1_93' title="bbox 2263 3523 3849 3609">
     <span class='ocr_line' id='line_1_93' title="bbox 2263 3523 3849 3609; baseline 0.013 -34"><span class='ocrx_word' id='word_1_665' title='bbox 2263 3523 2509 3579; x_wconf 87' lang='lat' dir='ltr'><strong>sceribus</strong></span> <span class='ocrx_word' id='word_1_666' title='bbox 2536 3525 2647 3581; x_wconf 90' lang='lat' dir='ltr'><strong>fera</strong></span> <span class='ocrx_word' id='word_1_667' title='bbox 2685 3528 2751 3583; x_wconf 90' lang='lat' dir='ltr'><strong>ad</strong></span> <span class='ocrx_word' id='word_1_668' title='bbox 2782 3541 3056 3585; x_wconf 89' lang='lat' dir='ltr'><strong>creatores</strong></span> <span class='ocrx_word' id='word_1_669' title='bbox 3084 3548 3209 3587; x_wconf 90' lang='lat' dir='ltr'><strong>suos</strong></span> <span class='ocrx_word' id='word_1_670' title='bbox 3239 3536 3410 3591; x_wconf 90' lang='lat' dir='ltr'><strong>currit</strong></span> <span class='ocrx_word' id='word_1_671' title='bbox 3438 3551 3533 3592; x_wconf 91' lang='lat' dir='ltr'><strong>ore</strong></span> <span class='ocrx_word' id='word_1_672' title='bbox 3578 3539 3849 3609; x_wconf 88' lang='lat' dir='ltr'><strong>locupleti.</strong></span> 
     </span>
    </p>
   </div>
   <div class='ocr_carea' id='block_1_94' title="bbox 2264 3612 3854 3702">
    <p class='ocr_par' dir='ltr' id='par_1_94' title="bbox 2264 3612 3854 3702">
     <span class='ocr_line' id='line_1_94' title="bbox 2264 3612 3854 3702; baseline 0.013 -34"><span class='ocrx_word' id='word_1_673' title='bbox 2264 3612 2375 3669; x_wconf 82' lang='lat' dir='ltr'><strong>Vos</strong></span> <span class='ocrx_word' id='word_1_674' title='bbox 2402 3617 2716 3686; x_wconf 88' lang='lat' dir='ltr'><strong>perpendite</strong></span> <span class='ocrx_word' id='word_1_675' title='bbox 2745 3623 3129 3677; x_wconf 84' lang='lat' dir='ltr'><strong>conscientiam</strong></span> <span class='ocrx_word' id='word_1_676' title='bbox 3174 3626 3283 3691; x_wconf 91' lang='lat' dir='ltr'><strong>rei,</strong></span> <span class='ocrx_word' id='word_1_677' title='bbox 3318 3626 3461 3696; x_wconf 82' lang='lat' dir='ltr'><strong>quali</strong></span> <span class='ocrx_word' id='word_1_678' title='bbox 3496 3644 3651 3698; x_wconf 73' lang='lat' dir='ltr'><strong>pmna</strong></span> <span class='ocrx_word' id='word_1_679' title='bbox 3694 3631 3854 3702; x_wconf 84' lang='lat' dir='ltr'><strong>digna</strong></span> 
     </span>
    </p>
   </div>
   <div class='ocr_carea' id='block_1_95' title="bbox 2260 3700 3849 3791">
    <p class='ocr_par' dir='ltr' id='par_1_95' title="bbox 2260 3700 3849 3791">
     <span class='ocr_line' id='line_1_95' title="bbox 2260 3700 3849 3791; baseline 0.012 -32"><span class='ocrx_word' id='word_1_680' title='bbox 2260 3705 2363 3770; x_wconf 90' lang='lat' dir='ltr'><strong>sit,</strong></span> <span class='ocrx_word' id='word_1_681' title='bbox 2395 3723 2513 3777; x_wconf 73' lang='lat' dir='ltr'><strong>qua:</strong></span> <span class='ocrx_word' id='word_1_682' title='bbox 2559 3700 2813 3766; x_wconf 86' lang='lat' dir='ltr'><strong>inusitata</strong></span> <span class='ocrx_word' id='word_1_683' title='bbox 2854 3716 3124 3770; x_wconf 90' lang='lat' dir='ltr'><strong>commisit</strong></span> <span class='ocrx_word' id='word_1_684' title='bbox 3156 3734 3169 3769; x_wconf 90' lang='lat'><strong>:</strong></span> <span class='ocrx_word' id='word_1_685' title='bbox 3204 3719 3325 3787; x_wconf 89' lang='lat' dir='ltr'><strong>quia</strong></span> <span class='ocrx_word' id='word_1_686' title='bbox 3358 3732 3719 3791; x_wconf 88' lang='lat' dir='ltr'><strong>propagantur</strong></span> <span class='ocrx_word' id='word_1_687' title='bbox 3746 3700 3849 3779; x_wconf 80' lang='lat' dir='ltr'><strong>iin-</strong></span> 
     </span>
    </p>
   </div>
   <div class='ocr_carea' id='block_1_96' title="bbox 2258 3798 3849 3874">
    <p class='ocr_par' dir='ltr' id='par_1_96' title="bbox 2258 3798 3849 3874">
     <span class='ocr_line' id='line_1_96' title="bbox 2258 3798 3849 3874; baseline 0.013 -24"><span class='ocrx_word' id='word_1_688' title='bbox 2258 3798 2503 3867; x_wconf 86' lang='lat' dir='ltr'><strong>punitate</strong></span> <span class='ocrx_word' id='word_1_689' title='bbox 2539 3801 2696 3865; x_wconf 91' lang='lat' dir='ltr'><strong>vitia,</strong></span> <span class='ocrx_word' id='word_1_690' title='bbox 2731 3812 2785 3857; x_wconf 91' lang='lat' dir='ltr'><strong>et</strong></span> <span class='ocrx_word' id='word_1_691' title='bbox 2816 3804 2915 3858; x_wconf 92' lang='lat' dir='ltr'><strong>nisi</strong></span> <span class='ocrx_word' id='word_1_692' title='bbox 2957 3807 3311 3874; x_wconf 83' lang='lat' dir='ltr'><strong>jtidirantium</strong></span> <span class='ocrx_word' id='word_1_693' title='bbox 3354 3825 3577 3866; x_wconf 86' lang='lat' dir='ltr'><strong>censura</strong></span> <span class='ocrx_word' id='word_1_694' title='bbox 3630 3827 3849 3872; x_wconf 89' lang='lat' dir='ltr'><strong>succur-</strong></span> 
     </span>
    </p>
   </div>
   <div class='ocr_carea' id='block_1_97' title="bbox 2256 3891 3679 3973">
    <p class='ocr_par' dir='ltr' id='par_1_97' title="bbox 2256 3891 3679 3973">
     <span class='ocr_line' id='line_1_97' title="bbox 2256 3891 3679 3973; baseline 0.012 -31"><span class='ocrx_word' id='word_1_695' title='bbox 2256 3896 2436 3957; x_wconf 87' lang='lat' dir='ltr'><strong>reret,</strong></span> <span class='ocrx_word' id='word_1_696' title='bbox 2471 3891 2725 3959; x_wconf 89' lang='lat' dir='ltr'><strong>peccandi</strong></span> <span class='ocrx_word' id='word_1_697' title='bbox 2750 3893 2831 3948; x_wconf 92' lang='lat' dir='ltr'><strong>vis</strong></span> <span class='ocrx_word' id='word_1_698' title='bbox 2862 3910 2956 3965; x_wconf 86' lang='lat' dir='ltr'><strong>per</strong></span> <span class='ocrx_word' id='word_1_699' title='bbox 2986 3901 3237 3966; x_wconf 88' lang='lat' dir='ltr'><strong>generale</strong></span> <span class='ocrx_word' id='word_1_700' title='bbox 3266 3916 3461 3973; x_wconf 83' lang='lat' dir='ltr'><strong>corpus</strong></span> <span class='ocrx_word' id='word_1_701' title='bbox 3490 3904 3679 3961; x_wconf 80' lang='lat' dir='ltr'><strong>exiret.</strong></span> 
     </span>
    </p>
   </div>
   <div class='ocr_carea' id='block_1_98' title="bbox 2832 4007 3265 4069">
    <p class='ocr_par' dir='ltr' id='par_1_98' title="bbox 2832 4007 3265 4069">
     <span class='ocr_line' id='line_1_98' title="bbox 2832 4007 3265 4069; baseline 0.018 -9"><span class='ocrx_word' id='word_1_702' title='bbox 2832 4007 3057 4066; x_wconf 75' lang='lat' dir='ltr'>DICTIO</span> <span class='ocrx_word' id='word_1_703' title='bbox 3085 4011 3265 4069; x_wconf 77' lang='lat' dir='ltr'>XVIII.</span> 
     </span>
    </p>
   </div>
   <div class='ocr_carea' id='block_1_99' title="bbox 2256 4114 3845 4199">
    <p class='ocr_par' dir='ltr' id='par_1_99' title="bbox 2256 4114 3845 4199">
     <span class='ocr_line' id='line_1_99' title="bbox 2256 4114 3845 4199; baseline 0.014 -29"><span class='ocrx_word' id='word_1_704' title='bbox 2256 4114 2324 4171; x_wconf 84' lang='lat' dir='ltr'><strong>In</strong></span> <span class='ocrx_word' id='word_1_705' title='bbox 2356 4129 2660 4189; x_wconf 79' lang='lat' dir='ltr'><strong>tyrannum,</strong></span> <span class='ocrx_word' id='word_1_706' title='bbox 2699 4123 2786 4199; x_wconf 75' lang='lat' dir='ltr'><strong>qui</strong></span> <span class='ocrx_word' id='word_1_707' title='bbox 2818 4127 3015 4199; x_wconf 69' lang='lat' dir='ltr'><strong>prtemii</strong></span> <span class='ocrx_word' id='word_1_708' title='bbox 3066 4129 3267 4182; x_wconf 81' lang='lat' dir='ltr'><strong>nomine</strong></span> <span class='ocrx_word' id='word_1_709' title='bbox 3302 4133 3581 4199; x_wconf 76' lang='lat' dir='ltr'><strong>parricida:</strong></span> <span class='ocrx_word' id='word_1_710' title='bbox 3622 4145 3845 4191; x_wconf 82' lang='lat' dir='ltr'><strong>statuam</strong></span> 
     </span>
    </p>
   </div>
   <div class='ocr_carea' id='block_1_100' title="bbox 2717 4194 3383 4266">
    <p class='ocr_par' dir='ltr' id='par_1_100' title="bbox 2717 4194 3383 4266">
     <span class='ocr_line' id='line_1_100' title="bbox 2717 4194 3383 4266; baseline 0.014 -19"><span class='ocrx_word' id='word_1_711' title='bbox 2717 4194 2847 4247; x_wconf 83' lang='lat' dir='ltr'><strong>inter</strong></span> <span class='ocrx_word' id='word_1_712' title='bbox 2873 4196 3007 4250; x_wconf 81' lang='lat' dir='ltr'><strong>viros</strong></span> <span class='ocrx_word' id='word_1_713' title='bbox 3040 4200 3194 4266; x_wconf 77' lang='lat' dir='ltr'><strong>fortes</strong></span> <span class='ocrx_word' id='word_1_714' title='bbox 3225 4194 3383 4256; x_wconf 73' lang='lat' dir='ltr'><strong>dedit.</strong></span> 
     </span>
    </p>
   </div>
   <div class='ocr_carea' id='block_1_101' title="bbox 2779 4286 3327 4346">
    <p class='ocr_par' dir='ltr' id='par_1_101' title="bbox 2779 4286 3327 4346">
     <span class='ocr_line' id='line_1_101' title="bbox 2779 4286 3327 4346; baseline 0.013 -7"><span class='ocrx_word' id='word_1_715' title='bbox 2779 4286 2907 4339; x_wconf 86' lang='lat' dir='ltr'><strong>Data</strong></span> <span class='ocrx_word' id='word_1_716' title='bbox 2940 4291 3152 4344; x_wconf 81' lang='lat' dir='ltr'><strong>Aratori</strong></span> <span class='ocrx_word' id='word_1_717' title='bbox 3186 4291 3242 4344; x_wconf 71' lang='grc' dir='ltr'><strong>ν.</strong></span> <span class='ocrx_word' id='word_1_718' title='bbox 3267 4290 3327 4346; x_wconf 92' lang='lat' dir='ltr'><strong>C.</strong></span> 
     </span>
    </p>
   </div>
   <div class='ocr_carea' id='block_1_102' title="bbox 2732 4392 3368 4444">
    <p class='ocr_par' dir='ltr' id='par_1_102' title="bbox 2732 4392 3368 4444">
     <span class='ocr_line' id='line_1_102' title="bbox 2732 4392 3368 4444; baseline 0.011 -13"><span class='ocrx_word' id='word_1_719' title='bbox 2732 4392 3122 4435; x_wconf 74' lang='lat' dir='ltr'><strong>CONTROVERSIA</strong></span> <span class='ocrx_word' id='word_1_720' title='bbox 3155 4398 3368 4444; x_wconf 76' lang='lat' dir='ltr'><strong>QUINTA.</strong></span> 
     </span>
    </p>
   </div>
   <div class='ocr_carea' id='block_1_103' title="bbox 2324 4464 3846 4552">
    <p class='ocr_par' dir='ltr' id='par_1_103' title="bbox 2324 4464 3846 4552">
     <span class='ocr_line' id='line_1_103' title="bbox 2324 4464 3846 4552; baseline 0.015 -34"><span class='ocrx_word' id='word_1_721' title='bbox 2324 4464 2868 4537; x_wconf 86' lang='lat' dir='ltr'><strong>Quamvis,judices,</strong></span> <span class='ocrx_word' id='word_1_722' title='bbox 2897 4472 3131 4527; x_wconf 85' lang='lat' dir='ltr'><strong>virorum</strong></span> <span class='ocrx_word' id='word_1_723' title='bbox 3182 4477 3395 4533; x_wconf 85' lang='lat' dir='ltr'><strong>fortium</strong></span> <span class='ocrx_word' id='word_1_724' title='bbox 3445 4481 3649 4552; x_wconf 82' lang='lat' dir='ltr'><strong>efﬁgies</strong></span> <span class='ocrx_word' id='word_1_725' title='bbox 3695 4500 3846 4541; x_wconf 86' lang='lat' dir='ltr'><strong>man-</strong></span> 
     </span>
    </p>
   </div>
   <div class='ocr_carea' id='block_1_104' title="bbox 2174 4551 3846 4640">
    <p class='ocr_par' dir='ltr' id='par_1_104' title="bbox 2174 4551 3846 4640">
     <span class='ocr_line' id='line_1_104' title="bbox 2174 4551 3846 4640; baseline 0.012 -32"><span class='ocrx_word' id='word_1_726' title='bbox 2174 4551 2231 4614; x_wconf 90' lang='lat' dir='ltr'><strong>D</strong></span> <span class='ocrx_word' id='word_1_727' title='bbox 2255 4570 2382 4610; x_wconf 92' lang='lat' dir='ltr'><strong>suro</strong></span> <span class='ocrx_word' id='word_1_728' title='bbox 2411 4561 2719 4626; x_wconf 87' lang='lat' dir='ltr'><strong>perenniter</strong></span> <span class='ocrx_word' id='word_1_729' title='bbox 2751 4576 2858 4615; x_wconf 70' lang='lat' dir='ltr'><strong>tere</strong></span> <span class='ocrx_word' id='word_1_730' title='bbox 2888 4575 3191 4630; x_wconf 89' lang='lat' dir='ltr'><strong>serventur,</strong></span> <span class='ocrx_word' id='word_1_731' title='bbox 3217 4579 3267 4623; x_wconf 89' lang='lat' dir='ltr'><strong>et</strong></span> <span class='ocrx_word' id='word_1_732' title='bbox 3299 4586 3394 4640; x_wconf 91' lang='lat' dir='ltr'><strong>per</strong></span> <span class='ocrx_word' id='word_1_733' title='bbox 3420 4551 3846 4636; x_wconf 62' lang='lat' dir='ltr'><strong>hmesiuiulicia</strong></span> 
     </span>
    </p>
   </div>
   <div class='ocr_carea' id='block_1_105' title="bbox 2260 4649 3846 4729">
    <p class='ocr_par' dir='ltr' id='par_1_105' title="bbox 2260 4649 3846 4729">
     <span class='ocr_line' id='line_1_105' title="bbox 2260 4649 3846 4729; baseline 0.016 -27"><span class='ocrx_word' id='word_1_734' title='bbox 2260 4650 2499 4703; x_wconf 88' lang='lat' dir='ltr'><strong>nesciant</strong></span> <span class='ocrx_word' id='word_1_735' title='bbox 2524 4649 2724 4705; x_wconf 92' lang='lat' dir='ltr'><strong>obitum</strong></span> <span class='ocrx_word' id='word_1_736' title='bbox 2754 4653 2837 4707; x_wconf 93' lang='lat' dir='ltr'><strong>vel</strong></span> <span class='ocrx_word' id='word_1_737' title='bbox 2870 4656 3066 4724; x_wconf 90' lang='lat' dir='ltr'><strong>sepulti</strong></span> <span class='ocrx_word' id='word_1_738' title='bbox 3094 4675 3107 4711; x_wconf 91' lang='lat'><strong>:</strong></span> <span class='ocrx_word' id='word_1_739' title='bbox 3131 4663 3377 4729; x_wconf 89' lang='lat' dir='ltr'><strong>quamvis</strong></span> <span class='ocrx_word' id='word_1_740' title='bbox 3409 4666 3461 4718; x_wconf 93' lang='lat' dir='ltr'><strong>in</strong></span> <span class='ocrx_word' id='word_1_741' title='bbox 3490 4670 3846 4726; x_wconf 65' lang='lat' dir='ltr'><strong>aeternitatem</strong></span> 
     </span>
    </p>
   </div>
   <div class='ocr_carea' id='block_1_106' title="bbox 2258 4740 3843 4830">
    <p class='ocr_par' dir='ltr' id='par_1_106' title="bbox 2258 4740 3843 4830">
     <span class='ocr_line' id='line_1_106' title="bbox 2258 4740 3843 4830; baseline 0.015 -36"><span class='ocrx_word' id='word_1_742' title='bbox 2258 4740 2453 4810; x_wconf 87' lang='lat' dir='ltr'><strong>migret</strong></span> <span class='ocrx_word' id='word_1_743' title='bbox 2484 4756 2578 4810; x_wconf 91' lang='lat' dir='ltr'><strong>per</strong></span> <span class='ocrx_word' id='word_1_744' title='bbox 2605 4742 2698 4797; x_wconf 88' lang='lat' dir='ltr'><strong>has</strong></span> <span class='ocrx_word' id='word_1_745' title='bbox 2728 4755 2871 4800; x_wconf 91' lang='lat' dir='ltr'><strong>artes</strong></span> <span class='ocrx_word' id='word_1_746' title='bbox 2903 4746 3080 4818; x_wconf 85' lang='lat' dir='ltr'><strong>imago</strong></span> <span class='ocrx_word' id='word_1_747' title='bbox 3106 4754 3446 4822; x_wconf 90' lang='lat' dir='ltr'><strong>mortalium,</strong></span> <span class='ocrx_word' id='word_1_748' title='bbox 3482 4768 3537 4813; x_wconf 91' lang='lat' dir='ltr'><strong>et</strong></span> <span class='ocrx_word' id='word_1_749' title='bbox 3564 4772 3843 4830; x_wconf 87' lang='lat' dir='ltr'><strong>angustam</strong></span> 
     </span>
    </p>
   </div>
   <div class='ocr_carea' id='block_1_107' title="bbox 2258 4826 3845 4905">
    <p class='ocr_par' dir='ltr' id='par_1_107' title="bbox 2258 4826 3845 4905">
     <span class='ocr_line' id='line_1_107' title="bbox 2258 4826 3845 4905; baseline 0.018 -28"><span class='ocrx_word' id='word_1_750' title='bbox 2258 4826 2507 4905; x_wconf 74' lang='lat' dir='ltr'><strong>humana:</strong></span> <span class='ocrx_word' id='word_1_751' title='bbox 2546 4839 2746 4885; x_wconf 64' lang='lat' dir='ltr'><strong>natura:</strong></span> <span class='ocrx_word' id='word_1_752' title='bbox 2774 4832 2942 4903; x_wconf 89' lang='lat' dir='ltr'><strong>legem</strong></span> <span class='ocrx_word' id='word_1_753' title='bbox 2984 4836 3159 4891; x_wconf 89' lang='lat' dir='ltr'><strong>vincat</strong></span> <span class='ocrx_word' id='word_1_754' title='bbox 3190 4841 3448 4899; x_wconf 87' lang='lat' dir='ltr'><strong>industria</strong></span> <span class='ocrx_word' id='word_1_755' title='bbox 3484 4863 3496 4898; x_wconf 90' lang='lat'><strong>:</strong></span> <span class='ocrx_word' id='word_1_756' title='bbox 3528 4826 3705 4902; x_wconf 77' lang='lat' dir='ltr'><strong>tamen</strong></span> <span class='ocrx_word' id='word_1_757' title='bbox 3737 4852 3845 4905; x_wconf 81' lang='lat' dir='ltr'><strong>vir-</strong></span> 
     </span>
    </p>
   </div>
   <div class='ocr_carea' id='block_1_108' title="bbox 2256 4902 3842 4999">
    <p class='ocr_par' dir='ltr' id='par_1_108' title="bbox 2256 4902 3842 4999">
     <span class='ocr_line' id='line_1_108' title="bbox 2256 4902 3842 4999; baseline 0.016 -34"><span class='ocrx_word' id='word_1_758' title='bbox 2256 4902 2382 4967; x_wconf 83' lang='lat' dir='ltr'><strong>tutis</strong></span> <span class='ocrx_word' id='word_1_759' title='bbox 2433 4915 2660 4984; x_wconf 90' lang='lat' dir='ltr'><strong>pretium</strong></span> <span class='ocrx_word' id='word_1_760' title='bbox 2709 4902 3116 4989; x_wconf 15' lang='lat' dir='ltr'><strong>neciparricida</strong></span> <span class='ocrx_word' id='word_1_761' title='bbox 3148 4926 3434 4995; x_wconf 88' lang='lat' dir='ltr'><strong>aliquando</strong></span> <span class='ocrx_word' id='word_1_762' title='bbox 3474 4935 3698 4999; x_wconf 89' lang='lat' dir='ltr'><strong>meruit,</strong></span> <span class='ocrx_word' id='word_1_763' title='bbox 3747 4952 3842 4991; x_wconf 87' lang='lat' dir='ltr'><strong>nec</strong></span> 
     </span>
    </p>
   </div>
   <div class='ocr_carea' id='block_1_109' title="bbox 2256 5004 3844 5076">
    <p class='ocr_par' dir='ltr' id='par_1_109' title="bbox 2256 5004 3844 5076">
     <span class='ocr_line' id='line_1_109' title="bbox 2256 5004 3844 5076; baseline 0.014 -25"><span class='ocrx_word' id='word_1_764' title='bbox 2256 5008 2514 5069; x_wconf 85' lang='lat' dir='ltr'><strong>tyrannus</strong></span> <span class='ocrx_word' id='word_1_765' title='bbox 2561 5004 2810 5059; x_wconf 75' lang='lat' dir='ltr'><strong>exsolvit.</strong></span> <span class='ocrx_word' id='word_1_766' title='bbox 2845 5008 3069 5073; x_wconf 82' lang='lat' dir='ltr'><strong>Quando</strong></span> <span class='ocrx_word' id='word_1_767' title='bbox 3115 5026 3309 5066; x_wconf 89' lang='lat' dir='ltr'><strong>munus</strong></span> <span class='ocrx_word' id='word_1_768' title='bbox 3357 5014 3699 5072; x_wconf 89' lang='lat' dir='ltr'><strong>innocentum</strong></span> <span class='ocrx_word' id='word_1_769' title='bbox 3751 5032 3844 5076; x_wconf 88' lang='lat' dir='ltr'><strong>aut</strong></span> 
     </span>
    </p>
   </div>
   <div class='ocr_carea' id='block_1_110' title="bbox 2255 5086 3842 5173">
    <p class='ocr_par' dir='ltr' id='par_1_110' title="bbox 2255 5086 3842 5173">
     <span class='ocr_line' id='line_1_110' title="bbox 2255 5086 3842 5173; baseline 0.014 -34"><span class='ocrx_word' id='word_1_770' title='bbox 2255 5086 2552 5142; x_wconf 85' lang='lat' dir='ltr'><strong>sceleratus</strong></span> <span class='ocrx_word' id='word_1_771' title='bbox 2580 5090 2795 5159; x_wconf 91' lang='lat' dir='ltr'><strong>elicuit,</strong></span> <span class='ocrx_word' id='word_1_772' title='bbox 2826 5102 2916 5146; x_wconf 88' lang='lat' dir='ltr'><strong>aut</strong></span> <span class='ocrx_word' id='word_1_773' title='bbox 2949 5109 3235 5163; x_wconf 81' lang='lat' dir='ltr'><strong>Oppressor</strong></span> <span class='ocrx_word' id='word_1_774' title='bbox 3277 5098 3539 5154; x_wconf 88' lang='lat' dir='ltr'><strong>libertatis</strong></span> <span class='ocrx_word' id='word_1_775' title='bbox 3586 5105 3842 5173; x_wconf 73' lang='lat' dir='ltr'><strong>ingessit?</strong></span> 
     </span>
    </p>
   </div>
   <div class='ocr_carea' id='block_1_111' title="bbox 2256 5178 3837 5261">
    <p class='ocr_par' dir='ltr' id='par_1_111' title="bbox 2256 5178 3837 5261">
     <span class='ocr_line' id='line_1_111' title="bbox 2256 5178 3837 5261; baseline 0.008 -27"><span class='ocrx_word' id='word_1_776' title='bbox 2256 5178 2471 5246; x_wconf 90' lang='lat' dir='ltr'><strong>Statua,</strong></span> <span class='ocrx_word' id='word_1_777' title='bbox 2521 5184 2813 5237; x_wconf 90' lang='lat' dir='ltr'><strong>venerandi</strong></span> <span class='ocrx_word' id='word_1_778' title='bbox 2864 5188 3144 5253; x_wconf 48' lang='lat' dir='ltr'><strong>praesules,</strong></span> <span class='ocrx_word' id='word_1_779' title='bbox 3198 5189 3406 5244; x_wconf 83' lang='lat' dir='ltr'><strong>sudoris</strong></span> <span class='ocrx_word' id='word_1_780' title='bbox 3469 5192 3671 5246; x_wconf 84' lang='lat' dir='ltr'><strong>fructus</strong></span> <span class='ocrx_word' id='word_1_781' title='bbox 3722 5209 3837 5261; x_wconf 72' lang='lat' dir='ltr'><strong>est,</strong></span> 
     </span>
    </p>
   </div>
   <div class='ocr_carea' id='block_1_112' title="bbox 2254 5268 3840 5353">
    <p class='ocr_par' dir='ltr' id='par_1_112' title="bbox 2254 5268 3840 5353">
     <span class='ocr_line' id='line_1_112' title="bbox 2254 5268 3840 5353; baseline 0.008 -29"><span class='ocrx_word' id='word_1_782' title='bbox 2254 5268 2458 5339; x_wconf 87' lang='lat' dir='ltr'><strong>judicio</strong></span> <span class='ocrx_word' id='word_1_783' title='bbox 2489 5272 2756 5328; x_wconf 87' lang='lat' dir='ltr'><strong>reddenda</strong></span> <span class='ocrx_word' id='word_1_784' title='bbox 2790 5276 3060 5343; x_wconf 89' lang='lat' dir='ltr'><strong>purissimi</strong></span> <span class='ocrx_word' id='word_1_785' title='bbox 3094 5297 3104 5329; x_wconf 89' lang='lat'><strong>:</strong></span> <span class='ocrx_word' id='word_1_786' title='bbox 3141 5290 3199 5334; x_wconf 84' lang='grc' dir='ltr'><strong>ιιι</strong></span> <span class='ocrx_word' id='word_1_787' title='bbox 3226 5283 3274 5333; x_wconf 90' lang='lat' dir='ltr'><strong>in</strong></span> <span class='ocrx_word' id='word_1_788' title='bbox 3310 5289 3534 5353; x_wconf 90' lang='lat' dir='ltr'><strong>utroque</strong></span> <span class='ocrx_word' id='word_1_789' title='bbox 3573 5301 3840 5353; x_wconf 84' lang='lat' dir='ltr'><strong>congruus</strong></span> 
     </span>
    </p>
   </div>
   <div class='ocr_carea' id='block_1_113' title="bbox 2258 5362 3839 5445">
    <p class='ocr_par' dir='ltr' id='par_1_113' title="bbox 2258 5362 3839 5445">
     <span class='ocr_line' id='line_1_113' title="bbox 2258 5362 3839 5445; baseline 0.011 -30"><span class='ocrx_word' id='word_1_790' title='bbox 2258 5362 2399 5416; x_wconf 92' lang='lat' dir='ltr'><strong>nitor</strong></span> <span class='ocrx_word' id='word_1_791' title='bbox 2428 5378 2526 5416; x_wconf 89' lang='lat' dir='ltr'><strong>nec</strong></span> <span class='ocrx_word' id='word_1_792' title='bbox 2574 5365 2952 5433; x_wconf 90' lang='lat' dir='ltr'><strong>suscipientem</strong></span> <span class='ocrx_word' id='word_1_793' title='bbox 2992 5369 3344 5437; x_wconf 88' lang='lat' dir='ltr'><strong>devenustet,</strong></span> <span class='ocrx_word' id='word_1_794' title='bbox 3381 5376 3426 5429; x_wconf 91' lang='lat' dir='ltr'><strong>si</strong></span> <span class='ocrx_word' id='word_1_795' title='bbox 3485 5374 3701 5445; x_wconf 83' lang='lat' dir='ltr'><strong>indigno</strong></span> <span class='ocrx_word' id='word_1_796' title='bbox 3744 5396 3839 5432; x_wconf 86' lang='lat' dir='ltr'><strong>aii-</strong></span> 
     </span>
    </p>
   </div>
   <div class='ocr_carea' id='block_1_114' title="bbox 2256 5455 3839 5531">
    <p class='ocr_par' dir='ltr' id='par_1_114' title="bbox 2256 5455 3839 5531">
     <span class='ocr_line' id='line_1_114' title="bbox 2256 5455 3839 5531; baseline 0.011 -24"><span class='ocrx_word' id='word_1_797' title='bbox 2256 5455 2391 5508; x_wconf 90' lang='lat' dir='ltr'><strong>ctori</strong></span> <span class='ocrx_word' id='word_1_798' title='bbox 2416 5458 2717 5523; x_wconf 71' lang='lat' dir='ltr'><strong>proveni-rit</strong></span> <span class='ocrx_word' id='word_1_799' title='bbox 2734 5499 2747 5523; x_wconf 97' lang='lat'><strong>,</strong></span> <span class='ocrx_word' id='word_1_800' title='bbox 2776 5474 2894 5526; x_wconf 86' lang='lat' dir='ltr'><strong>nec,</strong></span> <span class='ocrx_word' id='word_1_801' title='bbox 2913 5460 3273 5518; x_wconf 63' lang='lat' dir='ltr'><strong>siconft-ratur</strong></span> <span class='ocrx_word' id='word_1_802' title='bbox 3296 5466 3589 5531; x_wconf 89' lang='lat' dir='ltr'><strong>immerito,</strong></span> <span class='ocrx_word' id='word_1_803' title='bbox 3610 5471 3839 5527; x_wconf 72' lang='lat' dir='ltr'><strong>Ill:tt‘llIt.&#39;l</strong></span> 
     </span>
    </p>
   </div>
   <div class='ocr_carea' id='block_1_115' title="bbox 2250 5544 3839 5625">
    <p class='ocr_par' dir='ltr' id='par_1_115' title="bbox 2250 5544 3839 5625">
     <span class='ocr_line' id='line_1_115' title="bbox 2250 5544 3839 5625; baseline 0.013 -26"><span class='ocrx_word' id='word_1_804' title='bbox 2250 5544 2655 5615; x_wconf 83' lang='lat' dir='ltr'><strong>Iargientem.Si</strong></span> <span class='ocrx_word' id='word_1_805' title='bbox 2686 5548 2855 5603; x_wconf 88' lang='lat' dir='ltr'><strong>libera</strong></span> <span class='ocrx_word' id='word_1_806' title='bbox 2877 5551 3133 5607; x_wconf 86' lang='lat' dir='ltr'><strong>adversus</strong></span> <span class='ocrx_word' id='word_1_807' title='bbox 3157 5563 3441 5625; x_wconf 78' lang='lat' dir='ltr'><strong>tyrannum</strong></span> <span class='ocrx_word' id='word_1_808' title='bbox 3468 5576 3565 5613; x_wconf 88' lang='lat' dir='ltr'><strong>vox</strong></span> <span class='ocrx_word' id='word_1_809' title='bbox 3600 5570 3682 5615; x_wconf 81' lang='lat' dir='ltr'><strong>est</strong></span> <span class='ocrx_word' id='word_1_810' title='bbox 3716 5564 3783 5616; x_wconf 84' lang='lat' dir='ltr'><strong>vit</strong></span> <span class='ocrx_word' id='word_1_811' title='bbox 3809 5580 3839 5619; x_wconf 74' lang='grc' dir='ltr'><em>λ</em></span> 
     </span>
    </p>
   </div>
   <div class='ocr_carea' id='block_1_116' title="bbox 2249 5637 3836 5725">
    <p class='ocr_par' dir='ltr' id='par_1_116' title="bbox 2249 5637 3836 5725">
     <span class='ocr_line' id='line_1_116' title="bbox 2249 5637 3836 5725; baseline 0.011 -34"><span class='ocrx_word' id='word_1_812' title='bbox 2249 5637 2583 5705; x_wconf 66' lang='grc' dir='ltr'><strong>αθιεσιίιιιιὶε,</strong></span> <span class='ocrx_word' id='word_1_813' title='bbox 2601 5639 2645 5693; x_wconf 92' lang='lat' dir='ltr'><strong>si</strong></span> <span class='ocrx_word' id='word_1_814' title='bbox 2670 5638 2795 5695; x_wconf 91' lang='lat' dir='ltr'><strong>licet</strong></span> <span class='ocrx_word' id='word_1_815' title='bbox 2814 5642 2912 5697; x_wconf 90' lang='lat' dir='ltr'><strong>sub</strong></span> <span class='ocrx_word' id='word_1_816' title='bbox 2931 5650 3101 5701; x_wconf 91' lang='lat' dir='ltr'><strong>tutore</strong></span> <span class='ocrx_word' id='word_1_817' title='bbox 3122 5647 3405 5705; x_wconf 89' lang='lat' dir='ltr'><strong>criminum</strong></span> <span class='ocrx_word' id='word_1_818' title='bbox 3428 5651 3512 5706; x_wconf 89' lang='lat' dir='ltr'><strong>eul</strong></span> <span class='ocrx_word' id='word_1_819' title='bbox 3520 5667 3616 5722; x_wconf 91' lang='lat' dir='ltr'><strong>pas</strong></span> <span class='ocrx_word' id='word_1_820' title='bbox 3640 5657 3836 5725; x_wconf 66' lang='lat' dir='ltr'><strong>urgeri,</strong></span> 
     </span>
    </p>
   </div>
   <div class='ocr_carea' id='block_1_117' title="bbox 2317 5798 2888 5875">
    <p class='ocr_par' dir='ltr' id='par_1_117' title="bbox 2317 5798 2888 5875">
     <span class='ocr_line' id='line_1_117' title="bbox 2317 5798 2888 5875; baseline 0.005 -17"><span class='ocrx_word' id='word_1_821' title='bbox 2317 5798 2340 5833; x_wconf 78' lang='grc'>⁸</span> <span class='ocrx_word' id='word_1_822' title='bbox 2368 5799 2580 5875; x_wconf 86' lang='lat' dir='ltr'><strong>Schot.,</strong></span> <span class='ocrx_word' id='word_1_823' title='bbox 2608 5807 2888 5863; x_wconf 81' lang='lat' dir='ltr'><strong>nocentior.</strong></span> 
     </span>
    </p>
   </div>
  </div>
