4192 6260
243 315 339 372 293

1608 321 1986 382 DlCTIONES.

3396 328 3504 391 ἳθῦ

236 433 400 486 dicam
434 432 574 507 quod
601 432 799 517 sentio.
832 434 976 491 lnter
1005 432 1142 488 duos
1172 434 1406 490 nefarios
1450 450 1536 490 res
1582 437 1812 493 honesta
1838 443 1893 503 Α
1917 450 1962 491 Sl
1990 435 2079 504 qui
2112 433 2391 490 animabus
2439 436 2677 507 reliquus
2717 437 2868 506 vigor
2898 445 3010 501 est,
3041 436 3240 493 deflent
3286 440 3503 507 praemia

234 528 503 593 volitavit,
537 516 589 583 et
621 516 813 583 neutro
844 529 1046 582 munita
1076 528 1344 596 praesidio,
1376 545 1474 585 nec
1502 546 1530 583 a
1560 547 1664 599 quo
1694 548 1813 600 pro-

231 622 473 686 cederet,
507 636 605 674 nec
645 620 710 673 ad
758 636 917 690 quem
964 620 1258 688 deﬂueret,
1289 604 1668 691 cognoscicbat.
1709 624 1814 678 Res

229 713 655 769 dudumdecreta
682 715 934 778 sortibus,
952 724 1005 768 et
1027 702 1299 783 sanguinis
1325 716 1684 783 comparanda
1707 716 1816 771 suf-

228 806 425 876 fragiis,
458 806 522 860 atl
548 821 772 876 quorum
793 810 1093 875 pervenerit
1110 806 1252 874 jura,
1288 794 1535 875 reapicite
1567 826 1578 860 :
1614 816 1671 862 ttt
1697 823 1814 862 eam

232 899 427 951 tribuat
444 888 728 967 usurpator
744 897 948 965 imperii
966 938 980 963 ,
996 908 1043 952 et
1066 898 1293 977 accipiat
1319 882 1484 966 patris
1498 898 1811 955 exstinctor.

228 991 342 1058 Quo
363 1007 448 1046 me
476 1001 703 1057 vertam,
736 991 951 1046 nescio:
1007 989 1148 1046 inter
1179 993 1432 1069 virtutum
1465 1001 1699 1069 tuarum,
1728 1007 1817 1046 ve-

229 1074 467 1139 nerande
493 1082 763 1153 princeps,
783 1082 1152 1152 deprehensus
1174 1064 1614 1151 abrupta,nest:io
1634 1091 1813 1138 utrum

229 1188 469 1228 accusem
519 1172 662 1242 quod
691 1180 946 1242 tyrannus
966 1160 1045 1236 es,
1079 1158 1145 1224 an
1169 1162 1307 1239 quod
1339 1154 1567 1226 honoras
1595 1173 1817 1241 praemio

229 1264 539 1333 parricidas.
562 1260 788 1331 Utrique
804 1261 946 1331 digni
966 1252 1235 1323 crucibus,
1256 1272 1308 1316 et
1330 1260 1397 1315 de
1416 1263 1671 1332 prazsenti
1707 1262 1817 1317 vita

232 1350 413 1408 culleis
434 1351 722 1421 elfugandi.
757 1349 871 1405 Non
904 1344 1120 1405 creditis
1152 1349 1422 1417 sufficere,
1453 1366 1547 1404 vos
1574 1350 1816 1406 debitum

231 1446 419 1498 vitasse
442 1436 763 1513 supplicium
782 1481 798 1507 ,
824 1439 923 1494 nisi
947 1450 1002 1495 et
1030 1450 1081 1493 ttt
1104 1439 1247 1510 quod
1280 1455 1385 1493 non
1410 1438 1564 1505 licet,
1589 1439 1815 1507 tribuas,

232 1528 282 1593 et
308 1537 390 1591 ille
420 1534 564 1605 quod
598 1550 703 1587 non
733 1532 990 1599 meretur,
1016 1528 1307 1601 acceperit.
1331 1529 1446 1585 Jatn
1480 1530 1678 1586 dudum
1711 1548 1738 1587 a
1766 1543 1817 1589 te

232 1630 325 1686 ista
364 1645 458 1698 per
491 1625 767 1681 audaciam
803 1634 1129 1693 prrcsumpta
1183 1633 1336 1689 sunt,
1370 1638 1488 1677 cum
1524 1632 1700 1678 arcem
1727 1624 1817 1693 ju—

232 1714 381 1778 stitize
408 1719 724 1791 proﬂigator
755 1704 987 1783 intrasti,
1029 1716 1111 1770 bis
1142 1715 1206 1770 ad
1239 1715 1566 1770 dominatum
1600 1728 1815 1773 evectus

1918 542 2043 592 sua,
2075 542 2195 596 qua:
2240 527 2430 581 annisu
2481 529 2691 583 roboris
2726 538 3044 598 exegerunt.
3077 529 3174 584 Ubi
3224 531 3501 595 honestas,

1918 620 2005 673 ubi
2038 620 2196 673 studii
2229 621 2471 675 liberalis
2502 622 2776 687 efﬁcacia,
2810 604 2896 677 ubi
2953 640 3144 679 munus
3198 640 3293 693 pro
3334 624 3504 692 patria

1917 710 2244 778 dimicantis,
2286 714 2331 767 si
2371 728 2540 767 terens
2599 714 2797 769 formas
2837 715 2968 769 artis
3027 730 3305 786 possessor
3355 716 3507 770 exiu-

1917 802 2040 869 bet,
2072 813 2125 857 et
2162 804 2251 873 qui
2282 805 2546 874 genitoris
2586 806 2747 862 funus
2792 817 3073 877 procurat,
3103 808 3381 862 obtineat?
3403 808 3508 864 Vos

1921 903 2124 949 tantum
2149 895 2307 965 digna
2339 899 2547 953 meritis
2573 899 2820 954 exhibete
2842 909 3110 955 tormenta
3139 919 3152 955 :
3179 918 3245 956 ne
3266 903 3311 956 si
3336 902 3509 970 impar

1920 1000 2078 1055 poena
2111 987 2384 1056 impetitos
2436 990 2728 1055 addixerit,
2764 1008 2862 1047 nec
2910 993 3062 1048 vobis
3099 994 3357 1049 debeatur
3388 994 3506 1047 lau-

1919 1077 2066 1133 datio
2107 1078 2314 1135 directa
2360 1083 2783 1139 censendi.Uno
2830 1084 3023 1141 itinere
3070 1087 3169 1141 vita
3224 1088 3508 1157 pellantur,

1921 1168 2115 1241 quibus
2145 1185 2280 1239 pene
2312 1186 2407 1241 par
2439 1175 2642 1227 exstitit
2670 1189 2789 1229 sors
2821 1175 3023 1231 delicti.

2523 1264 2751 1320 DICTIO
2782 1266 2923 1322 XIX.

1921 1352 2059 1407 Data
2074 1354 2362 1429 Ambrosio,
2382 1356 2437 1408 in
2462 1358 2739 1429 aleatorem
2760 1362 2848 1428 qui
2872 1376 3052 1429 agrum
3077 1360 3129 1412 in
3151 1376 3254 1429 quo
3277 1369 3509 1428 parentes

2151 1427 2264 1495 ejus
2295 1436 2439 1479 erant
2469 1427 2653 1496 positi,
2684 1445 2777 1499 pro
2809 1427 2915 1482 ludi
2945 1430 3105 1498 pretio
3137 1427 3296 1484 dedit.

2402 1553 2798 1593 CONTROVERSIA
2830 1556 3029 1595 SEXTA.

1994 1629 2282 1699 Postquam
2309 1673 2321 1695 ,
2347 1629 2581 1699 judices,
2612 1630 2852 1686 deforme
2881 1632 3131 1688 aleatoris
3156 1633 3389 1689 studium
3417 1634 3512 1689 de-

1922 1719 2117 1775 ductus
2146 1719 2211 1775 ad
2242 1722 2536 1776 exilitatem
2566 1708 2761 1776 census
2788 1733 3063 1791 evaserat,
3096 1735 3150 1779 et
3175 1738 3510 1781 crescentem

230 1813 512 1883 suffragiis,
537 1810 728 1881 quibus
752 1810 803 1864 in
831 1810 1000 1862 altero
1023 1816 1251 1862 statuam
1273 1806 1564 1862 contulisti.
1584 1808 1816 1864 Necesse
1846 1825 1896 1889 Β
1922 1810 2163 1866 certandi
2189 1827 2370 1866 curant
2414 1814 2717 1879 facultatum
2759 1813 3005 1882 defectus
3053 1816 3285 1881 addixit,
3335 1832 3511 1887 cmpe-

233 1911 338 1965 est,
382 1897 704 1967 amplissimi
756 1896 1065 1961 hominum,
1108 1894 1391 1948 universos
1439 1893 1625 1949 fovere
1673 1896 1816 1963 quod

232 1992 415 2047 fuerint
447 2010 459 2046 :
498 2005 597 2044 nec
646 1989 865 2048 utiliter,
905 1989 1005 2040 nisi
1038 1988 1105 2042 ab
1134 1987 1451 2051 emendatis,
1477 1988 1818 2055 corriguntur

230 2082 502 2139 excessus.
547 2079 805 2149 Prodigus
846 2078 1042 2132 frontis
1082 2089 1196 2143 est,
1228 2077 1316 2147 qui
1348 2078 1646 2147 punitorem
1690 2080 1815 2134 mali

232 2175 396 2230 eredit
420 2173 720 2228 facinorum
744 2179 1091 2229 sectatorem.
1108 2171 1311 2227 Judicis
1335 2174 1663 2229 conscientia
1690 2191 1819 2229 con-

232 2267 503 2335 stringitur
544 2266 868 2319 necessitate
903 2264 1135 2329 secreti,
1168 2274 1223 2320 et
1260 2280 1363 2329 non
1396 2262 1545 2335 putat
1589 2266 1815 2323 liberum

230 2358 586 2414 condemnare
632 2355 688 2410 in
739 2356 1014 2424 subjectis,
1063 2354 1203 2425 quod
1256 2357 1367 2426 ipsa
1410 2374 1515 2413 non
1558 2359 1821 2415 dubitavit

231 2449 532 2505 admittere.
562 2447 787 2515 Quantis
827 2445 1166 2502 successibus
1206 2458 1295 2502 aut
1324 2464 1482 2518 quam
1523 2451 1689 2505 variis
1736 2451 1819 2506 itt-

229 2543 517 2599 crementis
558 2544 627 2597 ad
656 2541 770 2597 haec
808 2542 1019 2596 Sentina
1068 2541 1352 2595 criminum
1408 2544 1731 2613 pervenisti,
1764 2554 1820 2599 ut

230 2634 319 2692 tibi
352 2639 545 2693 liceret
588 2637 654 2689 ad
682 2634 943 2703 ,sublimia
975 2635 1306 2704 pervenienti
1357 2634 1407 2689 in
1456 2644 1661 2690 tantum
1690 2652 1818 2707 pec-

226 2731 373 2800 care,
405 2745 528 2785 cum
564 2730 753 2796 velles,
780 2740 839 2785 ut
865 2731 1153 2799 probrosos
1182 2730 1249 2786 ad
1282 2733 1487 2801 potiora
1519 2732 1708 2787 statuis
1740 2735 1819 2788 in-

228 2823 469 2878 vitares?
490 2822 574 2877 Tu
612 2822 871 2878 libertatis
908 2836 1155 2891 saporem
1186 2822 1310 2878 felle
1340 2822 1541 2879 servitii
1575 2840 1819 2879 commu-

230 2917 358 2971 tasti
396 2933 410 2968 :
459 2914 553 2970 ille
583 2916 830 2985 obsequia
873 2916 1011 2984 patri
1055 2915 1231 2970 debita
1284 2916 1447 2971 vertit
1485 2916 1550 2969 ad
1592 2915 1816 2986 gladios.

229 3008 501 3075 Quantum
551 3005 812 3061 laudanda
845 3010 954 3062 sint
996 3023 1115 3076 quae
1160 3006 1394 3074 laesistis,
1424 3007 1687 3063 advertite
1725 3026 1739 3061 :
1770 3017 1824 3063 et

230 3102 417 3157 feriato
450 3096 546 3156 ore
582 3099 887 3156 accusantis
918 3100 1047 3171 quid
1078 3111 1349 3156 mereatur
1379 3111 1550 3170 pater,
1576 3111 1629 3157 et
1667 3099 1819 3172 inge-

1924 1912 2047 1957 runt
2075 1917 2104 1954 a
2132 1903 2267 1971 turpi
2292 1904 2511 1972 praemio
2540 1920 2635 1958 nec
2666 1915 2947 1975 parentum
2978 1907 3223 1979 sepulcra
3246 1909 3469 1962 subduci
3496 1926 3512 1966 :

1920 1996 2511 2064 cmperuntexspectari
2535 1996 2699 2051 dubia
2712 2013 2929 2052 casuum
2950 1998 3014 2051 de
3038 1998 3253 2067 favillis,
3270 1984 3323 2053 et
3338 1999 3513 2054 riden~

1921 2086 1989 2143 'da
2022 2090 2246 2159 proponi
2281 2092 2683 2145 contentionum
2712 2104 2983 2147 momenta
3016 2092 3083 2149 de
3107 2094 3379 2165 lacrymis.
3418 2094 3515 2152 Ubi

1925 2178 2084 2249 Sunt,
2119 2180 2208 2250 qui
2254 2181 2441 2235 dicunt
2469 2182 2776 2249 perfunctus
2824 2185 2941 2239 luce
2984 2188 3191 2240 animas
3219 2186 3351 2240 nihil
3394 2201 3516 2242 cum

1924 2268 2083 2340 hujus
2135 2274 2319 2328 mundi
2357 2276 2650 2331 cultoribus
2694 2277 2891 2332 habere
2938 2293 3248 2343 commune,
3287 2287 3342 2333 et
3388 2287 3513 2349 post

1920 2365 2102 2419 taeenti
2142 2366 2568 2437 segregationem
2601 2369 2743 2424 diem
2768 2386 2921 2423 suum
2975 2368 3173 2425 habere
3199 2371 3515 2426 translatos?

1924 2456 2067 2513 Ecce
2087 2458 2199 2526 jam
2234 2459 2471 2530 majores
2514 2462 2667 2518 istius
2700 2478 2867 2534 prope
2896 2479 3016 2533 qua:
3053 2464 3405 2520 obtinuerant
3432 2480 3518 2522 se-

1923 2549 2104 2619 pulcra
2133 2564 2447 2615 senuerunt,
2480 2565 2532 2609 et
2559 2555 2626 2611 de
2658 2556 2789 2625 ipsis
2822 2572 2917 2626 per
2940 2557 3351 2614 diuturnitatem
3384 2554 3516 2612 [lunt

1925 2638 2080 2696 busta
2127 2641 2239 2711 jam
2295 2644 2560 2700 tumulis:
2597 2658 2649 2701 et
2695 2658 2868 2703 tamen
2906 2649 3048 2719 apud
3090 2659 3512 2706 comessatorem

1928 2730 2387 2801 improbissimum
2427 2736 2603 2791 adhuc
2632 2738 2924 2793 creduntur
2967 2740 3020 2794 in
3060 2740 3167 2795 illis
3205 2740 3518 2798 intentionis

1925 2823 2097 2892 pretia
2145 2841 2249 2880 non
2303 2828 2530 2895 perisse.
2563 2829 2689 2883 Post
2735 2830 2891 2901 longa
2922 2832 3047 2886 vita:
3085 2833 3349 2887 curricula
3403 2832 3517 2889 for-

1928 2918 2065 2973 tuito
2094 2919 2167 2973 nil
2193 2919 2473 2990 debentes,
2509 2934 2756 2979 eventum
2798 2941 2981 2979 manes
3008 2926 3265 2995 jubentur
3297 2942 3520 2995 exspec-

1927 3020 2043 3068 tare
2084 3014 2150 3069 de
2179 3017 2398 3071 tesseris
2432 3034 2446 3071 :
2487 3026 2608 3086 post
2640 3020 2969 3089 proﬂigatas,
2996 3034 3129 3089 quas
3159 3031 3410 3088 parentes
3437 3021 3516 3076 tui

1927 3119 2024 3176 per
2076 3106 2287 3178 longam
2346 3110 2729 3178 parcimoniam
2807 3126 2938 3179 Opes
2986 3112 3347 3182 collegerant;
3400 3122 3519 3182 post

230 3194 403 3247 'nuitas
447 3192 740 3246 aestimate.
763 3190 845 3245 Tu
890 3190 1132 3246 absoluta
1166 3190 1303 3247 colla
1327 3191 1454 3260 jugo
1505 3191 1821 3247 miserrima:
1848 3194 1895 3257 C
1926 3199 2089 3253 multa
2119 3201 2324 3269 argenti
2351 3199 2577 3271 aurique
2606 3202 2837 3271 pondera
2858 3248 2871 3271 ,
2898 3220 3016 3277 qum
3036 3204 3216 3274 julura
3247 3205 3517 3261 hmredem

230 3282 552 3338 conditionis
613 3284 866 3353 astringis
899 3300 913 3336 :
949 3284 1089 3353 apud
1146 3284 1295 3338 illum
1357 3284 1488 3339 nihil
1545 3286 1823 3354 praevaluit

234 3377 315 3433 lex
346 3389 552 3434 natura:
585 3395 598 3432 :
632 3378 735 3432 hoc
766 3390 821 3432 tu
849 3378 990 3433 circa
1024 3379 1248 3447 patriam
1273 3377 1440 3449 geris,
1467 3377 1608 3447 quod
1637 3378 1824 3433 intulit

232 3472 317 3528 hic
356 3474 565 3542 parenti
599 3491 613 3526 :
659 3474 713 3527 in
752 3488 819 3527 eo
856 3472 1085 3528 fortasse
1120 3471 1385 3527 crudelior
1417 3482 1470 3526 tu
1498 3472 1820 3539 credendus,

229 3565 375 3634 quod
404 3564 537 3618 dura
572 3565 799 3633 imperia
826 3565 925 3619 sub
962 3564 1115 3617 vitali
1147 3566 1375 3633 quadam
1407 3572 1582 3618 morte
1607 3564 1824 3634 dispen-

231 3671 328 3711 sas
359 3658 377 3710 Ξ
405 3669 506 3710 nec
534 3656 644 3710 illis
683 3655 881 3726 quibus
924 3665 1007 3711 est
1031 3654 1407 3710 desiderabilis
1444 3654 1642 3722 obitus,
1672 3653 1823 3725 quasi

234 3750 457 3807 medica
483 3765 635 3804 manu
663 3756 885 3820 praastas
910 3749 1133 3804 exitium
1169 3766 1181 3800 :
1209 3748 1298 3802 ille
1325 3764 1430 3802 non
1456 3762 1643 3817 passus
1670 3750 1822 3818 ενιιί-

229 3853 402 3899 torem
428 3844 481 3897 in
512 3843 715 3896 mundo
737 3841 1056 3907 subsistere,
1073 3841 1279 3911 pernici
1303 3840 1410 3895 ictu
1436 3841 1637 3909 eripuit
1662 3842 1823 3895 vitam

230 3933 367 3991 lucis
396 3935 626 3991 auctori.
661 3934 851 3989 Nescio
884 3950 986 4004 qua
1024 3943 1147 3987 sunt
1184 3934 1470 3988 criminum
1511 3933 1827 3989 diversitate

232 4028 451 4083 discreti
486 4046 499 4079 :
536 4028 754 4081 interim
785 4027 829 4081 si
862 4027 1052 4091 liceat,
1087 4042 1245 4096 paena
1272 4028 1532 4095 jungendi
1586 4038 1729 4081 sunt.
1768 4027 1825 4083 Si

230 4128 285 4177 te
324 4123 470 4177 circa
526 4121 676 4176 cives
723 4119 947 4188 alicujus
987 4119 1259 4188 supercilii
1307 4127 1487 4174 tumor
1533 4119 1823 4184 elevasset,

230 4226 381 4269 reum
413 4223 470 4268 te
498 4212 808 4282 designaret
830 4211 956 4266 ιιι-εει
989 4204 1323 4277 communio,
1356 4221 1409 4266 et
1433 4212 1657 4279 privata:
1686 4212 1832 4281 abju-

230 4319 474 4362 ratorem
505 4304 809 4360 dulcedinis
840 4305 1195 4359 immoderata
1224 4307 1499 4360 nuntiaret
1526 4307 1747 4360 erectio.
1774 4304 1830 4360 Si

231 4402 325 4457 ille
354 4410 661 4457 creatorem
717 4411 871 4454 torvo
905 4400 1185 4455 lustrasset
1216 4410 1435 4468 aspectu
1475 4400 1719 4469 genitore
1750 4400 1831 4453 in-

231 4495 455 4559 columi,
476 4493 757 4548 habuisset
776 4493 1026 4547 meritum
1053 4490 1552 4560 parricidze.Videte
1572 4491 1696 4562 quid
1715 4492 1829 4562 dig-

1928 3288 2158 3360 parcitas
2210 3291 2310 3345 sub
2340 3291 2680 3348 dimensione
2723 3295 2957 3349 servavit
2990 3313 3001 3347 :
3034 3311 3194 3351 urnas
3240 3307 3516 3365 veterum,

1928 3378 1983 3439 ttt
2009 3394 2191 3440 essent
2215 3387 2262 3439 in
2290 3387 2513 3455 praemio
2537 3385 2753 3453 tabulat,
2779 3388 3064 3443 sterilitate
3086 3388 3321 3445 deterior
3343 3390 3523 3456 proles

1928 3474 2221 3531 honorasti.
2259 3478 2316 3532 Si
2347 3480 2615 3533 mausolea
2648 3478 3065 3548 praecedentium
3112 3481 3288 3535 minor
3317 3480 3520 3551 pOSteri

1927 3569 2105 3622 cttltus
2121 3575 2358 3631 ornaret,
2379 3581 2517 3623 esset
2535 3569 2815 3640 plectentia
2832 3569 3172 3640 negligentia,
3189 3579 3521 3641 etspectaret

1928 3659 1994 3714 de
2016 3659 2121 3714 illis
2142 3676 2348 3728 ptenam
2365 3660 2655 3728 judicibus,
2671 3662 2762 3732 qui
2779 3662 3006 3716 filiorum
3021 3676 3240 3717 suorum
3264 3679 3442 3719 mores
3464 3666 3519 3720 itt

1928 3753 2116 3806 alienis
2146 3753 2365 3822 cupiunt
2395 3753 2686 3808 emendare
2738 3753 3063 3809 commissis.
3095 3753 3199 3808 Pro
3230 3754 3521 3812 festivitate

1928 3846 2072 3900 'certa
2102 3854 2401 3914 temporum
2434 3846 2549 3915 lege
2590 3845 2871 3909 redeunte,
2900 3861 2998 3914 pro
3030 3847 3215 3914 sertis,
3250 3855 3302 3900 et
3328 3848 3523 3918 quibus

1930 3934 2123 3990 animae
2142 3944 2435 4005 pascuntur
2460 3935 2794 4005 muneribus,
2820 3934 3096 3991 credidisti
3120 3936 3289 3997 nefas.
3307 3938 3351 3990 si
3374 3940 3525 4008 getti-

1932 4016 2103 4080 torum
2149 4037 2360 4081 tuorum
2394 4028 2642 4096 sepulcra
2673 4028 2922 4083 dominos
2953 4044 3059 4083 non
3093 4040 3381 4085 mutarent.
3410 4031 3523 4086 Non

1938 4118 2033 4173 tibi
2062 4118 2300 4174 licuisset
2334 4119 2522 4173 domos
2561 4120 2775 4175 ultimas
2815 4136 2908 4189 pro
2935 4119 3160 4174 abducta
3187 4122 3253 4176 ab
3278 4116 3523 4180 hostibus

1931 4211 2170 4281 pignoris
2200 4213 2275 4265 tui
2303 4212 2673 4279 redemptione
2704 4212 3005 4266 distrahere
3042 4231 3051 4263 :
3089 4232 3272 4284 quaero
3314 4232 3428 4285 qum
3459 4216 3527 4271 sit

1933 4302 2235 4359 necessitas.
2273 4304 2413 4373 quod
2455 4304 2686 4356 alienum
2722 4303 2876 4357 video
2898 4305 2950 4357 in
2993 4314 3273 4373 parentum
3307 4316 3524 4361 tuorum

1934 4394 2210 4452 eineribus
2242 4406 2301 4465 pt
2325 4410 2621 4450 ssessorem
2647 4411 2661 4449 :
2691 4405 2744 4449 et
2775 4396 2904 4449 nihil
2933 4394 3063 4449 mihi
3084 4394 3224 4451 aliud
3249 4400 3351 4451 nisi
3372 4398 3527 4453 ludus

1934 4491 2241 4562 opponitur.
2272 4491 2314 4544 Ο
2344 4492 2534 4546 misera
2570 4491 2815 4546 mortalis
2844 4489 3100 4559 conditio,
3131 4498 3184 4544 et
3213 4506 3332 4544 cum
3364 4489 3527 4543 deneL

232 4602 360 4642 num
401 4589 489 4643 bis
517 4588 619 4653 sit,
647 4586 736 4657 qui
768 4585 835 4640 ad
859 4584 1175 4641 delictorum
1205 4584 1409 4654 fastigia
1448 4592 1826 4653 pervenerunt.
1857 4574 1911 4635 D
1936 4593 2130 4655 gantur
2175 4582 2442 4638 desideria
2465 4626 2478 4648 ,
2525 4589 2582 4639 et
2631 4600 2752 4639 cum
2802 4581 3070 4637 infelicius
3125 4583 3525 4637 conceduntur!

234 4679 376 4735 Nihil
398 4690 486 4736 est
537 4682 680 4750 quod
723 4679 1020 4745 residuum,
1043 4687 1135 4732 aut
1174 4677 1369 4732 afﬂicta
1399 4677 1585 4733 credat
1638 4679 1835 4746 patria,

236 4784 326 4828 aut
347 4786 503 4845 pater
531 4776 848 4828 exstinctus.
869 4771 1125 4827 Facessat
1145 4786 1174 4825 a
1208 4770 1384 4839 nobis,
1413 4770 1681 4840 principes
1710 4771 1832 4839 viri,

239 4868 577 4938 argumentis
623 4866 880 4922 acerbare
929 4866 1299 4921 commissum.
1363 4860 1643 4920 Sufficiunt
1692 4864 1831 4919 nuda

239 4975 453 5016 reorum
482 4959 777 5026 vocabula,
810 4960 959 5014 nullo
988 4958 1318 5014 defensionis
1352 4956 1640 5012 munienda
1674 4957 1840 5026 privi-

243 5054 397 5123 legio.
432 5052 642 5109 Addam
687 5062 816 5107 sane
858 5050 1057 5107 delicto
1102 5052 1346 5118 qttmdam
1384 5066 1502 5120 quae
1542 5057 1666 5103 sunt
1706 5064 1841 5117 prae-

242 5145 383 5199 celsa
403 5153 675 5210 reatuum,
694 5158 761 5197 ne
785 5142 888 5196 ulla
922 5156 1008 5197 res
1030 5141 1290 5206 videatur,
1312 5142 1520 5195 actione
1542 5140 1836 5205 subtracta,

242 5244 399 5304 Quam
433 5235 741 5305 sagacibus,
768 5243 827 5288 ut
848 5232 1079 5296 aestimo,
1104 5233 1349 5303 vestigiis
1377 5230 1684 5287 invenistis.
1711 5231 1839 5285 Am-

240 5327 384 5381 bitur
415 5322 703 5397 parricida:
730 5335 902 5381 statua
923 5366 936 5390 ,
970 5325 1184 5380 fortium
1245 5323 1435 5378 vallata
1480 5320 1757 5387 lateribus,
1788 5330 1841 5378 et

240 5423 626 5489 simulacrum,
652 5421 797 5492 quod
852 5428 943 5475 aut
972 5422 985 5450 ‘
1019 5420 1276 5474 litteraris
1306 5434 1432 5473 cura
1470 5420 1714 5489 peperit,
1750 5425 1843 5471 aut

238 5514 465 5572 Martius
493 5530 715 5586 campus
741 5513 957 5579 refudit,
976 5512 1130 5581 hujus
1155 5512 1439 5581 imaginem
1468 5510 1838 5580 posthabetur.

238 5604 478 5678 Duriter,
511 5610 558 5664 si
590 5607 832 5671 creditis,
865 5606 1045 5659 ferunt
1075 5614 1154 5658 tot
1183 5604 1353 5658 evecti
1385 5600 1571 5667 titulis,
1598 5602 1741 5657 nulla
1769 5602 1839 5658 ab

235 5702 478 5758 ell'nsore
508 5716 571 5758 se
600 5702 809 5772 paterni
834 5698 1112 5770 sanguinis
1142 5698 1496 5756 retributione
1522 5695 1724 5753 distare
1747 5712 1764 5753 :
1786 5703 1840 5753 et

309 5814 327 5846 ⁸
360 5815 575 5872 Schot..
608 5812 877 5869 litterario.

1942 4677 2203 4745 Quotiens
2233 4687 2502 4732 creatores
2551 4677 2624 4731 tui
2658 4676 2902 4731 sollicitis
2947 4675 3111 4731 Deum
3169 4690 3387 4731 movere
3432 4690 3526 4730 su-

1937 4769 2137 4837 spiriis,
2172 4783 2237 4823 ne
2260 4768 2326 4821 de
2357 4767 2515 4836 hujus
2548 4783 2707 4821 usura
2730 4767 2885 4834 lucis,
2923 4767 3061 4835 quod
3086 4765 3530 4827 infaustissimum

1937 4860 2198 4924 creditur,
2229 4868 2282 4915 et
2310 4862 2426 4914 sine
2458 4862 2695 4930 legitimo
2722 4861 2935 4915 haerede
2962 4861 3291 4916 transirent?
3319 4862 3522 4929 Editus,

1951 4954 2244 5017 inStittttu=,
2274 4954 2538 5015 eruditus.
2563 4955 2627 5008 ad
2659 4956 2795 5009 hanc
2818 4970 3049 5010 messem
3070 4997 3083 5020 ,
3104 4954 3334 5027 judices,
3349 4956 3529 5027 jejuna

1951 5047 2169 5118 pudoris
2201 5055 2379 5103 mente
2412 5053 2680 5118 pervenit,
2703 5063 2769 5102 ne
2792 5047 2842 5102 in
2865 5047 2985 5118 jure
3012 5064 3109 5103 suo
3135 5050 3368 5119 patiatur
3389 5066 3528 5115 esse,

1953 5126 2232 5211 postquam
2278 5144 2526 5196 universa
2574 5136 2836 5210 perdidit,
2874 5141 3182 5211 patrimonii
3228 5142 3531 5213 largitores.

1950 5233 2278 5289 Damnamus
2328 5235 2379 5289 in
2434 5234 2697 5288 scelerato
2744 5234 3073 5288 voluntatem
3120 5234 3523 5303 turpissimam:

1948 5338 2070 5380 nam
2101 5324 2322 5395 contigit
2367 5324 2623 5391 forsitan,
2662 5333 2718 5380 ut
2746 5325 2812 5381 ad
2864 5326 3060 5396 prebos
3099 5324 3346 5380 dominos
3388 5325 3535 5392 prio-

1947 5434 2063 5474 rum
2094 5427 2307 5474 tuorum
2340 5434 2461 5473 ossa
2504 5416 2765 5474 beneficio
2804 5420 3036 5476 levitatis
3079 5419 3348 5475 emiseris.
3378 5417 3531 5469 Cum-

1951 5511 2127 5568 munis
2148 5520 2230 5565 est
2260 5511 2528 5567 universis
2555 5510 2928 5566 defunctorum
2951 5511 3275 5573 reverentia,
3308 5518 3362 5562 et
3390 5506 3528 5561 circa

1948 5603 2263 5674 religionem
2314 5610 2460 5657 sorte
2491 5604 2675 5658 ultima
2723 5604 3063 5659 conditorum
3105 5600 3318 5669 dignam
3363 5597 3537 5670 poscit

1955 5697 2259 5754 humanitas
2304 5695 2554 5752 universa
2605 5696 2915 5753 culturam:
2956 5690 3308 5749 excellentius
3354 5698 3533 5749 tamen
