4184 6260
1804 356 2079 413 ENNODII
2122 352 2422 410 EPISCOPI
2462 352 2847 411 'I'ICINENSIS

3838 348 3951 406 296

609 498 613 507 ν
670 473 965 545 majoribus
1010 474 1210 531 nostris
1253 472 1434 530 debita
1476 487 1726 543 suprema
1759 472 2077 535 redduntur,
2108 470 2265 541 'quos
2290 471 2346 532 Δ
2370 469 2422 523 in
2459 477 2687 539 utroque
2718 466 3075 539 deprehensi,
3109 465 3242 522 nulli
3273 463 3490 521 exibent
3534 462 3779 519 stabilem
3822 479 3953 520 eon-

672 568 745 622 ita
775 566 879 621 sibi
906 566 1181 622 veneratio
1211 565 1464 635 proponit
1489 573 1615 620 ante
1655 564 1861 629 oculos,
1891 572 1950 617 ut
1987 563 2090 618 diis
2136 578 2257 617 cre-

673 657 862 711 damus
901 657 1195 711 exhibitum
1251 656 1304 711 in
1326 656 1537 727 .quibus
1583 655 1960 713 defunctorum
2009 654 2259 709 mandata

676 758 1018 819 peraguntur.
1051 748 1339 804 Servamus
1385 749 1632 804 universa
1661 764 1780 818 qua:
1823 747 2117 817 jusserint;
2151 761 2262 801 non

674 824 955 897 credentes
976 841 1197 910 impune
1226 842 1563 911 contingere,
1590 841 1733 911 quod
1761 840 1829 895 de
1867 855 2057 895 eorum
2100 840 2265 894 fuerit

673 933 1038 1001 praeceptione
1063 932 1341 988 violatum.
1367 932 1481 987 Non
1513 933 1747 997 invenio,
1784 946 1979 987 novum
2005 928 2263 985 facinoris

674 1039 843 1091 genus
870 1040 974 1094 qua
1003 1026 1266 1093 explicent
1296 1026 1532 1080 novitate
1574 1039 1905 1080 sermonum.
1930 1024 2136 1090 Quibus
2165 1021 2266 1076 fuit

677 1116 1021 1186 sacrilegium
1059 1133 1167 1173 non
1210 1132 1422 1185 parere,
1454 1116 1613 1187 quale
1655 1125 1739 1171 est
1780 1130 1968 1170 eorum
2015 1128 2266 1184 suprema

678 1210 952 1264 domicilia
978 1225 1077 1279 pro
1128 1209 1355 1265 ludicris
1383 1209 1730 1265 vendidisse?
1758 1208 1998 1275 Credite,
2028 1208 2269 1279 cognito-

681 1318 789 1368 res,
818 1312 963 1358 stare
989 1312 1115 1359 ante
1149 1305 1333 1359 oculos
1357 1314 1565 1361 vestros
1594 1314 1671 1359 tot
1697 1304 1852 1360 istius
1881 1313 2065 1359 atavos
2088 1304 2269 1359 vindi-

681 1406 781 1450 cta:
812 1405 1051 1467 tempora
1082 1398 1455 1465 praestolantes
1484 1439 1499 1463 ,
1528 1413 1754 1466 quorum
1781 1396 2083 1465 placatione
2112 1410 2267 1450 man-

684 1502 807 1542 sura
829 1488 883 1542 in
903 1496 1177 1557 posterum
1202 1490 1343 1544 circa
1366 1501 1617 1559 parentes
1637 1489 1907 1560 diligentia
1932 1489 2131 1559 poterit
2153 1489 2271 1544 sine

684 1580 802 1637 labe
828 1582 1045 1637 sanciri.

1302 1673 1524 1731 DICTIO
1554 1676 1673 1731 XX.

760 1766 823 1819 In
853 1783 968 1821 eum
992 1768 1080 1836 qui
1108 1768 1160 1821 in
1189 1767 1429 1836 lupanari
1454 1778 1677 1823 statuam
1709 1767 1957 1825 Minerva:
1995 1770 2200 1824 locavit.

1139 1883 1532 1925 CONTROVEIISIA
1562 1884 1781 1925 SEPTIMA
1790 1909 1803 1924 .

758 1959 986 2029 Semper
1014 1963 1441 2018 venerandorum
1478 1963 1720 2033 iudicum
1763 1964 2053 2033 ancipitem
2099 1963 2277 2019 credi-

690 2067 811 2106 mus
864 2051 1031 2108 fnisse
1083 2056 1405 2111 sententiam
1455 2056 1524 2111 de
1573 2056 1891 2111 confusione
1935 2056 2159 2125 peccati.
2198 2054 2275 2111 lbi

689 2144 1004 2212 cogttitoris,
1030 2160 1137 2215 quo
1194 2148 1529 2216 potissimum
1561 2157 1825 2217 vergeret,
1867 2148 2023 2203 haesit
2070 2147 2278 2203 delibe-

687 2235 845 2303 ratio,
877 2234 968 2289 ubi
995 2235 1153 2292 dubia
1194 2238 1402 2292 exstitit:
1423 2254 1542 2294 sors
1570 2238 1751 2294 delicti
1783 2256 1796 2292 :
1832 2226 1955 2293 nam
1997 2237 2274 2294 definitio-

687 2345 809 2385 nem
832 2331 1069 2399 aaquitati
1091 2347 1383 2403 congruam
1410 2335 1548 2388 sicut
1572 2334 1702 2387 vitia
1730 2333 2011 2389 manifesta
2032 2334 2273 2403 exigunt,

687 2423 762 2478 ita
788 2424 1016 2479 obscura
1041 2426 1396 2493 suspendunt.
1429 2425 1655 2492 Quando
1684 2428 1736 2481 in
1768 2427 1886 2481 luce
1929 2436 2014 2481 est
2045 2425 2273 2495 facinus,

686 2516 812 2585 quid
839 2517 952 2585 spei
980 2526 1220 2573 remanet
1238 2517 1583 2573 addicendo?
1613 2518 1903 2589 Percipite,
1930 2502 2133 2588 quaeso,
2162 2519 2279 2573 ani-

684 2610 810 2679 mis,
838 2620 891 2665 et
919 2611 1129 2665 interna
1168 2612 1524 2666 aestimatione
1557 2621 1803 2679 tractate,
1838 2612 2013 2682 qualis
2058 2614 2157 2678 sit,
2184 2612 2276 2681 qui

686 2713 741 2758 et
767 2703 1093 2772 virginitatis
1119 2705 1327 2769 oculos,
1345 2714 1398 2760 et
1416 2705 1688 2774 lupanaris
1710 2714 1912 2761 secreta
1936 2706 2189 2762 violavit:
2222 2715 2278 2762 et

684 2795 740 2849 in
770 2806 995 2865 utroque
1028 2797 1343 2867 sacrilegus,
1376 2813 1475 2853 nec
1505 2799 1700 2869 ﬂagitia
1736 2808 2026 2855 veneratur
2075 2799 2274 2867 quibus

683 2884 956 2941 inim'cam
989 2896 1181 2943 testem
1214 2888 1479 2955 adhibuit,
1510 2898 1565 2945 et
1605 2888 1865 2945 castitatis
1892 2890 2140 2960 profligat
2186 2905 2277 2943 ru-

682 2974 870 3033 borem
885 2993 1044 3049 quam
1068 2979 1303 3051 indignis
1320 2982 1572 3037 associat.
1594 2983 1898 3053 Expostulo
1921 3000 1948 3037 a
1967 2994 2039 3049 te,
2058 2983 2276 3038 h'umani

681 3070 896 3138 generis
920 3079 1189 3126 ostentum
1211 3116 1226 3140 ,
1259 3073 1349 3142 qui
1382 3073 1656 3130 levitatem
1689 3086 1832 3130 tuam
1865 3077 1931 3131 ad
1961 3078 2274 3147 erigendum

682 3158 937 3217 Minerva:
992 3164 1339 3219 simulacrum
1396 3167 1673 3236 religionis
1727 3169 1907 3223 cultus
1955 3168 2271 3235 adduxerit,

683 3253 812 3309 dum
841 3254 1163 3325 integritatis
1189 3257 1401 3313 hostem
1426 3258 1573 3314 illata
1602 3259 1669 3313 de
1715 3260 1817 3315 loci
1849 3259 2095 3317 fteditate
2120 3278 2274 3318 mon-

686 3355 823 3399 stret
849 3346 1047 3413 injuria
1080 3365 1093 3400 :
1128 3364 1227 3402 nec
1260 3351 1623 3405 reverentiam
1654 3360 1706 3404 te
1741 3353 2001 3408 exhibere
2036 3353 2278 3411 Veneria:

681 3434 966 3505 pollutioni
996 3437 1191 3493 clamat
1225 3438 1493 3507 publicata
1536 3442 1836 3508 corruptio.
1866 3442 2123 3499 Nesciunt
2153 3461 2277 3515 pec-

683 3529 843 3584 candi
875 3530 1156 3596 terminos,
1186 3533 1278 3602 qui
1306 3533 1373 3587 ad
1404 3534 1888 3605 transgressionem
1920 3537 2144 3592 sceleris
2181 3556 2274 3594 ex-

684 3636 929 3676 cessuum
969 3636 1154 3677 amore
1202 3635 1560 3694 provocantur
1591 3644 1606 3680 :
1638 3627 1854 3682 modum
1899 3631 1948 3683 itt
2002 3631 2275 3687 erroribus

686 3713 964 3780 ignorant,
1021 3716 1110 3785 qui
1164 3717 1389 3772 crimina
1433 3721 1646 3775 excelsa
1705 3722 1874 3776 moliti
1930 3735 2075 3777 sunt.
2140 3725 2273 3780 Dum

686 3804 910 3860 Dionem
933 3816 994 3880 et
1015 3807 1288 3865 Palladem
1311 3851 1325 3876 ,
1356 3811 1720 3867 diversissima
1754 3813 2002 3881 numina,
2036 3818 2277 3885 peregri-

685 3899 936 3955 nantibus
950 3902 1250 3973 mancipata
1274 3908 1578 3972 sententiis,
1595 3907 1648 3961 in
1672 3924 1832 3963 unttm
1864 3908 2114 3965 fabricata
2133 3911 2275 3967 deri-

683 3991 816 4048 dens
830 4004 945 4049 arte
965 3994 1262 4065 conjungis,
1284 3997 1453 4052 fecisti
1480 4000 1738 4069 religione
1756 4009 1843 4054 tua
1866 4001 2113 4057 acerbius
2127 4004 2272 4072 quod

682 4085 967 4153 delinquis.
1015 4088 1122 4141 Res
1174 4103 1383 4142 summo
1413 4089 1570 4159 digna
1620 4091 1852 4159 piaculo,
1885 4094 2113 4148 miscere
2158 4093 2272 4147 dis-

682 4178 1047 4246 cordantiatn,
1077 4190 1131 4236 et
1154 4180 1206 4235 in
1239 4197 1402 4235 unum
1429 4183 1707 4254 colligere,
1730 4186 1924 4255 quibus
1956 4187 2055 4241 nisi
2088 4202 2271 4243 secre-

674 4279 793 4325 tum
828 4272 1176 4343 prmstiteris,
1198 4274 1553 4329 contumelias
1576 4276 1842 4345 irrogasti.
1867 4277 2095 4333 Creditis
2124 4279 2272 4334 inve-

682 4363 783 4417 niri
824 4364 1093 4419 hominem
1126 4363 1194 4420 de
1227 4366 1328 4419 hac
1368 4369 1547 4420 mundi
1594 4369 1806 4437 gemina
1860 4372 2272 4426 conversatione

682 4465 927 4511 neutrum
952 4467 1241 4527 tenentem,
1257 4468 1309 4515 et
1331 4475 1433 4515 nec
1449 4462 1677 4517 amicum
1704 4466 1991 4520 virtutibus
2011 4466 2267 4533 existere,

2368 561 2666 616 scientiam.
2739 561 3061 617 Pollicentur
3111 559 3257 615 enim
3302 557 3633 629 pmnitentiae
3700 566 3953 627 tempore

2363 652 2660 708 honestatis
2687 652 2959 720 allectum,
2983 667 3117 722 quos
3136 650 3296 705 fidem
3311 649 3510 705 videris
3532 647 3798 705 exhibere
3828 662 3955 717 pec-

2363 746 2518 800 catis.
2537 746 2593 801 Si
2614 752 2689 814 te,
2721 744 3104 803 Scelestissime
3129 743 3405 797 hominum
3427 787 3442 811 ,
3467 752 3593 796 ante
3616 739 3843 795 Veneris
3865 740 3957 795 de-

2367 837 2524 893 lubra
2541 837 2773 908 positum
2800 837 3131 892 stimulasset
3146 835 3395 891 Minervae
3408 834 3733 900 recordatio,
3756 842 3957 887 utram-

2365 944 2472 1001 que
2527 938 2847 999 potestatem
2879 929 3019 983 male
3056 926 3286 996 diligens
3332 925 3532 996 ingenii
3570 925 3647 979 ttti
3699 924 3958 979 memoria

2376 1022 2652 1079 laesisset?
2680 1021 2914 1093 fugisses
2956 1021 3099 1076 illius
3145 1021 3501 1085 domicilium,
3525 1020 3679 1089 cujus
3709 1019 3960 1075 adversa-

2368 1117 2501 1169 riam
2532 1121 2713 1169 mente
2739 1112 3013 1169 retinebas
3038 1128 3052 1166 :
3076 1112 3167 1182 qui
3198 1112 3370 1167 honor
3391 1120 3474 1166 est
3494 1111 3567 1166 ibi
3590 1111 3707 1180 ejus
3728 1120 3960 1166 statuam

2368 1204 2686 1269 collocasse,
2717 1203 2805 1258 ubi
2834 1203 2935 1258 dea
2962 1202 3233 1272 pudicitiae
3261 1202 3525 1273 potuisset
3558 1217 3959 1258 commemora-

2372 1297 2518 1352 tione
2546 1296 2772 1351 violari?
2810 1296 3135 1361 Nesciendo,
3169 1296 3572 1361 infaustissime,
3605 1296 3862 1365 gradibus
3898 1296 3963 1351 ad

2378 1387 2591 1458 faStigia
2612 1388 2929 1444 exsecrandi
2954 1389 3155 1443 erroris
3178 1388 3459 1453 accedere,
3477 1403 3612 1457 pene
3634 1389 3964 1457 posuitninio

2374 1480 2577 1536 bellum
2629 1482 2769 1537 inter
2818 1482 3090 1537 caelicolas
3136 1481 3409 1537 excitasti.
3449 1480 3645 1536 Vident
3700 1482 3783 1536 illi
3831 1482 3964 1538 oculi

2374 1587 2591 1645 semper
2620 1575 2815 1645 turpia,
2838 1575 3091 1631 detestati
3115 1575 3330 1645 junctos
3356 1573 3587 1645 quadam
3616 1574 3966 1631 obscenitatis

2376 1668 2499 1739 lege
2521 1670 2862 1738 complexus.
2892 1670 3026 1724 Dum
3058 1679 3381 1739 procurante
3413 1678 3466 1723 te
3495 1667 3720 1723 interest
3750 1669 3966 1739 lupana-

2378 1762 2527 1816 ribus
2555 1761 2823 1830 captivum
2871 1776 3107 1825 numen;
3139 1760 3287 1815 solus
3322 1775 3382 1814 es
3424 1760 3513 1829 qui
3544 1760 3835 1815 ostendisti
3860 1776 3968 1815 ser-

2300 1842 2352 1904 B
2377 1856 2496 1911 vire
2536 1856 2785 1909 humanae
2819 1854 3023 1909 libidini
3054 1869 3371 1923 superorum
3402 1857 3692 1924 potentiam
3717 1872 3731 1884 ·
3770 1864 3831 1909 et
3870 1856 3968 1911 illis

2376 1963 2472 2004 eos
2500 1948 2799 2017 constringi
2830 1948 2983 2013 locis,
3018 1948 3213 2017 quibus
3245 1947 3443 2002 fuerint
3479 1963 3511 2001 a
3535 1947 3858 2003 mortalibus
3879 1948 3971 2004 de-

2379 2042 2566 2111 putati.
2598 2042 2768 2107 Quam
2799 2041 3016 2095 dissona
3049 2040 3152 2095 erit
3181 2041 3233 2095 in
3275 2040 3558 2094 adolendis
3590 2039 3835 2108 impensa
3887 2054 3975 2093 sa-

2378 2131 2635 2187 criﬁciis?
2666 2132 2821 2187 unius
2848 2131 3057 2187 oblatio
3077 2132 3312 2186 numinis
3334 2131 3490 2188 alteri
3512 2130 3660 2185 dabit
3691 2131 3971 2200 injuriam.

2378 2224 2509 2279 Nam
2536 2224 2663 2279 dum
2696 2240 2789 2294 per
2826 2225 3221 2294 providentiam
3267 2232 3413 2278 tuam
3452 2224 3682 2292 simplex
3726 2224 3974 2293 pulvinar

2378 2318 2590 2387 gemina
2624 2332 2944 2384 superorum
2977 2326 3217 2388 potestas
3246 2316 3513 2385 obtinuit,
3537 2323 3591 2371 et
3615 2316 3668 2369 in
3715 2332 3830 2371 una
3864 2317 3976 2373 aade

2380 2410 2555 2480 pudor
2592 2420 2649 2466 et
2674 2411 2884 2466 luxuria
2934 2414 3220 2479 convenit,
3269 2422 3460 2467 neuter
3496 2411 3843 2467 devotionem
3884 2427 3976 2468 no-

2380 2513 2545 2559 stram
2576 2503 2733 2560 favor
2764 2506 2990 2573 aSpiciet
3020 2524 3034 2561 :
3059 2522 3191 2576 quas
3234 2515 3293 2562 tu
3315 2506 3644 2562 habitatione
3674 2508 3976 2575 miscuisti,

2381 2610 2480 2649 nos
2522 2596 2754 2665 propriis
2808 2597 3127 2652 habebimus
3156 2598 3389 2659 offensas
3432 2598 3709 2653 sacrificiis
3750 2617 3763 2652 :
3801 2599 3976 2669 qualia

2380 2697 2537 2742 erunt
2563 2704 2783 2744 munera
2803 2728 2821 2753 ,
2851 2704 2970 2758 quae
3002 2690 3259 2759 gregatim
3309 2691 3568 2760 portanda
3600 2700 3727 2746 sunt
3763 2706 3868 2762 per
3896 2692 3976 2746 in—

2380 2790 2557 2835 cestas
2585 2792 2638 2835 et
2667 2781 2941 2850 virgines?
2969 2786 3070 2836 tina
3114 2782 3435 2838 offendenda
3465 2794 3549 2839 est
3592 2784 3890 2850 hilaritate,
3925 2796 3975 2841 et

2380 2872 2597 2925 lascivia
2631 2872 2891 2941 placanda
2920 2873 3108 2928 altera.
3140 2874 3284 2930 Inter
3314 2879 3580 2930 verbenas
3605 2886 3659 2930 et
3680 2876 3848 2931 thura
3885 2878 3976 2932 ho-

2380 2966 2605 3020 stiarum
2635 2967 2739 3021 erit
2764 2981 2925 3023 causa
2956 2978 3251 3032 certamen,
3283 2977 3337 3022 et
3364 2966 3491 3023 inde
3516 2969 3800 3024 efficienda
3842 2972 3974 3024 irata

2381 3058 2637 3123 numina,
2680 3058 2823 3137 upde
2873 3060 3200 3115 mulcentur.
3251 3062 3268 3091 ¹
3320 3059 3653 3116 Submovero
3698 3062 3977 3132 sacrilegis

2382 3151 2643 3220 prolixam
2673 3152 3038 3208 narrationem
3071 3170 3085 3206 :
3119 3168 3299 3208 moras
3325 3168 3459 3223 quas
3486 3154 3539 3208 in
3580 3154 3698 3210 luce
3734 3170 3864 3210 reus
3890 3169 3978 3209 ac-

2378 3243 2570 3313 cipiet,
2603 3244 2743 3300 inter
2789 3245 3046 3314 supplicia
3091 3255 3371 3302 consumat
3415 3263 3431 3301 ;
3486 3247 3611 3316 quia
3648 3248 3977 3303 devenustat

2379 3337 2700 3394 referentem
2724 3346 2779 3393 et
2799 3338 3098 3395 alienorum
3120 3348 3338 3395 actuum
3369 3339 3667 3410 turpitudo.

2962 3463 3187 3520 DICTIO
3218 3463 3364 3519 XXI.

2379 3554 2447 3609 In
2476 3566 2675 3629 patrem
2701 3568 3004 3627 quemdam,
3035 3561 3123 3626 qui
3151 3575 3265 3612 cum
3298 3559 3464 3622 lilium
3485 3576 3516 3612 α
3546 3569 3715 3627 pirata
3765 3571 3975 3629 raptum

2378 3628 2624 3682 redimere
2654 3644 2756 3683 non
2801 3631 3042 3702 dignatus
3063 3640 3228 3695 esset,
3251 3630 3314 3683 ab
3342 3647 3401 3685 eo
3430 3640 3600 3684 tamen
3626 3632 3701 3684 ali
3753 3628 3976 3701 petebat.

2848 3736 3247 3777 CONTRDVERSIA
3273 3737 3498 3777 OCTAVA.

2454 3810 2663 3866 Thema.
2722 3811 2851 3867 Lex.
2884 3812 3061 3868 Liberi
3115 3822 3361 3882 parentes
3387 3814 3560 3881 alant,
3590 3821 3680 3869 aut
3723 3814 3980 3871 vincian-

2379 3909 2465 3954 tur
2498 3919 2510 3953 :
2541 3901 2751 3955 cuidam
2780 3903 2887 3957 duo
2918 3903 3017 3956 ﬁlii
3038 3945 3050 3965 .
3086 3904 3219 3974 frugi
3270 3913 3325 3959 et
3368 3904 3671 3959 luxuriosus
3703 3923 3717 3957 :
3766 3905 3979 3975 piratas

2379 3993 2591 4062 utrique
2619 3994 2855 4049 incidere
2890 4013 2902 4048 :
2931 3996 3266 4064 scripserunt
3304 3999 3440 4067 patri
3471 3996 3541 4053 de
3569 3997 3975 4067 redemptione.

2378 4084 2537 4139 Pater
2565 4100 2695 4141 vero
2718 4089 2947 4143 venditis
2981 4088 3322 4155 facultatibus
3354 4091 3554 4159 piratas
3582 4091 3811 4162 expetiit
3836 4109 3851 4145 :
3886 4094 3978 4149 cui

2377 4178 2525 4247 optio
2552 4178 2673 4234 data
2704 4190 2819 4248 est,
2850 4197 3007 4251 quem
3041 4183 3234 4250 vellet,
3266 4184 3589 4252 redimeret,
3617 4185 3742 4254 quia
3780 4200 3977 4255 parum

2376 4270 2535 4339 pretii
2580 4271 2880 4328 detulisset.
2916 4274 3009 4329 Ille
3060 4276 3223 4347 elegit
3254 4277 3623 4347 luxuriosum,
3656 4279 3780 4349 quia
3829 4294 3977 4349 ager

2376 4372 2529 4431 erat,
2558 4366 2825 4421 redimere
2852 4383 2866 4420 ‘.
2899 4366 2989 4436 qui
3019 4382 3140 4422 cum
3184 4376 3495 4434 reverteret,
3526 4370 3578 4423 in
3609 4373 3691 4424 vla
3720 4378 3980 4424 mortuus

2375 4468 2461 4514 est
2486 4476 2498 4513 :
2526 4460 2661 4531 frugi
2682 4461 2880 4531 piratas
2906 4462 3076 4517 evasit
3101 4481 3114 4516 :
3142 4472 3291 4531 pater
3315 4462 3445 4533 petit
3467 4472 3526 4517 ut
3552 4463 3659 4518 alat
3684 4477 3701 4515 :
3725 4462 3816 4517 ille
3841 4478 3965 4516 con.

681 4562 781 4602 nec
812 4547 974 4601 fidum
1005 4548 1146 4603 vitiis
1177 4550 1449 4605 inveniri?
1476 4551 1663 4608 Solent
1709 4557 1917 4626 aliquos
1954 4559 2165 4627 erigere
2201 4557 2269 4612 ad
2298 4589 2354 4652 Β
2379 4554 2983 4612 tradicit.Actiocontra
2999 4557 3385 4624 Quintilianum
3402 4567 3675 4629 suscepta.
3699 4557 3796 4613 Ille
3824 4560 3979 4613 enim
4016 4611 4023 4631 ,

681 4636 993 4707 despectura
1039 4641 1165 4695 boni
1213 4646 1393 4710 operis
1425 4647 1717 4711 patrocinia
1748 4650 2022 4718 culparum
2044 4691 2060 4718 ,
2086 4661 2141 4706 et
2178 4652 2268 4721 qui

682 4726 745 4781 de
772 4744 965 4799 sapore
989 4730 1163 4786 laudis
1192 4731 1353 4788 alieni
1382 4742 1525 4803 sunt,
1554 4736 1620 4792 de
1651 4738 1879 4794 licentia:
1910 4741 2059 4811 fruge
2086 4753 2273 4812 gratu-

680 4819 799 4875 lari.
828 4823 897 4878 At
938 4836 989 4881 te
1016 4842 1137 4896 qua:
1169 4828 1393 4883 istarum
1426 4845 1604 4886 rerum
1652 4831 1859 4888 invenit
1906 4814 2269 4892 sectatorem?

682 4912 891 4967 meliori
935 4916 1107 4972 ordini
1150 4920 1447 4975 contrarias
1478 4937 1671 4977 manus
1703 4925 1929 4981 attulisti
1964 4944 1976 4978 :
2023 4942 2124 4982 nec
2167 4928 2271 4983 im-

681 5004 864 5073 probis
895 5007 1175 5065 sineeriter
1210 5013 1497 5071 obsecutus
1543 5017 1679 5072 colla
1734 5019 2097 5076 submitteris.
2126 5020 2267 5088 Odi,

680 5096 951 5167 principes
974 5102 1095 5167 viri,
1120 5119 1326 5161 morum
1352 5123 1570 5164 suorum
1599 5109 1853 5165 remissos
1868 5111 2077 5180 judices
2099 5130 2112 5165 :
2137 5130 2269 5169 con-

679 5188 900 5257 demno,
931 5192 1020 5261 qni
1062 5208 1154 5263 per
1195 5199 1573 5269 negligentiam
1616 5217 1931 5259 serenorum
1962 5213 2174 5259 actuum
2208 5206 2266 5262 in

678 5282 898 5340 dubium
928 5284 1208 5342 trahuntur
1233 5308 1244 5341 :
1270 5295 1651 5354 exsecrabilius
1679 5306 1854 5355 tamen
1884 5288 2146 5366 detestor,
2173 5300 2265 5371 qui

752 5442 766 5473 ί
796 5439 1005 5508 Schot.,
1034 5440 1337 5499 Submoveo.

748 5515 767 5544 '
800 5512 853 5567 Ν
860 5516 1050 5597 ιιῃςῖιιίά
1075 5514 1155 5597 fas
1178 5515 1416 5597 adversus
1428 5521 1841 5597 Quintilianum]
1865 5527 2033 5595 Quem
2063 5528 2262 5583 acutis-

678 5584 873 5669 sitrtntn
903 5584 1126 5669 [inmani
1156 5592 1370 5669 generis
1409 5584 1841 5669 declamatorem
1866 5584 2104 5669 appellat
2133 5601 2266 5655 Tre-

681 5654 1072 5780 betgllinsbi’ollio
1100 5654 1459 5716 in'I’ostumio
1478 5660 1714 5731 juniore.
1743 5654 2015 5727 Ausonius
2040 5672 2107 5727 de
2131 5654 2265 5728 Pro-

762 5740 867 5779 sort
911 5742 969 5780 us

762 5740 969 5780 SOI‘IDUS

858 5814 962 5867 Seu
977 5817 1132 5875 libeat
1147 5823 1280 5876 fictas
1297 5824 1518 5880 ludorum
1542 5828 1927 5895 et'olvere,iites,

2378 4659 2583 4716 patrem
2633 4657 2830 4715 tuetur,
2873 4665 2971 4706 nos
3023 4651 3211 4707 tiliutn.
3258 4652 3411 4724 Rogo
3470 4670 3539 4709 ne
3600 4650 4017 4722 arrogantiam‘

2376 4751 2550 4811 putes,
2582 4742 2673 4811 qui
2700 4742 2913 4812 legeris.

2450 4833 2718 4908 Praefatio.
2750 4837 2770 4867 ²
2817 4836 3061 4906 Nunq’nid
3111 4838 3190 4894 fas
3237 4849 3321 4894 est
3375 4839 3637 4894 adversus
3682 4836 3976 4905 Quintilia-

2374 4941 2503 4982 num
2534 4926 2636 4982 nisi
2686 4942 2783 4997 pro
2815 4928 3041 4983 veritate
3068 4929 3284 4984 dicere?
3320 4938 3413 4983 aut
3452 4933 3825 4985 immemorem
3886 4928 3975 4982 sui

2376 5017 2631 5089 loquendi
2690 5019 2816 5076 facit
2860 5020 3105 5091 aviditas,
3151 5022 3240 5090 qui
3290 5021 3475 5076 tribuit
3498 5022 3664 5075 verba
3701 5019 3975 5091 justitize?

2375 5108 2648 5167 Fallentes
2670 5111 2823 5167 decet
2852 5113 3147 5179 urbanitas,
3172 5114 3297 5167 dum
3330 5112 3579 5181 peniculo
3606 5112 3781 5167 fucata
3813 5125 3973 5165 men-

2374 5203 2512 5260 dacii
2538 5205 2876 5276 peregrinum
2909 5207 3159 5262 decorem
3199 5206 3461 5262 laudanda
3492 5207 3657 5263 verbo
3688 5216 3842 5261 tenus
3872 5218 3972 5259 sn—

2372 5301 2471 5356 mit
2490 5300 2746 5357 elocutio.
2770 5302 2911 5357 Sane
2931 5302 3121 5359 solatio
3144 5302 3392 5357 oratoria:
3414 5302 3548 5357 artis
3568 5300 3790 5370 aequitas
3817 5310 3970 5354 asse-

2622 5458 2895 5521 Ancipitem
2923 5459 3127 5522 palmam
3148 5461 3469 5516 Quintilianus
3488 5460 3659 5511 habet.

2370 5543 2566 5610 Quinta
2587 5552 2669 5598 est
2684 5543 2992 5612 Quintiliani
3014 5544 3334 5601 declamatio
3354 5561 3504 5601 scca
3522 5556 3856 5608 suosunus,
3875 5540 3967 5597 cui

2371 5614 2693 5669 contradicit
2743 5616 3042 5670 Ennodius.
3072 5616 3273 5671 Thema
3320 5626 3498 5671 autem
3548 5612 3962 5677 controversiae,

2370 5685 2511 5755 quod
2530 5686 2684 5764 apud
2710 5685 3098 5751 Quintilianum
3132 5687 3318 5741 iisdem
3355 5704 3490 5764 pene
3533 5685 3965 5764 verbislegitur,

2371 5767 2425 5831 e_t
2464 5755 2813 5831 principium,
2856 5774 3081 5831 quorum
3116 5769 3413 5831 futrttmque
3453 5761 3504 5813 in
3533 5757 3765 5831 vulgatis
3814 5755 3969 5813 libris

2374 5826 2799 5894 desiderabatur.
2828 5826 2893 5888 ex
2925 5830 3155 5899 antiquis
3185 5829 3500 5899 adjecimus.
