4192 6260
334 367 438 424 ιω

1841 381 2102 438 DICTION
2114 382 2212 438 ES.

3469 393 3572 449 298

328 495 485 539 ratur
513 484 689 552 :eligo
719 499 962 554 pompam
981 525 997 550 ,
1021 499 1174 555 quam
1207 486 1442 556 probitas
1466 489 1682 546 defensa
1711 502 1894 560 partu-
1925 496 1978 555 Α
2003 497 2196 549 clamat
2237 496 2515 564 examinis,
2541 498 2787 553 ditiorem
2813 515 2931 555 esse
2974 501 3366 569 quodammodo
3414 521 3442 559 a
3469 523 3572 573 quo

333 580 457 632 riet.
485 577 742 631 Procedat
781 588 961 630 contra
992 578 1481 647 eloquentissimum
1525 582 1694 636 virum
1733 587 1897 640 ctele-

325 672 492 723 stium
523 668 704 723 favore
732 670 930 722 munita
961 669 1272 738 simplicitas
1304 690 1314 724 :
1348 673 1414 726 de
1441 673 1631 729 ﬁducia
1669 681 1898 744 partium

325 768 638 812 nostrarum
697 759 864 811 oritur
931 760 1071 825 quod
1135 761 1408 818 audemus.
1457 764 1563 820 Vos
1649 775 1848 822 tantum
1884 810 1898 833 ,

326 851 604 918 principes
656 851 789 912 viri,
841 851 1215 920 benignitatem
1285 863 1547 922 vestram,
1605 859 1748 912 salva
1805 875 1898 912 au-

325 944 466 995 rium
490 944 898 1010 animorumque
927 943 1169 996 cautione
1193 954 1437 1011 praestate
1463 964 1476 998 :
1509 963 1574 1001 ne
1604 948 1898 1003 cothurnus

323 1033 420 1086 ille
450 1032 750 1101 sublimior,
783 1034 892 1086 oris
937 1032 1185 1087 facultate
1214 1049 1315 1103 qua
1361 1038 1643 1105 prtevalet,
1693 1041 1743 1093 in
1776 1055 1899 1108 pos-

324 1125 574 1179 sessione
619 1138 715 1176 sua
753 1125 939 1178 credat
968 1138 1088 1178 esse
1129 1125 1426 1180 victoriam.
1459 1128 1592 1193 Quid
1623 1139 1705 1183 est
1751 1131 1895 1184 aliud

319 1218 585 1272 adversus
605 1217 722 1285 ejus
749 1217 975 1284 impetus
998 1233 1091 1271 nos
1109 1216 1318 1285 javare,
1343 1219 1441 1274 nisi
1468 1223 1894 1291 peregrinantem

324 1310 588 1364 reducere
620 1318 736 1377 post
767 1309 1046 1362 intervalla
1070 1311 1360 1378 justiti-m?

394 1396 741 1467 Principium.
799 1398 1130 1466 Gauderem,
1182 1403 1485 1469 cognitores
1533 1405 1889 1476 amplissimi,

319 1490 566 1546 evasisse
616 1504 702 1543 me
746 1489 996 1556 pedorem
1043 1492 1294 1556 carceris,
1352 1494 1525 1546 vincla
1573 1495 1890 1562 piratarum,

317 1583 426 1636 nisi
475 1595 720 1649 regresso
743 1581 874 1634 mihi
922 1597 1305 1651 myoparonum
1352 1585 1472 1639 loco
1505 1597 1653 1654 pater
1699 1588 1894 1642 existe-

317 1681 423 1727 ret.
483 1672 684 1738 Quaerit
733 1685 761 1724 a
811 1686 895 1725 me
947 1673 1234 1738 alimenta,
1284 1690 1440 1742 quem
1501 1692 1598 1731 nec
1650 1691 1778 1730 auro
1827 1677 1893 1730 ab

322 1762 588 1838 hostibus,
626 1777 723 1816 nec
754 1762 1000 1833 lacryniis
1030 1763 1294 1819 liberavit.
1333 1765 1487 1820 Putat
1511 1767 1649 1834 quod
1687 1768 1765 1821 illi
1793 1768 1888 1822 de-

2005 589 2202 658 aliquid
2239 591 2488 659 poscitur.
2523 589 2704 646 Talem
2753 592 2998 645 technam
3026 593 3076 646 in
3101 596 3571 664 supplicationibus

2004 682 2177 737 fucata
2230 693 2414 739 servat
2467 685 2768 749 urbanitas,
2803 695 2858 738 ut
2906 694 3082 739 utatur
3127 691 3418 756 composita
3477 690 3573 744 hu-

2003 775 2226 828 militate
2272 791 2366 843 pro
2402 775 2594 842 jaculis
2630 791 2643 829 :
2676 788 2931 842 quatenus
2978 791 3284 834 commento
3325 784 3571 850 superbae

2001 865 2314 932 abjcctiouis
2353 866 2479 919 nihil
2510 867 2556 920 ei
2607 868 2868 936 relinquat
2913 871 3160 936 liberum,
3189 872 3277 939 qni
3331 883 3568 941 rogatur.

2003 955 2278 1009 Licitatnm
2312 972 2408 1025 pro
2449 958 2705 1012 ambobus
2748 974 2963 1014 censum
3000 971 3241 1028 testatur,
3273 979 3430 1032 quem
3473 981 3569 1032 pro

2001 1061 2107 1101 uno
2135 1057 2344 1101 constat
2370 1062 2658 1116 expensum
2691 1066 2704 1114 ;
2739 1062 3015 1118 exspectat
3044 1055 3306 1122 geminam
3345 1057 3567 1125 gratiam

2001 1134 2066 1189 de
2091 1135 2349 1191 beneﬁcio
2376 1138 2648 1206 singulari.
2689 1141 2880 1194 Nescio
2911 1151 3083 1195 utrum
3122 1147 3465 1212 quatientium
3499 1149 3568 1200 sit

1999 1228 2121 1296 quid
2153 1229 2496 1297 cogitaverit,
2522 1246 2644 1285 cum
2703 1233 2838 1298 apud
2885 1234 3164 1289 universos
3206 1237 3400 1305 liqueat
3441 1239 3566 1307 quid

1998 1317 2203 1374 fecerit.
2228 1320 2490 1375 Exhausit
2511 1322 2739 1390 partium
2763 1333 2969 1378 tuarum
3001 1326 3342 1382 defensiones
3372 1332 3564 1397 pirata,

1997 1409 2085 1476 qui
2120 1408 2187 1461 de
2230 1409 2381 1463 nobis
2424 1412 2670 1476 prtestitit
2718 1414 2986 1478 optionem
3031 1432 3044 1468 :
3090 1423 3267 1469 teneat
3294 1433 3412 1485 quae
3451 1420 3565 1473 sola

1997 1497 2316 1552 desideravit
2338 1499 2582 1566 sepulcra
2618 1499 2686 1554 de
2709 1501 2814 1554 ﬁlio
2841 1510 3010 1569 pater,
3042 1505 3128 1572 qui
3161 1513 3361 1558 tantum
3396 1509 3562 1562 mori-

1999 1595 2172 1640 turum
2194 1589 2449 1652 redemit;
2478 1604 2598 1642 nam
2622 1589 2710 1658 qui
2732 1605 2862 1644 sano
2886 1592 3220 1661 languentem
3241 1612 3386 1666 praep
3425 1600 3562 1663 suit,

1996 1677 2327 1732 denuntiavit
2347 1695 2405 1732 se
2429 1679 2702 1735 horruisse
2725 1683 2982 1736 victurum
3011 1701 3023 1736 :
3048 1686 3170 1754 quid
3191 1687 3254 1740 tle
3276 1691 3564 1754 superstite

1996 1781 2208 1834 poscas,
2243 1768 2443 1833 nescio,
2462 1769 2662 1824 habens
2684 1771 2734 1824 in
2757 1772 3119 1828 COIISOIalione
3146 1777 3406 1848 lacryoias
3435 1795 3562 1847 quas

322 1853 444 1905 beat
473 1866 750 1921 regressus
783 1855 898 1922 ejus
931 1855 1204 1922 proficere,
1229 1872 1382 1924 quem
1423 1872 1540 1912 cum
1581 1861 1751 1929 potuit
1783 1875 1885 1913 non
1923 1856 1965 1915 Β
1993 1859 2187 1912 emisti.

320 1943 571 1996 redemit.
624 1942 842 1996 Frustra
886 1953 1092 2011 pa~tum
1141 1945 1401 2002 beneﬁcio
1440 1949 1569 2018 legis
1612 1950 1885 2019 imploras,

318 2033 408 2100 qui
441 2032 596 2085 factis
623 2032 726 2085 tuis
770 2040 970 2087 naturae
993 2035 1112 2102 jura
1141 2037 1366 2092 Solvisti.
1398 2039 1600 2093 Exhinc
1633 2039 1650 2092 i
1695 2041 1887 2094 victum

318 2123 558 2192 patribus
582 2123 671 2193 jus
709 2124 950 2180 decernit
982 2143 994 2179 :
1039 2143 1141 2181 non
1173 2139 1253 2183 est
1299 2133 1664 2185 tantummodo
1710 2148 1889 2188 sacra-

318 2223 555 2267 mentum
581 2214 722 2268 istud
743 2216 796 2269 in
827 2201 1057 2270 nomine.
1084 2218 1231 2272 Dicat
1254 2223 1330 2274 vel
1355 2223 1542 2292 pirata,
1564 2226 1608 2277 si
1639 2235 1786 2291 pater
1806 2240 1884 2279 es.

314 2303 586 2358 Meliorem
622 2319 709 2358 me
739 2304 902 2359 fuisse
933 2315 1140 2362 mortuo
1161 2325 1302 2377 stepe
1329 2326 1445 2364 eum
1473 2313 1722 2382 loqueris,
1749 2331 1887 2367 nun-

312 2409 469 2462 quam
518 2395 762 2449 ostendis
806 2411 946 2458 esse,
986 2413 1104 2451 cum
1144 2399 1370 2466 jndicas.
1405 2401 1553 2455 Viam
1608 2404 1881 2472 culparum

311 2485 552 2554 germani
597 2486 908 2541 decedentis
938 2490 1192 2545 attendite
1225 2510 1236 2542 :
1271 2491 1384 2560 ipse
1430 2496 1596 2563 magis
1628 2497 1882 2564 genitoris

312 2576 552 2630 moribus
571 2576 858 2644 paruit,qui
874 2578 1120 2646 prmlatus
1141 2588 1253 2645 est;
1278 2597 1375 2650 ego
1392 2599 1496 2652 quo
1521 2586 1695 2638 omine
1720 2588 1880 2640 vitam

309 2682 487 2720 meam
515 2683 615 2736 per
643 2679 925 2723 extraneos
951 2670 1018 2722 ab
1047 2670 1162 2725 iStis
1199 2682 1349 2726 actus
1375 2679 1674 2744 exegerim,
1703 2677 1879 2731 decla-

311 2765 488 2810 ratum
519 2767 600 2810 est
623 2772 743 2811 cum
781 2774 865 2813 me
897 2769 1046 2826 pater
1087 2763 1424 2830 prtedonibus
1462 2778 1651 2834 sponte
1688 2769 1881 2823 dereli-

313 2847 454 2916 quit.
474 2846 656 2899 Valida
677 2849 774 2902 sibi
801 2850 1005 2904 videtur
1027 2851 1280 2907 adversus
1302 2855 1539 2910 sobolem
1568 2868 1877 2928 argumenta

306 2951 636 3006 proponere,
651 2953 765 2991 cum
790 2942 1185 3009 propensiorem
1205 2946 1426 3012 gratiam
1442 2950 1700 3004 meruisse
1714 2952 1879 3018 jactet

305 3029 628 3093 culpabilem
658 3029 847 3094 ﬁlium,
879 3042 933 3084 et
983 3036 1278 3100 proximum
1326 3039 1628 3106 sepulturae.
1661 3041 1873 3110 Quaeso,

302 3118 529 3187 iudices,
575 3122 914 3187 pronuntiate
961 3124 1084 3191 quid
1133 3126 1374 3180 debeam.
1416 3129 1624 3185 Interim
1674 3135 1872 3188 clarum

2068 1946 2334 2000 Narratio.
2368 1948 2653 2016 Perpetuo,
2687 1951 2913 2019 judiccs,
2960 1953 3250 2008 honestatis
3299 1960 3559 2014 culturam

1985 2045 2047 2090 et
2101 2037 2155 2089 in
2208 2044 2363 2090 aetate
2396 2041 2625 2104 peccatis
2682 2043 2849 2096 amica
2917 2045 3126 2096 servavi
3177 2061 3190 2099 :
3241 2045 3559 2102 subtrahens

1995 2128 2264 2197 impensas
2291 2129 2572 2185 desideriis
2601 2134 2911 2200 puerilibus,
2931 2137 3069 2189 unde
3095 2147 3272 2205 posset
3303 2140 3399 2194 aevi
3427 2157 3554 2208 gau-

1988 2218 2116 2272 dere
2171 2222 2466 2276 maturitas.
2519 2222 2686 2291 Ilujus
2737 2226 2813 2280 rei
2863 2225 3163 2296 frugalitate
3210 2229 3430 2287 fecimus
3498 2242 3556 2286 ut

1987 2320 2288 2366 remaneret
2330 2313 2464 2380 patri
2506 2315 2648 2383 quod
2703 2331 2800 2384 pro
2833 2318 3105 2374 luxurioso
3134 2321 3240 2374 filio
3269 2333 3448 2390 posset
3478 2325 3557 2377 of-

1986 2399 2148 2455 ferre.
2183 2401 2319 2468 Quid
2353 2403 2417 2456 de
2447 2405 2753 2472 patrimonii
2795 2408 3033 2464 exilitate
3061 2413 3333 2466 causaris?
3369 2414 3412 2467 si
3461 2429 3555 2484 par

1986 2491 2224 2546 moribus
2251 2493 2575 2548 exstitissem
2598 2537 2613 2559 ,
2645 2512 2811 2565 usque
2849 2515 2913 2553 eo
2941 2500 3190 2567 perducta
3235 2518 3320 2557 res
3350 2502 3515 2558 fuerat
3539 2546 3553 2565 ,

1985 2591 2042 2634 ut
2072 2590 2262 2637 neuter
2286 2586 2545 2653 potuisset
2566 2587 2790 2642 absolvi.
2818 2590 3096 2659 liitequalis
3119 2602 3200 2647 est
3220 2594 3440 2661 arbiter,
3463 2597 3551 2664 qui

1983 2671 2245 2740 proﬁcere
2288 2676 2454 2730 voluit
2498 2676 2652 2731 alteri
2717 2681 2855 2748 quod
2897 2692 3079 2736 nostro
3128 2684 3328 2751 pudore
3365 2687 3552 2740 condi-

1984 2760 2178 2815 dimus.
2226 2762 2488 2828 Quantqu
2529 2767 2724 2820 asserit.
2766 2780 2979 2835 paterna
3049 2771 3337 2838 districtio,
3393 2788 3550 2828 causa

1981 2852 2136 2905 nobis
2164 2853 2432 2908 diuturna:
2453 2857 2780 2925 captiiitatis
2807 2860 3046 2927 probitas
3083 2861 3197 2915 fuit.
3229 2863 3403 2918 Sanus
3432 2866 3552 2918 dili-

1978 2954 2134 3009 gens,
2165 2945 2298 3010 patri
2331 2942 2586 3014 fratrique
2634 2947 2874 3011 sedulus,
2911 2950 3030 3002 talis
3081 2953 3260 3006 reduci
3292 2970 3394 3008 non
3437 2971 3549 3010 me-

1978 3039 2126 3085 retur
2168 3033 2219 3086 in
2253 3035 2476 3102 patriam
2521 3030 2621 3090 iet
2663 3037 2768 3091 nisi
2813 3039 3206 3095 exstitissemus
3253 3059 3351 3095 una
3402 3055 3548 3099 sorte

1977 3121 2204 3188 captivi,
2259 3121 2553 3178 sorduisset
2605 3125 2908 3194 suspicione
2977 3140 3156 3183 noswa
3217 3134 3478 3200 regressio
3531 3152 3544 3187 :

302 3221 382 3264 est
424 3226 512 3262 me
569 3219 622 3263 et
650 3211 916 3266 cineribus
961 3214 1132 3269 vitiosi
1165 3217 1323 3273 fuisse
1356 3225 1726 3292 p05tpositum.
1757 3227 1871 3282 Non

1977 3212 2206 3281 aequales
2233 3213 2534 3269 calamitate
2565 3216 2785 3283 fuimus;
2820 3218 2912 3273 sed
2949 3220 3111 3287 patris
3141 3237 3322 3276 amore
3344 3224 3543 3278 distat'iv

299 3301 568 3354 er..bescit
593 3302 680 3370 qui
705 3306 875 3370 tqnam
891 3305 954 3358 ab
975 3321 1039 3359 eo
1060 3311 1371 3366 auctoritate
1384 3318 1617 3380 parentis
1638 3318 1869 3387 exigere,

303 3392 354 3444 in
379 3407 485 3460 quo
507 3407 626 3445 esse
660 3393 829 3446 noluit
850 3395 984 3461 quod
1016 3409 1251 3454 vocatur.
1280 3401 1488 3458 Utinam
1523 3405 1650 3460 mihi
1678 3408 1741 3461 ad
1778 3412 1872 3464 hos

304 3497 432 3534 usus
462 3483 820 3535 valetudinem
851 3484 1138 3553 piratarum
1177 3500 1360 3546 catena
1407 3500 1761 3552 reservasset!
1797 3499 1872 3551 fa-

303 3588 483 3626 cerem
531 3573 847 3641 prwbitione
895 3575 1114 3631 indebiti
1161 3580 1397 3637 alimenti
1449 3596 1652 3654 patrem
1695 3605 1867 3643 meum

311 3663 510 3731 pudore
545 3666 849 3734 captivum,
916 3679 970 3721 ttt
1016 3669 1242 3739 injustus
1288 3676 1488 3730 arbiter
1528 3678 1594 3732 de
1641 3683 1869 3748 propria:

309 3763 541 3823 gemeret
568 3755 848 3824 iniquitate
875 3761 1178 3817 sementim.
1201 3761 1359 3816 Cibus
1381 3766 1519 3819 enim
1551 3771 1636 3836 qui
1682 3770 1748 3823 ab
1774 3771 1866 3825 illo

299 3853 605 3912 praestatur,
633 3846 718 3898 cui
761 3846 889 3899 nihil
933 3847 1059 3902 boni
1101 3852 1342 3916 mereris,
1372 3855 1656 3912 exhaurit:
1686 3861 1865 3930 jejuna

299 3944 418 3986 sunt
452 3935 734 3988 saturitate
780 3950 871 3989 sua
922 3937 1160 4006 viscera,
1194 3957 1308 4009 (pne
1357 3960 1460 3998 non
1507 3946 1704 4002 habent
1740 3966 1868 4006 con-

299 4026 572 4079 scientiam
594 4028 836 4081 beneﬁeii
858 4040 981 4084 ante
1002 4031 1196 4085 collati.
1215 4033 1401 4088 Nescio
1424 4039 1545 4105 quid
1574 4040 1638 4093 de
1661 4042 1866 4099 duobus

293 4116 414 4169 filiis
437 4118 604 4171 homo
633 4117 724 4171 ille
769 4118 879 4187 spei
909 4135 1017 4174 suae
1049 4122 1315 4178 residuum
1350 4137 1532 4194 putet,
1563 4131 1650 4200 qui
1700 4149 1860 4187 unum

293 4215 449 4260 terra
482 4207 735 4270 reddidit,
764 4209 986 4263 alterum
1011 4226 1197 4280 passus
1225 4225 1304 4267 est
1332 4216 1382 4269 in
1409 4231 1657 4287 perpetua
1687 4235 1863 4290 rapto-

291 4313 408 4351 rum
440 4299 807 4353 dominatione
833 4304 1053 4355 servari.
1081 4306 1346 4374 Accipiat,
1375 4309 1475 4362 nisi
1502 4313 1859 4381 confunditur,

290 4388 547 4454 quidquid
568 4389 820 4468 exhausta
845 4394 1117 4460 suppliciis
1141 4397 1374 4450 membra
1395 4414 1730 4468 gemuerunt.
1748 4406 1860 4460 Non

286 4479 410 4531 novi
440 4479 567 4546 quid
599 4464 762 4534 seueri
798 4495 828 4533 a
868 4482 1144 4539 debilitan
1193 4464 1444 4555 ﬁagitetv:
1478 4491 1672 4546 interea
1719 4498 1857 4564 quod

1976 3311 2076 3356 tes.
2106 3303 2251 3357 Felix
2284 3304 2513 3358 luxuria)
2541 3307 2794 3377 suffragio
2812 3308 3047 3377 juvenis,
3073 3320 3126 3364 et
3148 3321 3272 3365 ante
3301 3328 3542 3382 magnam

1973 3404 2177 3462 partem
2208 3396 2506 3450 communis
2545 3399 2792 3454 exhausit
2838 3401 3167 3467 substantitr,
3191 3411 3246 3456 et
3275 3402 3374 3471 ipsi
3419 3419 3545 3472 pro-

1971 3484 2071 3537 fuit
2098 3484 2238 3552 quod
2268 3488 2545 3540 remansit.
2577 3487 2658 3541 Me
2684 3490 2966 3555 miserum,
2991 3502 3045 3544 et
3085 3506 3296 3560 semper
3325 3503 3540 3560 paterna

1966 3573 2290 3642 judicatione
2311 3577 2604 3645 captivum!
2633 3578 2836 3633 Prolusi
2864 3583 2918 3634 in
2949 3596 3077 3648 pace
3112 3591 3235 3636 ante
3267 3582 3405 3652 quod
3433 3599 3542 3652 per-

1973 3664 2096 3728 tuli;
2126 3674 2178 3718 et
2206 3665 2331 3719 dum
2382 3668 2513 3722 recti
2564 3669 2663 3722 iter
2709 3679 2884 3737 teneo,
2917 3672 3110 3727 indicio
3159 3675 3538 3740 parcimoniaa,

1969 3758 2201 3824 qualiter
2218 3757 2355 3812 inter
2377 3759 2558 3816 hostes
2580 3762 2867 3827 viveretur,
2885 3764 3102 3832 agnovi!
3133 3763 3265 3818 Hine
3281 3772 3362 3819 est
3377 3766 3536 3834 quod,

1968 3846 2088 3900 cibo
2141 3862 2296 3916 quem
2351 3850 2670 3906 ministravit
2717 3852 2904 3906 feritas
2961 3853 3049 3906 illa
3079 3865 3380 3921 contentus,
3432 3855 3538 3911 vixi

1970 3937 2109 3991 inter
2140 3939 2325 3993 ultima
2374 3942 2566 3996 solatio
2612 3945 3030 4010 consuetudinis,
3061 3960 3163 4000 non
3213 3947 3537 4004 humanitate

1969 4031 2217 4098 raptoris.
2252 4031 2444 4098 Quaero
2473 4036 2560 4101 qui
2597 4051 2681 4089 me
2707 4040 2942 4108 servavit
2970 4054 3094 4093 usus
3127 4041 3213 4094 ille
3254 4041 3532 4109 frugalior,

1966 4123 2008 4175 si
2042 4124 2177 4191 aequi
2209 4124 2548 4180 observantia
2582 4137 2789 4195 patrum
2824 4144 3058 4187 meretur
3084 4133 3350 4190 oileusas?

2039 4210 2285 4280 Objectio.
2320 4213 2454 4279 Quid
2484 4217 2622 4282 quod
2655 4218 2914 4274 barbarus
2942 4222 3140 4278 dixisse
3169 4238 3227 4279 se
3264 4225 3529 4294 perhibet,

1968 4298 2134 4353 Unius
2165 4302 2390 4368 pretium
2429 4304 2724 4370 pertulisti?
2755 4307 2988 4362 debitum
3021 4326 3232 4381 semper
3270 4316 3533 4384 accipiunt

1965 4389 2172 4456 objecta
2199 4405 2533 4459 responsum.
2553 4393 2629 4447 De
2658 4395 2800 4449 nulla
2830 4399 3120 4465 pependisti
3148 4403 3392 4460 auctione
3419 4407 3532 4459 sol-

1965 4479 2139 4534 licitus
2183 4497 2412 4535 :aurum
2453 4484 2593 4552 quod
2661 4487 2984 4542 exlt‘tbueras
3034 4502 3157 4545 ante
3208 4509 3390 4560 preces
3430 4497 3528 4550 ini-

285 4573 532 4632 “uno.
569 4587 752 4624 sumus
779 4574 932 4625 ambo
963 4577 1234 4643 pascendi,
1260 4581 1392 4646 Quid
1430 4583 1555 4638 mihi
1598 4588 1854 4644 ratione",
1890 4565 1939 4623 D
1965 4570 2223 4624 micorum
2253 4573 2420 4626 oculis
2441 4573 2699 4628 obtulisti.
2730 4575 2862 4630 Dum
2896 4579 2975 4632 sic
3006 4579 3097 4632 tibi
3123 4582 3364 4636 universa
3406 4599 3528 4652 pro-

285 4663 510 4716 modica:
540 4661 804 4716 faeu'tatis
832 4665 1049 4720 adducis
1078 4669 1128 4721 in
1169 4671 1398 4726 mctllum
1427 4691 1440 4726 :
1471 4676 1558 4745 qui
1586 4693 1745 4734 unum
1769 4698 1852 4738 re-

282 4752 488 4805 dimere
511 4753 699 4816 voluit,
725 4755 803 4807 sic
831 4755 1178 4812 substantiam
1204 4776 1352 4816 suam
1377 4767 1630 4835 vendidit,
1649 4786 1712 4824 ne
1736 4788 1852 4840 pre-

280 4845 408 4895 tium
438 4857 538 4911 pro
563 4845 1092 4912 utroquesufﬁcert-t:
1127 4852 1242 4919 quis
1262 4853 1623 4912 infelicitatem
1652 4877 1843 4930 meam,

280 4933 395 4999 quis
428 4933 676 4985 miserias
723 4935 890 5002 possit
922 4941 1228 5006 exponere?
1265 4943 1349 4996 cui
1400 4955 1517 5012 post
1562 4949 1752 5006 Cilicas
1797 4964 1850 5009 et

279 5021 388 5089 ipsa
424 5038 584 5091 qnam
634 5027 921 5092 resumpsit
959 5043 1078 5082 esse
1128 5030 1298 5086 fertur
1342 5034 1558 5092 libertas
1586 5040 1852 5102 obnoxia?

278 5110 352 5165 Dii
371 5115 448 5166 ite
474 5129 801 5181 quaesumus,
824 5117 1050 5185 judices,
1081 5121 1124 5173 si
1148 5131 1200 5175 et
1227 5124 1277 5176 in
1302 5129 1465 5192 patria
1497 5145 1614 5186 mea
1647 5133 1854 5190 debito-

279 5216 362 5255 res
389 5205 880 5271 pronuntiabimur,
906 5210 1027 5276 quid
1056 5213 1238 5266 evasi?
1259 5215 1475 5272 Addidit
1504 5232 1713 5278 creator
1729 5241 1853 5281 san-

279 5293 542 5347 ctissimus
591 5295 771 5350 dolere
802 5312 886 5350 me
938 5301 1078 5372 quod
1111 5305 1418 5384 amisissent
1443 5310 1613 5366 vincla
1637 5326 1849 5384 ‘germa-

279 5401 423 5440 num.
455 5387 617 5452 Quasi
648 5403 773 5441 vero
796 5399 996 5444 tantum
1025 5407 1053 5445 a
1081 5377 1231 5449 nobis
1262 5399 1435 5467 exigat
1467 5411 1650 5460 natura
1681 5412 1848 5464 servi-

279 5480 489 5539 liurn,ut
505 5489 818 5547 compenset
837 5485 1001 5552 erepti
1019 5482 1197 5540 fratris
1221 5488 1460 5545 hilaritas
1477 5498 1615 5562 quod
1636 5514 1846 5555 reman-

273 5569 338 5623 si.
365 5571 622 5625 Amorem
654 5571 909 5628 debemus
939 5578 1113 5631 carnis
1140 5581 1297 5634 sociis
1321 5584 1547 5639 absoluti
1582 5604 1597 5642 :
1643 5593 1843 5647 credite

271 5659 464 5713 dicenti
517 5661 799 5717 manifesta
824 5682 840 5720 :
863 5667 1105 5722 nesciunt
1133 5671 1332 5727 intrare
1362 5674 1428 5729 de
1455 5677 1623 5734 altero
1651 5685 1786 5751 gaud
1812 5702 1841 5738 a

275 5749 544 5808 hominem
563 5769 657 5823 pro
671 5769 730 5810 se
754 5756 1048 5813 timentem.
1069 5761 1194 5814 Illud
1219 5765 1358 5818 enim
1384 5749 1672 5836 improbari
1693 5791 1838 5832 more

790 5846 1061 5909 PATROL.
1102 5851 1323 5912 LXIII.

1961 4660 2232 4726 cederent,
2260 4676 2290 4714 a
2316 4663 2461 4718 nullo
2490 4666 2661 4733 potuit
2685 4668 2878 4736 ambigi
2940 4669 3082 4738 quod
3123 4670 3393 4728 sufﬁceret
3429 4675 3522 4728 de-

1961 4750 2170 4804 riderii‘
2203 4753 2304 4807 tuis
2335 4756 2489 4808 unius
2513 4757 2778 4816 liheratio.
2823 4759 2939 4813 Mox
2972 4772 3146 4814 tamen
3181 4771 3236 4815 ut
3264 4763 3353 4816 illa
3383 4766 3523 4819 intra

1959 4841 2155 4908 repleta
2181 4844 2429 4911 squalore
2455 4849 2639 4899 mortis
2659 4849 2886 4911 intrasti,
2917 4850 3040 4918 quid
3065 4865 3211 4906 esses
3235 4853 3522 4919 electurus,

1958 4941 2239 5000 antequam
2279 4934 2550 5002 optionem
2583 4936 2838 4992 tribueret
2869 4939 3056 5007 pirata,
3107 4947 3387 5012 cognovit:
3418 4964 3521 5003 non

1957 5021 2230 5077 decendit
2273 5024 2372 5078 ista
2401 5017 2484 5079 'de
2540 5042 2721 5081 amore
2769 5030 3049 5098 trepidatio
3079 5050 3093 5098 ;
3128 5036 3259 5090 nihil
3291 5044 3524 5095 ostendit

1957 5114 2282 5184 ambiguum,
2315 5117 2404 5185 qui
2431 5118 2496 5170 de
2529 5117 2736 5171 duobus
2766 5118 2886 5174 ﬁliis
2924 5137 3016 5190 per
3042 5125 3218 5180 omnia
3265 5132 3415 5198 signa
3445 5133 3524 5185 di-

1958 5204 2209 5273 ligentiae,
2239 5208 2388 5275 quasi
2415 5208 2478 5260 ad
2526 5224 2686 5262 unum
2727 5212 3008 5280 venisset,
3049 5220 3347 5274 annuntiat.
3398 5222 3522 5275 Post

1955 5309 2224 5361 egressum
2260 5306 2405 5348 tuum
2435 5296 2683 5352 fortiores
2715 5315 2799 5354 me
2829 5313 3104 5359 arctavere
3125 5311 3379 5362 custodite
3406 5328 3418 5362 :
3443 5312 3521 5363 di-

1952 5386 2158 5440 vinitati
2189 5388 2406 5455 gratias,
2433 5390 2477 5443 si
2510 5390 2808 5448 libertatem
2840 5410 3010 5450 meam
3042 5413 3093 5452 et
3119 5398 3206 5470 hic
3239 5404 3510 5468 tutaverit,

1948 5487 2086 5556 quod
2126 5488 2290 5555 evasi.
2337 5489 2446 5542 Tua
2475 5489 2684 5546 interim
2717 5495 2780 5548 ad
2817 5496 3061 5552 inimicos
3089 5502 3274 5553 vocem
3301 5503 3511 5557 videtur

1947 5584 2188 5639 emisisse
2215 5588 2500 5655 sententia,
2534 5589 2643 5645 Nisi
2668 5594 2906 5647 st-idiose
2935 5610 3089 5663 quem
3121 5596 3363 5666 relinquo
3394 5616 3507 5652 ser-

1947 5693 2118 5750 vetur,
2150 5685 2428 5752 elapsurus
2453 5697 2551 5742 est.
2587 5690 2695 5743 Diis
2723 5691 2946 5746 ducibus
2978 5693 3097 5762 fuga
3145 5707 3322 5753 nostra
3380 5715 3503 5761 ante

1946 5784 2124 5838 oculos
2159 5785 2387 5839 hostium
2415 5787 2582 5844 locata
2614 5788 2805 5844 efﬁcax
2840 5790 2952 5843 fuit.

2928 5884 3032 5947 10-
